4028 6176
342 236 455 293 8ἷό

1596 238 1912 299 ELIPANDI
1950 239 2328 300 EPISTOL/E.

3485 253 3592 313 87L

342 359 452 405 tem
495 350 623 404 dicit
652 362 665 405 :
694 346 809 421 Ego
852 362 898 407 et
944 351 1106 407 Pater
1153 366 1313 406 unum
1358 367 1574 425 sumus;
1621 354 1915 409 secundum
1941 355 1989 412 Α
2019 367 2087 408 ne
2113 355 2436 424 adoptivus?
2462 356 2543 413 Ad
2570 358 2743 429 ipsum
2772 359 2865 416 Dei
2892 359 3086 417 Filium
3114 379 3214 421 vox
3239 366 3414 422 Patris
3442 370 3594 438 dicit,

340 441 900 509 humanitatemdicit,
928 443 1089 499 Pater
1111 444 1284 513 major
1303 460 1384 498 me
1407 452 1502 498 est.

408 531 464 587 9.
504 531 703 587 Beatus
732 547 944 602 quoque
978 533 1234 597 Isidorus,
1263 531 1427 601 jubar
1461 534 1732 599 Ecclesiae,
1769 535 1919 590 sidus

336 622 631 693 Hesperiae,
657 625 845 680 doctor
878 625 1165 695 Hispaniae,
1199 625 1254 679 in
1284 625 1422 681 libro
1460 626 1916 698 Etymologiarum

336 715 515 770 dicit:
543 714 864 784 Unigenitus
901 723 1080 770 autem
1114 724 1338 771 vocatur
1383 718 1675 772 secundum
1724 717 1919 772 divini-

336 805 470 860 tatis
491 804 883 869 excellentiam,
918 807 1042 874 quia
1071 807 1188 861 sine
1213 805 1492 863 fratribus.
1522 806 1918 878 Primogeuitus

332 902 519 949 autem
550 895 843 950 secundum
873 896 1268 965 susceptionem
1298 897 1549 963 hominis,
1587 900 1644 952 in
1680 913 1784 967 qua
1820 908 1920 968 per

332 986 680 1054 adoptionem
706 988 895 1055 gratia:
923 987 1117 1043 fratres
1142 989 1342 1044 habere
1370 989 1622 1060 dignatus
1658 999 1761 1056 est,
1798 991 1918 1060 qui-

328 1077 437 1132 hus
465 1084 609 1131 esset
645 1077 1053 1148 primogenitus.
1095 1078 1165 1134 Et
1202 1086 1324 1148 post
1354 1080 1534 1149 aliqua
1571 1081 1703 1136 dicit
1726 1098 1740 1135 :
1762 1080 1917 1136 Post-

331 1181 496 1235 quam
526 1167 673 1221 venit
704 1166 976 1236 plenitudo
1010 1170 1268 1239 temporis
1299 1178 1520 1240 propter
1553 1170 1781 1225 salutem
1818 1186 1915 1226 no-

331 1262 525 1321 stram,
553 1253 785 1309 formam
822 1257 964 1311 servi
1003 1258 1229 1328 accepit,
1267 1267 1323 1312 et
1354 1257 1530 1314 factus
1564 1269 1649 1315 est
1682 1261 1914 1315 hominis

330 1344 498 1400 ﬁlius.
532 1344 661 1400 Inde
694 1346 941 1414 quaedam
971 1347 1037 1402 de
1072 1346 1163 1402 illo
1205 1348 1261 1402 in
1303 1347 1595 1419 Seripturis
1619 1351 1914 1405 secundum

332 1436 564 1493 formam
607 1438 723 1503 Dei,
771 1440 1015 1509 quaedam
1060 1442 1355 1497 secundum
1388 1441 1616 1498 formam
1648 1444 1790 1499 servi
1828 1459 1913 1498 sc-

330 1539 590 1601 quuntur.
648 1529 888 1598 Quorum
947 1531 1198 1605 (exempli
1256 1533 1450 1603 gratia)
1507 1533 1614 1590 duo
1666 1533 1912 1604 quasdam

330 1628 844 1686 commemorantur,
887 1628 948 1675 ut
994 1622 1203 1692 singula
1242 1623 1309 1678 ad
1340 1623 1549 1693 singula
1583 1621 1908 1678 referantur.

331 1713 639 1769 Secundum
660 1712 889 1768 formam
912 1714 1005 1770 Dei
1031 1715 1098 1770 de
1124 1730 1183 1770 se
1212 1715 1328 1786 ipso
1352 1715 1508 1780 dixit,
1535 1714 1649 1786 Ego
1675 1725 1723 1770 et
1749 1714 1914 1769 Pater

328 1821 493 1859 unum
530 1820 756 1868 sumus;
794 1804 1089 1860 secundum
1128 1803 1354 1862 formam
1393 1807 1555 1871 servi,
1595 1805 1758 1860 Pater
1792 1823 1912 1860 ma-

317 1894 417 1966 jor
437 1912 519 1949 me
539 1904 633 1949 est.
662 1895 921 1950 Homines
954 1902 1133 1949 autem
1171 1895 1350 1950 minus
1384 1895 1748 1965 intelligentes
1783 1897 1914 1966 quid

324 2003 427 2058 pro
451 1988 578 2058 quid
609 1988 840 2052 dicatur,
866 2004 931 2043 ea
953 2003 1074 2057 qua:
1094 1995 1316 2058 prepter
1342 1985 1570 2042 formam
1599 1988 1742 2043 servi
1768 1989 1911 2045 dicta

325 2086 470 2143 sunt,
503 2079 689 2134 volunt
716 2077 1008 2133 transferre
1033 2078 1106 2132 ad
1133 2076 1361 2132 formam
1388 2077 1515 2143 Dei;
1547 2086 1603 2132 et
1633 2093 1822 2134 rursus
1847 2093 1910 2133 ca

326 2185 447 2239 quae
474 2171 618 2226 dicta
645 2179 772 2225 sunt
796 2179 856 2224 ut
883 2170 951 2225 ad
975 2182 1035 2224 se
1058 2169 1287 2224 invicem
1313 2163 1557 2237 persona:
1586 2167 1906 2232 referantur,

322 2259 511 2315 volunt
546 2259 762 2314 nomina
791 2273 913 2314 esse
943 2266 1150 2313 natura:
1175 2266 1340 2326 atque
1369 2257 1703 2320 substantiae,
1736 2265 1792 2312 et
1826 2256 1909 2311 fa-

322 2351 474 2405 ciunt
499 2364 741 2404 errorem
768 2349 823 2403 in
849 2347 974 2405 fide.
1006 2347 1099 2403 Sic
1123 2355 1303 2403 autem
1332 2346 1429 2402 Dei
1456 2346 1596 2403 Filio
1623 2345 1908 2416 conjuncta

322 2448 408 2496 est
432 2441 667 2495 humana
691 2448 919 2505 natura,
955 2446 1016 2495 ut
1048 2454 1116 2494 ex
1152 2440 1360 2495 duabus
1400 2439 1717 2494 substantiis
1756 2439 1911 2494 ﬁeret

320 2546 428 2586 una
458 2544 711 2599 persona.
745 2528 902 2585 Solus
924 2529 1070 2585 enim
1100 2531 1263 2585 homo
1289 2529 1514 2599 pertulit
1542 2543 1778 2593 crucem,
1812 2529 1908 2584 sed

321 2629 544 2692 propter
558 2622 834 2675 «unitatem
862 2634 1107 2690 persona:
1129 2628 1187 2675 et
1212 2621 1355 2676 Deus
1377 2620 1575 2676 dicitur
1594 2621 1905 2689 pertulisse.

323 2710 462 2765 Hine
497 2719 580 2766 est
616 2711 760 2779 quod
798 2710 1055 2765 scribitur
1079 2727 1092 2762 :
1119 2710 1181 2765 Si
1200 2710 1339 2764 enim
1364 2710 1736 2779 cognovissent,
1773 2727 1908 2764 nun-

320 2818 480 2873 quam
532 2800 819 2855 Dominum
850 2799 1033 2871 glorias
1074 2797 1473 2867 cruciﬁxissent.
1530 2797 1726 2852 Filium
1779 2814 1908 2870 ergo

325 2896 419 2952 Dei
451 2896 770 2952 cruciﬁxum
807 2894 1069 2960 fatemur,
1106 2908 1214 2948 non
1250 2909 1318 2948 ex
1353 2893 1554 2949 virtute
1587 2894 1905 2962 divinitatis,

320 2988 419 3045 sed
443 3002 510 3043 ex
532 2987 848 3042 inﬁrmitate
879 2985 1262 3053 humanitatis;
1304 3001 1412 3041 non
1449 3000 1517 3040 ex
1551 3001 1662 3042 sum
1697 2994 1907 3042 natura:

318 3080 716 3152 permansione,
744 3080 836 3135 sed
862 3093 929 3134 ex
953 3086 1139 3135 nostra
1161 3078 1522 3148 susceptione.
1543 3077 1679 3133 Nam
1701 3085 1757 3134 et
1776 3077 1906 3135 Pro-

319 3160 482 3239 pheta
507 3171 675 3227 dicit:
706 3169 973 3235 Miserere,
990 3169 1231 3233 Domine,
1246 3168 1409 3240 plebis
1425 3178 1549 3235 tute,
1567 3185 1723 3239 super
1744 3185 1905 3242 quam

321 3246 613 3319 irinocatum
641 3270 717 3317 est
747 3277 933 3318 nomen
960 3270 1127 3326 tuum,
1157 3269 1203 3315 et
1233 3259 1404 3314 Israel
1436 3276 1591 3332 quem
1620 3263 1906 3333 cowquasti

319 3355 658 3425 primogenita
683 3363 793 3408 tuo.
814 3353 1127 3423 Equalitas
1154 3352 1256 3407 ista
1283 3367 1389 3409 non
1412 3361 1496 3408 est
1521 3353 1576 3407 in
1601 3353 1903 3419 divinitate,

318 3446 414 3503 sed
434 3446 489 3500 in
510 3446 626 3502 sola
649 3446 1005 3512 humanitate,
1030 3453 1086 3501 et
1112 3445 1165 3500 in
1194 3446 1374 3501 carnis
1402 3446 1711 3516 adoptione,
1741 3461 1904 3516 quam

318 3538 528 3607 accepit
554 3537 621 3593 de
649 3530 875 3608 virgine,
911 3537 1025 3606 ipse
1047 3552 1189 3591 unus
1218 3536 1469 3605 idemque
1501 3535 1644 3592 Deus
1664 3545 1720 3591 et
1741 3537 1905 3592 homo

318 3627 376 3682 in
413 3627 621 3682 duabus
662 3616 871 3682 naturis
908 3635 964 3682 et
1008 3642 1116 3681 una
1161 3640 1390 3695 persona
1438 3625 1584 3680 salva
1622 3626 1906 3682 divinitate

315 3720 543 3776 exitium
568 3719 787 3774 sustulit
808 3719 1021 3774 mortis.

394 3808 484 3862 10.
518 3808 639 3876 Ipse
673 3807 967 3864 secundum
998 3809 1254 3864 deitatem
1286 3823 1438 3863 suam
1473 3809 1607 3865 dicit
1632 3827 1645 3863 :
1668 3808 1907 3865 Potesta—

313 3909 422 3953 tem
443 3897 604 3952 habeo
624 3898 849 3968 ponendi
866 3899 1116 3963 animam,
1139 3906 1186 3952 et
1205 3906 1504 3968 potestatem
1526 3900 1690 3955 habeo
1714 3901 1904 3956 iterum

313 3987 555 4044 sumends
577 4003 713 4042 eam.
740 3987 858 4057 Ipse
880 3988 1174 4043 secundum
1200 3988 1589 4043 humanitatem
1615 3990 1767 4055 dicit,
1796 3990 1905 4045 Pa-

315 4090 397 4135 ter
419 4080 510 4139 mi.
536 4081 593 4134 in
613 4096 802 4135 manus
826 4089 944 4135 tuas
964 4080 1265 4135 commendo
1287 4082 1529 4151 spiritum
1556 4098 1747 4137 meum.
1784 4083 1904 4153 Ipse

315 4173 459 4227 Dens
486 4173 580 4227 Dei
613 4172 779 4227 Filius
812 4172 1104 4228 secundum
1140 4172 1532 4228 humanitatem
1570 4173 1720 4239 dicit,
1761 4173 1902 4230 Deus

319 4258 458 4316 Deus
499 4278 662 4326 meus,
702 4278 866 4333 quare
900 4278 983 4316 me
1019 4261 1339 4333 dereliquisti
1364 4263 1390 4314 7
1424 4263 1509 4327 Et,
1568 4262 1819 4318 Transeat
1865 4281 1900 4318 a

2022 440 2149 495 Pete
2175 460 2208 497 a
2239 459 2341 510 me,
2371 454 2418 499 et
2448 447 2583 501 dabo
2613 449 2706 503 tibi
2733 461 2906 521 gentes
2944 454 3296 511 Izmreditatem
3330 467 3473 515 tuam
3490 478 3510 527 ;
3541 471 3594 519 et

2017 533 2389 623 possessionem
2414 545 2578 603 tuam,
2601 542 2848 596 terminos
2873 552 3042 598 terrm.
3074 545 3237 616 Reges
3261 566 3347 603 eos
3370 552 3427 605 in
3452 553 3597 623 virga

2018 618 2210 689 ferrea,
2237 631 2287 714 et
2311 634 2563 696 tanquam
2593 646 2682 683 vas
2705 630 2854 700 ﬁguli
2881 634 3174 705 confringes
3196 653 3297 691 eos.
3336 639 3404 693 Et
3424 643 3491 695 de
3519 618 3601 714 ip-

2018 725 2079 764 so
2105 727 2207 767 vox
2232 713 2410 772 Patris
2443 718 2592 785 dicit,
2630 720 2767 775 Ecce
2802 739 2894 793 ego
2928 735 3051 779 ante
3085 736 3134 780 te
3169 728 3272 794 ibo,
3313 739 3360 783 et
3401 713 3599 802 glorio-

2017 818 2102 857 sos
2131 814 2283 859 terra:
2307 809 2615 864 humiliabo.
2646 812 2714 866 Et
2738 813 2954 879 iterum,
2984 816 3119 872 Ecce
3144 835 3237 889 ego
3264 831 3382 875 ante
3409 833 3458 878 te
3488 842 3601 879 am-

2017 893 2227 962 bulabo,
2252 906 2301 951 et
2323 908 2521 955 montes
2544 902 2729 973 planos
2756 904 2970 974 faciam,
3002 918 3051 961 et
3075 925 3219 964 seras
3249 910 3447 980 ferreas
3476 932 3591 972 con-

2016 982 2263 1080 fringant,
2290 997 2336 1042 et
2361 989 2498 1044 dabo
2520 992 2614 1046 tibi
2637 993 2911 1053 thesauros
2940 1000 3187 1067 occultos,
3223 1014 3278 1057 ut
3309 994 3445 1061 scias
3472 1026 3594 1080 quo-

2017 1073 2158 1168 niam
2177 1076 2434 1135 Dominus
2447 1081 2589 1137 Deus
2603 1092 2724 1140 tuus
2737 1103 2830 1157 ego
2844 1106 2979 1144 sum.
3006 1091 3143 1148 Ecce
3164 1096 3249 1151 cui
3274 1098 3401 1152 dicit
3421 1073 3599 1168 Pater,

2015 1159 2176 1259 Deus-
2193 1174 2315 1220 tuus
2350 1184 2444 1238 ego
2481 1187 2616 1237 sum,
2656 1190 2764 1231 non
2801 1177 2872 1243 ei,
2910 1179 2962 1233 id
2995 1190 3096 1247 est,
3140 1185 3317 1241 Verbo
3354 1191 3444 1259 qui
3477 1159 3603 1247 ante

2017 1254 2312 1351 saecula-ex
2343 1257 2510 1351 ‘Patre
2545 1264 2777 1331 genitus,
2817 1269 2910 1322 sed
2945 1271 3020 1324 illi
3059 1274 3149 1341 qui
3180 1276 3232 1329 in
3267 1254 3603 1351 [ine-tempo-

2017 1340 2094 1443 ris
2126 1343 2193 1398 de
2219 1344 2389 1443 biaria
2421 1350 2640 1443 Virgine
2668 1354 2830 1411 homo
2863 1357 3041 1417 factus
3067 1340 3167 1430 est,
3204 1368 3367 1436 dicit;
3401 1373 3467 1426 de
3494 1340 3603 1443 quo

2015 1431 2302 1534 Apostolus
2326 1441 2419 1505 ait,
2449 1440 2648 1499 Factus
2680 1446 2745 1501 de
2770 1450 3002 1517 muliere,
3044 1455 3217 1525 factus
3253 1431 3362 1516 sub.
3384 1431 3529 1534 lege;
3546 1476 3601 1520 ut

2014 1540 2101 1578 eos
2126 1526 2216 1595 qui
2238 1529 2334 1583 sub
2356 1529 2466 1600 lege
2491 1543 2641 1588 erant
2668 1537 2963 1596 redimeret.
3000 1543 3116 1614 Ipse
3143 1548 3284 1605 Deus
3308 1552 3402 1607 Dei
3432 1526 3600 1611 Pilius

2012 1902 2119 1957 quo
2137 1891 2325 1947 beatus
2341 1893 2577 1953 Isidorus
2588 1899 2734 1963 dicit,
2752 1901 2812 1957 In
2829 1902 3001 1959 forma
3017 1910 3157 1963 servi
3173 1925 3380 1979 servus,
3409 1917 3461 1970 in
3493 1916 3603 1973 for-

2012 1992 2099 2033 ma
2117 1980 2326 2076 Domini
2347 1984 2602 2043 Dominus
2615 1993 2778 2045 servi.
2799 1993 2932 2049 Nam
2950 1997 3299 2068 etApostolus
3311 2005 3442 2061 dicit
3462 2022 3476 2061 :
3498 2010 3601 2076 Qui

2011 2084 2129 2122 cum
2151 2071 2207 2124 in
2227 2072 2400 2141 forma
2419 2075 2517 2130 Dei
2536 2088 2684 2145 esset,
2711 2099 2814 2136 non
2833 2087 3070 2156 rapinam
3092 2091 3374 2149 arbitratus
3397 2071 3602 2156 estesse

2009 2174 2065 2212 se
2078 2161 2331 2229 aequalem
2348 2163 2470 2229 Deo,
2487 2168 2578 2221 sed
2596 2173 2926 2242 semetipsum
2947 2179 3229 2235 exinaniuit
3252 2184 3474 2251 [emtam
3496 2207 3603 2244 ser‘

2010 2248 2058 2301 vi
2083 2252 2364 2320 accipiens.
2406 2253 2719 2314 Humiliavit
2742 2278 2797 2315 se
2821 2279 2981 2335 usque
3006 2267 3076 2320 ad
3106 2248 3347 2338 mortem,
3380 2287 3597 2333 mortem

2008 2346 2183 2437 autem
2203 2345 2396 2400 crucis.
2413 2346 2489 2402 De
2509 2350 2626 2417 ipso
2648 2350 2702 2404 in
2724 2351 3017 2425 Evangelia
3037 2360 3255 2426 dicitur,
3270 2359 3382 2420 Fili
3402 2367 3597 2437 David,

2008 2433 2251 2489 miserere
2269 2438 2391 2491 mei.
2431 2440 2499 2494 Et
2520 2442 2732 2509 iterum,
2765 2446 2923 2502 Dabit
2949 2450 3043 2505 tibi
3066 2452 3323 2511 Dominus
3355 2459 3496 2516 Deus
3517 2433 3599 2519 se;

2008 2522 2124 2576 dem
2153 2524 2320 2581 David
2337 2531 2504 2599 patris
2522 2534 2605 2587 sui
2613 2572 2626 2585 .
2657 2535 2796 2590 Ecce
2817 2538 2863 2592 si
2887 2542 3180 2598 secundum
3206 2544 3597 2609 humanitatem

2008 2612 2150 2703 tilias
2175 2625 2260 2671 est
2284 2618 2472 2686 David,
2503 2624 2619 2679 sine
2641 2625 2805 2682 dubio
2833 2629 2900 2684 de
2929 2632 3179 2703 adoptivo
3216 2646 3273 2691 et
3304 2655 3461 2695 servo
3499 2643 3598 2698 Dei

2008 2702 2202 2798 Patris,
2227 2716 2282 2763 et
2305 2708 2474 2778 ipsius
2500 2712 2624 2770 Filii
2646 2725 2697 2772 et
2729 2716 2963 2789 Spiritus
2992 2702 3164 2780 sancti
3196 2728 3481 2798 adoptivus
3510 2749 3598 2789 se-

2007 2796 2242 2852 cundum
2278 2800 2687 2872 humanitatem,
2719 2817 2775 2863 et
2798 2824 2987 2867 servus
3033 2829 3156 2870 esse
3190 2796 3449 2875 creditur.
3488 2824 3599 2881 Ad-

2005 2886 2245 2981 optivum
2273 2890 2504 2948 dicimus
2546 2896 2602 2949 in
2634 2897 2749 2952 sola
2797 2898 2969 2958 forma
3007 2907 3284 2965 servitutis
3327 2912 3595 2981 humanae,

1930 3021 1980 3083 Ω
2008 2980 2193 3083 in
2214 2981 2386 3051 gloria
2405 2986 2493 3083 vel
2510 2989 2811 3083 substantia
2833 2994 3029 3052 divince
3050 3007 3277 3057 naturzc.
3313 3003 3599 3065 Proximus

1963 3061 1980 3083 ⁸
2008 3066 2100 3160 ille
2124 3069 2235 3125 Deo
2264 3081 2375 3140 est,
2403 3077 2495 3146 qui
2519 3079 2624 3134 scit
2647 3082 2855 3139 ratione
2885 3092 3081 3142 tacere.
3126 3089 3205 3145 'I‘u
3236 3107 3397 3160 vero,
3428 3061 3601 3153 frater

2004 3158 2228 3251 sibine,
2260 3163 2381 3219 vide
2406 3183 2476 3223 ne
2499 3169 2694 3227 similis
2718 3173 2795 3228 sis
2819 3174 2995 3231 levitis
3024 3178 3132 3235 illis
3156 3196 3292 3251 quos
3318 3158 3599 3245 inVVetere

2008 3247 2356 3346 Testamento
2403 3269 2668 3314 memorat
2713 3261 2939 3319 dicens:
2966 3266 3071 3332 Qui
3114 3247 3387 3340 egerentes
3423 3275 3596 3346 ignem

2005 3338 2256 3406 alienum,
2309 3344 2487 3401 divina
2543 3348 2741 3405 ultione
2782 3357 3019 3420 percussi
3065 3338 3392 3416 interierunt.
3442 3338 3598 3425 Sicut

2004 3436 2061 3482 et
2088 3438 2142 3482 tu
2168 3432 2481 3522 intromittis
2501 3439 2801 3496 doctrinam
2819 3444 3159 3516 diabolicam,
3184 3454 3424 3522 desuem,
3446 3458 3595 3515 illum

2004 3521 2410 3590 Antiphrasium
2435 3527 2658 3584 Beatum
2682 3541 2949 3588 exortum.
2980 3537 3205 3610 Eloquia
3239 3552 3327 3600 tua
3354 3521 3597 3609 exterius

2005 3612 2256 3667 videntur
2279 3628 2400 3671 esse
2425 3617 2692 3686 melliilua,
2731 3630 2787 3678 et
2819 3624 3046 3683 interius
3078 3633 3352 3691 absinthio
3385 3650 3441 3694 et
3473 3641 3597 3699 felle

2005 3702 2292 3758 amariora.
2319 3702 2493 3777 Opera
2506 3707 2792 3781 iustiﬁcas,
2822 3723 2878 3770 et
2900 3720 3219 3780 credulitate
3241 3731 3590 3787 condemnas.

2005 3792 2193 3850 Oleum
2248 3804 2397 3852 tuum
2442 3806 2747 3859 murcatum
2793 3821 2899 3861 non
2951 3810 3249 3884 impinguet
3300 3823 3462 3891 caput
3497 3841 3595 3881 no-

2006 3893 2199 3944 strum.
3188 3912 3196 3924 '

2076 3977 2163 4031 Ii.
2196 3978 2395 4035 Iterum
2426 3982 2733 4042 testimonia
2762 3998 3072 4048 sanctorum
3116 3994 3337 4056 Patrum
3369 4019 3594 4061 venera-

2002 4067 2189 4123 bilium
2241 4070 2429 4129 Toleto
2468 4075 2887 4135 deservientium
2933 4084 2987 4138 in
3027 4087 3316 4145 missarum
3355 4097 3593 4153 oraculis

2000 4160 2143 4215 edita
2166 4161 2245 4217 sic
2264 4162 2466 4219 dicunt.
2497 4165 2554 4220 In
2583 4169 2747 4224 missa
2772 4172 2838 4226 de
2864 4172 3027 4230 Coena
3060 4177 3274 4235 Domini
3307 4201 3319 4235 :
3365 4184 3464 4251 Qui
3492 4204 3592 4257 per

2000 4253 2237 4324 adoptivi
2276 4257 2513 4314 hominis
2540 4264 2868 4330 passionem,
2916 4266 3045 4321 dum
3076 4286 3175 4326 suo
3203 4290 3310 4329 non
3341 4253 3592 4351 indulget

313 4367 398 4409 me
425 4351 565 4405 colis:
589 4353 716 4417 iste,
747 4368 851 4406 non
876 4354 1009 4406 sicut
1035 4368 1130 4423 ego
1154 4352 1297 4417 volo,
1325 4352 1416 4407 sed
1443 4353 1578 4407 sicut
1606 4362 1663 4407 tu
1690 4355 1784 4408 vis.
1822 4355 1898 4410 De
1929 4363 1979 4423 1)
2003 4347 2234 4414 corporis
2260 4356 2446 4405 ηοείῖο
2476 4350 2712 4419 demum:
2747 4356 2799 4409 id
2822 4364 2907 4410 θεῖ
2944 4358 3159 4427 item"):
3197 4381 3302 4420 που
3324 4347 3587 4438 Deperea-

316 4438 435 4507 ipso
460 4439 553 4495 Dei
584 4439 721 4495 Filio
753 4456 857 4496 vox
895 4439 1073 4495 Patris
1117 4442 1183 4496 de
1226 4441 1363 4498 cmlo
1401 4442 1677 4513 discipulis
1709 4443 1900 4513 illapsa

201 4562 214 4585 1
314 4538 417 4592 est,
448 4529 667 4586 dicens:
695 4531 798 4585 Hic
822 4539 897 4586 est
926 4529 1100 4586 Filius
1128 4549 1271 4586 meus
1300 4533 1539 4599 dilectus,
1568 4535 1622 4588 in
1642 4551 1743 4605 quo
1771 4537 1899 4589 mihi

312 4619 440 4673 bene
459 4619 769 4690 complacui,
793 4623 962 4693 ipsum
983 4623 1179 4677 audite.
1211 4624 1286 4677 De
1306 4624 1424 4691 ipso
1446 4626 1638 4679 iterum
1666 4641 1768 4680 vox
1796 4624 1899 4678 Pa-

314 4708 436 4773 tris,
477 4708 610 4763 Ecce
637 4710 886 4782 intelliget
913 4728 1281 4778 servus-meus,
1311 4720 1416 4770 etc.
1449 4714 1517 4768 Et
1545 4715 1759 4781 iterum,
1794 4714 1899 4769 Ec—

312 4814 371 4852 ce
390 4815 567 4854 servus
594 4816 758 4865 meus,
786 4802 1066 4871 suscipiam
1086 4818 1236 4866 eum;
1259 4801 1451 4857 electus
1472 4820 1636 4870 meus,
1668 4803 1897 4875 compla-

311 4890 420 4945 cuit
445 4890 544 4944 sibi
566 4891 622 4944 in
648 4889 740 4943 illo
761 4892 938 4945 anima
958 4908 1093 4945 mea.
1122 4892 1256 4946 Dedi
1279 4894 1521 4964 spiritum
1548 4911 1717 4949 meum
1741 4913 1898 4967 super

310 4986 459 5045 eum,’
477 4980 627 5034 illum
650 4980 898 5036 videlicet
920 4982 1215 5052 septiformi
1237 4984 1409 5052 gratia
1433 4984 1672 5053 plenum,
1697 4986 1763 5041 de
1789 5003 1896 5056 quo

309 5070 572 5139 propheta
597 5072 745 5138 dicit,
772 5071 1028 5142 Spiritum
1051 5073 1320 5143 sapientia:
1340 5083 1387 5128 et
1408 5076 1631 5140 virtutis,
1652 5078 1894 5147 spiritum

308 5159 519 5214 consilii
540 5170 589 5214 et
608 5161 931 5231 fortitudinis
947 5204 962 5228 ,
985 5164 1227 5234 spiritum
1245 5165 1474 5219 scientiis
1494 5176 1544 5219 et
1566 5168 1791 5237 pietatis.
1823 5169 1895 5224 Et

309 5249 522 5321 replevit
545 5269 663 5307 eum
692 5255 905 5324 spiritus
931 5256 1134 5310 timoris
1161 5255 1394 5311 Domini.
1436 5258 1576 5314 Ecce
1609 5260 1749 5316 Deus
1785 5261 1890 5316 Pa-

311 5354 392 5396 ter
422 5342 720 5411 complacet
748 5343 803 5397 in
838 5343 995 5408 Filio,
1023 5346 1320 5416 complacet
1346 5349 1399 5402 in
1425 5364 1603 5416 servo,
1630 5360 1684 5406 et
1709 5353 1894 5423 displi-

308 5444 430 5484 cere
454 5433 653 5500 poterit
678 5432 733 5486 in
764 5434 1049 5502 adoptivo?
1075 5435 1152 5491 De
1180 5437 1296 5507 ipso
1322 5438 1417 5494 Dei
1444 5438 1582 5496 Filio
1608 5440 1889 5500 Psalmista

308 5519 457 5585 dicit,
485 5522 727 5578 Ascendit
758 5524 814 5579 in
841 5524 1025 5591 cltum,
1055 5527 1306 5599 captivam
1339 5528 1488 5585 duxit
1519 5533 1884 5603 captivitatem.

310 5606 448 5665 Ecce
472 5612 715 5681 captivus
740 5614 938 5669 dicitur
960 5631 1095 5680 esse,
1128 5628 1182 5671 et
1205 5635 1374 5688 quare
1401 5636 1504 5677 non
1531 5622 1741 5680 dicatur
1772 5644 1888 5684 car-

711 5708 976 5767 ΡΑῐίιοι.
1019 5709 1232 5771 XCVI.

2000 4434 2134 4528 Item
2165 4437 2221 4491 in
2256 4438 2422 4494 missa
2445 4440 2513 4494 de
2540 4444 2697 4498 tertia
2730 4446 2862 4500 feria
2890 4447 3111 4508 Pascha:
3137 4468 3152 4508 :
3196 4434 3437 4528 Respice,
3486 4464 3591 4519 Do-

2000 4525 2181 4624 mine,
2242 4535 2457 4624 tuorum
2506 4529 2745 4624 ﬁdelium
2801 4537 3220 4611 multitudinem,
3276 4525 3437 4619 quam
3487 4569 3590 4624 per

2000 4616 2300 4685 adoptionis
2318 4620 2545 4689 gratiam
2572 4620 2710 4679 Filio
2737 4632 2830 4682 tuo
2849 4626 3028 4686 facere
3055 4616 3311 4707 dignatus
3329 4654 3389 4695 es
3413 4616 3616 4707 col-nes

2000 4707 2200 4762 redem.
2226 4706 2357 4765 Item
2395 4711 2451 4766 in
2486 4713 2649 4770 missa
2672 4717 2739 4772 de
2764 4720 2950 4790 quinta
2980 4706 3400 4789 feriaPaschm:
3441 4734 3587 4791 Prac-

1997 4799 2162 4855 cessit
2195 4802 2411 4871 quidem
2433 4804 2489 4859 in
2523 4808 2809 4878 adoptione
2834 4812 3053 4882 donum,
3085 4822 3178 4876 sed
3216 4825 3392 4881 adhuc
3417 4837 3586 4885 restat

1999 4891 2051 4945 in
2078 4896 2487 4953 conversatione
2509 4896 2792 4966 judicium.
2838 4903 2967 4960 Item
2995 4908 3102 4976 ibi,
3154 4913 3381 4983 Dignum
3420 4928 3474 4973 et
3494 4918 3589 4988 ju-'

1997 4995 2139 5040 stum
2177 4997 2280 5053 est,
2331 4989 2567 5045 salutare
2598 4994 2754 5049 nobis
2799 4989 2961 5067 atque
3003 5006 3349 5074 conveniens,
3380 5012 3584 5080 gratias

1995 5092 2179 5148 agere,
2220 5078 2403 5134 laudes
2446 5080 2779 5149 impendere,
2823 5087 3125 5162 intelligere
3165 5078 3408 5164 munera,
3456 5112 3580 5157 vota

1995 5170 2205 5226 deferre
2238 5171 2334 5226 tibi
2374 5174 2712 5242 omnipotens
2736 5169 2916 5247 Pater,
2949 5190 3003 5237 et
3038 5183 3165 5241 Jesu
3202 5187 3419 5247 Christo
3442 5193 3595 5251 Filio‘

1994 5268 2086 5317 tuo
2111 5261 2338 5318 Domino
2363 5272 2549 5320 nostro
2566 5306 2581 5331 ,
2610 5268 2700 5337 qui
2727 5269 2912 5339 pietati
2949 5282 3053 5330 tua:
3093 5293 3192 5348 per
3220 5280 3458 5351 adoptivi
3483 5285 3581 5341 ho-

1993 5352 2152 5408 minis
2178 5354 2482 5425 passionem
2514 5357 2670 5426 quasi
2700 5362 2959 5428 quasdam
3000 5366 3053 5420 in
3087 5373 3370 5438 praesentis
3395 5376 3579 5447 populi

1991 5446 2346 5516 acquisitione
2378 5449 2682 5517 manubias,
2723 5466 2846 5507 cum
2882 5470 2989 5510 non
3011 5458 3207 5515 exierit
3230 5477 3261 5518 e
3286 5463 3445 5529 etelo,
3484 5479 3581 5523 ex-

1991 5539 2225 5595 hibuerit
2270 5555 2301 5595 e
2349 5543 2641 5614 triumpho.
2685 5544 2816 5600 item
2861 5547 2915 5602 in
2955 5550 3118 5607 missa
3148 5553 3215 5609 de
3245 5554 3579 5614 Ascensione

1994 5633 2224 5699 Domini,
2271 5630 2436 5689 lledi‘c
2467 5635 2716 5691 Salvator
2743 5648 2926 5695 noster
2953 5658 3049 5712 per
3087 5644 3429 5717 adoptionem
3458 5661 3576 5702 car-

3061 5733 3138 5795 28
