4028 6176
447 249 554 306 875

1279 249 1685 313 ELlPANDUS,
1726 247 1950 314 FELIX,
1993 249 2338 309 HETERIUS
2377 253 2465 308 ET
2505 253 2562 307 S.
2605 253 2895 309 BEATUS.

3608 262 3710 322 876

445 360 532 416 nis
563 358 746 416 sedem
792 361 1007 431 repetiit
1047 357 1303 424 deitatis;
1363 359 1522 414 hodie
1567 359 1838 414 hominem
1869 376 2026 414 suum
2056 368 2102 426 Α
2130 377 2251 417 men
2295 364 2525 420 insontis
2555 364 2758 430 ‘occisio
2787 366 3084 436 redemptio
3112 365 3275 422 fuerit
3304 371 3509 424 mundi.
3544 371 3704 427 Acce-

445 449 629 504 intulit
671 448 839 514 Patri,
886 463 1047 517 quem
1083 447 1274 502 obtulit
1304 447 1576 518 passioni,
1611 449 1755 504 hunc
1787 450 2033 504 exaltans

447 538 500 592 in
529 539 680 595 caelis
715 551 874 607 quem
923 537 1299 592 humiliaverat
1338 537 1391 592 in
1431 535 1695 601 infamis;
1748 539 1795 594 is
1822 539 2034 594 visurus

402 626 414 699 ξ
444 629 691 699 gloriam,
723 627 816 696 qui
853 627 1062 682 viderat
1096 626 1446 698 sepulturam.
1489 627 1622 683 Item
1650 629 1702 682 in
1727 630 1889 684 missa
1915 644 2035 683 san-

444 721 515 778 cti
543 719 778 788 Sperati,
802 718 1027 788 lngeniti
1056 717 1233 774 Patris
1263 719 1569 789 Unigenite,
1598 718 1766 773 Filius
1795 719 1888 773 Dei
1913 718 2035 788 Spi-

397 804 404 872 ἒ
445 811 554 866 ritu
601 818 794 866 sancto
839 817 1141 866 comternus
1179 817 1234 865 et
1282 809 1788 875 consubstantialis,
1827 809 1918 879 qui
1966 810 2033 864 ab

445 918 572 958 arce
601 902 744 957 sedis
776 903 1023 956 :etherwe
1050 898 1208 968 hujus
1241 899 1427 953 mundi
1469 898 1650 953 inﬁma
1685 907 1892 970 petens,
1939 899 2034 952 ad-

442 993 612 1063 optivi
661 992 894 1048 hominis
940 1006 1048 1046 non
1099 990 1360 1046 horruisti
1403 991 1784 1046 vestimentum
1823 1004 2036 1046 sumere

442 1085 646 1150 carnis,
681 1093 737 1138 et
771 1083 838 1136 ad
871 1081 1245 1136 liberationem
1286 1079 1523 1136 ﬁdelium
1553 1096 1659 1136 non
1692 1095 1753 1136 es
1785 1082 2036 1151 dedigna-

444 1185 533 1230 tus
556 1175 610 1228 in
629 1173 797 1228 forma
816 1173 982 1238 servi,
1009 1173 1157 1228 salva
1191 1173 1494 1237 divinitate,
1526 1173 1578 1226 in
1607 1181 1808 1228 statera
1838 1189 2036 1243 appen-

445 1266 573 1320 dere
595 1264 794 1328 crucis,
824 1271 878 1318 et
903 1261 1142 1333 perferre
1163 1262 1390 1316 exitium
1421 1262 1636 1317 sustulit
1665 1263 1873 1316 mortis.
1903 1262 2035 1317 ltem

447 1356 501 1409 in
556 1354 722 1409 missa
760 1352 1164 1416 defunctorum,
1207 1353 1434 1408 Domine
1481 1350 1608 1406 Iesu
1645 1353 1891 1418 Christe,
1943 1352 2036 1422 qui

446 1461 575 1501 vera
607 1459 666 1500 es
695 1444 804 1499 vita
842 1443 1177 1499 credentium
1201 1483 1214 1507 ,
1257 1443 1350 1497 tibi
1386 1458 1483 1512 pro
1506 1440 1772 1496 defunctis
1795 1441 2038 1497 ﬁdelibus

448 1535 773 1593 sacriﬁcium
809 1534 952 1588 istud
981 1532 1278 1597 offerimus,
1307 1534 1674 1597 obsecrantes,
1720 1540 1780 1586 ut
1821 1546 2040 1602 regene-

447 1631 672 1687 rationis
704 1630 853 1684 fonte
879 1637 1154 1700 purgatos,
1197 1639 1252 1682 et
1293 1629 1681 1683 tentationibus
1722 1628 1906 1682 mundi
1946 1644 2039 1683 ex-

2129 462 2326 522 perunt
2353 452 2506 523 justi,
2544 469 2652 509 non
2686 455 2948 509 dederunt
2984 469 3253 512 coronas:
3295 466 3351 513 et
3397 459 3464 514 de
3499 459 3708 516 fortitu-

2129 543 2256 599 dine
2305 543 2541 600 ﬁdelium
2584 546 2826 615 exempla
2881 553 3006 601 sunt
3052 548 3362 617 patientins,
3417 566 3526 605 non
3575 553 3712 608 dona

2123 631 2366 703 justitiat.
2418 634 2731 706 Singulares
2774 638 2974 707 quippe
3018 638 3070 692 in
3105 639 3332 710 singulis
3361 651 3566 698 mortes
3602 641 3711 699 fue-

2133 734 2278 787 runt,
2307 740 2406 781 nec
2425 725 2647 781 alterius
2669 726 2950 796 quisquam
2975 727 3141 783 debiti
3168 729 3250 783 sui
3276 728 3436 785 ﬁnem
3461 733 3713 803 praebuit,

2131 832 2256 872 cum
2279 817 2420 870 inter
2442 815 2577 872 alios
2605 817 2882 871 hominum
2905 832 3047 872 unus
3075 819 3222 874 solus
3249 820 3508 877 Dominus
3531 830 3716 877 noster

2131 905 2291 962 Jesus
2316 907 2593 970 Christus,
2645 907 2736 976 qui
2782 921 2906 961 vere
2929 917 3047 962 erat
3090 908 3278 979 Agnus
3320 911 3716 979 immaculatus,

2133 997 2420 1062 exstiterit,
2467 997 2520 1050 in
2564 1012 2671 1065 quo
2708 1012 2896 1052 omnes
2929 998 3212 1064 cruciﬁxi,
3261 1015 3450 1056 onmes
3497 1003 3716 1070 mortui,

2134 1100 2320 1142 omnes
2350 1086 2564 1155 sepulti,
2597 1101 2787 1142 omnes
2814 1095 2940 1142 sunt
2963 1087 3124 1140 etiam
3160 1089 3402 1145 suscitati
3427 1090 3451 1143 ?
3495 1091 3573 1145 De
3603 1091 3720 1160 qui-

2134 1176 2236 1230 bus
2265 1176 2376 1244 ipse
2398 1176 2608 1230 dicebat
2633 1189 2648 1228 :
2684 1175 2815 1228 Cum
2844 1175 3103 1230 exaltatus
3123 1175 3275 1246 [uero
3296 1195 3328 1230 a
3355 1188 3515 1243 terra,
3543 1180 3719 1234 omnia

2135 1268 2342 1322 traham
2374 1267 2443 1322 ad
2485 1284 2566 1320 me
2593 1269 2785 1339 ipsum.
2827 1267 2988 1323 Fides
3025 1269 3228 1322 etenim
3263 1286 3390 1324 vera
3413 1270 3720 1339 justiﬁcans

2138 1360 2350 1430 impios,
2390 1368 2444 1414 et
2470 1375 2663 1415 creans
2685 1358 2876 1427 justas,
2920 1359 2987 1413 ad
3029 1358 3382 1416 humanitatis
3409 1376 3522 1416 sua:
3551 1369 3719 1416 tracta

2136 1452 2499 1522 participium,
2527 1452 2580 1506 in
2613 1450 2701 1506 illo
2721 1451 2953 1520 acquirit
2980 1449 3228 1519 salutem,
3254 1453 3309 1509 in
3335 1468 3400 1508 eo
3423 1452 3538 1508 solo
3561 1454 3724 1510 homo

2136 1557 2197 1598 se
2223 1542 2427 1597 invenit
2453 1543 2826 1607 innocentem,
2869 1543 3098 1598 liberum
3138 1545 3343 1600 habens
3371 1559 3469 1613 per
3493 1545 3722 1615 gratiam

2141 1634 2257 1700 Dei,
2285 1635 2351 1689 de
2377 1631 2492 1702 ejus
2515 1634 2753 1702 potentia
2781 1633 3020 1703 gloriari.
3052 1632 3154 1700 Qui
3181 1641 3368 1688 contra
3396 1634 3604 1689 hostem
3628 1635 3723 1688 hu-

449 1733 686 1794 cmptos,
715 1724 996 1778 beatorum
1019 1737 1245 1776 numero
1275 1723 1514 1790 digneris
1543 1722 1800 1788 inserere,
1831 1729 1886 1778 et
1903 1736 2038 1791 quos
2071 1710 2113 1769 Β
2143 1727 2288 1782 mani
2316 1725 2530 1796 generis
2555 1725 2609 1778 in
2631 1726 2811 1780 carnis
2837 1734 3035 1780 nostra:
3059 1725 3362 1780 humilitate
3382 1739 3719 1796 congressus,

449 1812 626 1870 fecisti
663 1812 968 1882 adoptionis
1000 1811 1309 1882 participes,
1347 1809 1542 1880 jubcas
1579 1810 1908 1865 haereditatis
1937 1818 2042 1864 tua:

449 1919 570 1960 esse
588 1909 886 1960 consortes.
911 1901 1046 1955 Nam
1073 1908 1128 1955 et
1153 1901 1254 1970 ipsi
1280 1901 1526 1956 canimus
1551 1901 1605 1954 in
1628 1899 1809 1970 vigilia
1823 1900 2044 1954 Pascbte

451 1996 610 2050 beato
651 1993 856 2049 Isidoro
881 1993 1114 2058 dicente,
1157 1991 1334 2046 Induit
1369 2006 1610 2057 carnem,
1642 1991 1736 2046 sed
1763 2006 1870 2046 non
1897 1990 2046 2044 exuit

451 2085 787 2155 majestatem
817 2104 829 2138 :
863 2093 1106 2140 nostram
1129 2083 1488 2138 substantiam
1508 2091 1784 2154 expetens,
1811 2081 1906 2137 sed
1929 2095 2048 2150 pro-

449 2178 627 2248 priam
649 2191 756 2230 non
786 2175 1119 2243 relinquens.

523 2269 610 2323 l2.
643 2267 879 2338 Epistola
902 2266 1098 2321 Leonis
1121 2266 1186 2321 ad
1215 2265 1447 2321 Leonem
1462 2263 1788 2337 Augustum,
1810 2264 1963 2332 Quod
1993 2263 2046 2317 in

451 2376 558 2415 una
583 2359 798 2416 Domini
839 2357 969 2412 Jcsu
999 2357 1202 2414 Christi
1234 2373 1466 2428 persona
1496 2358 1710 2430 gemina
1740 2359 1810 2413 sit
1831 2357 2049 2412 deitatis

450 2460 506 2508 ct
551 2449 904 2506 humanitatis
951 2449 1241 2503 asserenda
1290 2456 1503 2502 natura.
1559 2447 1878 2517 Quicunque
1918 2461 2052 2516 ergo

452 2543 528 2598 illi
551 2549 677 2597 sunt
710 2540 785 2594 ita
815 2539 1093 2604 obcaecati,
1131 2547 1187 2594 et
1227 2553 1259 2592 a
1284 2538 1489 2593 lumine
1515 2539 1760 2593 veritatis
1783 2537 1963 2602 alieni,
1989 2544 2049 2590 ut

455 2635 617 2688 verbo
655 2632 750 2686 Dei
792 2646 823 2685 ι
865 2639 1107 2701 tempore
1143 2631 1533 2687 incarnationis
1576 2632 1825 2686 humana:
1867 2630 2049 2684 carnis

455 2725 719 2795 denegent
758 2722 1061 2788 veritatem,
1088 2724 1376 2778 ostendant
1412 2723 1467 2778 in
1507 2738 1616 2793 quo
1654 2723 1758 2778 sibi
1788 2720 2047 2778 Christia-

455 2829 584 2868 num
627 2825 823 2866 nomen
867 2821 1151 2880 usurpent,
1205 2820 1262 2866 et
1307 2828 1431 2868 cum
1472 2812 1769 2883 Evangelia
1805 2811 2050 2865 veritatis

456 2919 562 2972 qua
593 2903 806 2956 ratione
830 2902 1187 2963 concordent,
1241 2901 1287 2956 si
1313 2904 1486 2958 beata:
1505 2902 1746 2972 Virginis
1775 2910 1931 2970 partu
1958 2908 2050 2955 aut

458 3008 588 3051 caro
611 2993 727 3046 sine
750 2993 967 3056 deitate,
998 3000 1090 3046 aut
1125 2991 1301 3048 deitas
1325 3001 1410 3048 est
1439 3002 1559 3049 orta
1585 2994 1702 3048 sine
1731 3009 1913 3049 carne.
1933 2992 2051 3047 Sic-

458 3095 515 3141 ut
540 3086 684 3140 cnim
716 3085 900 3154 negari
947 3100 1053 3140 non
1084 3092 1282 3155 potest,
1307 3085 1634 3155 evangelista
1655 3086 1883 3149 dicente,
1907 3083 2054 3154 quod

475 3174 696 3233 Vcrbunt
731 3192 855 3230 caro
878 3175 1076 3246 factum
1103 3187 1198 3239 est,
1224 3184 1271 3228 et
1295 3174 1546 3228 habitavit
1583 3176 1639 3228 in
1661 3175 1829 3241 nobis,
1857 3175 1932 3229 ita
1959 3187 2055 3228 ne-

459 3271 574 3342 gari
621 3285 728 3325 non
771 3277 985 3340 potest,
1021 3269 1181 3322 beato
1204 3267 1371 3322 Paulo
1401 3266 1659 3337 Apostolo
1704 3266 2050 3336 praedicante,

459 3359 604 3430 quod
635 3358 774 3414 Deus
803 3367 916 3414 erat
947 3359 1002 3412 in
1045 3356 1252 3412 Christo
1279 3357 1533 3411 mundum
1563 3355 1907 3411 reconcilians
1931 3354 2050 3408 sibi.

460 3451 591 3520 Qua:
625 3459 806 3506 autem
852 3449 1220 3506 reconciliatio
1259 3455 1438 3517 potest
1474 3463 1625 3514 esse,
1674 3462 1780 3517 qua
1819 3447 2056 3500 humano

461 3542 645 3614 generi
677 3542 1126 3612 repropitiaretur
1147 3540 1307 3603 Deus,
1333 3538 1436 3594 nisi
1467 3539 1710 3594 omnium
1747 3553 1912 3592 causa
1944 3551 2057 3591 me-

459 3633 639 3691 diator
664 3635 758 3690 Dei
784 3641 838 3690 et
866 3634 1146 3690 hominum
1173 3647 1393 3688 carnem
1421 3631 1760 3701 susciperet?
1789 3629 1904 3696 Qua
1928 3643 2057 3682 vero

461 3727 674 3782 ratione
714 3725 1001 3780 veritatem
1045 3723 1359 3779 mediatoris
1402 3721 1670 3790 impleret,
1725 3719 1828 3774 nisi
1866 3718 1957 3788 qui
2000 3718 2057 3772 in

461 3817 636 3873 forma
663 3815 759 3870 Dei
800 3814 1024 3884 atqualis
1062 3822 1145 3868 est
1181 3811 1364 3878 Patri,
1413 3811 1469 3865 in
1499 3809 1673 3864 forma
1703 3809 1842 3864 servi
1887 3808 2058 3878 parti-

463 3922 590 3977 ceps
617 3914 761 3962 esset
786 3915 840 3960 et
871 3904 1088 3959 nostri?
1120 3903 1188 3958 Ut
1213 3903 1402 3958 mortis
1427 3900 1718 3964 vinculum,
1743 3899 1902 3954 unius
1926 3915 2058 3969 pra:-

464 3998 796 4054 varicatione
817 4002 1174 4056 contractum,
1205 3994 1367 4048 unius
1394 3999 1588 4056 morte,
1613 3990 1706 4060 qui
1727 3989 1876 4044 solus
1895 3988 2057 4042 morti

463 4089 596 4144 nihil
635 4086 841 4151 debuit,
870 4084 1212 4140 solveretur?
1258 4081 1460 4136 Eﬁ'usio
1491 4081 1634 4135 enim
1668 4094 1767 4149 pro
1798 4077 2060 4133 ministris

464 4171 741 4250 sanguinis
788 4175 989 4232 Christi
1033 4182 1144 4228 tam
1188 4171 1288 4226 fuit
1323 4170 1474 4227 dives
1515 4169 1583 4224 ad
1613 4169 1881 4240 pretium,
1919 4176 1978 4223 ut
2013 4169 2060 4224 si

463 4271 790 4329 universitas
830 4268 1166 4338 captivorum
1207 4266 1261 4320 in
1293 4265 1709 4334 Redemptorem
1743 4277 1900 4318 suum
1934 4276 2058 4318 cre-

2142 1817 2227 1872 bis
2256 1816 2536 1872 victoriam
2565 1831 2718 1872 suam
2743 1815 2932 1870 tribuit
2957 1818 3012 1871 in
3031 1831 3262 1886 quorum
3289 1831 3514 1887 corpore
3535 1818 3724 1872 trium-

2143 1905 2347 1974 phavit.

2215 1996 2302 2050 15.
2327 1996 2479 2051 Licet
2503 2011 2634 2067 ergo
2663 1997 2719 2050 in
2747 2011 2857 2051 uno
2889 1995 3118 2051 Domino
3145 2006 3334 2052 nostro
3358 1995 3485 2052 Jesu
3508 1996 3723 2052 Christo

2144 2101 2274 2142 vero
2319 2087 2430 2142 Deo
2475 2095 2636 2156 atque
2664 2087 2898 2142 hominis
2934 2088 3043 2142 ﬁlio
3098 2089 3256 2144 Verbi
3297 2100 3352 2143 et
3395 2091 3578 2145 cannis
3618 2105 3723 2146 una

2144 2193 2374 2248 persona
2404 2178 2494 2243 sit,
2543 2193 2664 2247 quae,
2712 2177 3146 2246 inseparabiliter
3172 2189 3332 2248 atque
3362 2180 3590 2236 indivise
3613 2195 3728 2235 om-

2147 2286 2252 2326 nes
2282 2271 2476 2325 habeat
2505 2270 2775 2334 actiones,
2815 2269 3173 2340 intelligendw
3212 2280 3394 2326 tamen
3431 2280 3558 2326 sunt
3587 2272 3728 2341 ipso-

2149 2375 2268 2414 rum
2296 2374 2520 2428 operum
2555 2359 2878 2428 qualitates;
2916 2367 2972 2413 et
3001 2359 3225 2415 sincera:
3254 2360 3376 2415 ﬁdei
3402 2362 3726 2430 contempla-

2149 2450 2295 2504 tione
2329 2447 2655 2503 cernendum
2695 2456 2797 2510 est,
2837 2448 2905 2502 ad
2933 2463 3053 2517 qua).
3095 2451 3424 2517 provehatur
3456 2450 3728 2506 humilitas

2149 2539 2350 2604 carnis,
2397 2545 2452 2593 et
2485 2538 2554 2592 ad
2587 2553 2706 2606 qua:
2739 2537 3028 2592 inclinetur
3065 2537 3291 2593 altitudo
3319 2539 3572 2594 deitatis:
3604 2538 3726 2608 quid

2150 2631 2219 2686 sit
2257 2630 2401 2698 quod
2442 2643 2572 2686 caro
2607 2629 2722 2684 sine
2748 2629 2926 2684 Verbo
2953 2643 3059 2684 non
3088 2629 3218 2700 agit,
3244 2637 3300 2684 et
3323 2629 3451 2699 quid
3474 2629 3546 2685 sit
3590 2627 3733 2698 quod
3763 2661 3770 2676 -.

2153 2722 2389 2778 Verbum
2409 2721 2526 2775 sine
2552 2734 2715 2775 carne
2748 2736 2855 2775 non
2890 2719 3071 2776 eiﬁcit.
3119 2721 3248 2776 Sine
3272 2722 3417 2776 enim
3451 2722 3612 2777 Verbi
3638 2737 3732 2790 po-

2151 2815 2318 2871 tentia
2345 2829 2444 2870 nec
2473 2815 2780 2884 conciperet
2801 2814 2976 2883 virgo,
3011 2829 3109 2868 nec
3135 2822 3386 2882 pareret;
3421 2822 3474 2868 et
3503 2815 3621 2869 sine
3649 2830 3733 2870 ve-

2150 2905 2310 2960 ritate
2351 2905 2533 2960 carnis
2573 2904 2825 2958 obvoluta
2857 2903 3051 2972 pannis
3093 2903 3318 2958 infantia
3361 2919 3468 2959 non
3501 2903 3732 2972 jacerct.

2153 2994 2282 3050 Sine
2339 2995 2495 3050 Verbi
2549 2995 2784 3064 potentia
2834 3009 2942 3048 non
2987 2996 3277 3049 adorarent
3319 2994 3457 3066 Magi
3507 3011 3735 3064 puerum

2155 3084 2305 3140 stella
2338 3085 2512 3140 indice
2546 3085 2897 3150 declaratum,
2945 3093 3000 3138 et
3025 3085 3143 3140 sine
3166 3087 3392 3142 veritate
3414 3087 3596 3142 carnis
3628 3102 3734 3141 non

2146 3173 2428 3244 juberetur
2456 3174 2736 3229 transferri
2776 3175 2830 3227 in
2864 3173 3154 3245 Egyptum
3195 3191 3344 3245 puer,
3383 3186 3440 3231 et
3475 3178 3545 3231 ab
3570 3177 3735 3233 Hero-

2155 3262 2237 3318 dis
2275 3264 2652 3333 persecutione
2682 3264 2929 3318 subduci.
2981 3264 3108 3319 Sine
3143 3266 3303 3320 Verbi
3354 3267 3589 3335 potentia
3629 3283 3736 3322 non

2155 3353 2360 3410 diceret
2402 3370 2505 3409 vox
2546 3354 2724 3410 Patris
2769 3356 2931 3411 missa
2973 3359 3039 3412 de
3073 3358 3212 3412 cmlo
3247 3376 3259 3412 :
3311 3358 3414 3412 Hic
3442 3369 3518 3414 est
3562 3359 3742 3418 Filius

2154 3463 2300 3500 meus
2323 3445 2560 3512 dilectus,
2589 3447 2645 3500 in
2664 3463 2766 3518 quo
2794 3448 2921 3519 mihi
2945 3448 3070 3502 bene
3095 3448 3385 3519 complacui
3401 3490 3416 3515 ,
3448 3451 3619 3520 ipsum
3643 3467 3730 3506 att-

2155 3536 2282 3591 ditc.
2310 3535 2439 3591 Sine
2465 3538 2692 3593 veritate
2712 3537 2894 3593 carnis
2921 3555 3026 3593 non
3053 3548 3443 3608 protestaretur
3472 3541 3737 3600 Joannes:

2157 3626 2294 3682 Ecce
2316 3627 2495 3698 Agnus
2522 3627 2640 3693 Dei,
2668 3645 2782 3683 ecce
2799 3631 2890 3700 qui
2924 3629 3058 3683 tollit
3083 3642 3352 3700 peccatum
3373 3633 3575 3687 mundi.
3609 3633 3744 3693 Sino

2157 3717 2319 3773 Verbi
2347 3719 2586 3786 potentia
2618 3733 2723 3773 non
2759 3719 2911 3774 ﬁeret
2961 3721 3344 3790 redintegratio
3381 3723 3639 3779 debilium
3683 3734 3744 3781 et

2156 3809 2451 3866 viviﬁcatio
2492 3819 2867 3878 mortuorum;
2916 3820 2970 3867 et
3007 3813 3122 3868 sine
3155 3814 3383 3870 veritate
3415 3817 3598 3871 carnis
3642 3834 3742 3874 nec

2157 3901 2312 3956 cibus
2331 3899 2538 3970 jejuno,
2577 3917 2677 3956 nec
2703 3916 2928 3957 somnus
2960 3911 3104 3958 esset
3121 3905 3461 3962 necessarius
3492 3904 3741 3977 fatigato.

2158 3989 2440 4046 Postremo
2483 3991 2598 4045 sine
2626 3991 2788 4046 Verbi
2823 3993 3062 4060 potentia
3085 4010 3194 4050 non
3221 4010 3280 4051 se
3305 3996 3567 4053 Dominus
3592 3998 3744 4052 Patri

2158 4079 2506 4148 proﬁteretur
2542 4081 2800 4149 aqualem
2823 4121 2838 4146 ,
2887 4091 2941 4137 et
2977 4084 3094 4138 sine
3140 4085 3370 4140 veritate
3409 4089 3591 4143 carnis
3635 4104 3741 4142 non

2159 4171 2302 4227 idem
2333 4171 2537 4226 diceret
2575 4170 2790 4227 Patrem
2827 4188 2886 4228 se
2923 4189 3044 4230 esse
3069 4173 3368 4243 majorem:
3405 4193 3529 4232 cum
3557 4180 3746 4235 catho-

2160 4265 2265 4320 lica
2301 4263 2436 4320 ﬁdes
2462 4273 2752 4334 utrumque
2788 4268 3081 4336 suscipiat,
3135 4276 3424 4339 utrumque
3467 4270 3741 4339 defendat,

462 4369 635 4433 deret,
680 4365 826 4421 nulla
871 4361 1072 4418 diaboli
1110 4359 1323 4416 vincula
1349 4365 1728 4413 remanerent:
1777 4355 2051 4426 quoniam,
2087 4391 2136 4451 υ
2159 4372 2276 4427 qua:
2324 4357 2620 4412 secundum
2667 4355 3061 4412 confessionem
3108 4359 3253 4414 beati
3299 4359 3445 4416 Petri
3490 4363 3741 4432 apostoli,

461 4465 603 4522 sicut
631 4460 923 4533 Apostolus
956 4459 1053 4522 ait,
1082 4454 1183 4511 Ubi
1221 4453 1505 4509 abundavit
1534 4459 1806 4523 peccatum
1829 4489 1844 4514 ,
1876 4465 2060 4520 super-

460 4554 745 4612 abundavit
771 4552 984 4624 gratia;
1022 4558 1077 4604 et
1105 4561 1230 4603 cum
1256 4545 1357 4600 sub
1376 4543 1582 4614 peccati
1603 4540 1916 4612 praeiudicio
1945 4540 2058 4594 nati

461 4652 788 4717 potestatem
824 4641 1133 4710 acceperint
1158 4637 1225 4692 ad
1246 4635 1515 4705 justitiam
1541 4631 1891 4698 renascendi,
1922 4631 2060 4684 vali-

463 4737 586 4792 dius
610 4733 812 4798 factun)
833 4741 918 4787 est
937 4732 1137 4787 donum
1158 4727 1426 4783 libertatis
1449 4723 1737 4780 condebito
1757 4721 2053 4777 servitutis.

463 4828 638 4896 Quam
666 4829 846 4897 itaque
872 4826 975 4881 sibi
1003 4825 1056 4879 in
1074 4821 1234 4891 hujus
1256 4819 1578 4876 sacramenti
1607 4815 1878 4886 praesidio,
1907 4831 2058 4886 spem

466 4919 810 4988 relinquunt,
851 4915 943 4986 qui
976 4914 1030 4968 in
1067 4911 1346 4967 Salvatore
1383 4915 1571 4962 nostro
1609 4912 1810 4976 negant
1836 4903 2058 4960 humani

465 5009 708 5079 corporis
734 5005 1048 5062 veritatem?
1076 5003 1267 5057 Dicant
1290 5015 1396 5070 quo
1416 4997 1682 5054 sacriﬁcio
1703 4996 2055 5062 reconciliati,

467 5099 652 5155 dicant
673 5113 781 5167 quo
806 5095 1067 5166 sanguine
1088 5092 1199 5148 sint
1227 5089 1508 5158 redempti,
1535 5088 1659 5157 quia
1689 5094 1745 5142 et
1769 5086 2060 5156 Apostolus

465 5190 544 5247 ait
571 5230 587 5257 ,
625 5187 728 5255 Qui
759 5186 980 5242 tradidit
1014 5183 1345 5254 semetipsum
1370 5197 1463 5251 pro
1488 5179 1635 5234 nobis
1670 5177 1985 5233 oblationem
2009 5187 2058 5232 et

466 5281 692 5337 hostium
714 5279 824 5335 Deo
847 5280 901 5334 in
936 5277 1149 5333 odorem
1174 5273 1469 5330 suavitatis.
1513 5271 1622 5325 Aut
1651 5271 1795 5342 quod
1823 5285 2059 5340 unquam

590 5372 793 5431 iﬁcium
821 5369 1087 5428 sacratius
1114 5367 1234 5434 fuit,
1272 5380 1433 5436 quam
1471 5363 1616 5435 quod
1639 5378 1800 5419 verus
1828 5370 2060 5418 aeternus

609 5463 716 5522 ifex
745 5463 906 5519 altari
935 5461 1114 5518 crucis
1149 5473 1246 5529 per
1273 5455 1702 5512 immolationem
1743 5469 1854 5510 sua:
1878 5454 2062 5510 carnis

602 5556 766 5616 luit?
817 5554 1076 5623 Quamvis
1128 5551 1273 5607 enim
1316 5548 1609 5604 multorum
1651 5554 1962 5603 sanctorum
2005 5545 2061 5600 in

643 5655 762 5708 actu
788 5645 1000 5702 Domini
1043 5642 1279 5712 pretiosa
1317 5652 1466 5696 mors
1503 5638 1694 5704 fuerit,
1740 5637 1940 5693 nullius
1982 5645 2063 5690 ta-

2159 4462 2325 4504 unum
2351 4446 2626 4502 Christum
2647 4447 2742 4501 Dei
2764 4448 2870 4501 vivi
2897 4447 3090 4501 Filium
3119 4455 3173 4502 et
3196 4449 3470 4505 hominem
3494 4453 3665 4507 credit
3687 4459 3747 4507 et

2159 4539 2414 4594 Verbum.
2446 4537 2704 4604 Quamvis
2731 4537 2914 4606 itaque
2944 4538 3012 4592 ah
3042 4538 3133 4594 illo
3163 4539 3337 4604 initio,
3367 4556 3476 4610 quo
3503 4542 3559 4596 in
3587 4551 3746 4599 utero

2158 4627 2394 4699 Virginis
2415 4627 2652 4682 Verbum
2674 4642 2802 4682 caro
2825 4627 3026 4682 factum
3053 4637 3156 4693 est,
3187 4629 3320 4684 nihil
3342 4645 3578 4700 unquam
3603 4634 3750 4688 inter

2157 4730 2442 4790 utramque
2470 4717 2699 4774 formam
2727 4718 2928 4787 aliquid
2957 4719 3234 4775 divisionis
3257 4722 3544 4788 exstiterit,
3573 4732 3630 4778 et
3647 4740 3750 4794 per

2156 4813 2337 4868 omnia
2383 4812 2716 4866 incrementa
2756 4825 3016 4879 corporea
3057 4813 3218 4866 unius
3252 4827 3498 4880 personae
3547 4813 3752 4872 fuerint

2157 4903 2325 4959 totius
2367 4899 2627 4969 temporis
2657 4899 2920 4963 actiones,
2970 4914 3032 4954 ea
3076 4900 3194 4969 ipsa
3224 4916 3459 4970 namque
3490 4903 3618 4960 alibi
3665 4913 3754 4958 ta-

2157 5007 2280 5049 men
2310 5008 2431 5063 quae
2459 4990 2890 5060 inseparabiliter
2928 4989 3068 5046 facta
3098 5001 3253 5058 sunt,
3303 4993 3451 5048 nulla
3493 4995 3751 5051 commis-

2159 5088 2304 5143 tioae
2343 5084 2741 5146 contundimus,
2789 5083 2882 5138 sed
2915 5083 3008 5152 qui
3051 5083 3205 5152 cujus
3243 5083 3430 5140 forma:
3454 5086 3526 5141 sit
3552 5101 3618 5142 ex
3651 5087 3744 5142 ho-

2160 5194 2280 5234 rum
2308 5177 2570 5248 qualitate
2593 5175 2875 5230 sentimus.
2919 5174 3114 5229 Dicant
3152 5162 3282 5246 ergo
3313 5176 3402 5230 isti
3429 5177 3762 5246 bypocritmr

2158 5271 2250 5340 qui
2281 5269 2442 5326 ctecis
2473 5266 2747 5321 mentibus
2776 5263 2954 5319 lumen
2986 5265 3174 5319 nolunt
3214 5266 3457 5335 recipere
3481 5266 3747 5326 veritatis.

2160 5363 2214 5416 in
2248 5373 2355 5429 qua
2383 5355 2556 5412 forma
2583 5352 2764 5408 crucis
2790 5351 2932 5421 ligno
2967 5353 3228 5408 Dominus
3270 5353 3571 5423 majestatis
3593 5353 3740 5409 Chri-

2159 5459 2276 5507 stus
2297 5448 2488 5502 alﬁxus
2518 5443 2614 5507 sit,
2659 5442 2782 5510 quis
2816 5441 2987 5510 jacuit
3030 5444 3084 5498 in
3115 5443 3394 5513 sepulcro,
3427 5452 3481 5500 et
3507 5443 3752 5499 revoluto

2161 5535 2494 5596 monumenti
2516 5532 2694 5601 lapide
2718 5547 2838 5601 qua:
2869 5533 3031 5588 tertio
3051 5534 3137 5589 die
3161 5550 3290 5589 caro
3327 5534 3584 5598 surrexit,
3616 5541 3671 5588 et
3695 5533 3747 5588 in

2159 5649 2265 5704 qua
2293 5637 2417 5702 post
2442 5624 2896 5684 resurrectionem
2930 5639 3082 5682 suam
3121 5641 3230 5682 non
3265 5626 3548 5682 credentes
3587 5637 3752 5695 quos-
