4028 6176
323 316 422 373 877
1626 303 1939 365 ELIPANDI
1979 302 2352 362 EPISTOLA‘].
3482 302 3587 359 878

323 425 445 478 dam
482 416 770 492 .liscxpulos
806 425 1096 494 arguebat,
1129 431 1183 478 et
1225 422 1618 478 haesitationem
1647 426 1905 476 cunctan-
1933 418 1985 479 Δ
2009 415 2135 469 dum
2165 417 2392 470 lormam
2422 421 2599 471 autem
2625 415 2790 470 servi
2836 430 2943 468 non
2997 414 3146 469 venit
3179 414 3358 469 facere
3396 415 3590 469 volun-

323 513 490 569 otium
513 511 830 568 confutabat
855 529 976 568 cum
1001 514 1225 577 diceret,
1254 511 1472 582 Palpate
1491 521 1538 565 et
1566 511 1750 575 videte,
1781 523 1910 579 quo-
2010 513 2173 560 tatem
2211 520 2386 570 suam,
2438 505 2534 560 sed
2577 503 2905 560 voluntatem
2951 501 3070 571 eius
3115 504 3207 573 qui
3247 504 3392 558 misit
3442 520 3588 560 eum.

324 605 466 658 niam
493 603 708 672 spiritus
736 619 945 656 carnem
967 613 1014 656 et
1035 619 1153 658 ossa
1185 619 1286 656 non
1326 601 1534 664 habent,
1565 600 1698 654 sicut
1729 614 1810 652 me
1831 596 1910 650 υἱ-
2009 594 2315 650 Secundum
2360 593 2586 650 formam
2629 595 2746 661 Dei,
2778 595 2918 650 sicut
2961 593 3125 650 Pater
3150 595 3313 649 habet
3341 595 3506 649 vitam
3537 595 3592 650 in

325 691 457 746 detis
481 689 691 743 habere.
715 690 783 744 Et
803 690 1045 760 apostolo
1074 690 1314 754 Thomte,
1354 688 1502 757 Infer
1526 702 1737 741 manum
1766 695 1909 739 tuam
2009 683 2338 753 semetipso;
2381 684 2676 739 secundum
2725 683 2957 739 formam
3001 683 3146 738 servi
3180 683 3350 737 tristis
3375 691 3457 737 est
3479 683 3596 736 ani-

324 780 380 832 iu
410 778 551 833 latus
574 795 766 844 meum,
797 788 845 833 et
877 779 989 834 vide
1015 795 1201 832 manus
1233 795 1393 840 meas,
1424 788 1473 832 et
1500 777 1690 848 pedes:
1725 783 1772 828 et
1803 773 1911 830 noli
2011 790 2097 829 ma
2126 773 2243 843 ejus
2285 790 2456 845 usque
2501 776 2568 830 ad
2597 784 2848 831 mortem.
2892 775 2959 830 Et
2991 776 3132 830 idem
3182 775 3299 844 ipse
3327 782 3428 838 est,
3455 775 3596 830 sicut

325 886 435 924 esse
457 867 780 934 incredulus,
801 869 891 923 sed
912 869 1118 938 ﬁdelis;
1149 877 1456 939 quantaque
1481 866 1914 923 manifestatione
2010 865 2300 935 Apostolus
2347 866 2625 936 praedicat,
2657 875 2710 922 et
2736 866 2888 924 dives
2915 874 2970 923 ct
3009 883 3229 937 pauper.
3269 868 3428 922 Dives
3463 885 3597 938 quo-

326 961 576 1030 corporis
601 960 684 1014 sui
710 959 824 1028 jam
865 961 1244 1017 haereticorum
1273 961 1552 1015 mendacia
1581 958 1910 1020 destruebat,
2012 957 2176 1020 niam,
2235 958 2562 1025 evangelista
2627 959 2878 1014 dicente:
2914 956 2982 1012 In
3017 959 3274 1029 principio
3315 968 3428 1012 erat
3475 957 3598 1012 Ver-

323 1060 382 1106 et
406 1052 522 1106 visa
556 1050 797 1106 Ecclesia
824 1050 1028 1106 Christi
1069 1052 1356 1108 imbuenda
1395 1049 1658 1106 doctrinis
1682 1049 1785 1104 hoc
1807 1063 1913 1101 non
2013 1043 2153 1105 bum,
2183 1054 2229 1098 et
2270 1042 2491 1099 Verbum
2525 1055 2639 1098 erat
2670 1045 2810 1116 apud
2850 1046 3039 1112 Deum,
3077 1056 3125 1100 et
3156 1046 3298 1102 Deus
3324 1056 3437 1102 erat
3473 1045 3603 1102 Ver-

326 1141 432 1196 sibi
463 1141 740 1195 dubitaret
764 1141 1088 1196 credendum
1117 1141 1261 1210 quod
1297 1139 1525 1210 apostoli
1567 1144 1917 1206 susceperant
2015 1134 2155 1188 bum.
2194 1134 2310 1189 Hoc
2344 1146 2455 1190 erat
2493 1137 2549 1190 in
2579 1137 2837 1206 principio
2885 1138 3024 1208 apud
3061 1137 3248 1192 Deum.
3296 1137 3486 1193 Omnia
3509 1154 3604 1210 per

326 1230 774 1300 prmdicandum?
813 1230 895 1286 Ac
918 1231 965 1286 si
1000 1232 1055 1285 in
1083 1239 1232 1285 tanta
1256 1230 1374 1285 luce
1395 1229 1639 1285 veritatis
1668 1229 1918 1283 tenebras
2015 1226 2183 1296 ipsum
2214 1226 2356 1296 facta
2386 1235 2528 1291 sunt,
2569 1237 2619 1280 et
2655 1229 2767 1282 sine
2799 1229 2910 1299 ipso
2940 1229 3138 1298 factum
3171 1238 3246 1285 est
3278 1230 3429 1285 nihil.
3465 1232 3604 1287 Pau-

329 1337 458 1376 suas
508 1321 762 1375 haeretica
813 1322 1099 1376 obduratio
1143 1337 1251 1376 non
1289 1321 1584 1390 relinquit,
1629 1318 1918 1374 ostendant
2015 1331 2114 1386 per
2148 1332 2296 1381 vero,
2334 1318 2460 1387 quia
2502 1329 2723 1388 propter
2744 1336 2844 1375 nos
2879 1319 3102 1376 Verbum
3137 1339 3262 1376 caro
3289 1322 3520 1392 factum,
3554 1333 3603 1378 et

330 1412 475 1465 unde
500 1410 600 1464 sibi
635 1425 786 1478 spem
829 1410 955 1474 vitae
980 1410 1334 1479 polliceantur
1376 1419 1630 1475 aeternae,
1666 1409 1732 1462 ad
1755 1422 1917 1477 quam
2017 1407 2264 1462 habitavit
2290 1409 2344 1462 in
2381 1408 2547 1463 nobis.
2589 1408 2718 1476 Quae
2764 1420 2945 1465 autem
2994 1420 3078 1466 est
3124 1411 3241 1482 ejus
3283 1414 3597 1477 exinanitio,

332 1498 436 1553 nisi
461 1513 559 1567 per
583 1499 930 1553 Mediatorem
945 1499 1040 1552 Dei
1061 1508 1115 1552 et
1140 1499 1438 1559 hominum,
1468 1497 1740 1561 hominem
1765 1495 1920 1551 Chri-
2020 1512 2207 1565 quaeve
2251 1507 2538 1567 paupertas
2568 1500 2670 1554 nisi
2699 1501 2888 1558 formae
2959 1503 3169 1558 servilis
3214 1505 3476 1575 acceptio,
3508 1519 3606 1574 per

330 1598 477 1642 stum
521 1585 708 1642 Jesum
742 1602 849 1641 non
897 1597 1077 1656 potest
1111 1587 1404 1657 perveniri.
1462 1586 1614 1641 Sicut
1657 1585 1800 1640 enim
1845 1584 1921 1639 ait
2019 1600 2180 1653 quam
2215 1587 2371 1641 Verbi
2417 1586 2698 1656 majestate
2740 1591 2885 1646 velut
2931 1593 3317 1664 redemptionis
3356 1597 3602 1653 humanas

332 1680 524 1733 beatus
551 1678 742 1732 Petrus
762 1678 1074 1748 apostolus:
1114 1677 1239 1732 Non
1261 1687 1335 1732 est
1356 1677 1503 1731 aliud
1529 1694 1714 1731 nomen
1737 1676 1919 1730 datum
2021 1677 2351 1745 dispensatio
2393 1679 2612 1748 impleta
2643 1682 2772 1737 est?
2809 1682 2944 1738 Nam
2973 1685 3098 1755 quia
3143 1687 3471 1756 captivitatis
3507 1704 3606 1742 no-

331 1769 628 1824 hominibus
657 1770 750 1824 sub
782 1769 924 1834 calo,
953 1772 1010 1824 in
1046 1787 1148 1841 quo
1175 1779 1404 1840 oporteat
1434 1786 1526 1824 nos
1571 1767 1739 1824 salvos
1779 1768 1917 1837 ﬁeri.
1955 1758 1992 1816 Β
2023 1774 2150 1821 strm
2200 1769 2396 1823 resolvi
2436 1770 2720 1841 originalia
2745 1773 2959 1828 vincula
3009 1791 3114 1830 non
3163 1786 3434 1846 poterant,
3499 1779 3604 1834 nisi

334 1859 444 1914 Nec
471 1867 554 1912 est
580 1857 879 1929 redemptio
924 1861 1256 1930 captivitatis
1290 1862 1538 1916 humana:
1573 1860 1626 1913 in
1662 1859 1922 1930 sanguine
2023 1856 2279 1913 existeret
2329 1860 2490 1915 homo
2543 1863 2714 1917 nostri
2763 1864 2974 1934 generis
3019 1877 3326 1938 nostrmque
3377 1878 3603 1935 naturas,

331 1949 451 2019 ejus
477 1951 567 2018 qui
607 1950 751 2004 dedit
779 1953 1127 2021 semetipsum
1163 1953 1585 2021 redemptionem
1631 1968 1728 2021 pro
1754 1951 1924 2005 homi-
2023 1948 2116 2018 qui
2140 1950 2345 2018 peccati
2375 1949 2685 2020 prmiudicio
2727 1970 2836 2010 non
2883 1963 3178 2023 teneretur,
3211 1970 3265 2015 et
3301 1961 3394 2031 qui
3420 1961 3611 2015 imma—

332 2042 514 2096 nibus.
559 2041 626 2094 Et
664 2042 804 2096 sicut
849 2043 1109 2112 pragdicat
1155 2043 1345 2097 beatus
1382 2042 1654 2110 apostolus
1687 2041 1920 2095 Paulus:
2026 2037 2208 2093 culato
2250 2041 2512 2110 sanguine
2542 2058 2639 2096 suo
2665 2044 3086 2116 chirographum
3133 2049 3334 2106 lethale
3360 2051 3606 2115 dilueret,

335 2131 468 2186 Cum
498 2132 551 2185 in
583 2131 756 2200 forma
784 2131 881 2186 Dei
911 2142 1070 2197 esset,
1124 2149 1227 2186 non
1259 2133 1499 2201 rapinam
1538 2131 1821 2185 arbitratus
1851 2139 1926 2184 est
2026 2126 2168 2182 sicut
2205 2130 2273 2185 ab
2302 2131 2456 2187 initio
2491 2141 2612 2188 erat
2647 2135 2903 2192 divinitus
2928 2139 3349 2209 praeordinatum
3376 2160 3389 2196 :
3430 2143 3503 2198 ita
3527 2154 3613 2200 est

334 2239 447 2277 esse
475 2238 530 2276 se
561 2220 813 2291 wqualem
846 2222 977 2287 Deo,
1021 2222 1111 2276 sed
1138 2224 1468 2292 semetipsum
1493 2221 1778 2275 exinaniri:
1820 2221 1929 2291 for—
2030 2215 2084 2269 in
2115 2218 2448 2286 plenitudine
2501 2224 2751 2292 μνωῦηίῑί
2795 2230 3056 2298 temporis
3103 2230 3302 2286 factum
3334 2241 3394 2287 ut
3426 2235 3613 2292 multis

337 2330 479 2369 utam
517 2314 649 2368 servi
679 2315 958 2384 accipiens,
1003 2315 1061 2368 in
1100 2314 1499 2368 similitudinem
1541 2312 1810 2366 hominum
1846 2312 1930 2381 fa—
2031 2307 2206 2363 modis
2230 2310 2532 2380 significata
2583 2317 2872 2382 promissio
2895 2319 2948 2372 in
2975 2319 3066 2374 diu
3121 2331 3490 2392 exspectatum
3521 2341 3613 2382 ve-

336 2416 476 2469 ctus,
510 2414 556 2457 et
593 2404 775 2458 habitu
818 2404 1054 2458 inventus
1092 2413 1146 2457 ut
1187 2405 1360 2459 homo.
1409 2401 1720 2456 Humiliavit
1746 2410 1932 2454 semet-
2031 2398 2173 2453 niret
2209 2399 2479 2470 eﬂ‘ectum,
2506 2420 2605 2459 nec
2630 2418 2811 2472 posset
2837 2424 2956 2464 esse
2982 2412 3290 2482 ambiguum
3317 2416 3460 2484 quod
3484 2432 3615 2473 conc

338 2496 552 2566 ipsum,
605 2495 778 2564 factus
808 2494 1051 2548 obediens
1094 2511 1257 2566 usque
1299 2493 1369 2547 ad
1407 2502 1626 2547 mortem
1651 2532 1666 2556 ,
1712 2499 1931 2544 mortem
2032 2489 2197 2545 tinuis
2223 2493 2694 2551 testificationibus
2713 2513 2926 2569 semper
2953 2500 3129 2556 fuerat
3151 2506 3476 2562 nuntiatum.

339 2595 516 2640 autem
542 2587 732 2640 crucis.
768 2585 991 2673 Propter
1022 2586 1162 2658 quod
1187 2595 1235 2640 et
1263 2586 1404 2640 Deus
1428 2583 1673 2640 exaltabit
1712 2573 1862 2636 illum
1884 2592 1932 2636 et
2105 2582 2192 2646 15.
2229 2583 2286 2638 ιη
2317 2601 2512 2656 magno
2553 2597 2734 2645 autem
2773 2593 3059 2664 sacrilegio
3105 2611 3164 2651 se
3193 2599 3399 2652 versari
3444 2600 3615 2656 hanc»

341 2675 553 2729 donavit
584 2674 664 2728 illi
694 2691 881 2729 nomen
906 2675 1046 2746 quod
1067 2686 1140 2731 est
1166 2693 1321 2747 super
1349 2693 1502 2730 omne
1531 2691 1754 2729 nomen:
1793 2684 1847 2728 ut
1877 2675 1934 2728 in
2035 2679 2266 2734 tieorum
2296 2681 2605 2739 manifestat
2633 2685 2902 2756 impietas,
2942 2705 3066 2744 cum
3096 2691 3196 2746 sub
3243 2695 3420 2762 specie
3446 2695 3614 2749 deita-

343 2767 551 2822 nomine
596 2766 725 2820 Iesu
773 2783 922 2820 omne
962 2783 1096 2837 genu
1135 2769 1419 2837 ﬂectatur,
1459 2765 1778 2829 celestium,
1833 2774 1935 2818 ter—
2033 2768 2106 2824 tis
2133 2770 2476 2836 honorandae,
2525 2774 2774 2832 humanm
2823 2778 3004 2833 carnis
3048 2779 3103 2832 in
3151 2781 3368 2837 Christo
3419 2794 3616 2855 negant

346 2858 589 2910 νειῑνίιιηι
639 2866 686 2910 ετ
716 2856 1045 2925 inﬁmorum
1073 2897 1089 2922 9
1143 2865 1192 2911 ετ
1245 2858 1415 2912 omnis
1452 2855 1635 2926 lingua
1683 2855 1933 2925 conﬁtea-
2034 2861 2356 2928 veritatem,
2401 2872 2456 2917 et
2505 2865 2754 2936 religiose
2806 2869 3120 2924 existimant
3187 2873 3533 2942 credendum,
3571 2877 3612 2929 si

343 2955 448 3012 tur,
477 2948 601 3018 quia
624 2945 878 3000 Dominus
903 2946 1058 3002 Jesus
1079 2945 1316 3002 Christus
1345 2947 1400 3001 in
1421 2946 1591 3018 gloria
1620 2956 1693 3001 est
1708 2946 1806 3000 Dei
1826 2946 1934 3001 Pa—
2033 2949 2248 3005 dicatur
2271 2951 2328 3006 in
2373 2951 2654 3009 Salvatore
2699 2965 2885 3013 nostro
2935 2974 3122 3014 verum
3174 2977 3283 3018 non
3327 2979 3447 3020 esse
3473 2969 3617 3036 quod

343 3037 464 3092 πίε,
1953 3096 2000 3118 Α
2036 3040 2228 3095 salvat.
2268 3040 2403 3098 Cum
2443 3043 2517 3099 ita
2549 3047 2841 3102 secundum
2867 3051 3280 3118 promissionem
3305 3058 3486 3112 omnia
3517 3074 3615 3114 sre-

1951 3096 2003 3160 Ο

421 3153 508 3208 η.
548 3152 682 3209 Cum
710 3168 840 3223 ergo
873 3168 1014 3208 unus
1042 3153 1112 3209 sit
1159 3153 1418 3208 Dominus
1455 3152 1614 3208 Jesus
1659 3131 2003 3218 Christus,"
2033 3131 2156 3223 El"?
2218 3145 2646 3202 Ρονοιιιτοηῑϐιη,
2717 3140 2951 3194 mundus
3011 3143 3082 3196 sit
3125 3146 3503 3204 reconciliatus
3557 3151 3611 3204 in

353 3250 410 3302 et
456 3257 600 3298 vera:
647 3219 863 3298 deitatis
918 3257 1167 3314 verat-que
1209 3243 1559 3298 humanitatis
1606 3243 1660 3297 in
1684 3243 1800 3313 ipso
1826 3257 1933 3296 una
2032 3219 2272 3290 Chris‘oo
2301 3231 2362 3277 υί
2418 3224 2464 3280 εί
2495 3240 2603 3281 non
2658 3227 2893 3283 Verbum
2939 3229 3256 3299 ἀίεηεηθων
3309 3251 3440 3291 οπο
3479 3238 3613 3302 ﬁeri.

347 3349 570 3406 prorsus
619 3334 914 3404 eademque
954 3348 1182 3403 persona
1231 3334 1342 3404 sit"
1372 3333 1700 3389 θηιιηιίοηθ
1751 3342 1932 3388 tamen
2034 3315 2180 3369 nulla
2225 3326 2408 3385 posset
2437 3326 2491 3373 et
2531 3335 2659 3374 caro
2689 3321 2908 3375 salvari.
2949 3321 3121 3377 Omne
3139 3325 3285 3379 enim
3309 3340 3618 3382 sacramen-

351 3441 458 3495 qua
485 3425 636 3479 illum
664 3425 807 3480 sicut
834 3426 1024 3480 doctor
1048 3425 1287 3496 genuum
1334 3425 1465 3480 die“
1485 3424 1740 3480 εχειιπίι
1768 3424 1931 3488 Deus,
2035 3413 2147 3460 tum
2171 3406 2290 3461 fidei
2308 3407 2626 3463 Christiana:
2648 3425 2858 3480 magno,
2887 3418 2945 3464 ut
2970 3413 3209 3467 haeretici
3236 3413 3440 3481 volunt,
3459 3416 3616 3471 deco-

349 3525 406 3572 ει
434 3517 652 3571 domn-ii
682 3516 755 3570 mi
785 3532 982 3572 nomen
1033 3517 1177 3586 quod
1203 3524 1286 3570 ρει
1310 3531 1471 3585 super
1504 3530 1666 3570 omne
1713 3529 1930 3580 nomen,
2034 3498 2246 3554 loratur
2290 3499 2542 3564 obscuro,
2572 3499 2617 3554 si
2648 3499 2739 3554 lux
2779 3501 3025 3557 veritatis
3072 3505 3174 3559 sub
3218 3505 3497 3560 mendacio
3521 3522 3618 3575 pu-

350 3609 566 3664 excellit
595 3609 806 3674 eadem,
839 3608 1189 3678 intelligimus
1242 3607 1518 3676 pertinere
1554 3604 1783 3659 formam
1813 3600 1936 3673 quas
2035 3599 2184 3645 ιειυτ
2249 3590 2471 3644 “iniisse
2533 3591 2946 3660 Pllamasmatis-
2989 3593 3106 3650 Non
3146 3611 3276 3666 ergo
3331 3597 3616 3667 quisquam

350 3700 569 3753 ditanda
599 3706 718 3753 erat
743 3706 906 3753 tanta:
935 3697 1341 3768 glorificationis
1388 3703 1696 3764 augmento.
1737 3695 1796 3748 in
1820 3695 1932 3748 for-

2033 3681 2136 3737 sibi
2180 3682 2604 3737 erubescendum
2648 3683 2920 3738 existimet
2967 3684 3306 3741 Christianus
3353 3688 3419 3742 de
3444 3690 3614 3743 nostri

352 3806 441 3845 ma
481 3789 680 3858 quippe
718 3787 815 3841 Dei
851 3785 1076 3857 aequalis
1103 3795 1221 3840 erat
1256 3785 1424 3840 Filius
1470 3785 1669 3852 Patris,
1697 3792 1753 3838 et
1795 3785 1936 3838 inter

2035 3770 2088 3825 in
2113 3770 2330 3826 Christo
2389 3771 2632 3842 corporis
2658 3773 2907 3841 veritate,
2949 3776 3077 3845 quia
3138 3791 3326 3832 omnes
3387 3781 3613 3848 apostoli

353 3878 670 3934 Genitorem
696 3885 858 3946 atque
892 3877 1241 3954 Upigenitum
1269 3875 1418 3930 nulla
1457 3883 1576 3931 erat
1605 3876 1659 3930 in
1701 3875 1934 3930 essentia

2033 3860 2504 3931 apostolorumque
2566 3860 2812 3931 discipuli
2849 3871 2904 3918 et
2946 3864 3195 3935 praeclari
3251 3865 3611 3922 Ecclesiarum

352 3968 631 4032 discretio,
664 3967 807 4022 nulla
834 3968 891 4022 in
929 3952 1214 4036 majestate
1252 3969 1557 4035 diversitas,
1586 3983 1688 4024 nec
1733 3983 1832 4039 per
1853 3968 1937 4023 in-

2032 3953 2230 4023 quique
2254 3952 2523 4021 doctores,
2565 3952 2656 4023 qui
2685 3955 2754 4010 ad
2799 3955 3048 4026 martyrii
3101 3971 3356 4013 coronam
3385 3958 3470 4014 vel
3492 3974 3616 4014 con-

353 4056 689 4112 carnationis
743 4056 1106 4112 ministerium
1150 4057 1350 4127 aliquid
1407 4037 1934 4113 decesseratiVerbo

2031 4043 2283 4100 fessionis
2346 4051 2662 4100 meruerunt
2712 4045 2942 4116 gloriam
3001 4047 3304 4116 pervenire,
3349 4049 3405 4102 in
3458 4037 3615 4118 hujus

354 4146 500 4216 quod
528 4146 622 4200 Dei
665 4144 843 4200 Patris
883 4161 1109 4201 munere
1157 4147 1492 4202 redderetur.
1530 4147 1724 4202 Forma
1755 4156 1934 4200 autem
2033 4137 2156 4192 ﬁdei
2182 4136 2385 4192 lumine
2432 4138 2837 4208 splenduerunt,
2887 4140 3142 4195 consonis
3171 4141 3370 4211 ubique
3399 4152 3616 4198 senten-

357 4237 520 4300 servi,
547 4251 646 4305 per
692 4251 855 4306 quam
910 4236 1260 4304 impassibilis
1306 4237 1480 4293 deitas
1534 4245 1934 4292 sacramentum
2033 4229 2123 4284 tiis
2153 4229 2480 4296 intonantes,
2535 4231 2678 4300 quod
2706 4231 2763 4286 in
2789 4232 3018 4287 Domino
3047 4231 3174 4287 Jesu
3203 4232 3420 4288 Christo
3446 4235 3616 4289 deita-

355 4343 564 4399 magna:
615 4328 832 4398 pietatis
884 4328 1144 4398 implevit,
1200 4330 1434 4384 humana
1500 4331 1780 4385 humilitas
1828 4339 1931 4396 εει,
2033 4323 2104 4378 tis
2125 4331 2181 4378 et
2209 4325 2391 4379 carnis
2417 4339 2521 4378 una
2552 4324 2621 4379 sit
2646 4324 2950 4380 conﬁtenda
2982 4340 3236 4394 persona.
3291 4326 3406 4392 Qua
3435 4336 3613 4383 autem

353 4433 478 4490 qua:
505 4419 560 4472 in
585 4418 753 4489 gloria
804 4419 999 4474 divinae
1046 4417 1330 4488 potestatis
1354 4430 1539 4476 evecta
1573 4429 1674 4487 est,
1711 4423 1784 4476 in
1815 4431 1933 4477 ian.
1957 4442 2011 4504 Β
2039 4413 2264 4467 rationis
2319 4413 2687 4478 similitudine,
2755 4430 2861 4484 qua
2927 4415 3230 4470 divinorum
3281 4417 3612 4472 voluminum

357 4517 471 4564 iam
498 4510 760 4565 unitaicm
784 4512 854 4566 ab
884 4511 1000 4581 ipso
1054 4520 1316 4582 conceptu
1365 4513 1603 4584 Virginis
1650 4515 1850 4569 agitate
1877 4503 1972 4568 cf
2038 4505 2285 4576 portione
2315 4505 2570 4559 haeretica
2624 4503 2872 4574 impietas
2902 4521 2960 4560 se
3023 4507 3298 4561 existimat
3347 4507 3613 4577 adjuvari,

356 4599 566 4654 unitate
607 4599 929 4667 confectam,
973 4609 1033 4655 ut
1061 4593 1161 4656 nec
1187 4603 1304 4658 sine
1356 4603 1573 4658 homine
1604 4603 1805 4669 divina,
1834 4619 1934 4658 nec
2037 4609 2158 4665 quae
2186 4592 2466 4646 νθτίιθίθηι
2515 4600 2678 4662 ηθῧθῑ
2717 4594 2961 4662 corporis
3005 4594 3255 4650 ChriSli?
3297 4594 3430 4652 Cum
3478 4598 3617 4653 hanc

359 4692 478 4747 sine
530 4692 643 4748 Deo
687 4701 976 4761 agerentur
1029 4695 1281 4748 humana.
1321 4694 1547 4763 Propter
1596 4697 1738 4766 quod
1795 4697 1934 4751 sicut

2039 4702 2145 4741 non
2176 4685 2263 4739 lex
2323 4682 2623 4746 testificari,
2686 4698 2796 4738 non
2839 4686 3099 4754 propheta
3162 4687 3476 4756 pmcinere,
3507 4704 3614 4742 non

361 4779 621 4835 Dominus
667 4780 966 4848 majestatis
1004 4781 1204 4837 dicitur
1247 4784 1553 4848 cruciﬁxus,
1602 4785 1674 4838 ita
1713 4786 1836 4854 quia
1865 4800 1932 4840 ex
2039 4777 2329 4848 Evangelia
2350 4776 2562 4842 docere,
2593 4791 2699 4831 non
2728 4775 2843 4845 ipse
2867 4776 3136 4833 destiterit
3164 4778 3412 4834 Christus
3435 4789 3618 4834 osten-

361 4871 789 4938 sempiternitate
827 4874 1046 4942 tequalis
1097 4881 1182 4928 est
1232 4875 1364 4940 Deo,
1394 4876 1593 4930 dicitur
1627 4878 1928 4932 exaltatus:
2041 4871 2205 4926 dere:
2247 4877 2494 4941 qumrant
2537 4884 2636 4939 per
2689 4884 2903 4926 omnem
2957 4871 3151 4926 seriem
3215 4872 3616 4944 Scripturarum

360 4961 487 5030 quia
519 4961 950 5030 inseparabiliter
976 4971 1228 5018 manente
1255 4964 1460 5019 unitate
1505 4981 1768 5034 personae,
1797 4984 1934 5023 unus
2037 4978 2144 5034 quo
2172 4963 2421 5017 tenebras
2466 4976 2594 5016 suas
2635 4959 2858 5032 fugiant,
2913 4978 3020 5017 non
3048 4979 3154 5032 quo
3202 4977 3387 5017 verum
3433 4963 3617 5019 lumen

359 5059 525 5120 atque
571 5053 712 5108 idem
759 5061 840 5108 est
876 5062 929 5109 et
958 5062 1100 5110 totus
1143 5055 1377 5110 hominis
1405 5056 1545 5112 filius
1574 5065 1790 5127 propter
1817 5073 1934 5112 car-
2039 5058 2352 5118 obscurent,
2393 5060 2448 5108 et
2474 5067 2570 5123 per
2598 5053 2778 5107 omnia
2807 5054 3000 5107 Schula
3032 5054 3107 5108 ita
3152 5053 3436 5109 veritatem
3467 5055 3616 5110 inve-

360 5155 506 5204 nem,
537 5149 592 5196 et
621 5148 768 5197 totus
813 5144 908 5198 Dei
937 5143 1105 5200 Filius
1141 5155 1363 5214 propter
1416 5161 1578 5201 unam
1623 5163 1746 5203 cum
1775 5148 1936 5204 Patre
2038 5145 2189 5200 nient
2252 5153 2649 5208 coruscantem,
2692 5151 2753 5196 ut
2800 5159 3051 5214 magnum
3104 5145 3207 5200 hoc
3254 5152 3309 5200 et
3367 5145 3615 5202 mirabile

357 5229 636 5286 deitatem.
679 5232 947 5303 Quidquid
974 5235 1117 5289 enim
1156 5236 1210 5290 in
1239 5251 1466 5307 corpore
1502 5240 1711 5308 accepit
1755 5236 1931 5304 Iesus,
2039 5244 2432 5294 sacramentum
2481 5237 2550 5292 ab
2595 5236 2747 5290 initio
2792 5236 3009 5292 videant
3035 5239 3316 5304 creditum,
3365 5239 3510 5310 quod
3533 5249 3618 5294 est

359 5325 655 5378 secundum
678 5322 949 5380 hominem
979 5326 1206 5395 accepit,
1243 5328 1437 5397 cuique
1465 5343 1571 5383 non
1591 5329 1780 5384 habuit
1806 5344 1936 5384 eon-
2039 5329 2093 5384 in
2123 5329 2230 5384 fine
2280 5327 2643 5400 completum:
2693 5329 2759 5385 de
2797 5345 2904 5400 quo
2950 5346 3071 5386 cum
3101 5341 3408 5389 sanctarum
3446 5333 3615 5390 Litte-

361 5410 645 5470 ferentem.
679 5413 868 5470 Omnia
933 5431 1053 5485 quae
1106 5417 1269 5472 habet
1315 5419 1494 5485 Pater,
1548 5420 1712 5475 etiam
1765 5419 1936 5476 Filius
2041 5435 2222 5475 rarum
2261 5419 2408 5473 nulla
2439 5434 2563 5490 pars
2610 5420 2791 5486 sileat,
2849 5419 3049 5477 sufficit
3092 5424 3337 5493 quaedam
3378 5440 3616 5482 consona

360 5503 545 5570 habet,
575 5514 631 5561 et
666 5522 786 5576 qua:
813 5506 866 5561 in
895 5505 1066 5574 forma
1100 5509 1241 5563 servi
1278 5524 1308 5563 a
1337 5508 1497 5564 Patre
1541 5511 1764 5582 accepit,
1788 5527 1936 5567 eam-
2038 5510 2290 5564 veritatis
2334 5509 2487 5580 signa
2532 5511 2791 5579 patuisse,
2837 5511 3037 5581 quibus
3090 5513 3363 5584 diligentia
3412 5515 3534 5570 fidei
3564 5517 3617 5568 in

363 5597 485 5654 dum
534 5595 763 5652 formam
808 5597 902 5652 Dei
958 5598 1121 5653 etiam
1171 5599 1284 5669 ipse
1335 5601 1573 5657 donavit.
1630 5602 1933 5659 Secundum
2039 5602 2527 5673 splendidissimam
2591 5601 2928 5658 latitudinem
2995 5603 3265 5675 diligatur,
3294 5616 3350 5662 et
3406 5607 3614 5661 sincera

364 5685 593 5742 formam
619 5688 764 5743 enim
806 5689 898 5744 Dei
927 5689 1039 5746 ipse
1066 5698 1120 5745 et
1147 5690 1306 5746 Pater
1331 5708 1496 5748 unum
1525 5703 1647 5749 sunt
1672 5712 1687 5758 ;
1736 5709 1932 5752 secun-
2041 5696 2406 5767 intelligentiae
2444 5695 2564 5752 luce
2591 5685 2884 5768 prosliiciat
2930 5701 3074 5770 quod
3105 5700 3158 5754 in
3194 5700 3327 5756 Filio
3357 5702 3478 5762 Dei,
3524 5700 3612 5770 qui
