3988 6174
409 311 519 377 879

1218 311 1623 380 ELIPANDUS,
1656 311 1886 375 rem,
1929 277 2274 370 IIETERIUS
2313 313 2399 370 ET
2439 316 2495 371 s.
2539 315 2828 375 BEATUS.

3553 307 3661 379 8’80

413 444 476 486 se
519 427 909 483 incessabiliter
958 417 1129 480 ﬁlium
1158 427 1389 481 hominis
1427 432 1483 481 et
1522 425 1794 480 hominem
1819 423 1984 494 proﬁ-
2008 428 2060 487 Α
2086 424 2290 480 tialiter
2352 427 2537 493 Deum,
2593 428 2661 484 de
2717 442 2827 498 quo
2878 429 2992 499 ipse
3042 428 3133 484 Dei
3187 428 3357 484 Filius
3402 446 3417 483 :
3458 428 3577 500 Ego
3610 440 3661 486 et

413 529 579 586 tetur,
623 535 733 575 non
757 519 829 573 sit
879 517 1203 574 Christianis
1236 518 1683 583 erubescendum,
1737 518 1833 572 sed
1860 531 1987 572 con-

413 612 744 669 stantissime
781 610 1140 680 gloriandum.

484 702 571 756 I6.
614 701 684 756 Ut
707 709 887 755 autem
929 702 1103 770 pietas
1154 710 1246 756 tua
1274 716 1398 757 cum
1445 697 1833 756 venerabilium
1884 696 1988 750 Pa-

412 798 556 846 trum
608 790 1080 859 praedicationibus
1131 807 1228 846 nos
1289 790 1620 845 concordare
1679 795 1987 860 cognoscat,

412 881 717 949 aliquantus
743 881 944 935 erroris
985 880 1281 935 sententias
1308 879 1435 933 huic
1471 878 1670 933 credidi
1701 875 1990 945 subjicien-

412 971 508 1025 das
534 985 653 1025 esse
676 970 931 1035 sermoni,
974 969 1030 1024 in
1060 969 1256 1039 quibus
1280 968 1325 1023 si
1355 967 1659 1037 dignaveris
1705 964 1990 1039 recensitis

407 1077 518 1118 non
548 1062 693 1117 aliud
725 1076 824 1116 nos
864 1060 1161 1131 prmdicare
1205 1059 1446 1129 reperies
1480 1057 1624 1128 quod
1678 1056 1852 1112 sancti
1886 1054 1989 1108 Pa-

408 1159 525 1208 tres
560 1167 658 1207 nos
698 1151 753 1205 in
801 1159 915 1206 toto
971 1151 1104 1206 orbe
1166 1149 1481 1213 docuerunt,
1544 1160 1881 1217 nequaquam
1920 1146 1990 1199 ab

413 1241 520 1298 illis
555 1242 658 1297 nisi
699 1241 841 1297 solos
885 1240 1079 1310 impios
1120 1238 1405 1295 haereticos
1442 1238 1768 1306 discrepare.
1810 1234 1915 1289 Sed
1935 1242 1990 1289 et

409 1333 542 1387 illud
578 1332 704 1388 huic
740 1331 890 1403 operi
920 1330 1268 1386 inserendum
1323 1328 1506 1398 putavi
1536 1327 1680 1396 quod
1709 1325 1989 1395 Scriptura

408 1423 591 1478 dicat:
631 1421 953 1476 Revelabunt
1020 1419 1133 1475 corli
1163 1420 1491 1491 iniquitatem
1548 1418 1684 1487 ejus,
1751 1425 1801 1469 et
1849 1424 1989 1469 terra

408 1521 679 1582 consurget
744 1511 1018 1565 adversum
1070 1526 1209 1563 eum.
1247 1508 1347 1576 Qui
1411 1517 1538 1562 sunt
1566 1507 1657 1561 isti
1698 1505 1840 1570 εαξη,
1884 1505 1989 1559 nisi

408 1600 483 1655 illi
512 1600 603 1670 qui
632 1614 755 1654 cum
793 1598 1013 1654 Christo
1051 1598 1119 1653 ad
1157 1597 1422 1667 judicium
1469 1596 1677 1652 venturi
1709 1602 1836 1648 sunt
1869 1612 1881 1646 :
1925 1594 1991 1648 de

408 1689 604 1757 quibus
630 1696 713 1743 est
751 1687 1100 1751 Ambrosius,
1139 1685 1491 1758 Augustinus,
1540 1686 1899 1755 Hieronymus
1937 1692 1990 1738 et

2092 515 2252 571 Pater
2277 533 2439 571 unum
2476 534 2675 572 sumus.
2729 519 3095 575 Reminiscere
3155 519 3321 575 debes
3346 519 3478 589 quid
3504 518 3661 576 Scri-

2089 613 2247 674 ptura
2296 607 2440 662 dicat
2479 625 2491 661 :
2536 607 2698 662 Testis
2747 608 2913 678 falsus
2964 625 3070 663 non
3115 609 3213 663 erit
3240 610 3529 679 impunitus
3548 625 3570 675 ;
3606 618 3662 665 et

2090 693 2261 749 illud:
2302 694 2615 750 Maledictus
2662 698 2817 752 homo
2848 698 2936 768 qui
2980 698 3037 751 in
3084 698 3239 752 corde
3288 714 3385 753 suo
3436 698 3662 767 fabricat

2090 785 2306 853 malum,
2353 796 2403 840 et
2431 788 2495 841 de
2518 788 2598 841 his
2636 786 2789 842 labiis
2818 790 2927 842 suis
2955 788 3075 858 ﬁcte
3121 786 3353 859 loquitur
3395 788 3617 858 paciﬁca
3641 805 3663 843 :

2093 874 2198 929 Sed
2213 875 2374 942 Deus,
2399 877 2488 948 qui
2509 877 2641 932 ridet
2666 879 2859 941 omnia,
2893 878 3068 933 reddet
3093 878 3174 932 illi
3196 879 3483 933 secundum
3505 895 3661 950 opera

2089 981 2205 1018 sua.
2245 964 2359 1035 Ego
2401 966 2618 1035 quidem
2669 982 2776 1020 non
2824 967 2992 1021 Deum
3031 966 3126 1021 Dei
3164 967 3361 1022 Filium
3410 975 3540 1023 ante
3564 983 3662 1022 sar

2088 1053 2210 1107 cula
2257 1068 2324 1107 ex
2366 1053 2525 1110 Patre
2554 1056 2814 1123 genitum,
2844 1070 2944 1125 per
2967 1071 3127 1127 quem
3173 1055 3317 1111 facta
3369 1064 3497 1111 sunt
3535 1057 3664 1111 visi-

2087 1142 2217 1197 bilia
2258 1150 2312 1198 et
2351 1143 2660 1211 invisibilia,
2693 1146 2957 1216 spiritalia
2992 1156 3152 1217 atque
3192 1163 3473 1217 corporea,
3502 1163 3662 1218 quem

2089 1239 2251 1294 credo
2278 1240 2563 1309 adoptione
2597 1257 2702 1298 non
2721 1257 2861 1308 esse,
2893 1243 2986 1299 sed
3006 1260 3220 1315 genere,
3260 1259 3437 1314 neque
3464 1246 3662 1315 gratia,

2089 1330 2183 1384 sed
2209 1338 2405 1385 natura
2443 1332 2610 1386 Deum
2642 1347 2765 1388 esse
2790 1334 3001 1404 negavi.

2160 1423 2246 1478 I8.
2289 1421 2395 1478 Sed
2442 1422 2598 1492 juxta
2635 1426 2779 1480 beati
2818 1426 3005 1481 lsidori
3063 1427 3404 1492 sententiam,
3456 1428 3549 1498 qui
3576 1428 3663 1484 di—

2090 1515 2164 1569 cit
2185 1517 2310 1585 quia
2340 1525 2464 1571 sunt
2511 1517 2754 1571 nonnulli
2793 1519 2882 1587 qui
2909 1517 2977 1572 de
3032 1517 3171 1574 Filio
3209 1520 3303 1574 Dei
3348 1534 3515 1589 prava
3540 1534 3664 1575 sen-

2091 1607 2247 1669 tiunt,
2271 1616 2324 1663 et
2358 1608 2500 1678 quod
2529 1609 2593 1665 de
2615 1610 2706 1665 illo
2732 1611 3023 1666 secundum
3046 1610 3437 1666 humanitatem
3460 1612 3661 1666 dictum

2089 1707 2192 1765 est,
2235 1700 2565 1754 transferunt
2599 1701 2666 1755 ad
2694 1700 3069 1765 divinitatem;
3111 1707 3164 1755 et
3193 1700 3336 1769 quod
3363 1699 3426 1755 de
3467 1701 3662 1755 divini-

408 1778 590 1834 cmteri
615 1793 752 1848 quos
778 1786 855 1844 tu,
882 1778 1094 1842 Albine,
1114 1776 1331 1841 relatas,
1358 1784 1412 1831 et
1442 1773 1984 1842 htereticosjudicas?
2016 1767 2061 1827 Β
2092 1795 2219 1855 tale,
2259 1796 2469 1844 mutam
2496 1788 2565 1844 ad
2602 1789 3007 1844 humanitatem,
3048 1767 3247 1844 Noae}
3272 1796 3447 1843 tamen
3490 1787 3663 1843 Julia.

407 1868 485 1925 De
512 1870 706 1939 quibus
730 1868 1012 1923 Psalmista
1042 1869 1117 1922 ait
1146 1887 1157 1921 :
1200 1866 1325 1922 Cati
1347 1877 1595 1921 enarrant
1624 1865 1843 1937 gloriam
1868 1865 1985 1919 Dei.

408 1958 541 2014 Item
579 1960 766 2013 beatus
790 1957 1123 2028 Augustinus
1154 1959 1207 2012 in
1237 1958 1461 2029 epistola
1507 1973 1601 2012 sua
1640 1958 1706 2011 ad
1728 1956 1989 2011 Evodium

415 2051 642 2116 directa,
671 2051 764 2105 ubi
793 2052 859 2107 de
896 2050 1161 2106 Trinitate
1226 2059 1281 2104 et
1331 2050 1612 2116 Columba,
1662 2050 1746 2104 vel
1776 2050 1841 2105 de
1892 2050 1989 2103 ad-

408 2140 623 2211 optione
670 2140 789 2195 Filii
848 2140 943 2194 Dei
995 2139 1277 2204 disseruit,
1347 2148 1469 2210 post
1529 2138 1683 2209 plura
1743 2138 1990 2206 superius

409 2232 552 2286 czlita
602 2232 680 2286 sic
718 2231 883 2286 dicit:
926 2231 1077 2285 Situt
1112 2230 1273 2285 Pater
1300 2230 1355 2283 in
1422 2244 1553 2284 voce
1616 2244 1720 2298 qua
1768 2227 1983 2281 sonuit:

411 2324 489 2377 Tu
518 2341 570 2378 es
609 2322 780 2378 Filius
809 2341 972 2388 meus,
1036 2331 1092 2379 et
1133 2322 1276 2378 ﬁlius
1321 2322 1375 2376 in
1403 2322 1618 2377 homine
1682 2322 1984 2390 adoptivus,

408 2432 567 2485 quem
620 2418 856 2486 suscepit
877 2432 944 2472 ex
993 2416 1234 2487 Virgine,
1284 2424 1340 2470 et
1388 2414 1622 2486 Spiritus
1667 2423 1887 2469 sanctus
1932 2415 1988 2468 in

408 2507 666 2563 columba:
703 2507 881 2577 specie
924 2506 1212 2577 corporali.
1252 2505 1382 2560 Item
1422 2515 1543 2576 post
1571 2506 1783 2576 aliqua,
1813 2503 1988 2574 Atque

409 2598 481 2650 ita
513 2606 565 2651 ct
594 2597 735 2652 ﬁlius
764 2598 858 2652 Dei
896 2598 1055 2652 simul
1100 2613 1223 2652 cum
1270 2598 1487 2652 homine
1533 2598 1814 2667 adoptivus
1861 2597 1989 2651 dici-

410 2694 516 2750 tur,
556 2693 612 2740 et
649 2686 790 2740 ﬁlius
843 2685 1076 2740 hominis
1114 2686 1397 2756 adoptivus
1446 2686 1605 2741 simul
1657 2700 1779 2740 cum
1811 2685 1987 2740 Verbo

407 2776 624 2833 dicitur.
660 2777 793 2831 Item
850 2784 970 2846 post
997 2777 1212 2848 aliqua:
1254 2778 1405 2834 Unde
1444 2778 1587 2832 ﬁlius
1652 2778 1745 2832 Dei
1777 2778 1984 2831 incom-

408 2866 685 2922 mutabilis
722 2876 805 2921 est
844 2878 1006 2938 atque
1044 2877 1342 2925 comternus
1392 2868 1559 2933 Patri,
1610 2870 1702 2923 sed
1725 2868 1779 2920 in
1808 2868 1984 2922 Verbo

408 2959 558 3027 solo;
598 2967 652 3015 et
689 2976 882 3032 passus
925 2970 1008 3016 est
1041 2962 1211 3017 Filius
1255 2963 1369 3027 Dei,
1418 2962 1510 3017 sed
1552 2961 1606 3015 in
1638 2961 1855 3016 homine
1891 2961 1984 3015 ad-

406 3054 587 3124 optivo
618 3053 766 3119 solo;
804 3064 858 3108 et
880 3055 1121 3124 sepultus
1147 3064 1229 3110 est
1257 3054 1425 3109 Filius
1455 3055 1569 3120 Dei,
1617 3055 1710 3110 sed
1738 3054 1792 3108 in
1818 3069 1982 3110 carne

406 3147 653 3218 adoptiva
677 3147 812 3203 sola.
850 3148 1083 3203 Proinde
1111 3163 1231 3216 qua:
1285 3147 1350 3201 de
1390 3146 1527 3201 Filio
1570 3145 1665 3201 Dei
1696 3148 1859 3201 verba
1896 3145 1981 3200 di-

405 3247 602 3294 cuntur
624 3237 913 3294 videndum
942 3245 1025 3293 est
1053 3238 1347 3292 secundum
1396 3236 1527 3307 quid
1556 3237 1823 3292 dicantur.
1866 3234 1983 3291 Non

403 3329 547 3386 enim
580 3330 796 3386 homine
844 3337 1137 3398 assumpto,
1198 3328 1276 3382 vel
1317 3328 1589 3398 adaptivo,
1628 3343 1985 3399 personarum

404 3436 662 3478 numerus
689 3428 882 3476 auctus
907 3426 1010 3483 est,
1063 3419 1157 3474 sed
1207 3418 1397 3473 eadem
1464 3418 1703 3473 Trinitas
1762 3417 1982 3472 mansit.

406 3513 539 3568 Nam
566 3514 705 3569 sicut
734 3512 788 3566 in
813 3511 1030 3567 homine
1092 3509 1331 3581 quolibet
1394 3520 1591 3580 prmter
1622 3525 1787 3565 unum
1835 3509 1985 3564 illum

405 3607 495 3675 qui
556 3604 902 3676 singulariter
961 3612 1246 3674 susceptus
1300 3613 1404 3669 est,
1462 3604 1641 3658 anima
1678 3611 1735 3659 et
1789 3617 1986 3671 corpus

407 3711 509 3750 una
537 3710 766 3764 persona
793 3703 896 3760 est,
946 3693 1022 3749 ita
1072 3693 1126 3748 in
1175 3692 1392 3750 Christo
1438 3693 1670 3749 Verbum
1727 3701 1782 3748 et
1825 3693 1987 3747 homo

407 3786 690 3854 adoptivus
734 3801 835 3842 una
879 3801 1120 3856 persona
1173 3794 1274 3840 est.
1312 3784 1445 3838 Item
1491 3793 1613 3854 post
1652 3784 1866 3855 aliqua:
1908 3784 1985 3838 Ita

408 3875 657 3929 Christus
712 3875 808 3929 Dei
854 3875 1024 3930 Filius
1096 3877 1360 3932 Dominus
1422 3876 1623 3945 gloria},
1680 3877 1804 3931 etsi
1856 3877 1987 3947 quid

409 3964 715 4033 huiusmodi
767 3966 1063 4020 secundum
1118 3967 1354 4022 Verbum
1412 3966 1630 4032 dicitur,
1687 3974 1741 4021 et
1803 3977 1987 4023 tamen

411 4058 556 4111 recte
598 4055 794 4110 dicitur
839 4056 1093 4113 Dominus
1140 4056 1323 4127 gloriae
1370 4055 1680 4123 cruciﬁxus,
1724 4074 1845 4112 cum
1883 4059 1989 4115 hoc

409 4164 532 4205 cum
588 4146 882 4204 secundum
943 4161 1162 4203 carnem
1213 4148 1515 4218 adoptivum
1568 4164 1785 4219 passum
1843 4165 1875 4206 e
1905 4165 1982 4216 se,

409 4256 516 4298 non
557 4240 848 4297 secundum
885 4238 1013 4293 illud
1062 4240 1205 4310 quod
1255 4240 1514 4296 Dominus
1540 4239 1722 4311 gloria:
1774 4242 1987 4297 est.-Et

410 4339 531 4404 post
557 4345 748 4401 pauca,
800 4329 1036 4399 Spiritus
1073 4338 1290 4386 sanctus
1321 4331 1519 4386 dicitur
1545 4331 1812 4400 corporali
1860 4346 1985 4402 spe-

409 4420 493 4477 cie
519 4427 774 4490 tanquam
804 4418 1052 4475 columba
1095 4418 1435 4475 descendisse
1458 4428 1513 4475 et
1540 4421 1804 4476 mansisse
1825 4436 1987 4491 super
2011 4447 2063 4505 υ

409 4524 554 4565 eum.
598 4509 689 4566 Sic
733 4509 877 4564 enim
905 4516 960 4563 et
1006 4508 1165 4564 Petra
1230 4510 1499 4575 Christus,
1540 4512 1666 4581 quia
1714 4512 1985 4582 signiﬁca-

346 4588 503 4656 iIbat
544 4598 820 4654 Christum
875 4599 1207 4673 adoptivum,
1259 4600 1390 4655 Item
1437 4611 1559 4672 post
1594 4602 1809 4672 aliqua:
1862 4603 1987 4659 Haec

412 4689 508 4746 tibi
558 4689 624 4745 de
649 4688 857 4743 duabus
903 4690 1289 4759 quaestionibus
1320 4691 1446 4756 tuis,
1499 4692 1601 4746 hoc
1653 4700 1735 4746 est
1771 4692 1836 4747 de
1863 4691 1986 4746 Tri-

412 4780 584 4834 nitate
616 4785 671 4832 et
711 4778 991 4844 Columba,
1022 4779 1075 4832 in
1104 4794 1208 4849 qua
1240 4779 1485 4849 Spiritus
1510 4789 1733 4836 sanctus
1761 4797 1867 4836 non
1890 4798 1986 4837 sua

411 4880 604 4927 natura
634 4876 687 4924 et
722 4868 1075 4939 signiﬁcativa
1121 4870 1299 4938 specie
1335 4871 1733 4927 demonstratus
1754 4882 1857 4938 est,
1884 4873 1988 4930 sic-

412 4965 553 5014 utet
589 4956 759 5011 Filius
810 4956 902 5011 Dei
932 4972 1038 5012 non
1086 4971 1180 5010 sua
1221 4959 1506 5013 nativitate
1533 4959 1598 5013 de
1636 4958 1798 5014 Patre
1817 4960 1982 5016 dicit:

414 5047 525 5118 Ego
559 5062 624 5100 ea:
651 5056 793 5100 utero
822 5056 940 5100 ante
967 5044 1244 5115 luciferum
1285 5047 1439 5117 genui
1462 5056 1530 5113 te,
1577 5048 1670 5104 sed
1699 5048 1753 5103 in
1774 5051 1990 5106 homine

412 5137 662 5208 adoptivo
698 5153 765 5192 ex
804 5144 959 5193 utero
1014 5136 1251 5209 Virginis
1285 5147 1442 5193 natus
1488 5153 1518 5192 a
1565 5135 1764 5195 Judzcis
1816 5141 1992 5197 cruci-

413 5228 556 5285 ﬁxus
591 5237 696 5284 est.

487 5321 574 5376 17.
616 5321 711 5378 llis
735 5336 877 5392 serpe
919 5321 1078 5377 dictis
1100 5338 1221 5378 cum
1277 5322 1555 5392 epistolam
1596 5332 1743 5378 tuam
1796 5324 1990 5379 iterum

413 5422 576 5483 atque
606 5413 801 5468 iterum
856 5412 1174 5484 sacrilegam
1202 5412 1383 5468 lethali
1428 5429 1634 5470 veneno
1655 5424 1988 5483 corruptam,

416 5513 579 5575 atque
641 5505 955 5575 ignorantiae
997 5504 1224 5576 caligine
1274 5505 1613 5561 tenebrosam
1664 5505 1990 5577 relegissem,

417 5595 594 5664 reperi
643 5578 839 5651 ibidem
867 5596 1010 5665 quod
1061 5611 1159 5651 nos
1198 5595 1484 5651 Dominum
1546 5580 1643 5651 Dei
1692 5595 1886 5652 Filium
1925 5614 1993 5653 ex

418 5688 640 5759 Virgine
663 5696 845 5743 natum
890 5703 1210 5759 negaremus
1258 5703 1594 5758 nequaquam
1645 5705 1764 5747 esse
1811 5706 1995 5748 essen-

2009 3103 2057 3165 C

2091 1896 2193 1935 nus
2224 1880 2372 1946 dicit,
2406 1880 2577 1936 Homo
2605 1881 2916 1936 Dominicus
2959 1892 3015 1936 et
3043 1881 3369 1935 humanatus
3394 1881 3553 1935 Deus.

2162 1972 2248 2027 l9.
2290 1971 2453 2027 Multa
2482 1972 2696 2041 quidem
2734 1972 2911 2027 adhuc
2963 1980 3119 2027 erant
3144 1972 3271 2027 huic
3326 1971 3478 2042 operi
3523 1971 3667 2026 inse-

2090 2066 2275 2129 renda,
2331 2066 2423 2121 sed
2447 2081 2624 2120 sermo
2685 2066 2898 2121 divinus
2951 2080 3050 2120 nos
3108 2065 3375 2135 prohibet,
3438 2065 3663 2120 dicens:

2089 2156 2347 2227 Linguam
2387 2166 2531 2210 tuam
2568 2156 2835 2211 adlucrere
2882 2155 3077 2225 faciam
3104 2155 3281 2227 palato
3328 2165 3439 2221 tuo,
3468 2164 3517 2209 et
3560 2157 3669 2210 eris

2088 2259 2280 2313 mutus,
2314 2267 2375 2304 ne
2403 2249 2553 2321 quasi
2582 2250 2659 2303 vir
2694 2247 3000 2318 objurgans,
3051 2249 3176 2319 quia
3217 2246 3404 2301 domus
3448 2263 3668 2317 exaspe-

2089 2357 2213 2394 rans
2261 2348 2356 2393 est.
2397 2339 2599 2395 Idcirco
2629 2354 2708 2393 vae
2759 2338 2877 2405 tibi,
2924 2338 3162 2402 Austris,
3201 2353 3281 2392 va:
3312 2338 3406 2392 tibi
3432 2336 3666 2393 Alexan-

2088 2430 2226 2495 dria,
2266 2446 2385 2500 qua:
2414 2446 2609 2485 novum
2640 2430 2847 2495 Arium,
2896 2429 2948 2483 id
2976 2438 3059 2485 cst
3104 2428 3378 2495 Albinum,
3428 2429 3663 2500 genuisti

2090 2520 2328 2583 tempore
2361 2514 2577 2585 gloriosi
2606 2515 2885 2585 principis,
2912 2514 2980 2569 ad
3006 2513 3352 2569 evertendam
3388 2521 3444 2569 et
3469 2514 3665 2570 obscu-

2088 2606 2310 2660 randam
2364 2604 2524 2661 ﬁdem
2567 2606 2907 2661 catholicam.
2944 2604 3025 2660 Ad
3061 2605 3311 2660 ultimum
3360 2607 3486 2662 audi
3534 2606 3665 2660 bea~

2088 2704 2200 2750 tum
2230 2696 2557 2767 Cyprianum
2620 2697 2832 2752 cuidam
2895 2696 3149 2752 hazretico
3188 2697 3442 2751 scribenti
3477 2697 3547 2750 ita
3577 2696 3663 2751 di—

2087 2795 2296 2844 contem
2346 2802 2362 2840 :
2417 2787 2595 2842 Habes
2657 2795 2715 2840 tu
2754 2787 2961 2841 litteras
3022 2802 3190 2850 meas,
3241 2797 3295 2841 et
3354 2801 3454 2856 ego
3517 2796 3661 2851 tuas,

2085 2888 2328 2949 utrmque
2387 2879 2758 2934 recitabantur
2812 2879 2865 2932 in
2907 2888 3197 2948 conspectu
3259 2878 3491 2933 Domini.
3553 2878 3665 2933 Me-

2086 2979 2268 3026 mento
2295 2970 2488 3023 iterum
2517 2968 2899 3040 evangelistam
2938 2968 3179 3024 dixisse:
3215 2966 3374 3022 Hulti
3401 2983 3468 3023 ea:
3503 2968 3665 3022 disci-

2086 3061 2223 3132 pulis
2253 3061 2367 3131 ejus
2395 3060 2634 3114 abierunt
2683 3070 2837 3114 retro.
2878 3059 2944 3114 Et
2972 3060 3063 3114 ubi
3094 3060 3385 3115 abierunt?
3419 3060 3665 3129 Respon-

2087 3151 2212 3206 deat
2250 3151 2345 3206 tibi
2383 3151 2572 3205 beatus
2607 3148 2899 3220 Gregorius
2949 3150 3170 3205 dicens:
3210 3149 3340 3204 Post
3379 3149 3658 3204 Satanam.

2086 3242 2154 3295 Et
2181 3241 2378 3295 iterum
2406 3240 2639 3304 cuidam,
2677 3254 2799 3294 cum
2827 3238 3051 3293 Domino
3101 3239 3305 3293 diceret
3328 3253 3347 3292 :
3384 3238 3661 3309 Magister,

2085 3347 2274 3403 sequar
2318 3341 2366 3384 te
2408 3346 2714 3401 quocunque
2747 3330 2872 3383 ieris
2900 3345 2920 3383 :
2958 3328 3051 3384 Ille
3096 3330 3371 3399 respondit
3413 3347 3426 3382 :
3476 3328 3665 3401 Vulpes

2086 3421 2261 3491 foveas
2306 3419 2516 3486 habent,
2556 3428 2604 3473 et
2651 3418 2883 3473 volucres
2928 3418 3041 3474 caeli
3075 3420 3226 3474 nidos
3256 3437 3276 3474 :
3312 3419 3457 3489 ﬁlius
3487 3431 3663 3474 autem

2085 3510 2311 3564 hominis
2349 3525 2455 3563 non
2495 3508 2648 3562 habet
2678 3508 2765 3562 ubi
2803 3517 2957 3579 caput
3004 3508 3234 3573 reclinet,
3264 3517 3317 3564 et
3355 3510 3494 3564 sicut
3522 3518 3576 3564 et
3608 3511 3665 3565 in

2085 3606 2160 3665 te,
2210 3600 2257 3654 si
2286 3599 2389 3654 ista
2419 3598 2512 3654 tibi
2550 3612 2715 3667 parva
2739 3613 2846 3653 non
2872 3598 3165 3664 sufﬁciunt,
3218 3613 3320 3653 nec
3352 3600 3518 3654 multa
3540 3617 3659 3671 pro-

2086 3691 2300 3746 derunt.

2157 3782 2438 3837 Proximus
2485 3781 2574 3836 ille
2614 3782 2724 3837 Deo
2775 3792 2869 3848 est,
2919 3786 3008 3852 qui
3067 3791 3163 3837 seu
3223 3784 3425 3835 ratione
3469 3792 3661 3836 tacere.

2086 3871 2237 3939 Quod
2266 3875 2399 3927 duro
2446 3886 2696 3926 sermone
2730 3872 2827 3927 tibi
2867 3872 3133 3927 interdum
3179 3872 3512 3941 scripsimus,
3560 3873 3665 3925 Do-

2086 3961 2470 4030 minojubente
2503 3977 2600 4032 per
2648 3962 2884 4033 Moysem
2924 3964 3026 4020 hoc
3059 3961 3305 4027 fecimus,
3346 3963 3440 4032 qui
3478 3964 3611 4017 dicit
3648 3980 3664 4016 :

2087 4051 2212 4106 Non
2239 4068 2427 4124 coques
2454 4053 2663 4107 ha'dum
2686 4054 2741 4107 in
2762 4052 2895 4107 lacte
2921 4055 3108 4108 matris
3134 4069 3265 4108 sua.

2153 4146 2244 4202 20.
2278 4147 2680 4218 Suggerendum
2711 4155 2793 4203 est
2824 4147 3017 4203 iterum
3055 4148 3291 4218 glorioso
3332 4147 3584 4217 principi,
3607 4156 3665 4201 ut

2086 4238 2335 4295 mitescat
2391 4238 2687 4309 indignatio
2732 4237 2849 4307 ejus
2892 4253 3048 4293 servo
3083 4253 3181 4293 suo
3226 4237 3410 4301 Felici,
3461 4248 3518 4292 et
3561 4253 3666 4292 non

2087 4329 2326 4398 requirat
2357 4328 2614 4383 Dominus
2665 4329 2979 4398 sanguinem
3025 4327 3143 4395 ejus
3190 4328 3256 4383 de
3293 4343 3457 4382 manu
3498 4328 3667 4381 illius.

2087 4419 2220 4473 Nam
2249 4433 2346 4489 pro
2390 4426 2539 4473 certo
2587 4417 2721 4472 sciat
2774 4417 2901 4486 quia
2945 4417 2990 4472 si
3036 4417 3475 4486 prmdicationem
3524 4416 3673 4471 illius

2089 4511 2367 4579 spreverit,
2396 4518 2451 4564 et
2473 4509 2653 4564 Albini
2700 4507 3120 4573 conﬁrmaverit,
3160 4521 3284 4562 cum
3311 4506 3672 4562 Constantino

2089 4599 2411 4669 imperatore
2439 4599 2659 4655 habebit
2685 4607 2913 4670 partem,
2943 4596 3085 4666 quod
3129 4597 3272 4652 Deus
3298 4611 3410 4654 non
3436 4597 3671 4667 permit-

2088 4696 2185 4743 tat.
2217 4687 2385 4754 Quem
2413 4689 2602 4745 beatus
2639 4688 2875 4744 Isidorus
2904 4685 3061 4743 deﬂet
3097 4687 3283 4742 dicens
3305 4677 3499 4742 :Tleu!
3530 4687 3672 4757 proh

2089 4779 2266 4835 dolor!
2303 4779 2568 4848 principio
2588 4779 2749 4842 bono,
2780 4778 2885 4833 ﬁne
2911 4778 3072 4833 male.

2378 4876 2383 4880 ’
2661 4887 2991 4944 EPISTOLA
3015 4889 3093 4944 'V.

2420 4978 2487 5015 AD
2525 4974 2749 5015 FEIJCEI
2788 4974 2958 5013 NUPER
2995 4973 3324 5013 CONVEBSUI.

2162 5049 2214 5102 i.
2241 5046 2467 5104 Domino
2489 5048 2664 5103 Felice
2689 5060 2704 5100 :
2735 5046 2938 5102 sciente
2957 5060 3051 5101 vos
3076 5047 3258 5112 reddo,
3280 5048 3406 5116 quia
3436 5058 3671 5104 exeunte

2088 5140 2231 5196 Julio
2258 5149 2439 5196 vestro
2468 5141 2667 5210 scripto
2691 5139 2896 5208 accepi,
2924 5145 2978 5193 et
2998 5147 3227 5194 exeunte
3247 5138 3495 5209 Augusto
3513 5141 3671 5195 vobis

2091 5232 2219 5286 item
2257 5231 2467 5299 scripsi.
2503 5229 2609 5285 Sed
2646 5229 2927 5283 eveniente
2966 5227 3251 5282 occasione
3277 5227 3346 5283 ad
3384 5229 3490 5284 isto
3530 5245 3671 5299 prm-

2091 5332 2243 5393 sente
2288 5322 2409 5393 igne
2454 5327 2829 5389 consumptum
2867 5325 2967 5382 est,
2997 5324 3053 5373 et
3075 5317 3287 5372 rediens
3314 5319 3384 5371 ad
3414 5333 3505 5372 me
3530 5332 3673 5386 pene

2090 5414 2158 5468 ad
2203 5412 2559 5482 quadraginta
2615 5410 2731 5465 dies
2773 5409 2946 5465 denuo
2987 5407 3253 5477 assumpsi
3298 5407 3559 5472 laborem,
3611 5417 3674 5463 et

2092 5504 2282 5575 scripsi
2308 5504 2376 5559 ad
2402 5504 2517 5573 ipso
2540 5502 2795 5558 hmretico
2816 5501 2969 5571 piceo
2991 5498 3204 5565 Albino,
3230 5507 3490 5568 quantum
3514 5500 3670 5569 potui

2092 5611 2189 5667 pro
2213 5611 2309 5650 sua
2332 5594 2650 5652 confusione
2678 5593 2933 5649 scribere.
2961 5591 3041 5646 Tu
3075 5605 3203 5646 vero
3234 5590 3481 5660 exempla
3512 5587 3669 5653 illud,

2092 5697 2147 5744 et
2171 5688 2250 5744 sic
2277 5687 2407 5743 illud
2434 5685 2627 5756 dirige.
2658 5684 2812 5742 Modo
2846 5693 3024 5739 tamen
3051 5695 3299 5754 egressus
3331 5688 3408 5737 est
3442 5680 3511 5736 de
3530 5679 3676 5734 mele
