4028 6176
396 331 498 387 881

363 539 543 599 ,ριιιιη
570 547 798 601 parvum
842 537 910 593 de
947 536 1115 594 fratre
1153 540 1412 608 Militane,
1444 547 1536 615 qui
1578 557 1726 604 recta
1756 553 1823 607 de
1863 554 1972 610 Dco

390 622 578 676 sentit.
603 622 740 677 Nam
765 633 821 680 et
846 636 1078 696 quatuor
1106 632 1236 686 mihi
1264 638 1647 703 quaterniones
1675 640 1968 711 direxerat,

388 714 733 783 quos'direxi
756 725 945 773 contra
991 720 1106 790 ipso
1140 723 1613 797 PseudOpropheta
1652 731 1972 792 fetidissimo

390 801 447 857 in
476 801 658 858 Beato.
683 803 931 861 Certiﬁca
960 824 1046 864 me
1070 810 1164 879 qui
1190 821 1273 867 est
1296 816 1507 883 positus
1546 820 1600 874 in
1630 822 1823 879 Roma.
1847 826 1972 897 Epi-

389 890 585 947 stolam
608 900 841 948 vestram
864 895 1076 954 coalitus
1096 904 1547 969 quemadmodum
1568 912 1701 967 mihi
1727 890 1969 985 illapsam

388 987 621 1036 exeunte
646 980 786 1037 Iulio
824 987 1026 1056 accepi,
1058 999 1112 1043 et
1138 990 1250 1047 Deo
1276 1009 1396 1051 meo
1424 998 1568 1055 ulnis
1608 980 1846 1067 extensis
1872 1007 1972 1062 im-

389 1085 607 1126 mensas
630 1073 831 1143 gratias
855 1078 960 1145 egi,
1002 1080 1093 1147 qui
1142 1096 1229 1136 mc
1272 1081 1402 1140 fecit
1430 1088 1538 1144 tuis
1572 1090 1801 1163 eloquiis
1846 1112 1971 1153 con-

388 1159 559 1216 laatari
584 1161 726 1217 inter
746 1164 858 1234 ipsa
876 1169 1192 1236 quotidiana
1231 1173 1508 1243 dispendia
1531 1159 1735 1250 mundi,
1774 1187 1969 1255 quibus

389 1251 670 1318 duramus,
692 1254 873 1323 potius
898 1273 1062 1327 quam
1085 1260 1334 1319 vivimus.

460 1342 515 1396 Ξ.
544 1342 651 1399 Sed
700 1347 981 1417 epistolam
1025 1350 1402 1413 fetidissimam
1454 1362 1521 1417 de
1572 1362 1682 1420 ﬁlio
1710 1368 1970 1437 gehennae

348 1421 355 1425 ’
387 1435 531 1506 ignis
556 1435 770 1505 Albino,
803 1455 944 1496 novo
980 1442 1110 1500 Ario
1152 1445 1207 1501 in
1237 1446 1434 1507 ﬁnibus
1468 1421 1971 1531 Λυδὴ-ἰωνιεᾶὦῶ

385 1528 606 1598 gloriosi
636 1530 897 1601 principis
937 1544 1148 1602 exorto,
1178 1554 1286 1594 non
1322 1540 1521 1599 Christi
1561 1528 1857 1619 discipulo,
1873 1555 1970 1611 sed

385 1617 532 1674 illius
555 1620 647 1689 qui
673 1621 828 1686 dixit,
863 1622 1069 1679 Ponam
1106 1629 1277 1683 sedem
1315 1649 1484 1688 meam
1514 1636 1578 1691 ab
1616 1617 1887 1711 Aquilone,
1920 1655 1970 1700 et

382 1723 475 1761 ero
504 1708 689 1764 similis
716 1710 1003 1770 Altissimo.
1033 1715 1108 1771 De
1136 1734 1244 1788 quo
1269 1722 1527 1791 scriptum
1550 1735 1631 1782 est
1663 1708 1683 1783 ξ
1708 1729 1794 1786 Ea:
1822 1734 1969 1790 nobis

382 1799 709 1869 prodierunt,
730 1794 832 1856 sed
858 1821 961 1859 non
988 1821 1135 1861 erant
1186 1827 1251 1865 ea;
1288 1813 1465 1870 nobis.
1507 1817 1650 1875 Nam
1674 1824 1720 1878 si
1747 1826 1967 1895 fuissent
2002 1822 2044 1882 Β

384 1904 452 1961 ea;
470 1895 637 1955 nobis,
650 1895 1053 1961 permansissent
1080 1899 1255 1969 utique
1278 1904 1563 1961 nobiscum.
1583 1910 1783 1969 Contra
1802 1932 1965 1992 quem

342 1982 343 1985 “
383 1992 545 2053 prout
574 1987 715 2042 volui
745 1990 1066 2061 rescriptum
1104 1998 1331 2067 reddidi,
1359 2013 1414 2058 et
1438 2016 1747 2066 sanctorum
1772 1982 1964 2071 oitho-

386 2074 650 2130 doxorum
688 2087 849 2149 atque
899 2083 1284 2144 catholicorum
1332 2099 1613 2154 sententiis
1656 2104 1962 2174 astipulavi.

386 2164 502 2224 Tua
536 2181 666 2230 vero
694 2180 955 2237 sanctitas
982 2184 1209 2245 viriliter
1237 2201 1376 2265 agat,
1409 2208 1464 2252 et
1510 2164 1846 2250 ωηΐονιθίυιε
1871 2214 1967 2254 601‘

383 2266 536 2316 tuum
563 2266 914 2328 reminiscens
942 2276 1072 2344 quid
1122 2278 1238 2349 ipse
1276 2284 1534 2345 Dominus
1573 2291 1717 2347 dicai
1756 2302 1769 2337 ε
1816 2286 1964 2343 Βεαῐὶ

381 2367 471 2420 (μη
501 2359 906 2422 persecutionem
939 2367 1211 2437 patiuntur
1253 2385 1465 2446 propter
1499 2379 1785 2450 justitiam,
1835 2399 1970 2454 quo-

382 2441 525 2495 niam
554 2445 786 2515 ipsorum
812 2462 885 2505 est
915 2470 1126 2527 regnum
1154 2441 1419 2519 ctelorum.
1548 2470 1745 2527 iterum
1774 2493 1787 2528 :
1824 2441 1963 2531 ἐσσε

379 2544 473 2598 ego
512 2533 660 2589 mitto
698 2553 785 2593 vos
831 2542 964 2597 sicut
1012 2563 1127 2602 oves
1172 2551 1225 2604 in
1271 2554 1442 2610 medio
1489 2556 1749 2629 luporum.
1780 2564 1963 2620 Estote

378 2633 501 2719 ergo
528 2624 808 2690 prudentes
858 2632 988 2688 sicut
1029 2651 1306 2709 serpentes,
1352 2654 1401 2699 et
1438 2624 1696 2719 simplices
1720 2668 1852 2710 sicut
1875 2674 1961 2711 co-

380 2705 591 2765 lumba’.
624 2712 807 2773 Cavete
850 2739 972 2794 ergo
1006 2728 1070 2782 ab
1098 2705 1415 2790 hominibus.
1450 2705 1679 2796 Tradent
1705 2747 1844 2799 enim
1874 2765 1959 2803 vos

376 2796 433 2850 in
457 2801 713 2899 concitis,
742 2817 787 2862 et
815 2818 1093 2887 synagogis
1128 2821 1240 2876 suis
1279 2824 1619 2896 ﬂagellabant
1665 2796 1960 2899 vos—,wet

375 2890 623 2984 prmities
644 2904 692 2949 et
716 2914 858 2968 reges
880 2902 1144 2963 ducemini
1168 2923 1378 2984 propter
1402 2934 1482 2973 me
1514 2921 1569 2974 in
1605 2925 1958 2983 testimonium

377 2972 485 3030 illis
513 2987 563 3032 et
589 2985 847 3051 gentibus.

448 3070 656 3169 3.__Ego
684 3093 813 3140 vero
840 3084 1013 3144 direxi
1046 3093 1327 3163 epistolam
1353 3108 1500 3158 tuam
1548 3106 1617 3161 ad
1656 3107 1957 3169 Cordobam

378 3159 635 3262 fratribus
664 3176 756 3245 qui
792 3177 859 3234 de
882 3181 991 3238 Deo
1018 3159 1165 3242 recta
1212 3192 1468 3262 sentiunt,
1516 3206 1571 3253 et
1592 3159 1957 3262 Quid;
1985 3172 2031 3234 Ο

375 3257 707 3368 Ἐρεῗτξιηι
735 3284 855 3368 quae
884 3272 937 3368 in
964 3283 1057 3368 tuo
1088 3279 1365 3349 adjutorio
1387 3257 1676 3347 debueram
1707 3294 1958 3368 dirigere.

376 3340 486 3399 Sed
512 3349 580 3404 ad
606 3351 721 3423 ipso
744 3340 1171 3423 ltaaresiarcbam'
1180 3369 1361 3429 Albini
1388 3340 1647 3447 magistro
1666 3340 1962 3441 Antifzasio

1570 349 1946 408 CONFESSIO
1982 352 2159 412 FIDE]
2194 358 2482 417 FELICIS.

390 440 552 497 Iunio
598 441 957 502 Kalendarum
1005 448 1389 509 Novembrium
1427 454 1599 513 direxi
1641 461 1792 516 vobis
1840 465 1975 519 scri-
2002 481 2047 531 Α
2078 468 2241 524 Beato
2292 471 2461 526 direxi
2512 474 2817 545 relegenda.

3561 389 3665 442 882

2871 480 2951 535 Tu
3000 498 3127 539 vero
3179 487 3359 559 dirige
3406 493 3665 562 scriptum

2073 557 2204 614 illud
2222 574 2320 629 pro
2349 571 2444 617 tuo
2474 563 2629 620 ﬁdele
2656 566 2890 637 glorioso
2919 572 3222 643 principali,
3249 557 3537 650 antequam
3579 600 3658 639 ve-

2072 651 2185 704 niat
2206 652 2275 706 ad
2298 652 2414 722 ipso
2440 654 2551 711 ﬁlio
2573 660 2763 715 mortis
2790 658 2999 728 Albino,
3034 668 3125 734 qui
3152 683 3256 723 non
3284 674 3454 727 credit
3482 680 3664 732 carnis

2073 741 2416 811 adoptionem
2444 747 2499 800 in
2530 747 2669 804 Filio
2704 752 2820 817 Dei,
2850 770 3011 822 quem
3042 761 3213 814 sancti
3243 761 3435 819 Patres
3480 775 3533 821 et
3562 783 3663 825 nos

2073 830 2172 899 ipsi
2202 834 2471 891 credimus
2498 838 2551 892 in
2578 838 2689 893 sola
2719 840 2892 898 forma
2930 848 3209 906 servitutis
3250 853 3517 921 humanae,
3552 874 3660 915 non

2071 921 2127 976 in
2153 923 2322 993 gloria
2354 927 2435 981 vel
2459 930 2761 987 substantia
2792 935 2986 993 divina:
3017 948 3245 998 naturae.
3272 944 3347 1000 De
3369 946 3461 1003 illo
3492 949 3660 1005 fratre

2071 1021 2259 1068 nostro
2295 1017 2387 1086 qui
2420 1017 2701 1077 defunctus
2739 1033 2823 1079 est
2861 1028 3041 1083 audivi
3066 1033 3209 1100 quod
3256 1034 3459 1106 aliquid
3499 1040 3661 1099 nobis

2070 1103 2354 1160 mandarat
2391 1107 2641 1179 dirigere,
2689 1122 2743 1167 et
2778 1114 2899 1171 ideo
2947 1132 3131 1187 quaeso
3179 1132 3238 1178 ut
3282 1103 3547 1186 mandetis
3590 1132 3661 1188 ad

2070 1194 2189 1264 ipso
2212 1196 2415 1252 famulo
2442 1211 2624 1257 vestro
2651 1202 2932 1272 Ermedeo,
2988 1219 3048 1264 ut
3093 1223 3300 1282 quaerat
3348 1220 3414 1273 de
3458 1219 3659 1279 Judaeis

2069 1287 2163 1355 qui
2192 1287 2390 1344 habent
2427 1290 2535 1345 illic
2560 1309 2756 1349 uxores
2781 1305 2835 1350 et
2863 1297 3021 1366 ﬁlios,
3049 1304 3140 1372 qui
3166 1304 3410 1376 fatigium
3458 1310 3567 1378 det,
3601 1323 3657 1370 et

2069 1378 2226 1432 nobis
2248 1388 2509 1448 quantum
2539 1382 2679 1438 Deus
2712 1385 3054 1456 iuspiraverit
3093 1394 3287 1465 dirigat
3316 1416 3329 1450 :
3363 1399 3436 1453 ita
3475 1410 3653 1458 tamen

2069 1476 2130 1522 ut
2157 1469 2248 1523 alii
2270 1470 2439 1527 Judzei
2463 1489 2570 1529 non
2590 1477 2825 1532 sentiant
2851 1480 2941 1549 qui
2973 1484 3113 1552 apud
3149 1502 3250 1542 nos
3275 1488 3534 1558 habitant,
3561 1504 3657 1550 aut

2070 1559 2117 1613 si
2153 1562 2408 1629 possibile
2454 1573 2557 1631 est,
2611 1574 2670 1620 ut
2717 1571 3011 1638 quemlibet
3054 1575 3120 1631 de
3169 1576 3397 1636 humiles
3445 1590 3653 1640 vestros

2071 1651 2353 1708 nobiscum
2391 1658 2745 1714 mercaturios
2771 1662 2863 1729 qui
2895 1667 3117 1720 veniunt
3140 1668 3404 1741 dirigatis,
3437 1685 3491 1730 et
3523 1678 3653 1746 quid

2069 1750 2290 1819 egeritis
2343 1752 2412 1807 de
2460 1763 2640 1810 vestra
2684 1756 2983 1814 intentione
3027 1762 3183 1817 nobis
3237 1765 3552 1833 certiﬁcate,
3599 1777 3655 1824 et

2070 1839 2304 1897 maxime
2340 1857 2436 1912 per
2488 1844 2658 1901 libros
2699 1848 2833 1903 duos
2878 1850 3227 1919 epistolamm
3273 1854 3418 1909 beati
3465 1855 3653 1912 Hiem-

2066 1931 2235 2000 nymi,
2264 1943 2336 1988 ειη
2355 1937 2739 2004 opusculorum
2771 1939 2916 1996 beati
2943 1942 3154 2010 Isidori,
3188 1959 3325 2015 quos
3358 1946 3522 2002 habet
3544 1948 3648 2003 Er-

2062 2215 2354 2274 repcrerat.
2392 2208 2597 2266 Idcirco
2632 2220 2814 2268 tamen
2848 2216 3110 2284 applicate
3140 2218 3255 2287 ipse
3287 2218 3551 2274 Ermedeo
3574 2220 3645 2275 ad
3676 2248 3679 2251 -

2063 2308 2178 2361 vos,
2200 2304 2255 2352 et
2278 2298 2528 2355 instruite
2557 2300 2707 2355 illum
2741 2305 2938 2360 vestris
2964 2307 3212 2376 eloquiis,
3236 2314 3290 2362 et
3311 2322 3497 2361 veram
3520 2305 3642 2363 ﬁdei

2063 2388 2387 2455 doctrinam,
2422 2390 2565 2448 sicut
2585 2408 2687 2465 ego
2716 2394 2793 2449 illi
2817 2398 2988 2452 notui.

2129 2477 2183 2531 4.
2218 2478 2303 2535 Me
2329 2488 2509 2537 tamen
2552 2487 2861 2556 cognoscite
2903 2496 3181 2545 senectute
3212 2489 3325 2558 jam
3373 2492 3648 2561 decrepita

2059 2569 2423 2645 octuagesimo
2443 2574 2680 2633 secundo
2700 2591 2841 2632 anno
2865 2592 2896 2632 a
2919 2578 3006 2634 die
3031 2588 3222 2637 octavo
3247 2582 3472 2639 Kalend.
3500 2582 3643 2654 Aug.

2060 2664 2335 2734 ingressus
2368 2663 2555 2732 fuisse,
2578 2674 2634 2722 et
2665 2676 2819 2723 orate
2843 2683 2943 2738 pro
2970 2670 3127 2725 nobis
3151 2672 3292 2727 sicut
3328 2681 3385 2728 et
3426 2689 3526 2729 nos
3566 2673 3650 2729 Ia-

2060 2755 2234 2811 cimus
2256 2771 2356 2826 pro
2382 2772 2479 2813 vos
2505 2759 2739 2824 assidue,
2771 2768 2832 2814 ut
2857 2775 2956 2816 nos
2981 2761 3124 2817 Deus
3151 2763 3204 2817 in
3232 2764 3455 2834 regione
3488 2764 3647 2822 vivo-

2061 2859 2178 2899 rum
2207 2846 2409 2915 pariter
2436 2845 2648 2920 jungat.
2689 2848 2796 2905 Sed
2828 2851 3080 2906 omnibus
3119 2850 3380 2908 fratribus
3423 2853 3646 2908 dentata-

2059 2937 2304 2993 davimus
2351 2945 2410 2993 ut
2441 2954 2542 3009 pro
2574 2955 2672 2995 vos
2711 2939 3037 2997 sacriﬁcium
3080 2943 3191 2998 Deo
3241 2941 3490 2999 oll'erant.
3532 2941 3645 3001 Me-

2059 3037 2177 3084 reat
2216 3031 2537 3103 quantocius
2561 3031 2629 3087 de
2663 3040 2846 3088 vestro
2884 3034 3147 3103 rescripto
3185 3032 3341 3088 laetus
3383 3031 3643 3091 existere.

2060 3119 2225 3174 Istum
2246 3132 2567 3190 praesentem
2598 3125 2750 3180 vobis
2793 3125 3128 3190 commendo,
3176 3133 3233 3180 et
3263 3126 3679 3198 presbytentm...

2063 3217 2309 3267 nostrum
2342 3213 2654 3281 Venerium,
2686 3215 2733 3271 si
2759 3216 2943 3272 datum
2986 3216 3147 3273 fuerit
3177 3226 3237 3272 ut
3260 3220 3539 3287 perveniat
3572 3221 3647 3278 ad
3670 3254 3683 3265 κ

2065 3317 2180 3357 νας.

382 3494 3620 3573 NW”

921 3659 1795 3784 CONFESSIO
1919 3685 2354 3795 me
2484 3693 3121 3857 FELICIS‘

1436 3864 1948 3932 ORGELLITANJE
1991 3878 2185 3937 SEDIS
2223 3883 2532 3943 EPISCOPI
2554 3930 2569 3953 ,

365 3971 569 4052 οιιαηι
602 3977 733 4058 il7“
758 3990 908 4061 Ροετ
935 3996 1213 4066 spretum
1242 4011 1514 4119 error?
1553 4022 1736 4066 suum
1769 4009 1835 4069 in
1863 4027 2196 4119 compotita
2232 4023 2491 4084 concilii
2540 4025 2758 4104 edidit,
2790 4037 2844 4091 et
2882 4034 2967 4094 eis
2996 4036 3106 4114 qui
3142 4036 3209 4097 in
3240 4036 3378 4116 ipso
3413 4052 3626 4100 errore

1278 4089 1329 4119 Μ
1408 4095 1451 4119 1!,
1499 4099 1596 4119 nm
1631 4099 2069 4119 nnmnnml.-..a_-
2134 4117 2231 4119 ﬂ“,
2328 4108 2343 4119 ι
2424 4100 2475 4119 κιο
2610 4106 2645 4119 οΔ

1558 4320 1653 4384 [Ex
1677 4323 1852 4392 llansl,
1875 4331 2019 4397 ampl.
2045 4334 2193 4389 Coac.
2217 4339 2447 4409 Collect.]

957 4541 1356 4610 MONITUM.

428 4722 571 4822 Felix
609 4725 967 4822 Urgellitanus
990 4732 1330 4822 {Alieidrado
1354 4738 1582 4822 aliisque
1613 4745 1934 4822 praesulibus

357 4790 571 4863 Urgello
618 4790 1317 4882 congregatisdamnatus,
1353 4790 1935 4882 iii'éis'icEEBiﬁ'iBZ

356 4876 473 4916 rum
503 4874 859 4921 commeatum
888 4870 1022 4924 utin
1053 4873 1429 4953 episcoporum
1454 4888 1597 4935 ctetu
1620 4922 1639 4953 ε
1671 4870 1936 4953 praesente

352 4946 500 5013 rege,
545 4949 771 5013 causam
820 4952 970 5013 suam
1008 4950 1212 5013 ageret.
1246 4945 1398 5011 Quod
1439 4964 1564 5005 mox
1615 4945 1814 5008 factum
1852 4968 1936 5013 est

353 4957 500 5001 rege,
545 4957 771 4990 causam
820 4957 970 4993 suam
1008 4957 1212 5064 ageret.
1246 4957 1398 5011 Quod
1439 4964 1564 5005 mox
1615 4957 1814 5008 factum
1852 4968 1932 5013 est

352 4999 404 5081 in
431 4999 852 5075 Aquisgranensi
883 5011 1039 5081 conci
1054 5012 1127 5081 V'o.
1167 5011 1426 5071 Alcuinus
1450 5030 1638 5075 narrat
1677 5023 1932 5081 Carolum

348 5068 629 5139 Magnum'
638 5089 816 5163 regem
833 5118 847 5143 ,
872 5087 929 5132 ut
953 5068 1934 5163 lt‘elicianamliieres'imexpugnaret,

349 5153 599 5233 magnam
635 5147 896 5233 synodum
934 5151 1416 5233 episcoporum_in_
1438 5147 1937 5233 Aquisgi'an'ipalal

346 5208 426 5303 tio
440 5208 825 5303 Eongregasse,
865 5208 1207 5303 meaquese
1230 5233 1285 5279 et
1300 5208 1568 5303 Felicem,
1590 5208 1737 5303 regis
1755 5208 1930 5302 jussu,

346 5278 542 5370 diebus
555 5278 775 5370 aliquot.
789 5278 1114 5370 conﬂixisse.
1140 5278 1681 5370 yictuﬁn'éé'iéiiidﬁé’

347 5350 740 5442 Koce‘ﬁetuque
762 5364 1115 5442 testatusest.
1142 5350 1328 5442 Itaque
1342 5350 1931 5442 sacerdotibus

343 5417 512 5500 Deiet
532 5417 741 5500 imperii
758 5427 1108 5496 optimatibus
1131 5449 1188 5487 ra
1196 5417 1932 5500 tibisii‘iité'i'ah'tiiihé'éi‘i'é:

347 5490 551 5585 {sciter
573 5490 875 5585 convictus,
896 5507 1068 5580 atque
1102 5501 1213 5559 Deo
1234 5490 1931 5585 dans'gloriam—veramque

348 5556 508 5616 ﬁdem
536 5564 816 5621 confessus
838 5556 872 5631 ,’
894 5569 962 5644 in_
980 5556 1203 5644 'pacem'
1237 5556 1931 5644 aii'tio‘ii'éiﬁha'ﬁiﬁiié'is;

347 5643 600 5710 reversus
621 5644 706 5690 est
730 5651 853 5693 cum
883 5640 997 5695 suis
1033 5641 1311 5771 discépulis
1335 5649 1425 5772 q7ui
1454 5650 1524 5705 ibi
1555 5658 1684 5708 tunc
1723 5640 1929 5728 tempo;

347 5713 424 5757 ns
448 5711 605 5760 erant
630 5716 947 5772 praesentes.
976 5727 1119 5771 anno
1180 5715 1335 5772 hristi
1395 5719 1482 5772 99.
1524 5720 1817 5772 Eni-ranas.

346 5698 424 5757 ris
448 5711 605 5760 erant
630 5716 950 5781 prtesentes,
976 5727 1119 5771 anno
1138 5698 1817 5781 ϐ’ωἱὲῖίῗόέῗέιῖίίὖιίέέί

1963 4472 2036 4484 —

1966 4560 2022 4620 Ι)

2680 4575 2975 4639 INCIPIT

2124 4702 2685 4784 C’ONFESSIO
2742 4702 3025 4790 F'IDEI
3087 4714 3551 4800 FELICIS.__

2114 4832 2180 4887 In
2216 4833 2309 4890 Dei
2363 4837 2580 4893 nomine
2633 4840 2783 4897 Felix
2823 4842 2955 4898 olim
3000 4846 3253 4919 indignus
3299 4853 3584 4926 episcopus
3606 4899 3622 4925 ,

2042 4923 2253 4981 domuis
2280 4927 2334 4982 in
2359 4927 2576 4985 Christo
2616 4929 2880 4990 fratribus
2907 4936 3098 4992 Emani
3122 4941 3460 5011 presbytero,
3485 4923 3628 5004 llde-

2041 5014 2194 5071 siudo
2220 5017 2541 5089 presbytero
2560 5060 2574 5085 ,
2604 5030 2767 5091 atque
2789 5024 3110 5097 Exsuperio,
3140 5028 3506 5101 Gundef-redo,
3538 5035 3627 5093 Sis

2039 5103 2202 5159 donio
2228 5119 2436 5186 necnon
2466 5116 2523 5164 et
2544 5109 2874 5183 Ermegildo,
2896 5132 3012 5172 .seu
3038 5120 3252 5176 caeteris
3268 5126 3619 5196 presbyteris,

2037 5194 2287 5251 similiter
2318 5183 2819 5274 'Vittildo.diacono
2865 5215 2921 5262 et
2960 5183 3357 5279 Witirico,.seu
3409 5183 3623 5276 caeteris

2035 5285 2250 5343 clericis
2271 5288 2327 5343 in
2353 5293 2609 5360 parochia
2634 5293 2980 5366 Orgellitanas
3012 5301 3253 5359 ecclesiae
3277 5306 3616 5378 degentibus,

2033 5392 2126 5431 seu
2151 5380 2632 5441 caeterisﬁdelibus
2651 5386 2894 5446 ecclesiae
2916 5391 2971 5445 in
2995 5396 3305 5464 superdicto
3326 5403 3618 5459 commisso

2032 5472 2513 5541 commorantibus,
2553 5476 2610 5531 in
2645 5477 2875 5537 Domino
2901 5482 3011 5539 Deo
3039 5485 3202 5543 Patre
3227 5496 3282 5544 et
3304 5489 3433 5547 Iesu
3455 5493 3617 5550 Chri-

2030 5566 2115 5614 sto
2139 5575 2267 5616 vero
2288 5561 2428 5618 Filio
2450 5569 2588 5635 ejus,
2611 5568 2840 5627 Domino
2863 5587 2929 5627 ac
2948 5573 3306 5647 Redemptore
3324 5591 3532 5652 nostro,
3560 5595 3623 5642 et

2029 5652 2085 5709 in
2111 5654 2314 5723 Spiritu
2339 5667 2556 5727 sancto,
2584 5670 2845 5720 aeternam
2873 5666 3122 5725 salutem.

2098 5746 2177 5803 Dc
2200 5754 2395 5806 caetero
2421 5753 2488 5810 ad
2509 5754 2836 5826 agnitionem
2863 5766 3105 5818 vestram
3127 5764 3457 5835 reducimus,
3481 5766 3610 5837 quia
3692 5844 3695 5847 Α
