4028 6176
484 349 589 403 885

1297 336 1708 402 ELIPANDUS,
1750 330 1974 396 FELIX,
2011 328 2362 387 HETERIUS
2396 329 2489 386 ET
2526 329 2586 385 S.
2623 330 2918 388 BEATUS.

3621 329 3720 386 88|

483 464 770 526 postquam
793 456 861 508 ad
902 460 1246 523 praesentiam
1273 449 1475 505 domini
1519 446 1690 503 nostri
1725 459 1790 502 ac
1829 441 2057 516 piissimi
2085 445 2136 504 Α
2163 440 2234 496 sit
2258 454 2325 496 ex
2351 441 2651 498 substantia
2675 443 2864 498 matris
2888 459 2902 509 ;
2934 444 3028 498 sed
3051 443 3200 513 quia,
3231 452 3290 500 ut
3311 446 3519 502 dictum
3547 457 3651 516 est,
3674 450 3734 508 in

483 543 810 618 gloriosique
831 540 1008 596 Caroli
1040 539 1183 611 regis
1205 538 1495 610 perductus
1525 552 1667 602 sum,
1703 541 1758 592 et
1790 534 1908 605 ejus
1929 547 2060 588 con-

483 633 690 708 spectui
709 639 1084 704 praesentatus,
1109 631 1381 686 licentiam
1405 630 1474 685 ab
1499 643 1583 694 eo,
1601 629 1895 684 secundum
1917 625 2059 694 quod

483 735 539 780 et
564 722 885 779 venerabilis
907 723 1136 777 domnus
1173 721 1474 776 Laidradus
1508 720 1793 790 episcOpus
1829 717 1985 772 nobis
2005 715 2060 769 in

483 812 700 886 Orgello
746 813 1020 884 pollicitus
1064 821 1178 876 est,
1226 812 1552 880 accepimus,
1589 809 1820 879 qualiter
1861 808 1916 862 in
1945 805 2062 874 ejus

483 906 825 976 praesentiam
867 905 923 960 in
959 913 1252 973 conspectu
1292 903 1685 972 episcoporum,
1735 916 1870 970 quos
1912 901 1978 953 ad
2004 911 2063 953 se

437 1060 441 1064 _
484 998 755 1052 ordinatio
786 996 1007 1067 gloriosi
1031 995 1291 1066 principis
1315 993 1488 1048 nostri
1521 992 1810 1048 convenire
1833 989 2058 1055 fecerat,

483 1088 778 1143 sententias
803 1094 1018 1142 nostras
1039 1125 1054 1152 ,
1081 1101 1216 1155 quas
1245 1099 1309 1140 ex
1338 1084 1493 1138 libris
1517 1091 1829 1138 sanctorum
1864 1081 2064 1136 habere

485 1191 585 1232 nos
618 1177 685 1231 de
724 1175 1010 1247 adoptione
1037 1175 1217 1232 carnis
1250 1177 1308 1230 in
1346 1173 1486 1228 Filio
1516 1173 1632 1237 Dei,
1665 1187 1758 1228 seu
1789 1185 2064 1241 nuncupa-

483 1268 630 1323 tione
660 1268 715 1323 in
750 1267 1088 1324 humanitate
1105 1265 1251 1336 ejus,
1289 1264 1642 1321 credebamus
1663 1305 1677 1330 ,
1706 1272 2064 1332 repraesenta-

485 1379 667 1420 remus
692 1378 707 1419 :
734 1363 969 1434 qualiter
993 1377 1102 1418 non
1151 1361 1206 1418 in
1241 1360 1512 1424 violentia,
1545 1359 1641 1415 sed
1683 1358 1893 1413 ratione
1914 1356 2061 1412 veri-

485 1456 631 1523 tatis,
659 1465 845 1510 nostra
868 1455 1098 1510 assertio
1124 1462 1242 1508 rata
1270 1451 1635 1522 judicaretur,
1660 1451 1706 1507 si
1741 1453 1809 1507 ab
1839 1450 1944 1505 illis
1967 1463 2066 1519 per

485 1549 864 1604 auctoritatem
908 1556 1222 1604 sanctorum
1283 1547 1505 1602 Patrum
1541 1546 1763 1600 minime
1815 1542 2064 1615 repudia-

482 1648 653 1698 retur.
701 1640 855 1707 Quod
911 1641 986 1695 ita
1039 1637 1241 1694 factum
1277 1646 1362 1694 est
1394 1653 1408 1692 :
1442 1653 1566 1692 nam
1589 1635 1830 1706 prolatas
1853 1650 1884 1688 a
1911 1633 2066 1689 nobis

481 1732 781 1787 sententias
817 1731 882 1788 de
916 1731 1224 1800 superdicta
1251 1731 1614 1793 contentione,
1643 1729 1746 1782 hoc
1768 1734 1851 1782 est
1877 1726 1942 1781 de
1964 1725 2063 1780 ad-

485 1822 704 1894 optione
738 1822 921 1878 carnis
942 1797 1104 1892 atque
1141 1811 1557 1890 nuncupatione,
1589 1819 1662 1873 ita
1684 1818 1762 1872 illi
1787 1833 1856 1874 ex
1875 1824 2064 1872 aucto-
2095 1797 2144 1857 Β

485 1912 649 1968 ritate
698 1912 764 1968 de
797 1911 952 1967 libris
985 1919 1295 1967 sanctorum
1338 1911 1581 1976 Patrum,
1617 1910 1670 1964 id
1707 1918 1791 1966 est
1815 1947 1831 1977 ,
1879 1909 2066 1981 Cyrilli

483 2003 754 2074 episcopi,
799 2015 854 2058 et
874 2003 1017 2059 beati
1049 2003 1290 2072 Gregorii
1333 2018 1486 2073 papa:
1536 2003 1686 2058 urbis
1712 2004 1930 2068 Romae,
1973 2017 2066 2058 seu

485 2096 630 2156 beati
669 2095 880 2160 Leonis,
927 2097 1042 2151 sive
1089 2103 1144 2151 et
1173 2095 1402 2151 aliorum
1453 2104 1762 2151 sanctorum
1806 2095 2025 2150 Patrum
2051 2136 2065 2160 ,

485 2186 578 2254 qui
602 2185 758 2241 nobis
777 2186 932 2256 prius
957 2186 1216 2255 incogniti
1251 2194 1428 2251 erant,
1451 2200 1544 2240 seu
1575 2199 1671 2256 per
1692 2187 2069 2240 auctoritatem

487 2276 676 2346 synodi
711 2291 832 2346 quae
861 2291 1033 2347 nuper
1060 2277 1113 2332 in
1159 2276 1334 2332 Roma
1375 2278 1478 2333 hac
1519 2277 1853 2342 intentione,
1881 2279 2071 2346 praeci-

486 2368 665 2438 piente
699 2368 1089 2438 gloriosissimo
1130 2386 1196 2426 ac
1226 2371 1468 2440 piissimo
1490 2363 1712 2426 domino
1740 2378 1930 2426 nostro
1963 2370 2068 2426 Ca-

486 2460 622 2524 rolo,
651 2461 911 2516 adversus
949 2461 1233 2530 epistolam
1253 2475 1431 2516 meam
1453 2502 1468 2528 ,
1499 2476 1662 2531 quam
1683 2460 1884 2517 dudum
1913 2475 2072 2515 vene-

485 2551 644 2606 rabili
675 2551 791 2607 viro
825 2550 1022 2608 Albino
1056 2552 1238 2610 abbati
1273 2552 1604 2608 Turonensis
1641 2553 1897 2608 Ecclesiae
1936 2553 2073 2608 scri-

485 2653 701 2710 pseram
726 2679 742 2705 ,
781 2650 1105 2711 congregata
1151 2648 1254 2697 est.
1303 2642 1360 2697 ln
1411 2657 1514 2712 qua
1553 2643 1760 2713 synodo
1807 2650 2074 2712 prasente

442 2789 443 2792 η
485 2730 666 2786 Leone
698 2732 1025 2801 apostolico,
1064 2741 1273 2789 etcum
1325 2749 1392 2791 eo
1439 2735 1620 2790 caeteri
1654 2734 1892 2803 episcopi
1920 2748 2068 2788 num.

486 2839 594 2881 Lvu
624 2825 942 2890 residentes,
972 2833 1028 2878 et
1049 2824 1291 2894 plerique
1311 2825 1615 2896 presbyteri
1633 2841 1697 2880 ac
1717 2825 1930 2880 diaconi
1950 2840 2072 2879 cum

486 2916 568 2972 eis
602 2917 659 2972 in
699 2917 860 2972 domo
904 2918 1204 2973 beatissimi
1239 2918 1386 2974 Petri
1415 2917 1645 2988 apostoli
1667 2958 1683 2983 ,
1719 2932 1818 2987 per
1842 2931 2073 2986 quorum

488 3006 730 3063 omnium
777 3007 1158 3062 auctoritatem
1213 3007 1345 3063 istas
1385 3007 1500 3078 jam
1548 3008 1722 3063 dictas
1783 3006 2075 3061 sententias

488 3103 702 3154 nostras
719 3136 736 3164 ,
774 3113 885 3154 non
912 3097 1182 3168 qualibet,
1217 3107 1278 3153 ut
1305 3099 1509 3156 dictum
1533 3106 1638 3164 est,
1666 3099 1943 3164 violentia,
1980 3099 2074 3153 sed

489 3190 702 3246 ratione
743 3190 1022 3256 veritatis,
1055 3198 1116 3245 ut
1138 3190 1404 3261 oportuit,
1441 3190 1806 3246 excluserunt.
1833 3189 2072 3256 Quorum

491 3281 816 3336 auctoritate
858 3281 1104 3335 veritatis
1128 3321 1142 3345 ,
1185 3287 1240 3336 et
1275 3281 1438 3336 totius
1471 3280 1726 3336 Ecclesia:
1756 3279 2077 3334 universalis

494 3387 784 3436 consensu,
809 3371 1065 3436 convicti,
1082 3372 1150 3426 ad
1165 3371 1524 3426 universalem
1545 3371 1858 3434 Ecclesiam,
1884 3370 1992 3424 Deo
2007 3368 2079 3424 fa-

489 3468 669 3526 vente,
707 3475 777 3516 ex
806 3469 919 3517 toto
943 3462 1108 3518 corde
1133 3469 1321 3516 nostro
1345 3462 1547 3516 reversi
1570 3477 1756 3517 sumus
1781 3479 1794 3514 :
1824 3477 1930 3515 non
1946 3476 2078 3529 qua-

493 3554 627 3612 libet
667 3554 1035 3620 simulatione,
1064 3569 1160 3609 seu
1187 3554 1452 3610 velamine
1491 3553 1774 3621 falsitatis,
1819 3554 1958 3609 sicut
1982 3553 2078 3607 du-

493 3643 640 3708 dum,
708 3645 851 3715 quod
903 3643 1049 3700 Deus
1096 3645 1229 3711 scit;
1276 3647 1398 3711 sed,
1443 3652 1502 3700 ut
1540 3644 1670 3711 dixi,
1721 3661 1848 3700 vera
1898 3644 2079 3699 cordis

495 3734 814 3792 credulitate
840 3743 895 3789 et
937 3735 1050 3790 oris
1067 3734 1423 3805 professione.
1457 3735 1612 3803 Quod
1646 3737 1808 3792 etiam
1850 3735 1905 3791 in
1945 3750 2080 3791 con-

495 3835 684 3896 spectu
737 3826 1029 3882 multorum
1072 3829 1411 3883 sacerdotum
1441 3837 1494 3883 et
1530 3830 1914 3884 monachorum
1950 3843 2076 3899 pro-

496 3917 625 3974 fessi
642 3933 848 3983 sumus,
872 3918 1260 3987 paenitudinem
1289 3927 1537 3988 gerentes
1559 3919 1624 3973 de
1646 3919 1874 3988 pristino
1897 3934 2080 3974 errore

497 4015 553 4065 et
580 4015 920 4067 sacramento
941 4047 957 4074 ,
987 4022 1148 4077 quam
1177 4021 1277 4077 pro
1310 4009 1415 4062 hac
1454 4007 1753 4062 intentione
1785 4007 1913 4062 olim
1942 4022 2082 4077 prte-

499 4101 772 4156 varicatus
796 4115 917 4155 sum
941 4114 955 4153 :
984 4097 1297 4169 profitentes
1326 4115 1426 4154 nos
1447 4099 1702 4168 deinceps
1732 4099 2078 4168 adoptionem

501 4192 683 4248 carnis
719 4191 775 4246 in
804 4191 942 4247 Filio
963 4191 1076 4254 Dei,
1120 4191 1233 4246 sive
1266 4192 1719 4260 nuncupationem
1750 4192 1804 4246 in
1834 4191 2082 4246 humani-

502 4292 632 4349 tate,
669 4283 816 4339 nullo
861 4284 1022 4340 modo
1049 4284 1270 4339 credere
1296 4283 1379 4337 vel
1408 4283 1730 4352 praedicare;
1762 4282 1858 4339 sed
1892 4297 2084 4337 secun-

509 4377 640 4434 dum
774 4377 918 4446 quod
959 4375 1301 4446 dogmatibus
1328 4383 1638 4430 sanctorum
1664 4373 1887 4430 Patrum
1917 4373 2084 4430 infor-

2161 533 2276 602 ipsa
2305 534 2462 589 vulva
2500 545 2700 591 sancta:
2741 537 2980 607 Virginis
3013 535 3082 592 ab
3120 537 3238 608 ipso
3277 553 3540 612 conceptu
3569 544 3637 599 ab
3669 559 3737 602 eo

2159 626 2251 695 qui
2277 627 2571 682 secundum
2591 628 2922 682 divinitatem
2954 643 3115 684 verus
3151 638 3203 685 et
3237 633 3488 701 proprius
3519 634 3612 690 Dei
3643 633 3737 693 Fi—

2161 715 2263 769 lius
2290 716 2506 780 existit,
2546 717 2602 771 in
2640 715 3012 788 singularita'te
3050 733 3296 788 personae
3321 735 3433 778 sure
3459 733 3740 796 susceptus

2161 817 2263 871 εει,
2299 816 2461 877 atque
2495 818 2804 878 conceptus,
2835 825 2996 866 verus
3025 819 3080 866 et
3116 813 3365 881 proprius
3406 815 3500 868 Dei
3529 814 3699 874 Filius
3721 858 3739 885 ,

2162 913 2226 952 ex
2263 899 2451 954 eadem
2496 911 2680 956 sancta
2721 902 2942 973 Virgine
2987 911 3146 959 natus
3175 916 3276 960 est.
3319 903 3438 962 Non
3473 908 3609 964 alius
3645 911 3741 969 Dei

2161 989 2350 1055 Filius,
2393 999 2448 1046 et
2488 991 2627 1046 alius
2672 993 2905 1048 hominis
2950 993 3134 1050 ﬁlius:
3164 997 3256 1052 sed
3292 997 3433 1053 Deus
3474 1009 3528 1054 et
3558 1001 3738 1065 homo,

2163 1085 2356 1140 unicus
2410 1086 2506 1140 Dei
2553 1085 2729 1141 Patris
2773 1103 2937 1143 verus
2991 1103 3056 1143 ac
3101 1091 3349 1160 proprius
3388 1093 3584 1160 Filius,
3634 1110 3743 1152 non

2163 1175 2468 1246 adoptione,
2497 1189 2603 1233 non
2629 1177 3003 1247 appellatione,
3031 1177 3172 1252 [seu]
3203 1185 3624 1252 nuncupatione,
3651 1189 3744 1243 sed

2164 1270 2219 1323 in
2255 1274 2480 1339 utraque
2506 1279 2699 1325 natura
2724 1312 2738 1333 ,
2771 1281 2832 1326 ut
2862 1271 3065 1326 dictum
3098 1280 3201 1336 est,
3238 1287 3381 1328 unus
3413 1275 3504 1330 Dei
3537 1275 3745 1344 Patris,

2165 1362 2458 1416 secundum
2496 1361 2832 1432 Apostolum,
2875 1377 3036 1418 verus
3063 1378 3126 1418 ac
3156 1364 3409 1433 proprius
3447 1367 3542 1422 Dci
3580 1368 3745 1424 Filius

2165 1452 2438 1509 credatur.

2237 1563 2362 1620 Hmc
2388 1574 2471 1620 est
2496 1564 2763 1620 confessio
2790 1564 2911 1620 fidei
2937 1575 3353 1637 nostrae,quam,
3375 1563 3484 1624 Deo
3503 1567 3746 1639 iuvante,

2165 1671 2196 1710 a
2223 1657 2424 1711 sanctis
2455 1655 2705 1712 Patribus
2726 1671 2824 1719 per
2849 1672 3037 1712 eorum
3063 1657 3263 1728 scripta
3297 1661 3660 1730 cognovimus,
3690 1669 3743 1718 et

2168 1748 2236 1802 ab
2276 1747 2570 1803 universali
2603 1746 2844 1803 Ecclesia
2888 1757 3010 1818 post
3053 1750 3342 1819 pristinum
3376 1766 3608 1807 errorem
3641 1769 3738 1811 no-

2169 1846 2339 1893 strum
2395 1838 2699 1909 accepimus
2751 1845 2806 1893 et
2850 1848 3116 1894 tenemus.
3170 1840 3326 1907 Quod
3361 1849 3413 1897 et
3440 1857 3534 1896 vos
3559 1858 3746 1898 omnes

2167 1931 2384 1986 credere
2413 1937 2468 1986 et
2489 1930 2754 1996 confiteri,
2781 1947 2880 2002 per
2912 1933 3161 1988 eumdem
3193 1935 3480 1988 Dominum
3507 1945 3751 1991 nostrum

2167 2021 2544 2086 exhortamur,
2575 2021 2651 2076 nil
2697 2023 3056 2078 diminuentes
3091 2031 3184 2077 aut
3210 2024 3471 2079 addentes
3505 2041 3571 2080 ex
3596 2041 3749 2080 sensu

2169 2120 2366 2176 vestro,
2409 2111 2502 2168 sed
2532 2114 2635 2169 hoc
2665 2115 2807 2184 quod
2840 2115 2993 2170 vobis
3025 2115 3410 2172 innotescimus
3440 2158 3454 2183 ,
3489 2133 3613 2172 cum
3640 2119 3745 2173 uni-

2169 2203 2364 2258 versali
2407 2203 2647 2260 Ecclesia
2695 2204 3063 2260 indubitanter
3108 2206 3405 2262 retinentes
3435 2225 3448 2260 :
3477 2217 3534 2262 et
3579 2218 3637 2262 ut
3662 2224 3751 2278 pro

2171 2309 2256 2349 me
2306 2294 2538 2360 misero,
2573 2305 2674 2364 per
2702 2310 2862 2366 quem
2889 2309 3061 2365 usque
3103 2311 3244 2351 nunc
3291 2295 3346 2350 in
3387 2295 3630 2352 Ecclesia
3665 2297 3752 2353 Dei

2169 2385 2446 2438 contentio
2483 2397 2637 2439 versa
2679 2394 2760 2440 est
2782 2427 2796 2451 ,
2837 2400 2904 2440 ex
2931 2387 3058 2442 totis
3087 2387 3402 2456 praecordiis
3432 2390 3629 2444 vestris
3651 2389 3750 2443 Do-

2174 2472 2303 2527 mini
2337 2473 2759 2529 misericordiam
2786 2475 3074 2544 implorare
3100 2491 3208 2529 non
3241 2475 3547 2547 dedignetis
3580 2492 3594 2531 :
3629 2493 3756 2547 qua-

2173 2565 2296 2620 liter
2334 2575 2555 2636 propter
2598 2575 2831 2622 vestram
2879 2567 3312 2623 emendationem
3355 2577 3411 2623 et
3459 2570 3754 2626 orationem

2173 2659 2559 2715 catholicorum
2608 2661 2946 2715 sacerdotum
2969 2701 2984 2726 ,
3019 2661 3109 2731 qui
3140 2660 3195 2714 in
3233 2659 3398 2715 simili
3442 2664 3756 2732 praevarica-

2175 2751 2340 2817 tione,
2367 2759 2426 2805 ut
2451 2765 2570 2822 ego,
2607 2765 2950 2821 nequaquam
2988 2751 3206 2809 obnoxii
3238 2761 3384 2815 sunt,
3414 2752 3627 2808 Domini
3660 2754 3752 2807 mi-

2174 2841 2546 2904 sericordiam,
2570 2841 2881 2912 priusquam
2907 2843 2972 2898 de
2994 2843 3096 2898 hoc
3123 2841 3338 2898 mortali
3365 2858 3592 2913 corpore
3617 2859 3752 2914 egre

2175 2936 2332 3001 diar,
2387 2935 2643 3004 consequi
2695 2935 2925 2988 valeam.
2977 2933 3131 3002 Quod
3180 2949 3278 3004 per
3311 2935 3416 2988 hoc
3451 2950 3540 2989 me
3589 2935 3753 3004 magis

2175 3025 2430 3093 consequi
2461 3041 2492 3079 a
2523 3025 2749 3080 Domino
2775 3025 3018 3090 confido,
3063 3025 3107 3080 si
3135 3025 3446 3080 scandalum
3488 3041 3584 3081 seu
3612 3041 3759 3080 error

2102 3143 2145 3206 Ο
2177 3117 2231 3170 in
2279 3115 2413 3181 fide,
2452 3114 2541 3186 qui
2581 3129 2681 3185 per
2711 3131 2796 3170 me
2839 3115 2894 3170 in
2935 3131 3107 3184 usque
3146 3131 3290 3171 nunc
3318 3114 3460 3170 inter
3507 3125 3758 3185 utrasque

2177 3213 2358 3277 partes
2387 3208 2621 3270 duravit,
2647 3221 2746 3277 per
2773 3223 2859 3262 me
2891 3207 3086 3262 iterum
3114 3208 3295 3260 omnia
3326 3215 3573 3262 correcta
3603 3216 3759 3278 atque

2179 3298 2362 3352 sedata
2413 3296 2629 3361 fuerint,
2685 3305 2845 3366 atque
2869 3297 3059 3352 ’omnia
3113 3297 3367 3352 Ecclesiae
3415 3300 3656 3353 membra
3705 3299 3754 3352 in

2178 3388 2384 3442 unitate
2437 3386 2560 3442 fidei
2600 3395 2650 3442 et
2679 3387 2965 3442 concordia
2992 3388 3272 3442 charitatis
3305 3387 3452 3442 velut
3500 3389 3556 3443 in
3596 3405 3755 3443 unum

2179 3493 2374 3547 corpus
2408 3477 2812 3548 compaginata,
2853 3477 2927 3532 ita
2960 3492 3120 3533 nemo
3153 3493 3217 3532 ex
3242 3479 3397 3534 nobis
3429 3479 3484 3532 in
3511 3479 3749 3534 Ecclesia

2179 3568 2274 3622 Dei
2291 3566 2431 3621 ultra
2444 3566 2754 3622 scandalum
2767 3567 2853 3622 vel
2863 3569 3138 3637 quodlibet
3151 3569 3387 3623 schisma
3405 3569 3754 3624 intromittcre

2180 3653 2394 3716 audeat,
2428 3652 2521 3707 sed
2543 3666 2732 3708 omnes
2757 3667 2857 3707 nos
2882 3666 3004 3707 cum
3033 3653 3320 3708 universali
3353 3654 3613 3719 Ecclesia,
3643 3671 3754 3724 quzr

2180 3743 2235 3796 in
2259 3749 2383 3796 toto
2405 3741 2605 3796 mundo
2639 3741 2860 3797 dilatata
2885 3740 3144 3808 noscitur,
3173 3743 3426 3798 similiter
3447 3745 3755 3808 sentientes,

2177 3839 2234 3887 et
2261 3847 2324 3888 ea
2351 3847 2470 3902 qua:
2495 3831 2696 3887 dudum
2722 3839 2842 3888 orta
2880 3832 3108 3887 intentio
3132 3841 3214 3887 est
3238 3873 3252 3897 ,
3284 3834 3337 3887 id
3367 3841 3473 3898 est,
3512 3833 3755 3903 adoptio-

2182 3937 2305 3976 nem
2340 3921 2521 3976 carnis
2561 3936 2654 3976 seu
2687 3921 3139 3991 nuncupationem
3174 3923 3228 3977 in
3257 3923 3650 3978 humanitatem
3675 3923 3754 3978 Fi-

2181 4013 2238 4067 lii
2263 4014 2357 4068 Dei
2383 4013 2924 4080 anathematizantes,
2947 4029 3157 4084 pacem,
3184 4023 3242 4070 ut
3264 4016 3394 4079 dixi,
3419 4025 3474 4070 et
3503 4017 3755 4070 unitatem

2183 4103 2306 4159 fidei
2339 4121 2462 4159 cum
2491 4103 2739 4160 omnibus
2761 4103 3008 4160 fidelibus
3033 4105 3306 4171 Ecclesia),
3335 4108 3540 4176 absque
3560 4107 3666 4160 ulla
3695 4107 3762 4161 si-

2183 4195 2478 4250 mulatione
2506 4236 2521 4260 ,
2577 4193 2891 4250 inconvulsa
2943 4193 3048 4250 fide
3098 4197 3485 4251 retineamus:
3523 4213 3591 4252 ne
3641 4213 3755 4252 cum

2183 4288 2414 4344 Nestorii
2442 4287 2718 4357 impietate
2759 4287 3169 4352 concordantes,
3219 4287 3310 4356 qui
3360 4304 3557 4358 purum
3591 4289 3744 4352 hami.

2185 4397 2308 4436 nem
2351 4382 2627 4438 Christum
2658 4382 2943 4436 Dominum
2981 4379 3240 4446 credidit,
3279 4381 3476 4437 alicubi
3511 4383 3757 4451 deinceps

502 4484 731 4533 mamur,
759 4467 1006 4524 eumdem
1034 4466 1322 4522 Dominum
1344 4473 1589 4520 nostrum
1602 4465 1786 4521 Jesum
1807 4464 2082 4521 Christum
2108 4493 2160 4556 Β
2187 4473 2451 4538 labamur,
2494 4471 2585 4541 qui
2628 4471 2764 4526 dixit
2800 4485 2815 4524 :
2851 4490 2869 4522 ‹
2896 4470 3120 4541 Oportet
3164 4487 3295 4526 vero
3321 4480 3383 4554 ‘et
3419 4472 3486 4527 de
3530 4474 3625 4528 Dei
3655 4473 3752 4528 dis-

502 4559 561 4613 in
593 4565 819 4628 utraque
848 4567 1057 4620 natura,
1106 4557 1320 4613 deitatis
1347 4556 1594 4612 videlicet
1619 4564 1672 4612 et
1697 4556 2078 4621 humanitatis,

502 4649 779 4720 proprium
806 4663 870 4703 ac
905 4665 1091 4704 verum
1126 4647 1321 4719 Filium
1347 4647 1691 4718 profitentes,
1733 4648 2082 4718 Unigenitum

504 4737 753 4795 videlicet
782 4735 988 4803 Patris,
1014 4738 1235 4794 unicum
1263 4737 1458 4792 Filium
1485 4735 1601 4806 ejus
1645 4752 1659 4791 :
1699 4737 1877 4792 salvas
1903 4747 2083 4793 tamen

502 4834 786 4905 utriusque
829 4832 1432 4905 naturzeAproprietates
1454 4872 1468 4898 ,
1500 4833 1574 4886 ita
1600 4831 1862 4886 duntaxat
1901 4841 1959 4886 ut
1987 4847 2086 4887 nec

503 4894 758 4981 divinitas
799 4924 961 4981 Verbi
1010 4894 1106 4978 Dei
1156 4894 1210 4977 in
1258 4894 1464 4977 natura:
1495 4919 1789 4994 [naturam]
1835 4923 2087 4977 credatur

506 5017 741 5072 humana
786 5013 1121 5089 [humanam]
1149 5029 1437 5078 conversa,
1471 5013 1553 5068 vel
1585 5016 1818 5070 humana
1846 5029 1877 5070 ιι
1911 5015 2088 5071 Verbo

505 5114 781 5176 assumpta
805 5104 1003 5160 invidia
1037 5103 1114 5178 [in
1139 5102 1400 5179 divinam]
1425 5111 1629 5158 mutata
1664 5120 1677 5156 :
1719 5105 1813 5159 sed
1838 5112 2084 5173 utraque,

507 5195 565 5254 id
602 5205 688 5254 est
730 5196 910 5253 divina
953 5203 1114 5266 atque
1145 5197 1397 5260 humana,
1448 5197 1517 5251 ab
1560 5195 1677 5265 ipso
1721 5205 1985 5265 conceptu
2032 5196 2088 5250 in

509 5295 666 5346 utero
692 5288 961 5360 Virginis,
991 5288 1066 5342 ita
1100 5288 1155 5343 in
1185 5286 1559 5358 singularitate
1589 5300 1834 5357 personae
1873 5286 2091 5341 sibimet

510 5393 767 5435 connexa:
807 5387 969 5449 atque
1018 5376 1319 5447 conjunctae
1363 5385 1511 5440 sunt,
1567 5383 1628 5428 ut
1678 5373 1870 5429 unicus
1923 5373 2090 5429 Filius

511 5467 680 5532 Patri,
706 5478 762 5523 et
790 5483 952 5524 verus
977 5469 1119 5524 Deus
1145 5481 1212 5523 ex
1248 5467 1368 5536 ipso
1397 5475 1553 5520 utero
1581 5463 1831 5536 gloriosze
1855 5464 2092 5535 Virginis

512 5561 716 5628 absque
741 5559 850 5614 ulla
887 5561 1232 5631 corruptione
1272 5560 1452 5616 editus
1475 5559 1801 5629 prodiretur.
1848 5557 1964 5612 Non
2015 5558 2087 5613 ita

514 5653 678 5711 homo
704 5650 1010 5721 aSsumptus
1036 5669 1068 5708 a
1093 5654 1270 5709 Verbo
1293 5654 1359 5707 de
1392 5653 1692 5707 substantia
1714 5653 1910 5719 Patris,
1955 5654 2092 5709 sicut

517 5746 800 5820 ipsumque
825 5745 1058 5801 Verbum
1081 5760 1110 5798 a
1145 5743 1386 5800 fidelibus
1414 5743 1622 5816 genitus
1649 5747 1930 5809 credatur,
1968 5763 2090 5803 cum

2185 4563 2501 4633 pensatione
2538 4576 2701 4630 quam
2747 4574 2847 4629 pro
2882 4568 3065 4615 nostra
3089 4561 3258 4616 salute
3286 4561 3338 4616 in
3364 4563 3757 4631 dispensatione

2185 4655 2397 4710 Domini
2435 4653 2637 4709 Christi
2682 4653 2942 4709 Dominus
2981 4653 3122 4709 Deus
3153 4653 3397 4724 perfecit,
3439 4656 3580 4711 scire
3629 4672 3756 4726 quo-

2184 4747 2330 4801 niam
2379 4745 2520 4798 Deus
2554 4742 2790 4797 Verbum
2833 4743 3104 4798 hominem
3135 4741 3432 4813 perfectum
3472 4746 3756 4814 assumpsit

2184 4851 2251 4890 ex
2279 4836 2483 4891 semine
2526 4832 2758 4888 Abrahae
2795 4841 2849 4889 et
2885 4832 3051 4888 David
3100 4833 3395 4889 secundum
3445 4837 3755 4905 pronuntia-

2187 4929 2383 4983 tionem
2433 4926 2736 4982 divinarum
2777 4925 3178 4994 Scripturarum
3218 4943 3230 4980 :
3269 4927 3372 4982 hoc
3409 4929 3754 4982 constitutum

2185 5027 2377 5072 natura
2401 5058 2417 5084 ,
2448 5014 2590 5085 quod
2636 5024 2792 5070 erant
2823 5015 2900 5070 illi
2924 5054 2938 5080 ,
2978 5030 3044 5069 ex
3089 5031 3318 5084 quorum
3368 5025 3484 5071 erat
3524 5019 3754 5082 semine,

2185 5109 2454 5164 hominem
2499 5106 2796 5178 perfectum
2835 5116 3057 5172 natura,
3099 5122 3165 5163 ex
3199 5109 3378 5163 anima
3412 5108 3754 5164 intellectuali

2185 5211 2240 5256 et
2285 5216 2447 5256 carne
2479 5200 2712 5255 humana
2737 5207 3072 5256 constantem
3095 5239 3109 5263 ,
3147 5199 3443 5270 perfectum
3489 5199 3754 5255 hominem

2186 5291 2539 5348 constitutum
2587 5289 2879 5345 secundum
2931 5303 3030 5344 nos
3057 5305 3156 5358 per
3197 5297 3481 5351 naturam,
3534 5289 3756 5358 Spiritus

2188 5379 2362 5436 sancti
2402 5381 2600 5434 virtute
2628 5379 2683 5433 in
2718 5378 2958 5448 Virginis
3001 5379 3158 5432 vulva
3203 5378 3526 5442 formatum,
3563 5377 3752 5434 factum

2188 5488 2252 5529 ex
2299 5473 2558 5539 muliere,
2594 5481 2650 5528 et
2705 5470 2906 5526 factum
2941 5469 3041 5524 sub
3075 5469 3220 5539 lege,
3257 5476 3316 5523 ut
3347 5485 3540 5524 omnes
3586 5484 3684 5523 nos
3727 5481 3752 5518 a

2189 5564 2464 5621 servitutis
2497 5563 2616 5634 lege
2663 5562 2988 5623 redimeret,
3025 5569 3152 5613 ante
3177 5557 3292 5626 jam
3322 5559 3752 5628 praadestinatam

2190 5656 2533 5726 adoptionem
2562 5653 2915 5723 accipientes,
2957 5648 3389 5705 inenarrabiliter
3411 5648 3630 5704 sibimet
3674 5659 3750 5701 ve-

2191 5747 2372 5808 niens,
2414 5753 2682 5800 mortuum
2720 5742 2932 5812 quidem
2965 5755 3084 5795 cum
3125 5739 3416 5796 secundum
3455 5739 3624 5806 legem
3666 5737 3752 5792 hu-
