4028 6176
333 358 438 416 883

1501 362 1878 422 CONFESSIO
1917 363 2092 420 FIDE]
2132 365 2415 422 FELICIS.

3488 380 3590 435 886

332 483 548 524 manam
579 469 800 537 faciens,
828 472 1094 529 suscitans
1115 488 1244 530 vero
1265 489 1335 530 ex
1364 476 1614 541 mortuis,
1640 484 1694 531 et
1717 476 1911 546 perdu-
1935 476 1989 534 Α
2013 473 2101 537 rit,
2154 476 2438 529 anathema
2481 476 2570 530 sit.
2610 474 2657 529 Α
2709 490 2817 546 quo
2848 476 3028 546 jaculo
3078 480 3438 537 anathematis
3474 482 3591 555 ipse

330 576 462 615 cens
506 561 560 615 in
593 562 816 627 ccelum,
854 573 908 618 et
954 567 1244 622 consedere
1272 567 1475 623 faciens
1519 570 1584 623 ad
1630 570 1907 624 dexteram

331 650 424 704 Dei
460 668 473 704 :
506 651 648 705 unde
671 667 956 720 personam
1002 657 1322 712 constitutos
1356 660 1707 729 principatus,
1737 671 1790 717 et
1814 677 1908 731 po-

329 749 578 806 testates,
609 750 662 794 et
698 742 1110 810 dominationes,
1135 755 1187 801 et
1215 750 1462 815 virtutes,
1493 762 1547 805 et
1582 767 1742 808 omne
1763 755 1906 822 quod

328 833 642 886 nominatur
672 848 888 898 nomen,
921 851 1026 890 non
1056 838 1228 892 solum
1261 840 1313 892 in
1339 842 1442 896 hoc
1467 843 1691 908 szeculo,
1719 859 1903 898 verum

326 926 494 980 etiam
521 933 575 978 et
603 925 656 978 in
695 924 965 991 futurum,
1006 929 1074 983 ab
1109 933 1254 985 omni
1291 942 1534 988 creatura
1577 937 1781 1004 accepit
1807 936 1903 989 ad-

325 1015 649 1081 orationem,
702 1017 842 1072 sicut
881 1020 1286 1088 inseparabilem
1319 1039 1348 1076 a
1379 1024 1555 1078 divina
1587 1034 1778 1080 natura
1806 1026 1904 1080 ha-

324 1107 462 1162 bens
490 1107 904 1176 copulationem,
935 1110 1249 1168 relationem
1271 1115 1384 1180 Dei,
1413 1123 1468 1170 et
1492 1116 1903 1187 intelligentiam

323 1199 475 1252 omni
523 1207 784 1254 creatum
825 1200 1138 1258 adoratione
1188 1204 1549 1261 exhibentem.
1605 1208 1672 1262 Et
1731 1223 1904 1278 neque

322 1289 461 1344 duos
491 1288 628 1344 filios
659 1290 905 1357 dicimus,
938 1308 1111 1362 neque
1145 1295 1280 1350 duos
1321 1297 1604 1365 Dominus;
1649 1301 1900 1368 quoniam

321 1396 464 1437 unus
505 1381 674 1438 Filius
724 1382 900 1439 Patris
950 1387 1244 1442 secundum
1308 1392 1705 1457 substantiam,
1760 1393 1902 1448 Deus

322 1473 559 1529 Verbum
601 1475 909 1544 unigenitus
937 1476 1105 1532 Filius
1138 1477 1345 1546 Patris,
1374 1481 1513 1535 sicut
1554 1483 1656 1536 iste
1677 1482 1902 1551 conjun-

319 1573 440 1620 ctus
479 1575 533 1621 et
585 1567 855 1636 particeps
897 1570 1205 1626 constitutis
1234 1571 1357 1626 Filii
1400 1576 1761 1630 communicat
1807 1592 1901 1630 no-

321 1657 468 1710 mine
497 1667 551 1710 et
577 1659 801 1714 honore.
841 1660 1099 1715 Dominus
1130 1663 1421 1718 secundum
1443 1667 1731 1719 essentiam
1759 1667 1899 1720 Deus

321 1744 598 1809 Verbum,
636 1748 723 1801 cui
765 1748 865 1802 iste
907 1750 1224 1818 coniunctus
1265 1753 1468 1808 honore
1512 1756 1892 1811 communicat.

319 1835 386 1889 Et
424 1835 544 1891 ideo
570 1852 745 1906 neque
771 1838 904 1893 duos
935 1839 1072 1896 lilios
1120 1841 1218 1897 hos
1263 1843 1507 1908 dicimus,
1559 1861 1731 1915 neque
1763 1847 1896 1902 duos

316 1925 563 1981 homines
605 1941 618 1980 :
656 1929 781 1997 quia
803 1929 1089 1986 manifesto
1113 1936 1405 1989 constituto
1441 1937 1733 1991 secundum
1775 1939 1899 1994 sub-

315 2017 572 2071 stantiam
612 2018 836 2073 Domino
891 2028 945 2073 et
990 2020 1128 2076 Filio
1164 2022 1604 2091 inseparabilem,
1651 2036 1794 2082 tenet
1829 2031 1897 2083 ad

314 2120 439 2161 eum
470 2109 888 2177 copulationem,
923 2112 1013 2180 qui
1039 2127 1201 2167 causa
1229 2123 1428 2169 nostrae
1462 2116 1652 2172 salutis
1683 2133 1895 2172 assum-

314 2209 440 2268 ptus
470 2197 744 2254 confertur
790 2203 1006 2256 nomine
1044 2211 1097 2257 et
1144 2205 1346 2260 honore
1380 2205 1607 2261 Domino
1644 2215 1698 2262 et
1739 2208 1892 2272 l'ilio,

315 2305 422 2343 non
451 2290 589 2343 sicut
627 2291 993 2361 unusquisque
1036 2302 1277 2350 nostrum
1318 2297 1608 2351 secundum
1659 2300 1895 2368 seipsum

313 2378 640 2433 constitutus
668 2389 752 2434 est
780 2379 967 2436 Filius.
1000 2382 1152 2438 Unde
1179 2392 1232 2440 et
1267 2386 1420 2440 multi
1448 2389 1739 2442 secundum
1771 2391 1897 2444 bea-

315 2477 429 2523 tum
456 2470 683 2525 Paulum
720 2473 952 2527 dicimur
991 2474 1106 2541 lilii,
1147 2479 1238 2531 sed
1262 2477 1409 2532 solus
1442 2481 1770 2548 prmcipuum
1803 2481 1896 2534 ha-

315 2564 449 2617 bens
479 2565 582 2618 hoc
624 2565 766 2633 quod
791 2566 856 2619 ad
881 2566 972 2620 Dei
1007 2567 1170 2622 Verbi
1196 2569 1618 2639 copulationem,
1656 2573 1897 2642 adoptio-

314 2671 441 2709 nem
472 2663 526 2709 et
579 2656 1000 2712 dominationem
1044 2661 1372 2731 participans
1404 2677 1418 2715 :
1455 2661 1635 2717 aufers
1675 2665 1892 2732 quidem

312 2759 530 2797 omnem
564 2744 927 2814 suspicionem
979 2748 1252 2802 dualitatis
1290 2749 1523 2804 ﬁliorum
1564 2759 1618 2805 et
1651 2750 1895 2807 domino-

317 2849 455 2887 rum.
479 2823 739 2890 Przesfato
769 2850 896 2890 vero
917 2837 1073 2891 nobis
1103 2838 1156 2890 in
1179 2839 1569 2907 copulationem
1594 2841 1660 2894 ad
1680 2841 1892 2895 Domini

317 2923 575 2990 Verbum,
599 2925 798 2979 bonam
834 2927 1061 2983 haberet
1101 2928 1268 2998 ipsius
1291 2929 1469 2997 fidem,
1509 2936 1565 2986 et
1594 2932 1893 3003 intelligen-

315 3015 445 3068 tiam
462 3056 477 3080 ,
503 3023 556 3070 et
586 3016 850 3071 theoriam
890 3036 902 3072 :
943 3033 1042 3088 pro
1064 3020 1257 3088 quibus
1280 3030 1334 3076 et
1361 3022 1725 3078 adorationem
1747 3067 1760 3088 ,
1793 3037 1895 3094 per

315 3105 628 3161 relationem
657 3108 752 3163 Dei
798 3110 865 3164 ab
894 3111 1143 3167 omnibus
1197 3115 1360 3183 coepit
1405 3125 1672 3172 creatura.
1715 3117 1890 3174 Unum
1919 3146 1966 3209 ο

312 3196 480 3270 igitur
530 3201 725 3256 Filium
779 3203 1008 3261 dicimus
1046 3215 1100 3260 et
1128 3208 1413 3264 Dominum
1449 3210 1740 3276 Christum,
1797 3230 1894 3284 per

314 3307 472 3362 quem
511 3295 692 3350 omnia
722 3295 861 3351 facta
895 3307 1020 3353 sunt
1051 3315 1065 3353 :
1096 3301 1464 3371 principaliter
1480 3305 1694 3374 quidem
1722 3307 1892 3360 Deum

319 3381 547 3437 Verbum
594 3385 957 3457 intelligentcs
1004 3391 1431 3448 substantialiter
1474 3395 1670 3450 Filium
1709 3397 1801 3452 Dei
1840 3406 1894 3452 et

314 3473 628 3539 Dominum,
668 3478 1042 3547 conspirantes
1074 3489 1255 3536 autem
1284 3494 1620 3554 assumptum
1661 3484 1894 3540 Nazaret

313 3563 536 3634 Morte,
578 3565 760 3623 Jesum
789 3584 819 3622 a
859 3569 1148 3627 Nazareth.
1205 3573 1306 3644 H.]
1351 3589 1507 3642 quem
1555 3577 1709 3629 unxit
1754 3577 1894 3630 Deus

311 3655 505 3723 spiritu
545 3665 599 3710 et
654 3659 881 3722 virtute,
929 3662 1009 3715 sic
1057 3663 1112 3715 in
1150 3663 1312 3717 Verbi
1362 3665 1455 3717 Dei
1497 3666 1890 3733 eopulationem

311 3745 618 3812 adoptionis
652 3747 1066 3816 participantem
1095 3759 1148 3806 et
1183 3753 1581 3820 dominationis,
1619 3757 1708 3826 qui
1733 3765 1787 3811 et
1815 3773 1895 3812 se-

309 3836 522 3890 cundus
547 3836 731 3890 Adam.
775 3859 794 3890 ι

383 3922 510 3978 Ηωο
547 3932 628 3979 est
672 3928 934 3984 sententia
968 3929 1201 3987 Nestorii
1253 3934 1512 4003 haeretici,
1562 3938 1653 4006 qui
1698 3954 1890 4008 purum

308 4012 587 4069 hominem
618 4017 820 4085 absque
853 4018 965 4074 Deo
997 4019 1232 4092 Virginis
1255 4033 1411 4080 utero
1441 4027 1683 4095 genitum
1733 4029 1893 4097 impie

307 4105 608 4159 astruebat.
623 4105 678 4160 In
701 4121 858 4176 quem
881 4109 1154 4166 hominem
1175 4127 1241 4169 ex
1260 4116 1449 4173 eadem
1474 4127 1659 4174 sancta
1675 4119 1894 4190 Virgine

308 4204 650 4263 procreatum
675 4204 728 4250 et
759 4200 1018 4268 genitum,
1047 4211 1169 4272 post
1194 4206 1532 4262 nativitatem
1576 4211 1713 4279 ejus,
1761 4213 1893 4268 Ver-

307 4287 437 4340 bum
463 4281 578 4351 Dei,
607 4287 712 4343 hoc
740 4299 821 4345 est
855 4289 1194 4350 divinitatem
1219 4296 1343 4351 Filii
1389 4299 1504 4364 Dei,
1552 4303 1894 4359 descendisse

307 4383 364 4429 et
391 4375 662 4432 habitasse
687 4392 798 4446 pra:
822 4382 1034 4437 cteteris
1075 4386 1278 4441 sanctis
1307 4387 1650 4457 impudenter
1697 4392 1893 4461 praedi-

2010 576 2170 618 verus
2221 579 2286 618 ac
2307 565 2559 634 proprius
2587 565 2680 619 Dei
2706 565 2894 632 Filius,
2935 567 3002 623 de
3023 583 3132 638 quo
3177 571 3433 640 loquitur,
3477 583 3589 631 tam

2007 672 2105 711 vos
2126 673 2286 727 quam
2311 674 2430 724 nos,
2459 669 2512 714 et
2545 659 2634 714 hic
2656 669 2710 715 et
2734 661 2787 714 in
2818 659 2999 716 futuro
3027 662 3263 719 liberare
3315 666 3585 737 dignetur.

2007 746 2106 800 Cui
2135 763 2257 802 eum
2289 749 2449 803 Patre
2491 751 2544 803 in
2585 752 2792 806 unitate
2839 751 3078 821 Spiritus
3100 756 3274 809 sancti
3304 757 3497 813 similis
3535 770 3590 814 et

2005 837 2296 905 coaequalis
2320 846 2498 894 exstat
2522 839 2707 908 gloria,
2737 851 2864 896 ante
2892 844 3072 897 omnia
3108 846 3322 912 saecula,
3353 856 3408 902 et
3446 865 3590 906 nunc

2006 926 2131 979 etin
2159 927 2276 982 dies
2301 929 2638 983 aeternitatis.

2076 1019 2272 1075 Beatus
2306 1021 2536 1090 denique
2566 1021 2798 1093 Cyrillus
2826 1023 2880 1077 in
2918 1030 3153 1079 tractatu
3180 1041 3278 1081 suo
3316 1027 3457 1082 inter
3481 1029 3588 1084 alia

2007 1109 2079 1163 ita
2119 1112 2249 1166 dicit
2280 1125 2295 1164 :
2339 1129 2358 1162 ι
2395 1111 2510 1167 lmo
2547 1113 2780 1167 multum
2815 1114 3044 1169 interest
3091 1123 3148 1170 et
3193 1116 3593 1186 incomparabi-

2004 1197 2144 1253 libus
2165 1197 2480 1254 diti‘erentiis
2505 1201 2690 1271 gloria:
2714 1209 2768 1255 et
2797 1203 3102 1257 eminentius
3148 1204 3444 1260 Salvatoris
3490 1221 3598 1264 no-

2003 1291 2100 1345 stri
2152 1291 2522 1357 munimentis,
2581 1306 2644 1347 ea
2693 1307 2812 1362 quae
2857 1304 3042 1349 nostra
3086 1303 3230 1351 sunt.
3288 1297 3394 1352 Nos
3442 1301 3586 1354 enim

2003 1379 2186 1434 famuli
2217 1396 2402 1436 sumus
2424 1400 2436 1435 :
2461 1381 2551 1438 ille
2573 1399 2702 1440 vero
2724 1388 3050 1442 naturaliter
3061 1389 3322 1444 Dominus
3345 1399 3400 1445 et
3419 1391 3584 1454 Deus,

2003 1470 2128 1524 licet
2169 1469 2341 1525 factus
2367 1472 2437 1526 sit
2461 1475 2760 1537 nobiscum,
2796 1484 2850 1530 et
2891 1476 2946 1530 in
2979 1477 3064 1532 his
3091 1494 3210 1547 qua:
3236 1488 3361 1534 sunt
3399 1490 3585 1535 nostra

2001 1560 2380 1630 dispensative.
2421 1562 2688 1620 Praaterea
2731 1573 2786 1620 et
2827 1568 3017 1622 beatus
3061 1567 3260 1624 Paulus
3301 1569 3579 1626 Christum

1999 1665 2122 1704 eum
2153 1653 2449 1706 nominavit
2473 1663 2527 1708 et
2555 1656 2738 1719 Deum,
2773 1656 2847 1711 ita
2879 1657 3064 1714 dicens
3098 1679 3110 1714 :
3153 1659 3354 1715 Scitote
3398 1679 3585 1733 cogno-

1999 1750 2195 1794 scentes
2217 1746 2342 1811 quia
2370 1746 2536 1798 omnis
2585 1745 2892 1814 fornicator,
2933 1758 3061 1813 etc.,
3106 1767 3208 1804 non
3237 1752 3388 1806 habet
3419 1754 3584 1808 Ita'rc-

1927 1813 1970 1873 Β
2000 1832 2215 1886 ditatem
2259 1833 2315 1886 in
2375 1850 2530 1904 regno
2579 1813 2775 1890 Christi
2822 1847 2870 1890 et
2925 1837 3017 1892 Dei
3057 1839 3271 1909 (Ephes.
3302 1841 3379 1912 γ).
3421 1841 3606 1898 Solus

2000 1933 2182 1978 autem
2203 1924 2452 1980 Christus
2473 1928 2634 1980 etiam
2663 1928 2802 1983 Deus
2824 1944 2969 1996 vere,
3002 1933 3095 2001 qui
3129 1931 3448 1987 Emmanuel
3478 1944 3582 1990 est.

1997 2013 2212 2069 Etenim
2247 2031 2346 2070 nos
2381 2031 2480 2084 per
2501 2018 2726 2087 gratiam
2778 2019 2892 2082 Dei,
2928 2029 3300 2076 verumtamen
3345 2037 3454 2077 non
3503 2023 3581 2079 ita

1997 2105 2140 2160 Deus
2167 2105 2353 2172 Filius,
2383 2109 2475 2162 sed
2505 2117 2696 2162 natura
2736 2111 2905 2180 magis
2941 2121 2995 2167 et
3021 2113 3264 2178 veritate,
3304 2114 3427 2170 licet
3455 2129 3585 2172 caro

1991 2196 2068 2249 sit
2099 2194 2292 2252 factus.
2342 2217 2360 2249 ι

2066 2286 2195 2339 item
2226 2288 2340 2355 ipse
2365 2289 2420 2342 in
2454 2289 2640 2344 eodem
2668 2301 2900 2348 tractatu
2921 2303 3042 2364 post
3063 2296 3256 2366 aliqua
3293 2297 3366 2350 ita
3395 2296 3532 2352 dixit
3559 2313 3575 2351 :

2002 2397 2020 2429 ι
2054 2377 2332 2444 Quomodo
2359 2382 2608 2449 proprius
2649 2383 2742 2438 Dei
2789 2383 2958 2439 Filius
2981 2387 3293 2441 nominatus
3317 2394 3397 2442 est
3425 2385 3582 2442 Chri-

1996 2477 2131 2534 stus,
2158 2470 2441 2538 quietiam
2487 2472 2716 2528 traditus
2755 2485 2838 2529 est
2880 2491 2908 2530 a
2941 2477 3050 2531 Deo
3099 2486 3154 2531 et
3188 2476 3366 2544 Patre,
3415 2493 3578 2533 causa

1995 2561 2236 2613 omnium
2268 2561 2458 2614 salutis
2493 2571 2546 2616 et
2571 2563 2714 2617 vitm.
2759 2563 3014 2620 Traditus
3058 2574 3142 2621 est
3171 2569 3314 2621 enim
3357 2576 3580 2636 propter

1994 2657 2215 2718 peccata
2245 2661 2445 2713 nostra,
2485 2659 2539 2705 et
2575 2652 2687 2722 ipse.
2715 2653 3033 2723 iniquitates
3067 2655 3358 2711 multorum
3398 2664 3579 2723 porta-

1994 2738 2073 2792 vit
2127 2738 2180 2792 in
2230 2754 2456 2809 corpore
2504 2757 2620 2802 suo,
2661 2742 2713 2796 in
2751 2743 2911 2813 ligno,
2959 2744 3252 2799 secundum
3301 2746 3580 2815 propheta:

1994 2842 2180 2883 vocem
2204 2828 2337 2900 (Isa.
2366 2827 2492 2896 un;
2522 2830 2552 2884 Ι
2579 2831 2696 2885 Pet.
2720 2836 2805 2900 ιι).
2831 2835 3015 2889 Palam
3042 2850 3171 2905 ergo
3199 2844 3282 2888 est
3308 2836 3433 2903 quia
3456 2835 3578 2890 uni-

1995 2920 2125 2974 tatis
2146 2934 2234 2975 res
2254 2930 2525 2992 assumpta
2545 2925 2850 2978 necessarie
2876 2925 3153 2994 proprium
3180 2925 3377 2979 Filium
3399 2925 3577 2982 decla-

1996 3012 2136 3066 ravit
2163 3011 2277 3080 Dei,
2322 3014 2413 3082 qui
2456 3029 2523 3070 ex
2567 3025 2754 3071 sancta
2790 3018 3012 3089 Virgine
3047 3028 3149 3075 est.
3179 3019 3386 3090 Corpus
3429 3021 3580 3075 enim.

1996 3111 2114 3155 erat
2174 3117 2281 3157 non
2336 3103 2556 3159 alterius
2602 3105 2901 3176 cujuspiam
2956 3109 3254 3164 secundum
3310 3126 3428 3176 nos,
3481 3114 3577 3167 sed
3599 3141 3606 3152 κ

1997 3193 2168 3262 magis
2218 3195 2493 3263 proprium
2531 3211 2596 3252 ex
2639 3197 2800 3254 Patre
2833 3200 3116 3256 existentis
3157 3201 3335 3264 Verbi,
3391 3210 3576 3257 natum
3664 3238 3672 3245 -

1994 3299 2060 3338 ex
2098 3300 2182 3338 ea.
2233 3307 2250 3336 ι

2062 3376 2192 3431 Item
2223 3380 2336 3448 ipse
2366 3389 2486 3449 post
2513 3383 2788 3451 paululum
2815 3393 3003 3439 contra
3029 3385 3333 3442 Nestorium
3361 3408 3374 3442 :
3409 3410 3426 3440 ς
3453 3391 3575 3446 Sic-

1993 3477 2053 3520 ut
2087 3466 2229 3520 enim
2267 3469 2318 3521 in
2359 3468 2530 3523 Adam
2556 3486 2745 3526 omnes
2772 3473 3050 3540 morimur,
3085 3477 3163 3532 sic
3187 3486 3241 3532 et
3267 3478 3321 3531 in
3359 3479 3586 3536 Christo

1992 3571 2183 3609 omnes
2207 3556 2540 3612 vivificamur
2563 3558 2616 3631 (I
2635 3559 2755 3629 Cer.
2775 3561 2887 3633 xv).
2909 3561 2966 3617 Si
2995 3565 3140 3620 enim
3169 3583 3274 3622 non
3299 3577 3572 3638 pateretur

1994 3648 2226 3701 humane
2249 3662 2347 3715 pro
2363 3648 2538 3714 nobis,
2558 3665 2729 3719 neque
2742 3662 3057 3720 operaretur
3073 3657 3252 3711 divine
3267 3674 3386 3727 quae
3400 3662 3467 3716 ad
3489 3678 3571 3717 sa-

1994 3737 2157 3791 lutem
2176 3746 2318 3792 sunt.
2337 3739 2542 3793 Dicitur
2556 3743 2699 3795 enim
2720 3743 2872 3809 prius
2892 3745 3107 3814 quidem
3132 3750 3284 3813 mori,
3302 3759 3359 3804 ut
3378 3753 3536 3809 homo
3554 3769 3568 3807 :

1992 3828 2320 3884 reviviscere
2373 3839 2549 3885 autem
2604 3843 2811 3903 postea,
2841 3851 2906 3890 eo
2947 3838 3090 3906 quod
3134 3840 3204 3894 sit
3257 3843 3576 3899 naturaliter

1994 3920 2154 3975 Deus.
2189 3919 2245 3974 Si
2267 3922 2428 3992 igitur
2451 3939 2556 3978 non
2583 3933 2664 3980 est
2696 3942 2887 3996 passus
2917 3928 3054 3982 mori
3091 3945 3253 3985 carne
3280 3934 3576 3990 secundum

1997 4009 2326 4079 Scripturas,
2375 4029 2550 4082 neque
2589 4015 2894 4072 viviﬁcatur
2942 4018 3150 4088 spiritu,
3195 4021 3298 4078 hoc
3339 4032 3423 4078 est
3467 4041 3574 4082 non

1993 4101 2209 4156 revixit.
2243 4103 2312 4157 Et
2340 4104 2386 4158 si
2418 4103 2522 4158 hoc
2557 4112 2641 4160 est
2681 4121 2889 4172 verum,
2918 4124 3053 4163 vana
3079 4120 3163 4166 est
3191 4111 3322 4168 fides
3365 4123 3573 4181 nostra,

1994 4193 2170 4249 adhuc
2213 4209 2401 4250 sumus
2456 4195 2508 4249 in
2556 4198 2792 4264 peccatis
2842 4200 3064 4255 nostris.
3116 4201 3383 4271 Baptizati
3429 4207 3574 4261 enim

1994 4297 2181 4339 sumus
2217 4285 2272 4339 in
2294 4295 2521 4340 mortem
2545 4285 2682 4353 ejus,
2715 4289 3010 4343 secundum
3041 4290 3185 4345 beati
3213 4289 3363 4346 Pauli
3387 4309 3574 4350 vocem

1995 4374 2174 4445 (Rom.
2202 4373 2304 4445 γι),
2329 4384 2386 4429 et
2406 4375 2781 4430 remissionem
2798 4385 3143 4444 peccatorum
3167 4369 3457 4435 habuimus
3475 4397 3574 4450 per

308 4465 488 4519 cabat.
538 4467 606 4521 Et
625 4469 694 4523 ob
719 4469 841 4535 hoc,
898 4473 1036 4528 sicut
1064 4475 1117 4528 in
1140 4473 1357 4532 Christo
1384 4479 1521 4535 duas
1544 4489 1785 4547 naturas,
1815 4483 1888 4537 ita
1919 4493 1973 4553 ι)
1997 4465 2314 4534 sanguine!“
2365 4463 2503 4532 eius-
2548 4465 2654 4518 Sed
2683 4467 2727 4520 Si
2755 4475 2838 4521 εει
2885 4469 3136 4523 (Πινίειυδ
3180 4483 3354 4539 neque
3404 4472 3577 4530 Filius

309 4564 364 4611 et
411 4556 545 4614 duas
588 4568 848 4628 personas
902 4564 958 4618 in
1019 4582 1084 4621 eo
1132 4568 1266 4624 satis
1325 4569 1568 4639 improbe
1617 4571 1892 4628 vindicare

309 4655 681 4710 contendebat.
712 4656 820 4714 Nos
865 4674 994 4714 vero
1023 4659 1140 4730 ejus
1176 4663 1506 4733 impietatem
1535 4668 1895 4722 anathemati-

309 4749 514 4808 zantes,
547 4747 791 4814 quasdam
821 4751 1129 4806 testimonia
1160 4768 1226 4808 ex
1257 4753 1410 4808 libris
1431 4762 1744 4810 sanctorum
1792 4756 1895 4812 Pa-

310 4841 476 4899 trum,
506 4848 642 4904 quos
664 4837 904 4895 Ecclesia
931 4843 1310 4899 venerabiliter
1348 4845 1558 4915 recipit,
1603 4847 1894 4918 decerpen-

309 4932 410 4988 tes,
440 4926 566 4981 huic
572 4929 829 5016 ‘epistolae
851 4934 1240 5001 subnectimus,
1268 4949 1366 5006 per
1389 4954 1509 5008 qua:
1535 4955 1634 4995 nos
1659 4941 1732 4995 ad
1749 4942 1891 4998 viam

305 5017 556 5072 veritatis
576 5027 697 5089 post
719 5023 1008 5090 pristinum
1025 5041 1270 5083 errorem
1292 5035 1537 5084 n'ostrum
1561 5032 1764 5087 reversi
1804 5049 1894 5088 su-

308 5122 451 5173 mus,
482 5111 636 5166 vobis
662 5114 850 5168 subter
877 5115 1170 5186 ascriptam
1190 5118 1488 5176 direximus
1514 5137 1530 5176 :
1557 5139 1652 5193 per
1678 5140 1798 5194 qua:
1839 5134 1895 5180 et

309 5215 408 5256 vos
429 5201 496 5258 de
523 5202 668 5260 dicta
695 5206 994 5263 intentione
1014 5210 1297 5267 veritatem
1327 5212 1450 5268 ﬁdei
1488 5215 1702 5284 plenius
1727 5233 1894 5288 agno-

310 5304 464 5346 scere
492 5295 738 5362 potestis,
769 5305 825 5351 et
853 5299 917 5351 ad
940 5308 1147 5352 rectum
1181 5301 1452 5355 tramitem
1497 5303 1618 5358 fidei
1671 5307 1888 5360 reverti.

309 5377 513 5438 Contra
563 5398 698 5453 quas
747 5389 1044 5444 sententias
1081 5387 1302 5444 Patrum
1349 5391 1694 5458 dissentiens,
1736 5395 1896 5452 aliter

311 5487 474 5542 quam
523 5475 640 5532 illas
686 5476 892 5550 [Ροηῆ
932 5481 1022 5549 qui
1067 5481 1224 5537 aliter
1263 5499 1425 5553 quam
1469 5486 1594 5542 illa).
1640 5487 1738 5561 H.]
1794 5506 1894 5547 nos

311 5566 606 5624 informant
628 5572 852 5628 credere
871 5580 963 5626 aut
984 5574 1178 5631 docere
1196 5577 1444 5644 voluerit,
1471 5589 1526 5635 et
1551 5581 1892 5650 adoptionem

311 5670 366 5712 et
423 5661 874 5731 nuncupationem
925 5663 978 5717 in
1010 5680 1173 5720 carne
1215 5666 1510 5725 Salvatoris
1552 5669 1760 5743 [SuppL
1801 5676 1892 5744 qui

316 5750 392 5804 rel
425 5750 687 5822 quisquis.
720 5746 821 5821 11.]
848 5757 1069 5812 credere
1103 5757 1184 5811 vel
1211 5759 1503 5828 praedicare
1541 5777 1893 5835 pricsumpse-

1994 4569 2139 4618 vere,
2166 4567 2339 4623 neque
2362 4553 2678 4607 naturaliter
2719 4555 2878 4618 Deus,
2935 4558 3026 4612 sed
3072 4558 3234 4614 homo
3282 4577 3450 4630 purus
3492 4578 3586 4617 sc-~

1992 4642 2229 4698 cundum
2253 4660 2372 4709 nos,
2395 4651 2450 4698 et
2477 4643 2776 4700 divinitatis
2796 4660 3059 4716 organum
3089 4665 3102 4702 :
3137 4647 3328 4705 salvati
3355 4651 3572 4721 quidem

1992 4751 2178 4792 sumus
2212 4751 2319 4789 non
2342 4735 2397 4789 in
2435 4735 2545 4789 Deo
2580 4736 2994 4804 quodammodo,
3028 4739 3122 4792 sed
3151 4739 3202 4793 in
3246 4757 3356 4796 uno
3403 4742 3575 4811 magis

1993 4825 2285 4879 secundum
2311 4840 2407 4879 nos
2441 4825 2704 4880 moriente
2728 4839 2826 4895 pro
2855 4827 3028 4893 nobis,
3061 4837 3115 4882 et
3140 4831 3430 4886 virtutibus
3451 4832 3576 4886 alic-

1993 4915 2445 4971 nisresuscitato.
2490 4914 2768 4982 Quomodo
2803 4933 2931 4988 ergo
2971 4919 3244 4975 destructa
3301 4930 3386 4976 est
3427 4938 3576 4979 mors

1991 5025 2087 5080 per
2110 5008 2418 5064 Christum?
2447 5028 2467 5062 ι
2497 5009 2565 5062 Et
2606 5008 2768 5063 infra.
2803 5027 2822 5060 ‹
2859 5009 3098 5066 Colimus
3121 5019 3302 5068 autem
3323 5029 3431 5068 non
3479 5015 3575 5069 ho-

1991 5100 2190 5154 minem
2210 5114 2428 5170 purum,
2457 5102 2614 5166 absit,
2663 5101 2756 5156 sed
2789 5101 2959 5157 Deum
3006 5103 3185 5173 potius
3229 5103 3570 5172 naturaliter,

1993 5205 2100 5244 non
2133 5191 2444 5261 ignorantes
2469 5189 2585 5259 ejus
2609 5191 2862 5263 gloriam,
2899 5192 3025 5248 licet
3049 5191 3227 5250 factus
3269 5196 3342 5251 sit
3383 5211 3574 5253 secun-

1989 5284 2121 5339 dum
2161 5299 2280 5340 nos.
2321 5303 2340 5337 ι
3507 5327 3512 5332 .

2061 5377 2194 5433 Item
2252 5378 2398 5432 beati
2441 5377 2686 5448 Gregorii
2737 5392 2890 5450 papae
2946 5382 3096 5436 urbis
3147 5382 3332 5439 Romae
3381 5399 3578 5455 suaper

1995 5469 2196 5544 [ποι-ιε,
2248 5484 2428 5541 super.
2460 5468 2560 5542 H.]
2603 5471 2860 5526 Moralia:
2897 5491 2916 5526 ε
2955 5473 3194 5544 Eratque
3225 5476 3314 5532 ille
3355 5478 3438 5532 vir
3467 5493 3576 5533 ma-

1994 5578 2130 5631 gnus
2160 5562 2304 5617 inter
2332 5576 2522 5617 omnes
2547 5560 2868 5618 Orientales.
2897 5561 3117 5629 Omnes,
3160 5568 3354 5637 inquit,
3381 5569 3474 5637 qui
3520 5569 3573 5623 in

1996 5653 2138 5714 hunc
2163 5650 2435 5707 Orientem
2466 5653 2569 5708 ﬁde
2587 5654 2731 5723 pleni
2755 5658 3078 5723 consistunt,
3105 5669 3250 5715 recte
3271 5658 3589 5716 Orientales

1996 5751 2276 5800 vocantur.
2331 5743 2436 5800 Sed
2485 5745 2612 5815 quia
2659 5761 2850 5804 omnes
2898 5749 3162 5816 homines,
3205 5748 3599 5807 tantummodo
