  <div class='ocr_page' id='page_1' title='image "/cluster/home/n/w/nwhite01/storage/ocr_20150623/96/hvd.32044052819901/449.png"; bbox 0 0 4028 6176; ppageno 0'>
   <div class='ocr_carea' id='block_1_1' title="bbox 482 321 586 378">
    <p class='ocr_par' dir='ltr' id='par_1_1' title="bbox 482 321 586 378">
     <span class='ocr_line' id='line_1_1' title="bbox 482 321 586 378; baseline -0.038 0"><span class='ocrx_word' id='word_1_1' title='bbox 482 321 586 378; x_wconf 78' lang='lat'><strong>887</strong></span> 
     </span>
    </p>
   </div>
   <div class='ocr_carea' id='block_1_2' title="bbox 1294 317 2913 388">
    <p class='ocr_par' dir='ltr' id='par_1_2' title="bbox 1294 317 2913 388">
     <span class='ocr_line' id='line_1_2' title="bbox 1294 317 2913 388; baseline -0.002 -13"><span class='ocrx_word' id='word_1_2' title='bbox 1294 321 1699 388; x_wconf 78' lang='lat' dir='ltr'><strong>ELlPANDUS,</strong></span> <span class='ocrx_word' id='word_1_3' title='bbox 1740 319 1965 383; x_wconf 72' lang='lat' dir='ltr'><strong>FELIX,</strong></span> <span class='ocrx_word' id='word_1_4' title='bbox 2008 318 2354 375; x_wconf 79' lang='lat' dir='ltr'><strong>llETERlUS</strong></span> <span class='ocrx_word' id='word_1_5' title='bbox 2391 319 2478 374; x_wconf 87' lang='lat' dir='ltr'><strong>ET</strong></span> <span class='ocrx_word' id='word_1_6' title='bbox 2517 320 2574 374; x_wconf 89' lang='lat' dir='ltr'><strong>S.</strong></span> <span class='ocrx_word' id='word_1_7' title='bbox 2619 317 2913 374; x_wconf 82' lang='lat' dir='ltr'><strong>BEATUS.</strong></span> 
     </span>
    </p>
   </div>
   <div class='ocr_carea' id='block_1_3' title="bbox 3619 313 3721 374">
    <p class='ocr_par' dir='ltr' id='par_1_3' title="bbox 3619 313 3721 374">
     <span class='ocr_line' id='line_1_3' title="bbox 3619 313 3721 374; baseline 0.02 -2"><span class='ocrx_word' id='word_1_8' title='bbox 3619 313 3721 374; x_wconf 79' lang='lat'><strong>888</strong></span> 
     </span>
    </p>
   </div>
   <div class='ocr_carea' id='block_1_4' title="bbox 483 425 3728 502">
    <p class='ocr_par' dir='ltr' id='par_1_4' title="bbox 483 425 3728 502">
     <span class='ocr_line' id='line_1_4' title="bbox 483 425 3728 502; baseline -0.001 -16"><span class='ocrx_word' id='word_1_9' title='bbox 483 431 752 496; x_wconf 85' lang='lat' dir='ltr'><strong>homines,</strong></span> <span class='ocrx_word' id='word_1_10' title='bbox 801 433 914 502; x_wconf 92' lang='lat' dir='ltr'><strong>ipse</strong></span> <span class='ocrx_word' id='word_1_11' title='bbox 966 439 1147 486; x_wconf 88' lang='lat' dir='ltr'><strong>autem</strong></span> <span class='ocrx_word' id='word_1_12' title='bbox 1181 431 1362 487; x_wconf 87' lang='lat' dir='ltr'><strong>oriens</strong></span> <span class='ocrx_word' id='word_1_13' title='bbox 1399 433 1542 488; x_wconf 86' lang='lat' dir='ltr'><strong>Deus</strong></span> <span class='ocrx_word' id='word_1_14' title='bbox 1575 441 1630 488; x_wconf 90' lang='lat' dir='ltr'><strong>et</strong></span> <span class='ocrx_word' id='word_1_15' title='bbox 1679 433 1860 496; x_wconf 89' lang='lat' dir='ltr'><strong>homo,</strong></span> <span class='ocrx_word' id='word_1_16' title='bbox 1908 438 2054 486; x_wconf 86' lang='lat' dir='ltr'><strong>recte</strong></span> <span class='ocrx_word' id='word_1_17' title='bbox 2083 438 2131 496; x_wconf 70' lang='grc' dir='ltr'><strong>Α</strong></span> <span class='ocrx_word' id='word_1_18' title='bbox 2157 447 2395 496; x_wconf 88' lang='lat' dir='ltr'><strong>carnem,</strong></span> <span class='ocrx_word' id='word_1_19' title='bbox 2418 440 2471 485; x_wconf 89' lang='lat' dir='ltr'><strong>et</strong></span> <span class='ocrx_word' id='word_1_20' title='bbox 2495 431 2796 497; x_wconf 83' lang='lat' dir='ltr'><strong>confusam,</strong></span> <span class='ocrx_word' id='word_1_21' title='bbox 2822 439 2915 485; x_wconf 93' lang='lat' dir='ltr'><strong>aut</strong></span> <span class='ocrx_word' id='word_1_22' title='bbox 2966 427 3278 500; x_wconf 87' lang='lat' dir='ltr'><strong>passibilem</strong></span> <span class='ocrx_word' id='word_1_23' title='bbox 3307 425 3519 482; x_wconf 84' lang='lat' dir='ltr'><strong>Domini</strong></span> <span class='ocrx_word' id='word_1_24' title='bbox 3561 426 3728 484; x_wconf 80' lang='lat' dir='ltr'><strong>deita-</strong></span> 
     </span>
    </p>
   </div>
   <div class='ocr_carea' id='block_1_5' title="bbox 485 520 2060 590">
    <p class='ocr_par' dir='ltr' id='par_1_5' title="bbox 485 520 2060 590">
     <span class='ocr_line' id='line_1_5' title="bbox 485 520 2060 590; baseline -0.002 -13"><span class='ocrx_word' id='word_1_25' title='bbox 485 523 686 577; x_wconf 89' lang='lat' dir='ltr'><strong>dicitur</strong></span> <span class='ocrx_word' id='word_1_26' title='bbox 728 540 741 575; x_wconf 89' lang='lat'><strong>:</strong></span> <span class='ocrx_word' id='word_1_27' title='bbox 795 522 924 576; x_wconf 85' lang='lat' dir='ltr'><strong>Erat</strong></span> <span class='ocrx_word' id='word_1_28' title='bbox 958 537 1184 590; x_wconf 86' lang='lat' dir='ltr'><strong>magnus</strong></span> <span class='ocrx_word' id='word_1_29' title='bbox 1217 523 1360 576; x_wconf 88' lang='lat' dir='ltr'><strong>inter</strong></span> <span class='ocrx_word' id='word_1_30' title='bbox 1396 537 1585 578; x_wconf 90' lang='lat' dir='ltr'><strong>omnes</strong></span> <span class='ocrx_word' id='word_1_31' title='bbox 1619 521 1939 578; x_wconf 78' lang='lat' dir='ltr'><strong>Orientales.</strong></span> <span class='ocrx_word' id='word_1_32' title='bbox 1982 520 2060 574; x_wconf 87' lang='lat' dir='ltr'><strong>Ac</strong></span> 
     </span>
    </p>
   </div>
   <div class='ocr_carea' id='block_1_6' title="bbox 485 612 2054 682">
    <p class='ocr_par' dir='ltr' id='par_1_6' title="bbox 485 612 2054 682">
     <span class='ocr_line' id='line_1_6' title="bbox 485 612 2054 682; baseline -0.001 -15"><span class='ocrx_word' id='word_1_33' title='bbox 485 614 530 667; x_wconf 87' lang='lat' dir='ltr'><strong>si</strong></span> <span class='ocrx_word' id='word_1_34' title='bbox 561 623 744 682; x_wconf 89' lang='lat' dir='ltr'><strong>aperte</strong></span> <span class='ocrx_word' id='word_1_35' title='bbox 771 614 1042 667; x_wconf 77' lang='lat' dir='ltr'><strong>diceretur</strong></span> <span class='ocrx_word' id='word_1_36' title='bbox 1075 631 1086 666; x_wconf 91' lang='lat'><strong>:</strong></span> <span class='ocrx_word' id='word_1_37' title='bbox 1137 612 1336 668; x_wconf 80' lang='lat' dir='ltr'><strong>Omnes</strong></span> <span class='ocrx_word' id='word_1_38' title='bbox 1359 615 1450 682; x_wconf 88' lang='lat' dir='ltr'><strong>qui</strong></span> <span class='ocrx_word' id='word_1_39' title='bbox 1475 614 1528 667; x_wconf 92' lang='lat' dir='ltr'><strong>in</strong></span> <span class='ocrx_word' id='word_1_40' title='bbox 1553 615 1656 668; x_wconf 82' lang='lat' dir='ltr'><strong>ﬁde</strong></span> <span class='ocrx_word' id='word_1_41' title='bbox 1693 614 1803 667; x_wconf 91' lang='lat' dir='ltr'><strong>Deo</strong></span> <span class='ocrx_word' id='word_1_42' title='bbox 1830 628 2054 667; x_wconf 87' lang='lat' dir='ltr'><strong>nascun-</strong></span> 
     </span>
    </p>
   </div>
   <div class='ocr_carea' id='block_1_7' title="bbox 486 705 2061 774">
    <p class='ocr_par' dir='ltr' id='par_1_7' title="bbox 486 705 2061 774">
     <span class='ocr_line' id='line_1_7' title="bbox 486 705 2061 774; baseline -0.001 -16"><span class='ocrx_word' id='word_1_43' title='bbox 486 715 574 758; x_wconf 89' lang='lat' dir='ltr'><strong>tur</strong></span> <span class='ocrx_word' id='word_1_44' title='bbox 596 714 830 772; x_wconf 80' lang='lat' dir='ltr'><strong>superat,</strong></span> <span class='ocrx_word' id='word_1_45' title='bbox 855 706 980 774; x_wconf 90' lang='lat' dir='ltr'><strong>quia</strong></span> <span class='ocrx_word' id='word_1_46' title='bbox 1017 721 1122 758; x_wconf 91' lang='lat' dir='ltr'><strong>non</strong></span> <span class='ocrx_word' id='word_1_47' title='bbox 1152 714 1206 758; x_wconf 93' lang='lat' dir='ltr'><strong>ut</strong></span> <span class='ocrx_word' id='word_1_48' title='bbox 1229 715 1454 759; x_wconf 60' lang='grc' dir='ltr'><strong>(χειρί-οε</strong></span> <span class='ocrx_word' id='word_1_49' title='bbox 1480 705 1714 772; x_wconf 77' lang='lat' dir='ltr'><strong>adoptio,</strong></span> <span class='ocrx_word' id='word_1_50' title='bbox 1750 705 1843 758; x_wconf 89' lang='lat' dir='ltr'><strong>sed</strong></span> <span class='ocrx_word' id='word_1_51' title='bbox 1869 714 2061 758; x_wconf 91' lang='lat' dir='ltr'><strong>natura</strong></span> 
     </span>
    </p>
   </div>
   <div class='ocr_carea' id='block_1_8' title="bbox 483 794 2058 862">
    <p class='ocr_par' dir='ltr' id='par_1_8' title="bbox 483 794 2058 862">
     <span class='ocr_line' id='line_1_8' title="bbox 483 794 2058 862; baseline -0.002 -13"><span class='ocrx_word' id='word_1_52' title='bbox 483 795 634 850; x_wconf 90' lang='lat' dir='ltr'><strong>illum</strong></span> <span class='ocrx_word' id='word_1_53' title='bbox 661 796 961 850; x_wconf 82' lang='lat' dir='ltr'><strong>divinitatis</strong></span> <span class='ocrx_word' id='word_1_54' title='bbox 988 796 1209 850; x_wconf 77' lang='lat' dir='ltr'><strong>exaltat.</strong></span> <span class='ocrx_word' id='word_1_55' title='bbox 1248 816 1265 846; x_wconf 71' lang='grc' dir='ltr'><strong>ι</strong></span> <span class='ocrx_word' id='word_1_56' title='bbox 1299 796 1364 848; x_wconf 88' lang='lat' dir='ltr'><strong>Et</strong></span> <span class='ocrx_word' id='word_1_57' title='bbox 1393 809 1578 849; x_wconf 81' lang='lat' dir='ltr'><strong>rursus</strong></span> <span class='ocrx_word' id='word_1_58' title='bbox 1605 794 1732 848; x_wconf 88' lang='lat' dir='ltr'><strong>alibi</strong></span> <span class='ocrx_word' id='word_1_59' title='bbox 1753 794 1895 848; x_wconf 87' lang='lat' dir='ltr'><strong>idem</strong></span> <span class='ocrx_word' id='word_1_60' title='bbox 1919 795 2058 862; x_wconf 89' lang='lat' dir='ltr'><strong>ipse:</strong></span> 
     </span>
    </p>
   </div>
   <div class='ocr_carea' id='block_1_9' title="bbox 443 867 2064 954">
    <p class='ocr_par' dir='ltr' id='par_1_9' title="bbox 443 867 2064 954">
     <span class='ocr_line' id='line_1_9' title="bbox 443 867 2064 954; baseline 0.001 -17"><span class='ocrx_word' id='word_1_61' title='bbox 488 903 508 937; x_wconf 69' lang='grc' dir='ltr'><strong>ι</strong></span> <span class='ocrx_word' id='word_1_62' title='bbox 551 885 690 952; x_wconf 84' lang='lat' dir='ltr'><strong>Quia</strong></span> <span class='ocrx_word' id='word_1_63' title='bbox 739 886 916 940; x_wconf 90' lang='lat' dir='ltr'><strong>omnis</strong></span> <span class='ocrx_word' id='word_1_64' title='bbox 963 886 1124 939; x_wconf 82' lang='lat' dir='ltr'><strong>homo</strong></span> <span class='ocrx_word' id='word_1_65' title='bbox 1180 885 1550 939; x_wconf 87' lang='lat' dir='ltr'><strong>tantummodo</strong></span> <span class='ocrx_word' id='word_1_66' title='bbox 1593 885 1754 938; x_wconf 90' lang='lat' dir='ltr'><strong>homo</strong></span> <span class='ocrx_word' id='word_1_67' title='bbox 1794 894 1897 948; x_wconf 83' lang='lat' dir='ltr'><strong>est,</strong></span> <span class='ocrx_word' id='word_1_68' title='bbox 1951 886 2064 954; x_wconf 84' lang='lat' dir='ltr'><strong>ipse</strong></span> 
     </span>
    </p>
   </div>
   <div class='ocr_carea' id='block_1_10' title="bbox 485 975 2062 1039">
    <p class='ocr_par' dir='ltr' id='par_1_10' title="bbox 485 975 2062 1039">
     <span class='ocr_line' id='line_1_10' title="bbox 485 975 2062 1039; baseline 0 -9"><span class='ocrx_word' id='word_1_69' title='bbox 485 984 665 1030; x_wconf 85' lang='lat' dir='ltr'><strong>autem</strong></span> <span class='ocrx_word' id='word_1_70' title='bbox 709 976 848 1030; x_wconf 88' lang='lat' dir='ltr'><strong>Deus</strong></span> <span class='ocrx_word' id='word_1_71' title='bbox 895 983 948 1030; x_wconf 92' lang='lat' dir='ltr'><strong>et</strong></span> <span class='ocrx_word' id='word_1_72' title='bbox 982 976 1162 1030; x_wconf 83' lang='lat' dir='ltr'><strong>homo.</strong></span> <span class='ocrx_word' id='word_1_73' title='bbox 1215 975 1273 1029; x_wconf 88' lang='lat' dir='ltr'><strong>lu</strong></span> <span class='ocrx_word' id='word_1_74' title='bbox 1313 984 1456 1030; x_wconf 86' lang='lat' dir='ltr'><strong>terra</strong></span> <span class='ocrx_word' id='word_1_75' title='bbox 1486 975 1535 1028; x_wconf 91' lang='lat' dir='ltr'><strong>ei</strong></span> <span class='ocrx_word' id='word_1_76' title='bbox 1564 975 1756 1029; x_wconf 88' lang='lat' dir='ltr'><strong>similis</strong></span> <span class='ocrx_word' id='word_1_77' title='bbox 1806 991 1912 1030; x_wconf 89' lang='lat' dir='ltr'><strong>non</strong></span> <span class='ocrx_word' id='word_1_78' title='bbox 1959 985 2062 1039; x_wconf 89' lang='lat' dir='ltr'><strong>est,</strong></span> 
     </span>
    </p>
   </div>
   <div class='ocr_carea' id='block_1_11' title="bbox 484 1063 2066 1134">
    <p class='ocr_par' dir='ltr' id='par_1_11' title="bbox 484 1063 2066 1134">
     <span class='ocr_line' id='line_1_11' title="bbox 484 1063 2066 1134; baseline 0.001 -18"><span class='ocrx_word' id='word_1_79' title='bbox 484 1081 610 1134; x_wconf 83' lang='lat' dir='ltr'><strong>quia</strong></span> <span class='ocrx_word' id='word_1_80' title='bbox 653 1065 756 1118; x_wconf 90' lang='lat' dir='ltr'><strong>etsi</strong></span> <span class='ocrx_word' id='word_1_81' title='bbox 804 1064 1086 1133; x_wconf 82' lang='lat' dir='ltr'><strong>adoptivus</strong></span> <span class='ocrx_word' id='word_1_82' title='bbox 1123 1065 1352 1134; x_wconf 90' lang='lat' dir='ltr'><strong>quisque</strong></span> <span class='ocrx_word' id='word_1_83' title='bbox 1398 1063 1540 1118; x_wconf 82' lang='lat' dir='ltr'><strong>[ilius</strong></span> <span class='ocrx_word' id='word_1_84' title='bbox 1568 1065 1635 1118; x_wconf 88' lang='lat' dir='ltr'><strong>ad</strong></span> <span class='ocrx_word' id='word_1_85' title='bbox 1659 1065 2066 1134; x_wconf 86' lang='lat' dir='ltr'><strong>percipiendum</strong></span> 
     </span>
    </p>
   </div>
   <div class='ocr_carea' id='block_1_12' title="bbox 483 1154 2066 1224">
    <p class='ocr_par' dir='ltr' id='par_1_12' title="bbox 483 1154 2066 1224">
     <span class='ocr_line' id='line_1_12' title="bbox 483 1154 2066 1224; baseline 0.001 -17"><span class='ocrx_word' id='word_1_86' title='bbox 483 1154 822 1208; x_wconf 78' lang='lat' dir='ltr'><strong>divinitatem</strong></span> <span class='ocrx_word' id='word_1_87' title='bbox 851 1154 1082 1223; x_wconf 85' lang='lat' dir='ltr'><strong>prolicit,</strong></span> <span class='ocrx_word' id='word_1_88' title='bbox 1117 1168 1457 1224; x_wconf 85' lang='lat' dir='ltr'><strong>nequaquam</strong></span> <span class='ocrx_word' id='word_1_89' title='bbox 1489 1161 1670 1208; x_wconf 89' lang='lat' dir='ltr'><strong>tamen</strong></span> <span class='ocrx_word' id='word_1_90' title='bbox 1701 1161 1759 1208; x_wconf 86' lang='lat' dir='ltr'><strong>ut</strong></span> <span class='ocrx_word' id='word_1_91' title='bbox 1791 1155 1932 1208; x_wconf 85' lang='lat' dir='ltr'><strong>Deus</strong></span> <span class='ocrx_word' id='word_1_92' title='bbox 1966 1169 2066 1208; x_wconf 91' lang='lat' dir='ltr'><strong>na-</strong></span> 
     </span>
    </p>
   </div>
   <div class='ocr_carea' id='block_1_13' title="bbox 484 1240 1256 1312">
    <p class='ocr_par' dir='ltr' id='par_1_13' title="bbox 484 1240 1256 1312">
     <span class='ocr_line' id='line_1_13' title="bbox 484 1240 1256 1312; baseline 0.003 -19"><span class='ocrx_word' id='word_1_93' title='bbox 484 1240 733 1295; x_wconf 85' lang='lat' dir='ltr'><strong>turaliter</strong></span> <span class='ocrx_word' id='word_1_94' title='bbox 770 1249 932 1306; x_wconf 87' lang='lat' dir='ltr'><strong>esset,</strong></span> <span class='ocrx_word' id='word_1_95' title='bbox 967 1243 1197 1312; x_wconf 88' lang='lat' dir='ltr'><strong>accepit.</strong></span> <span class='ocrx_word' id='word_1_96' title='bbox 1238 1261 1256 1291; x_wconf 79' lang='grc' dir='ltr'><strong>ι</strong></span> 
     </span>
    </p>
   </div>
   <div class='ocr_carea' id='block_1_14' title="bbox 554 1332 2069 1389">
    <p class='ocr_par' dir='ltr' id='par_1_14' title="bbox 554 1332 2069 1389">
     <span class='ocr_line' id='line_1_14' title="bbox 554 1332 2069 1389; baseline 0.002 -4"><span class='ocrx_word' id='word_1_97' title='bbox 554 1332 684 1386; x_wconf 81' lang='lat' dir='ltr'><strong>item</strong></span> <span class='ocrx_word' id='word_1_98' title='bbox 716 1337 770 1386; x_wconf 90' lang='lat' dir='ltr'><strong>in</strong></span> <span class='ocrx_word' id='word_1_99' title='bbox 801 1333 942 1388; x_wconf 90' lang='lat' dir='ltr'><strong>libro</strong></span> <span class='ocrx_word' id='word_1_100' title='bbox 967 1333 1112 1388; x_wconf 86' lang='lat' dir='ltr'><strong>beati</strong></span> <span class='ocrx_word' id='word_1_101' title='bbox 1149 1332 1250 1389; x_wconf 83' lang='lat' dir='ltr'><strong>Job</strong></span> <span class='ocrx_word' id='word_1_102' title='bbox 1287 1351 1299 1386; x_wconf 86' lang='lat'>:</span> <span class='ocrx_word' id='word_1_103' title='bbox 1341 1351 1360 1384; x_wconf 87' lang='grc'><em>‹</em></span> <span class='ocrx_word' id='word_1_104' title='bbox 1399 1332 1680 1388; x_wconf 86' lang='lat' dir='ltr'><strong>Mediatori</strong></span> <span class='ocrx_word' id='word_1_105' title='bbox 1730 1347 1856 1387; x_wconf 89' lang='lat' dir='ltr'><strong>vero</strong></span> <span class='ocrx_word' id='word_1_106' title='bbox 1884 1341 2069 1388; x_wconf 90' lang='lat' dir='ltr'><strong>nostro</strong></span> 
     </span>
    </p>
   </div>
   <div class='ocr_carea' id='block_1_15' title="bbox 486 1421 2071 1494">
    <p class='ocr_par' dir='ltr' id='par_1_15' title="bbox 486 1421 2071 1494">
     <span class='ocr_line' id='line_1_15' title="bbox 486 1421 2071 1494; baseline 0.002 -18"><span class='ocrx_word' id='word_1_107' title='bbox 486 1421 540 1476; x_wconf 89' lang='lat' dir='ltr'><strong>in</strong></span> <span class='ocrx_word' id='word_1_108' title='bbox 561 1421 960 1493; x_wconf 89' lang='lat' dir='ltr'><strong>legislatoribus</strong></span> <span class='ocrx_word' id='word_1_109' title='bbox 985 1424 1177 1478; x_wconf 85' lang='lat' dir='ltr'><strong>similis</strong></span> <span class='ocrx_word' id='word_1_110' title='bbox 1211 1424 1390 1479; x_wconf 91' lang='lat' dir='ltr'><strong>nullus</strong></span> <span class='ocrx_word' id='word_1_111' title='bbox 1419 1433 1520 1488; x_wconf 90' lang='lat' dir='ltr'><strong>est,</strong></span> <span class='ocrx_word' id='word_1_112' title='bbox 1559 1424 1685 1492; x_wconf 89' lang='lat' dir='ltr'><strong>quia</strong></span> <span class='ocrx_word' id='word_1_113' title='bbox 1716 1423 1805 1478; x_wconf 86' lang='lat' dir='ltr'><strong>isti</strong></span> <span class='ocrx_word' id='word_1_114' title='bbox 1833 1425 2071 1494; x_wconf 83' lang='lat' dir='ltr'><strong>gratuitu</strong></span> 
     </span>
    </p>
   </div>
   <div class='ocr_carea' id='block_1_16' title="bbox 487 1514 2072 1584">
    <p class='ocr_par' dir='ltr' id='par_1_16' title="bbox 487 1514 2072 1584">
     <span class='ocr_line' id='line_1_16' title="bbox 487 1514 2072 1584; baseline 0.004 -19"><span class='ocrx_word' id='word_1_115' title='bbox 487 1514 663 1568; x_wconf 90' lang='lat' dir='ltr'><strong>vocati</strong></span> <span class='ocrx_word' id='word_1_116' title='bbox 692 1530 756 1568; x_wconf 80' lang='lat' dir='ltr'><strong>ex</strong></span> <span class='ocrx_word' id='word_1_117' title='bbox 789 1515 1026 1584; x_wconf 83' lang='lat' dir='ltr'><strong>peccatis</strong></span> <span class='ocrx_word' id='word_1_118' title='bbox 1067 1516 1135 1569; x_wconf 91' lang='lat' dir='ltr'><strong>ad</strong></span> <span class='ocrx_word' id='word_1_119' title='bbox 1177 1517 1540 1570; x_wconf 88' lang='lat' dir='ltr'><strong>innocentiam</strong></span> <span class='ocrx_word' id='word_1_120' title='bbox 1569 1517 1811 1570; x_wconf 88' lang='lat' dir='ltr'><strong>redeunt.</strong></span> <span class='ocrx_word' id='word_1_121' title='bbox 1844 1516 2072 1572; x_wconf 84' lang='lat' dir='ltr'><strong>Redem-</strong></span> 
     </span>
    </p>
   </div>
   <div class='ocr_carea' id='block_1_17' title="bbox 487 1604 2072 1673">
    <p class='ocr_par' dir='ltr' id='par_1_17' title="bbox 487 1604 2072 1673">
     <span class='ocr_line' id='line_1_17' title="bbox 487 1604 2072 1673; baseline 0.004 -18"><span class='ocrx_word' id='word_1_122' title='bbox 487 1611 612 1670; x_wconf 89' lang='lat' dir='ltr'><strong>ptor</strong></span> <span class='ocrx_word' id='word_1_123' title='bbox 640 1610 819 1657; x_wconf 88' lang='lat' dir='ltr'><strong>autem</strong></span> <span class='ocrx_word' id='word_1_124' title='bbox 854 1612 1039 1657; x_wconf 82' lang='lat' dir='ltr'><strong>noster</strong></span> <span class='ocrx_word' id='word_1_125' title='bbox 1069 1604 1184 1658; x_wconf 90' lang='lat' dir='ltr'><strong>sine</strong></span> <span class='ocrx_word' id='word_1_126' title='bbox 1221 1616 1443 1673; x_wconf 91' lang='lat' dir='ltr'><strong>peccato</strong></span> <span class='ocrx_word' id='word_1_127' title='bbox 1495 1614 1596 1668; x_wconf 91' lang='lat' dir='ltr'><strong>est,</strong></span> <span class='ocrx_word' id='word_1_128' title='bbox 1629 1605 1795 1659; x_wconf 85' lang='lat' dir='ltr'><strong>Filius</strong></span> <span class='ocrx_word' id='word_1_129' title='bbox 1833 1607 1949 1660; x_wconf 88' lang='lat' dir='ltr'><strong>sine</strong></span> <span class='ocrx_word' id='word_1_130' title='bbox 1979 1608 2072 1662; x_wconf 64' lang='lat' dir='ltr'><strong>ad«</strong></span> 
     </span>
    </p>
   </div>
   <div class='ocr_carea' id='block_1_18' title="bbox 488 1694 2067 1768">
    <p class='ocr_par' dir='ltr' id='par_1_18' title="bbox 488 1694 2067 1768">
     <span class='ocr_line' id='line_1_18' title="bbox 488 1694 2067 1768; baseline 0.005 -23"><span class='ocrx_word' id='word_1_131' title='bbox 488 1694 732 1761; x_wconf 84' lang='lat' dir='ltr'><strong>optione,</strong></span> <span class='ocrx_word' id='word_1_132' title='bbox 788 1710 888 1750; x_wconf 87' lang='lat' dir='ltr'><strong>nec</strong></span> <span class='ocrx_word' id='word_1_133' title='bbox 931 1697 1260 1766; x_wconf 82' lang='lat' dir='ltr'><strong>perpetravit</strong></span> <span class='ocrx_word' id='word_1_134' title='bbox 1308 1713 1544 1766; x_wconf 84' lang='lat' dir='ltr'><strong>unquam</strong></span> <span class='ocrx_word' id='word_1_135' title='bbox 1580 1698 1724 1765; x_wconf 88' lang='lat' dir='ltr'><strong>quod</strong></span> <span class='ocrx_word' id='word_1_136' title='bbox 1775 1698 2067 1768; x_wconf 78' lang='lat' dir='ltr'><strong>redarguit.</strong></span> 
     </span>
    </p>
   </div>
   <div class='ocr_carea' id='block_1_19' title="bbox 2163 520 3727 590">
    <p class='ocr_par' dir='ltr' id='par_1_19' title="bbox 2163 520 3727 590">
     <span class='ocr_line' id='line_1_19' title="bbox 2163 520 3727 590; baseline -0.002 -12"><span class='ocrx_word' id='word_1_137' title='bbox 2163 533 2288 590; x_wconf 90' lang='lat' dir='ltr'><strong>tem,</strong></span> <span class='ocrx_word' id='word_1_138' title='bbox 2318 533 2410 578; x_wconf 88' lang='lat' dir='ltr'><strong>aut</strong></span> <span class='ocrx_word' id='word_1_139' title='bbox 2448 524 2830 578; x_wconf 87' lang='lat' dir='ltr'><strong>inadorandam</strong></span> <span class='ocrx_word' id='word_1_140' title='bbox 2870 521 3083 578; x_wconf 86' lang='lat' dir='ltr'><strong>Domini</strong></span> <span class='ocrx_word' id='word_1_141' title='bbox 3111 520 3283 574; x_wconf 89' lang='lat' dir='ltr'><strong>nostri</strong></span> <span class='ocrx_word' id='word_1_142' title='bbox 3335 533 3553 574; x_wconf 88' lang='lat' dir='ltr'><strong>carnem</strong></span> <span class='ocrx_word' id='word_1_143' title='bbox 3596 522 3727 579; x_wconf 77' lang='lat' dir='ltr'><strong>sicut</strong></span> 
     </span>
    </p>
   </div>
   <div class='ocr_carea' id='block_1_20' title="bbox 2162 608 3728 679">
    <p class='ocr_par' dir='ltr' id='par_1_20' title="bbox 2162 608 3728 679">
     <span class='ocr_line' id='line_1_20' title="bbox 2162 608 3728 679; baseline -0.003 -10"><span class='ocrx_word' id='word_1_144' title='bbox 2162 616 2412 679; x_wconf 82' lang='lat' dir='ltr'><strong>hominis,</strong></span> <span class='ocrx_word' id='word_1_145' title='bbox 2441 622 2496 667; x_wconf 91' lang='lat' dir='ltr'><strong>et</strong></span> <span class='ocrx_word' id='word_1_146' title='bbox 2522 631 2628 668; x_wconf 89' lang='lat' dir='ltr'><strong>non</strong></span> <span class='ocrx_word' id='word_1_147' title='bbox 2658 612 2988 667; x_wconf 77' lang='lat' dir='ltr'><strong>alorandam</strong></span> <span class='ocrx_word' id='word_1_148' title='bbox 3019 610 3230 665; x_wconf 86' lang='lat' dir='ltr'><strong>Domini</strong></span> <span class='ocrx_word' id='word_1_149' title='bbox 3258 616 3313 662; x_wconf 90' lang='lat' dir='ltr'><strong>et</strong></span> <span class='ocrx_word' id='word_1_150' title='bbox 3349 608 3444 662; x_wconf 88' lang='lat' dir='ltr'><strong>Dei</strong></span> <span class='ocrx_word' id='word_1_151' title='bbox 3472 623 3685 664; x_wconf 88' lang='lat' dir='ltr'><strong>carnem</strong></span> <span class='ocrx_word' id='word_1_152' title='bbox 3711 625 3728 665; x_wconf 87' lang='lat'><strong>:</strong></span> 
     </span>
    </p>
   </div>
   <div class='ocr_carea' id='block_1_21' title="bbox 2163 701 3730 771">
    <p class='ocr_par' dir='ltr' id='par_1_21' title="bbox 2163 701 3730 771">
     <span class='ocr_line' id='line_1_21' title="bbox 2163 701 3730 771; baseline -0.001 -11"><span class='ocrx_word' id='word_1_153' title='bbox 2163 707 2306 761; x_wconf 90' lang='lat' dir='ltr'><strong>hunc</strong></span> <span class='ocrx_word' id='word_1_154' title='bbox 2355 706 2773 760; x_wconf 87' lang='lat' dir='ltr'><strong>anathematizat</strong></span> <span class='ocrx_word' id='word_1_155' title='bbox 2818 710 3003 758; x_wconf 85' lang='lat' dir='ltr'><strong>sancta</strong></span> <span class='ocrx_word' id='word_1_156' title='bbox 3047 701 3311 757; x_wconf 88' lang='lat' dir='ltr'><strong>catholica</strong></span> <span class='ocrx_word' id='word_1_157' title='bbox 3340 709 3394 754; x_wconf 90' lang='lat' dir='ltr'><strong>et</strong></span> <span class='ocrx_word' id='word_1_158' title='bbox 3439 701 3730 771; x_wconf 84' lang='lat' dir='ltr'><strong>apostolica</strong></span> 
     </span>
    </p>
   </div>
   <div class='ocr_carea' id='block_1_22' title="bbox 2165 797 2550 851">
    <p class='ocr_par' dir='ltr' id='par_1_22' title="bbox 2165 797 2550 851">
     <span class='ocr_line' id='line_1_22' title="bbox 2165 797 2550 851; baseline -0.01 0"><span class='ocrx_word' id='word_1_159' title='bbox 2165 797 2428 851; x_wconf 89' lang='lat' dir='ltr'><strong>Ecclesia.</strong></span> <span class='ocrx_word' id='word_1_160' title='bbox 2467 817 2486 848; x_wconf 73' lang='grc' dir='ltr'><strong>ι</strong></span> <span class='ocrx_word' id='word_1_161' title='bbox 2547 797 2550 799; x_wconf 36' lang='grc' dir='ltr'>λ</span> 
     </span>
    </p>
   </div>
   <div class='ocr_carea' id='block_1_23' title="bbox 2235 878 3732 953">
    <p class='ocr_par' dir='ltr' id='par_1_23' title="bbox 2235 878 3732 953">
     <span class='ocr_line' id='line_1_23' title="bbox 2235 878 3732 953; baseline -0.003 -14"><span class='ocrx_word' id='word_1_162' title='bbox 2235 887 2364 940; x_wconf 92' lang='lat' dir='ltr'><strong>Item</strong></span> <span class='ocrx_word' id='word_1_163' title='bbox 2391 885 2562 939; x_wconf 88' lang='lat' dir='ltr'><strong>sancti</strong></span> <span class='ocrx_word' id='word_1_164' title='bbox 2591 883 2834 953; x_wconf 83' lang='lat' dir='ltr'><strong>Gregorii</strong></span> <span class='ocrx_word' id='word_1_165' title='bbox 2855 881 3179 936; x_wconf 82' lang='lat' dir='ltr'><strong>Nazianzeni</strong></span> <span class='ocrx_word' id='word_1_166' title='bbox 3219 879 3454 950; x_wconf 88' lang='lat' dir='ltr'><strong>episcopi</strong></span> <span class='ocrx_word' id='word_1_167' title='bbox 3501 879 3570 934; x_wconf 89' lang='lat' dir='ltr'><strong>ad</strong></span> <span class='ocrx_word' id='word_1_168' title='bbox 3614 878 3732 935; x_wconf 82' lang='lat' dir='ltr'><strong>Cle-</strong></span> 
     </span>
    </p>
   </div>
   <div class='ocr_carea' id='block_1_24' title="bbox 2167 969 3733 1042">
    <p class='ocr_par' dir='ltr' id='par_1_24' title="bbox 2167 969 3733 1042">
     <span class='ocr_line' id='line_1_24' title="bbox 2167 969 3733 1042; baseline -0.005 -10"><span class='ocrx_word' id='word_1_169' title='bbox 2167 978 2386 1033; x_wconf 90' lang='lat' dir='ltr'><strong>donium</strong></span> <span class='ocrx_word' id='word_1_170' title='bbox 2439 992 2454 1030; x_wconf 93' lang='lat'><strong>:</strong></span> <span class='ocrx_word' id='word_1_171' title='bbox 2515 995 2532 1028; x_wconf 77' lang='grc' dir='ltr'><strong>ι</strong></span> <span class='ocrx_word' id='word_1_172' title='bbox 2592 974 2650 1029; x_wconf 89' lang='lat' dir='ltr'><strong>Si</strong></span> <span class='ocrx_word' id='word_1_173' title='bbox 2698 975 2820 1042; x_wconf 92' lang='lat' dir='ltr'><strong>quis</strong></span> <span class='ocrx_word' id='word_1_174' title='bbox 2865 971 3157 1027; x_wconf 87' lang='lat' dir='ltr'><strong>introducit</strong></span> <span class='ocrx_word' id='word_1_175' title='bbox 3197 971 3331 1024; x_wconf 86' lang='lat' dir='ltr'><strong>duos</strong></span> <span class='ocrx_word' id='word_1_176' title='bbox 3371 969 3528 1030; x_wconf 80' lang='lat' dir='ltr'><strong>filios,</strong></span> <span class='ocrx_word' id='word_1_177' title='bbox 3574 986 3733 1024; x_wconf 88' lang='lat' dir='ltr'><strong>unum</strong></span> 
     </span>
    </p>
   </div>
   <div class='ocr_carea' id='block_1_25' title="bbox 2167 1061 3735 1138">
    <p class='ocr_par' dir='ltr' id='par_1_25' title="bbox 2167 1061 3735 1138">
     <span class='ocr_line' id='line_1_25' title="bbox 2167 1061 3735 1138; baseline -0.006 -15"><span class='ocrx_word' id='word_1_178' title='bbox 2167 1068 2381 1138; x_wconf 83' lang='lat' dir='ltr'><strong>quidem</strong></span> <span class='ocrx_word' id='word_1_179' title='bbox 2428 1067 2521 1136; x_wconf 87' lang='lat' dir='ltr'><strong>qui</strong></span> <span class='ocrx_word' id='word_1_180' title='bbox 2548 1083 2613 1120; x_wconf 82' lang='lat' dir='ltr'><strong>ex</strong></span> <span class='ocrx_word' id='word_1_181' title='bbox 2644 1067 2753 1120; x_wconf 90' lang='lat' dir='ltr'><strong>Deo</strong></span> <span class='ocrx_word' id='word_1_182' title='bbox 2797 1064 2984 1129; x_wconf 85' lang='lat' dir='ltr'><strong>Patre;</strong></span> <span class='ocrx_word' id='word_1_183' title='bbox 3037 1061 3330 1117; x_wconf 89' lang='lat' dir='ltr'><strong>secundum</strong></span> <span class='ocrx_word' id='word_1_184' title='bbox 3366 1075 3512 1125; x_wconf 90' lang='lat' dir='ltr'><strong>vero,</strong></span> <span class='ocrx_word' id='word_1_185' title='bbox 3544 1061 3635 1128; x_wconf 88' lang='lat' dir='ltr'><strong>qui</strong></span> <span class='ocrx_word' id='word_1_186' title='bbox 3674 1074 3735 1114; x_wconf 79' lang='lat' dir='ltr'><strong>ex</strong></span> 
     </span>
    </p>
   </div>
   <div class='ocr_carea' id='block_1_26' title="bbox 2169 1152 3737 1223">
    <p class='ocr_par' dir='ltr' id='par_1_26' title="bbox 2169 1152 3737 1223">
     <span class='ocr_line' id='line_1_26' title="bbox 2169 1152 3737 1223; baseline -0.004 -10"><span class='ocrx_word' id='word_1_187' title='bbox 2169 1167 2358 1222; x_wconf 89' lang='lat' dir='ltr'><strong>matre,</strong></span> <span class='ocrx_word' id='word_1_188' title='bbox 2376 1166 2430 1213; x_wconf 90' lang='lat' dir='ltr'><strong>et</strong></span> <span class='ocrx_word' id='word_1_189' title='bbox 2449 1174 2554 1212; x_wconf 92' lang='lat' dir='ltr'><strong>non</strong></span> <span class='ocrx_word' id='word_1_190' title='bbox 2579 1173 2742 1212; x_wconf 92' lang='lat' dir='ltr'><strong>unum</strong></span> <span class='ocrx_word' id='word_1_191' title='bbox 2756 1155 3130 1223; x_wconf 89' lang='lat' dir='ltr'><strong>eumdemque,</strong></span> <span class='ocrx_word' id='word_1_192' title='bbox 3154 1160 3207 1208; x_wconf 92' lang='lat' dir='ltr'><strong>et</strong></span> <span class='ocrx_word' id='word_1_193' title='bbox 3221 1152 3504 1220; x_wconf 86' lang='lat' dir='ltr'><strong>adoptione</strong></span> <span class='ocrx_word' id='word_1_194' title='bbox 3524 1152 3737 1206; x_wconf 64' lang='lat' dir='ltr'><strong>excedat</strong></span> 
     </span>
    </p>
   </div>
   <div class='ocr_carea' id='block_1_27' title="bbox 2169 1241 3737 1321">
    <p class='ocr_par' dir='ltr' id='par_1_27' title="bbox 2169 1241 3737 1321">
     <span class='ocr_line' id='line_1_27' title="bbox 2169 1241 3737 1321; baseline -0.004 -17"><span class='ocrx_word' id='word_1_195' title='bbox 2169 1250 2341 1321; x_wconf 90' lang='lat' dir='ltr'><strong>gratia</strong></span> <span class='ocrx_word' id='word_1_196' title='bbox 2380 1265 2499 1319; x_wconf 68' lang='lat' dir='ltr'><strong>qua:</strong></span> <span class='ocrx_word' id='word_1_197' title='bbox 2543 1249 2806 1319; x_wconf 88' lang='lat' dir='ltr'><strong>promissa</strong></span> <span class='ocrx_word' id='word_1_198' title='bbox 2847 1254 2931 1302; x_wconf 90' lang='lat' dir='ltr'><strong>est</strong></span> <span class='ocrx_word' id='word_1_199' title='bbox 2974 1247 3042 1300; x_wconf 91' lang='lat' dir='ltr'><strong>iis</strong></span> <span class='ocrx_word' id='word_1_200' title='bbox 3078 1244 3168 1314; x_wconf 87' lang='lat' dir='ltr'><strong>qui</strong></span> <span class='ocrx_word' id='word_1_201' title='bbox 3205 1242 3430 1298; x_wconf 89' lang='lat' dir='ltr'><strong>credunt</strong></span> <span class='ocrx_word' id='word_1_202' title='bbox 3461 1260 3473 1293; x_wconf 78' lang='grc' dir='ltr'>ε</span> <span class='ocrx_word' id='word_1_203' title='bbox 3516 1241 3737 1297; x_wconf 85' lang='lat' dir='ltr'><strong>alienum</strong></span> 
     </span>
    </p>
   </div>
   <div class='ocr_carea' id='block_1_28' title="bbox 2169 1331 3739 1405">
    <p class='ocr_par' dir='ltr' id='par_1_28' title="bbox 2169 1331 3739 1405">
     <span class='ocr_line' id='line_1_28' title="bbox 2169 1331 3739 1405; baseline -0.007 -9"><span class='ocrx_word' id='word_1_204' title='bbox 2169 1357 2293 1396; x_wconf 91' lang='lat' dir='ltr'><strong>eum</strong></span> <span class='ocrx_word' id='word_1_205' title='bbox 2321 1358 2351 1396; x_wconf 93' lang='lat' dir='ltr'><strong>a</strong></span> <span class='ocrx_word' id='word_1_206' title='bbox 2379 1348 2563 1396; x_wconf 90' lang='lat' dir='ltr'><strong>nostro</strong></span> <span class='ocrx_word' id='word_1_207' title='bbox 2586 1336 3195 1405; x_wconf 82' lang='lat' dir='ltr'><strong>consortiojudicamus.</strong></span> <span class='ocrx_word' id='word_1_208' title='bbox 3222 1331 3440 1386; x_wconf 64' lang='lat' dir='ltr'><strong>Naturae</strong></span> <span class='ocrx_word' id='word_1_209' title='bbox 3474 1347 3607 1386; x_wconf 84' lang='lat' dir='ltr'><strong>vero</strong></span> <span class='ocrx_word' id='word_1_210' title='bbox 3628 1331 3739 1386; x_wconf 68' lang='lat' dir='ltr'><strong>dum</strong></span> 
     </span>
    </p>
   </div>
   <div class='ocr_carea' id='block_1_29' title="bbox 2172 1421 3738 1493">
    <p class='ocr_par' dir='ltr' id='par_1_29' title="bbox 2172 1421 3738 1493">
     <span class='ocr_line' id='line_1_29' title="bbox 2172 1421 3738 1493; baseline -0.009 -6"><span class='ocrx_word' id='word_1_211' title='bbox 2172 1433 2314 1487; x_wconf 92' lang='lat' dir='ltr'><strong>Deus</strong></span> <span class='ocrx_word' id='word_1_212' title='bbox 2342 1440 2393 1486; x_wconf 92' lang='lat' dir='ltr'><strong>et</strong></span> <span class='ocrx_word' id='word_1_213' title='bbox 2421 1432 2581 1485; x_wconf 91' lang='lat' dir='ltr'><strong>homo</strong></span> <span class='ocrx_word' id='word_1_214' title='bbox 2606 1447 2619 1482; x_wconf 90' lang='lat'>:</span> <span class='ocrx_word' id='word_1_215' title='bbox 2666 1444 2790 1482; x_wconf 90' lang='lat' dir='ltr'><strong>nam</strong></span> <span class='ocrx_word' id='word_1_216' title='bbox 2817 1435 2872 1482; x_wconf 92' lang='lat' dir='ltr'><strong>et</strong></span> <span class='ocrx_word' id='word_1_217' title='bbox 2901 1425 3102 1489; x_wconf 89' lang='lat' dir='ltr'><strong>anima,</strong></span> <span class='ocrx_word' id='word_1_218' title='bbox 3131 1431 3186 1479; x_wconf 90' lang='lat' dir='ltr'><strong>et</strong></span> <span class='ocrx_word' id='word_1_219' title='bbox 3211 1426 3438 1493; x_wconf 84' lang='lat' dir='ltr'><strong>corpus:</strong></span> <span class='ocrx_word' id='word_1_220' title='bbox 3470 1421 3591 1474; x_wconf 81' lang='lat' dir='ltr'><strong>Filii</strong></span> <span class='ocrx_word' id='word_1_221' title='bbox 3620 1435 3738 1474; x_wconf 86' lang='lat' dir='ltr'><strong>vero</strong></span> 
     </span>
    </p>
   </div>
   <div class='ocr_carea' id='block_1_30' title="bbox 2173 1509 3737 1592">
    <p class='ocr_par' dir='ltr' id='par_1_30' title="bbox 2173 1509 3737 1592">
     <span class='ocr_line' id='line_1_30' title="bbox 2173 1509 3737 1592; baseline -0.01 -15"><span class='ocrx_word' id='word_1_222' title='bbox 2173 1522 2296 1585; x_wconf 91' lang='lat' dir='ltr'><strong>duo,</strong></span> <span class='ocrx_word' id='word_1_223' title='bbox 2322 1535 2495 1590; x_wconf 89' lang='lat' dir='ltr'><strong>neque</strong></span> <span class='ocrx_word' id='word_1_224' title='bbox 2515 1520 2586 1574; x_wconf 90' lang='lat' dir='ltr'><strong>dii</strong></span> <span class='ocrx_word' id='word_1_225' title='bbox 2601 1518 2840 1592; x_wconf 86' lang='lat' dir='ltr'><strong>[Leg.,...</strong></span> <span class='ocrx_word' id='word_1_226' title='bbox 2862 1530 3035 1586; x_wconf 91' lang='lat' dir='ltr'><strong>neque</strong></span> <span class='ocrx_word' id='word_1_227' title='bbox 3049 1514 3173 1578; x_wconf 88' lang='lat' dir='ltr'><strong>duo,</strong></span> <span class='ocrx_word' id='word_1_228' title='bbox 3192 1527 3366 1582; x_wconf 90' lang='lat' dir='ltr'><strong>neque</strong></span> <span class='ocrx_word' id='word_1_229' title='bbox 3379 1512 3482 1567; x_wconf 90' lang='lat' dir='ltr'><strong>duo</strong></span> <span class='ocrx_word' id='word_1_230' title='bbox 3507 1511 3600 1566; x_wconf 90' lang='lat' dir='ltr'><strong>dii.</strong></span> <span class='ocrx_word' id='word_1_231' title='bbox 3622 1509 3737 1581; x_wconf 72' lang='lat'><strong>11.],</strong></span> 
     </span>
    </p>
   </div>
   <div class='ocr_carea' id='block_1_31' title="bbox 2174 1611 2823 1682">
    <p class='ocr_par' dir='ltr' id='par_1_31' title="bbox 2174 1611 2823 1682">
     <span class='ocr_line' id='line_1_31' title="bbox 2174 1611 2823 1682; baseline -0.009 -14"><span class='ocrx_word' id='word_1_232' title='bbox 2174 1628 2345 1682; x_wconf 87' lang='lat' dir='ltr'><strong>neque</strong></span> <span class='ocrx_word' id='word_1_233' title='bbox 2369 1613 2473 1668; x_wconf 92' lang='lat' dir='ltr'><strong>duo</strong></span> <span class='ocrx_word' id='word_1_234' title='bbox 2501 1611 2765 1665; x_wconf 89' lang='lat' dir='ltr'><strong>homines.</strong></span> <span class='ocrx_word' id='word_1_235' title='bbox 2805 1629 2823 1661; x_wconf 78' lang='grc' dir='ltr'><strong>ι</strong></span> 
     </span>
    </p>
   </div>
   <div class='ocr_carea' id='block_1_32' title="bbox 2242 1692 3735 1769">
    <p class='ocr_par' dir='ltr' id='par_1_32' title="bbox 2242 1692 3735 1769">
     <span class='ocr_line' id='line_1_32' title="bbox 2242 1692 3735 1769; baseline -0.007 -13"><span class='ocrx_word' id='word_1_236' title='bbox 2242 1703 2374 1756; x_wconf 86' lang='lat' dir='ltr'><strong>[tem</strong></span> <span class='ocrx_word' id='word_1_237' title='bbox 2416 1701 2607 1756; x_wconf 85' lang='lat' dir='ltr'><strong>beatus</strong></span> <span class='ocrx_word' id='word_1_238' title='bbox 2651 1699 2761 1754; x_wconf 89' lang='lat' dir='ltr'><strong>Leo</strong></span> <span class='ocrx_word' id='word_1_239' title='bbox 2806 1713 2941 1769; x_wconf 88' lang='lat' dir='ltr'><strong>papa</strong></span> <span class='ocrx_word' id='word_1_240' title='bbox 2989 1695 3140 1750; x_wconf 88' lang='lat' dir='ltr'><strong>urbis</strong></span> <span class='ocrx_word' id='word_1_241' title='bbox 3186 1696 3371 1750; x_wconf 69' lang='lat' dir='ltr'><strong>Roma:</strong></span> <span class='ocrx_word' id='word_1_242' title='bbox 3421 1693 3491 1748; x_wconf 90' lang='lat' dir='ltr'><strong>ita</strong></span> <span class='ocrx_word' id='word_1_243' title='bbox 3543 1692 3672 1747; x_wconf 92' lang='lat' dir='ltr'><strong>dicit</strong></span> <span class='ocrx_word' id='word_1_244' title='bbox 3721 1709 3735 1744; x_wconf 91' lang='lat'><strong>:</strong></span> 
     </span>
    </p>
   </div>
   <div class='ocr_carea' id='block_1_33' title="bbox 489 1767 3740 1862">
    <p class='ocr_par' dir='ltr' id='par_1_33' title="bbox 489 1767 3740 1862">
     <span class='ocr_line' id='line_1_33' title="bbox 489 1767 3740 1862; baseline 0.001 -26"><span class='ocrx_word' id='word_1_245' title='bbox 489 1784 634 1850; x_wconf 85' lang='lat' dir='ltr'><strong>Quas</strong></span> <span class='ocrx_word' id='word_1_246' title='bbox 659 1787 876 1854; x_wconf 86' lang='lat' dir='ltr'><strong>quidem</strong></span> <span class='ocrx_word' id='word_1_247' title='bbox 897 1788 1192 1842; x_wconf 88' lang='lat' dir='ltr'><strong>sententias</strong></span> <span class='ocrx_word' id='word_1_248' title='bbox 1219 1789 1370 1858; x_wconf 90' lang='lat' dir='ltr'><strong>prius</strong></span> <span class='ocrx_word' id='word_1_249' title='bbox 1398 1805 1503 1844; x_wconf 84' lang='lat' dir='ltr'><strong>non</strong></span> <span class='ocrx_word' id='word_1_250' title='bbox 1541 1796 1685 1844; x_wconf 90' lang='lat' dir='ltr'><strong>recte</strong></span> <span class='ocrx_word' id='word_1_251' title='bbox 1736 1767 2068 1862; x_wconf 84' lang='lat' dir='ltr'><strong>intelligeba-</strong></span> <span class='ocrx_word' id='word_1_252' title='bbox 2103 1767 2145 1827; x_wconf 72' lang='grc' dir='ltr'><strong>Β</strong></span> <span class='ocrx_word' id='word_1_253' title='bbox 2179 1812 2198 1844; x_wconf 80' lang='grc' dir='ltr'><strong>ι</strong></span> <span class='ocrx_word' id='word_1_254' title='bbox 2236 1793 2478 1848; x_wconf 78' lang='lat' dir='ltr'><strong>Exsultet</strong></span> <span class='ocrx_word' id='word_1_255' title='bbox 2505 1799 2772 1847; x_wconf 86' lang='lat' dir='ltr'><strong>rectarum</strong></span> <span class='ocrx_word' id='word_1_256' title='bbox 2795 1767 3053 1844; x_wconf 81' lang='lat' dir='ltr'><strong>mentium</strong></span> <span class='ocrx_word' id='word_1_257' title='bbox 3081 1789 3234 1851; x_wconf 83' lang='lat' dir='ltr'><strong>ﬁdes,</strong></span> <span class='ocrx_word' id='word_1_258' title='bbox 3262 1794 3318 1841; x_wconf 88' lang='lat' dir='ltr'><strong>et</strong></span> <span class='ocrx_word' id='word_1_259' title='bbox 3338 1801 3520 1840; x_wconf 91' lang='lat' dir='ltr'><strong>verum</strong></span> <span class='ocrx_word' id='word_1_260' title='bbox 3546 1801 3740 1838; x_wconf 87' lang='lat' dir='ltr'><strong>unum-</strong></span> 
     </span>
    </p>
   </div>
   <div class='ocr_carea' id='block_1_34' title="bbox 487 1890 696 1929">
    <p class='ocr_par' dir='ltr' id='par_1_34' title="bbox 487 1890 696 1929">
     <span class='ocr_line' id='line_1_34' title="bbox 487 1890 696 1929; baseline -0.005 -1"><span class='ocrx_word' id='word_1_261' title='bbox 487 1890 628 1929; x_wconf 75' lang='grc' dir='ltr'>ιιιιιε.</span> <span class='ocrx_word' id='word_1_262' title='bbox 677 1895 696 1927; x_wconf 68' lang='grc' dir='ltr'><strong>ι</strong></span> 
     </span>
    </p>
   </div>
   <div class='ocr_carea' id='block_1_35' title="bbox 563 1963 2070 2046">
    <p class='ocr_par' dir='ltr' id='par_1_35' title="bbox 563 1963 2070 2046">
     <span class='ocr_line' id='line_1_35' title="bbox 563 1963 2070 2046; baseline 0.006 -29"><span class='ocrx_word' id='word_1_263' title='bbox 563 1963 696 2018; x_wconf 82' lang='lat' dir='ltr'><strong>Item</strong></span> <span class='ocrx_word' id='word_1_264' title='bbox 740 1967 884 2022; x_wconf 90' lang='lat' dir='ltr'><strong>beati</strong></span> <span class='ocrx_word' id='word_1_265' title='bbox 925 1968 1211 2026; x_wconf 83' lang='lat' dir='ltr'><strong>Athanasii</strong></span> <span class='ocrx_word' id='word_1_266' title='bbox 1237 1971 1586 2027; x_wconf 81' lang='lat' dir='ltr'><strong>Alexandrini</strong></span> <span class='ocrx_word' id='word_1_267' title='bbox 1614 1974 1851 2046; x_wconf 84' lang='lat' dir='ltr'><strong>episcOpi</strong></span> <span class='ocrx_word' id='word_1_268' title='bbox 1890 1987 1906 2025; x_wconf 90' lang='lat'><strong>:</strong></span> <span class='ocrx_word' id='word_1_269' title='bbox 1958 1991 1976 2023; x_wconf 72' lang='grc' dir='ltr'><strong><em>ο</em></strong></span> <span class='ocrx_word' id='word_1_270' title='bbox 2013 1971 2070 2026; x_wconf 91' lang='lat' dir='ltr'><strong>Si</strong></span> 
     </span>
    </p>
   </div>
   <div class='ocr_carea' id='block_1_36' title="bbox 383 2052 2070 2130">
    <p class='ocr_par' dir='ltr' id='par_1_36' title="bbox 383 2052 2070 2130">
     <span class='ocr_line' id='line_1_36' title="bbox 383 2052 2070 2130; baseline 0.005 -25"><span class='ocrx_word' id='word_1_271' title='bbox 383 2113 398 2120; x_wconf 64' lang='grc' dir='ltr'><strong> </strong></span> <span class='ocrx_word' id='word_1_272' title='bbox 497 2052 620 2122; x_wconf 89' lang='lat' dir='ltr'><strong>quis</strong></span> <span class='ocrx_word' id='word_1_273' title='bbox 657 2069 782 2109; x_wconf 90' lang='lat' dir='ltr'><strong>vero</strong></span> <span class='ocrx_word' id='word_1_274' title='bbox 821 2055 1077 2112; x_wconf 86' lang='lat' dir='ltr'><strong>adversus</strong></span> <span class='ocrx_word' id='word_1_275' title='bbox 1110 2058 1320 2115; x_wconf 89' lang='lat' dir='ltr'><strong>divinas</strong></span> <span class='ocrx_word' id='word_1_276' title='bbox 1347 2061 1658 2130; x_wconf 87' lang='lat' dir='ltr'><strong>Scripturas</strong></span> <span class='ocrx_word' id='word_1_277' title='bbox 1690 2062 1865 2126; x_wconf 88' lang='lat' dir='ltr'><strong>docet,</strong></span> <span class='ocrx_word' id='word_1_278' title='bbox 1906 2061 2070 2115; x_wconf 91' lang='lat' dir='ltr'><strong>alium</strong></span> 
     </span>
    </p>
   </div>
   <div class='ocr_carea' id='block_1_37' title="bbox 489 2141 2066 2220">
    <p class='ocr_par' dir='ltr' id='par_1_37' title="bbox 489 2141 2066 2220">
     <span class='ocr_line' id='line_1_37' title="bbox 489 2141 2066 2220; baseline 0.007 -26"><span class='ocrx_word' id='word_1_279' title='bbox 489 2141 673 2197; x_wconf 89' lang='lat' dir='ltr'><strong>dicens</strong></span> <span class='ocrx_word' id='word_1_280' title='bbox 712 2143 908 2199; x_wconf 88' lang='lat' dir='ltr'><strong>Filium</strong></span> <span class='ocrx_word' id='word_1_281' title='bbox 937 2148 1053 2214; x_wconf 84' lang='lat' dir='ltr'><strong>Dei,</strong></span> <span class='ocrx_word' id='word_1_282' title='bbox 1094 2157 1147 2201; x_wconf 91' lang='lat' dir='ltr'><strong>et</strong></span> <span class='ocrx_word' id='word_1_283' title='bbox 1187 2149 1351 2202; x_wconf 89' lang='lat' dir='ltr'><strong>alium</strong></span> <span class='ocrx_word' id='word_1_284' title='bbox 1389 2151 1481 2219; x_wconf 86' lang='lat' dir='ltr'><strong>qui</strong></span> <span class='ocrx_word' id='word_1_285' title='bbox 1512 2165 1580 2205; x_wconf 78' lang='lat' dir='ltr'><strong>ex</strong></span> <span class='ocrx_word' id='word_1_286' title='bbox 1617 2149 1786 2206; x_wconf 83' lang='lat' dir='ltr'><strong>Maria</strong></span> <span class='ocrx_word' id='word_1_287' title='bbox 1835 2151 2066 2220; x_wconf 76' lang='lat' dir='ltr'><strong>virgine,</strong></span> 
     </span>
    </p>
   </div>
   <div class='ocr_carea' id='block_1_38' title="bbox 490 2233 2066 2311">
    <p class='ocr_par' dir='ltr' id='par_1_38' title="bbox 490 2233 2066 2311">
     <span class='ocr_line' id='line_1_38' title="bbox 490 2233 2066 2311; baseline 0.006 -26"><span class='ocrx_word' id='word_1_288' title='bbox 490 2233 762 2290; x_wconf 82' lang='lat' dir='ltr'><strong>hominem</strong></span> <span class='ocrx_word' id='word_1_289' title='bbox 790 2239 1084 2293; x_wconf 89' lang='lat' dir='ltr'><strong>secundum</strong></span> <span class='ocrx_word' id='word_1_290' title='bbox 1127 2241 1360 2310; x_wconf 83' lang='lat' dir='ltr'><strong>gratiam</strong></span> <span class='ocrx_word' id='word_1_291' title='bbox 1395 2243 1726 2311; x_wconf 88' lang='lat' dir='ltr'><strong>adoptatum,</strong></span> <span class='ocrx_word' id='word_1_292' title='bbox 1753 2241 1896 2296; x_wconf 90' lang='lat' dir='ltr'><strong>sicut</strong></span> <span class='ocrx_word' id='word_1_293' title='bbox 1924 2256 2022 2296; x_wconf 90' lang='lat' dir='ltr'><strong>nos</strong></span> <span class='ocrx_word' id='word_1_294' title='bbox 2051 2256 2066 2294; x_wconf 87' lang='lat'><strong>:</strong></span> 
     </span>
    </p>
   </div>
   <div class='ocr_carea' id='block_1_39' title="bbox 488 2324 2071 2402">
    <p class='ocr_par' dir='ltr' id='par_1_39' title="bbox 488 2324 2071 2402">
     <span class='ocr_line' id='line_1_39' title="bbox 488 2324 2071 2402; baseline 0.007 -27"><span class='ocrx_word' id='word_1_295' title='bbox 488 2324 645 2393; x_wconf 83' lang='lat' dir='ltr'><strong>quasi</strong></span> <span class='ocrx_word' id='word_1_296' title='bbox 676 2338 858 2382; x_wconf 89' lang='lat' dir='ltr'><strong>essent</strong></span> <span class='ocrx_word' id='word_1_297' title='bbox 881 2330 988 2384; x_wconf 90' lang='lat' dir='ltr'><strong>duo</strong></span> <span class='ocrx_word' id='word_1_298' title='bbox 1017 2330 1130 2394; x_wconf 77' lang='lat' dir='ltr'><strong>lilii,</strong></span> <span class='ocrx_word' id='word_1_299' title='bbox 1162 2347 1302 2386; x_wconf 91' lang='lat' dir='ltr'><strong>unus</strong></span> <span class='ocrx_word' id='word_1_300' title='bbox 1349 2335 1642 2388; x_wconf 90' lang='lat' dir='ltr'><strong>secundum</strong></span> <span class='ocrx_word' id='word_1_301' title='bbox 1676 2343 1924 2388; x_wconf 85' lang='lat' dir='ltr'><strong>naturam</strong></span> <span class='ocrx_word' id='word_1_302' title='bbox 1977 2332 2071 2402; x_wconf 91' lang='lat' dir='ltr'><strong>qui</strong></span> 
     </span>
    </p>
   </div>
   <div class='ocr_carea' id='block_1_40' title="bbox 488 2413 2064 2493">
    <p class='ocr_par' dir='ltr' id='par_1_40' title="bbox 488 2413 2064 2493">
     <span class='ocr_line' id='line_1_40' title="bbox 488 2413 2064 2493; baseline 0.005 -25"><span class='ocrx_word' id='word_1_303' title='bbox 488 2429 556 2469; x_wconf 79' lang='lat' dir='ltr'><strong>ex</strong></span> <span class='ocrx_word' id='word_1_304' title='bbox 582 2413 712 2481; x_wconf 83' lang='lat' dir='ltr'><strong>Deo,</strong></span> <span class='ocrx_word' id='word_1_305' title='bbox 752 2429 808 2474; x_wconf 89' lang='lat' dir='ltr'><strong>et</strong></span> <span class='ocrx_word' id='word_1_306' title='bbox 835 2435 998 2475; x_wconf 90' lang='lat' dir='ltr'><strong>unum</strong></span> <span class='ocrx_word' id='word_1_307' title='bbox 1035 2422 1330 2478; x_wconf 87' lang='lat' dir='ltr'><strong>secundum</strong></span> <span class='ocrx_word' id='word_1_308' title='bbox 1378 2425 1606 2493; x_wconf 78' lang='lat' dir='ltr'><strong>gratiam</strong></span> <span class='ocrx_word' id='word_1_309' title='bbox 1636 2424 1728 2492; x_wconf 87' lang='lat' dir='ltr'><strong>qui</strong></span> <span class='ocrx_word' id='word_1_310' title='bbox 1755 2439 1823 2478; x_wconf 80' lang='lat' dir='ltr'><strong>ex</strong></span> <span class='ocrx_word' id='word_1_311' title='bbox 1877 2423 2064 2478; x_wconf 82' lang='lat' dir='ltr'><strong>Maria.</strong></span> 
     </span>
    </p>
   </div>
   <div class='ocr_carea' id='block_1_41' title="bbox 489 2504 2071 2581">
    <p class='ocr_par' dir='ltr' id='par_1_41' title="bbox 489 2504 2071 2581">
     <span class='ocr_line' id='line_1_41' title="bbox 489 2504 2071 2581; baseline 0.005 -19"><span class='ocrx_word' id='word_1_312' title='bbox 489 2504 558 2562; x_wconf 83' lang='lat' dir='ltr'><strong>Et</strong></span> <span class='ocrx_word' id='word_1_313' title='bbox 602 2507 649 2561; x_wconf 90' lang='lat' dir='ltr'><strong>si</strong></span> <span class='ocrx_word' id='word_1_314' title='bbox 675 2524 797 2577; x_wconf 83' lang='lat' dir='ltr'><strong>quis</strong></span> <span class='ocrx_word' id='word_1_315' title='bbox 824 2511 1034 2568; x_wconf 86' lang='lat' dir='ltr'><strong>Domini</strong></span> <span class='ocrx_word' id='word_1_316' title='bbox 1066 2514 1237 2568; x_wconf 89' lang='lat' dir='ltr'><strong>nostri</strong></span> <span class='ocrx_word' id='word_1_317' title='bbox 1276 2529 1496 2569; x_wconf 89' lang='lat' dir='ltr'><strong>carnem</strong></span> <span class='ocrx_word' id='word_1_318' title='bbox 1523 2517 1805 2571; x_wconf 89' lang='lat' dir='ltr'><strong>desursum</strong></span> <span class='ocrx_word' id='word_1_319' title='bbox 1835 2516 1985 2581; x_wconf 88' lang='lat' dir='ltr'><strong>dicit,</strong></span> <span class='ocrx_word' id='word_1_320' title='bbox 2017 2525 2071 2570; x_wconf 90' lang='lat' dir='ltr'><strong>et</strong></span> 
     </span>
    </p>
   </div>
   <div class='ocr_carea' id='block_1_42' title="bbox 490 2602 2070 2673">
    <p class='ocr_par' dir='ltr' id='par_1_42' title="bbox 490 2602 2070 2673">
     <span class='ocr_line' id='line_1_42' title="bbox 490 2602 2070 2673; baseline 0.006 -22"><span class='ocrx_word' id='word_1_321' title='bbox 490 2610 598 2651; x_wconf 88' lang='lat' dir='ltr'><strong>non</strong></span> <span class='ocrx_word' id='word_1_322' title='bbox 644 2614 710 2654; x_wconf 76' lang='lat' dir='ltr'><strong>ex</strong></span> <span class='ocrx_word' id='word_1_323' title='bbox 753 2602 962 2673; x_wconf 81' lang='lat' dir='ltr'><strong>virgine</strong></span> <span class='ocrx_word' id='word_1_324' title='bbox 1001 2604 1202 2671; x_wconf 79' lang='lat' dir='ltr'><strong>Maria,</strong></span> <span class='ocrx_word' id='word_1_325' title='bbox 1255 2615 1349 2662; x_wconf 90' lang='lat' dir='ltr'><strong>aut</strong></span> <span class='ocrx_word' id='word_1_326' title='bbox 1395 2616 1655 2663; x_wconf 88' lang='lat' dir='ltr'><strong>mutatam</strong></span> <span class='ocrx_word' id='word_1_327' title='bbox 1708 2609 1961 2663; x_wconf 89' lang='lat' dir='ltr'><strong>deitatem</strong></span> <span class='ocrx_word' id='word_1_328' title='bbox 2015 2608 2070 2663; x_wconf 90' lang='lat' dir='ltr'><strong>in</strong></span> 
     </span>
    </p>
   </div>
   <div class='ocr_carea' id='block_1_43' title="bbox 2175 1875 3739 1954">
    <p class='ocr_par' dir='ltr' id='par_1_43' title="bbox 2175 1875 3739 1954">
     <span class='ocr_line' id='line_1_43' title="bbox 2175 1875 3739 1954; baseline -0.008 -16"><span class='ocrx_word' id='word_1_329' title='bbox 2175 1899 2279 1954; x_wconf 88' lang='lat' dir='ltr'><strong>que</strong></span> <span class='ocrx_word' id='word_1_330' title='bbox 2307 1883 2401 1938; x_wconf 91' lang='lat' dir='ltr'><strong>Dei</strong></span> <span class='ocrx_word' id='word_1_331' title='bbox 2431 1882 2623 1936; x_wconf 88' lang='lat' dir='ltr'><strong>Filium</strong></span> <span class='ocrx_word' id='word_1_332' title='bbox 2653 1897 2761 1936; x_wconf 89' lang='lat' dir='ltr'><strong>non</strong></span> <span class='ocrx_word' id='word_1_333' title='bbox 2789 1880 2965 1935; x_wconf 90' lang='lat' dir='ltr'><strong>solum</strong></span> <span class='ocrx_word' id='word_1_334' title='bbox 3011 1878 3304 1933; x_wconf 91' lang='lat' dir='ltr'><strong>secundum</strong></span> <span class='ocrx_word' id='word_1_335' title='bbox 3332 1875 3609 1937; x_wconf 87' lang='lat' dir='ltr'><strong>deitatem,</strong></span> <span class='ocrx_word' id='word_1_336' title='bbox 3638 1889 3739 1940; x_wconf 85' lang='lat' dir='ltr'><strong>qua</strong></span> 
     </span>
    </p>
   </div>
   <div class='ocr_carea' id='block_1_44' title="bbox 2175 1963 3742 2043">
    <p class='ocr_par' dir='ltr' id='par_1_44' title="bbox 2175 1963 3742 2043">
     <span class='ocr_line' id='line_1_44' title="bbox 2175 1963 3742 2043; baseline -0.01 -13"><span class='ocrx_word' id='word_1_337' title='bbox 2175 1991 2208 2030; x_wconf 88' lang='lat' dir='ltr'><strong>a</strong></span> <span class='ocrx_word' id='word_1_338' title='bbox 2229 1975 2388 2029; x_wconf 89' lang='lat' dir='ltr'><strong>Patre</strong></span> <span class='ocrx_word' id='word_1_339' title='bbox 2422 1982 2506 2028; x_wconf 93' lang='lat' dir='ltr'><strong>est</strong></span> <span class='ocrx_word' id='word_1_340' title='bbox 2531 1971 2760 2043; x_wconf 83' lang='lat' dir='ltr'><strong>genitus,</strong></span> <span class='ocrx_word' id='word_1_341' title='bbox 2791 1970 2884 2025; x_wconf 87' lang='lat' dir='ltr'><strong>sed</strong></span> <span class='ocrx_word' id='word_1_342' title='bbox 2921 1970 3086 2024; x_wconf 89' lang='lat' dir='ltr'><strong>etiam</strong></span> <span class='ocrx_word' id='word_1_343' title='bbox 3130 1967 3422 2022; x_wconf 90' lang='lat' dir='ltr'><strong>secundum</strong></span> <span class='ocrx_word' id='word_1_344' title='bbox 3449 1963 3742 2018; x_wconf 82' lang='lat' dir='ltr'><strong>humanita-</strong></span> 
     </span>
    </p>
   </div>
   <div class='ocr_carea' id='block_1_45' title="bbox 2173 2055 3668 2134">
    <p class='ocr_par' dir='ltr' id='par_1_45' title="bbox 2173 2055 3668 2134">
     <span class='ocr_line' id='line_1_45' title="bbox 2173 2055 3668 2134; baseline -0.011 -13"><span class='ocrx_word' id='word_1_345' title='bbox 2173 2075 2303 2129; x_wconf 87' lang='lat' dir='ltr'><strong>tem,</strong></span> <span class='ocrx_word' id='word_1_346' title='bbox 2333 2080 2438 2134; x_wconf 89' lang='lat' dir='ltr'><strong>qua</strong></span> <span class='ocrx_word' id='word_1_347' title='bbox 2467 2063 2534 2118; x_wconf 91' lang='lat' dir='ltr'><strong>de</strong></span> <span class='ocrx_word' id='word_1_348' title='bbox 2555 2071 2727 2117; x_wconf 91' lang='lat' dir='ltr'><strong>matre</strong></span> <span class='ocrx_word' id='word_1_349' title='bbox 2755 2061 2962 2132; x_wconf 78' lang='lat' dir='ltr'><strong>virgine</strong></span> <span class='ocrx_word' id='word_1_350' title='bbox 2987 2067 3071 2114; x_wconf 86' lang='lat' dir='ltr'><strong>est</strong></span> <span class='ocrx_word' id='word_1_351' title='bbox 3100 2066 3276 2122; x_wconf 91' lang='lat' dir='ltr'><strong>natus,</strong></span> <span class='ocrx_word' id='word_1_352' title='bbox 3295 2055 3620 2124; x_wconf 83' lang='lat' dir='ltr'><strong>intelligant.</strong></span> <span class='ocrx_word' id='word_1_353' title='bbox 3652 2075 3668 2104; x_wconf 77' lang='grc' dir='ltr'><strong>ι</strong></span> 
     </span>
    </p>
   </div>
   <div class='ocr_carea' id='block_1_46' title="bbox 2240 2143 3742 2224">
    <p class='ocr_par' dir='ltr' id='par_1_46' title="bbox 2240 2143 3742 2224">
     <span class='ocr_line' id='line_1_46' title="bbox 2240 2143 3742 2224; baseline -0.009 -15"><span class='ocrx_word' id='word_1_354' title='bbox 2240 2154 2374 2210; x_wconf 83' lang='lat' dir='ltr'><strong>Item</strong></span> <span class='ocrx_word' id='word_1_355' title='bbox 2405 2154 2516 2224; x_wconf 90' lang='lat' dir='ltr'><strong>ipse</strong></span> <span class='ocrx_word' id='word_1_356' title='bbox 2563 2151 2734 2206; x_wconf 86' lang='lat' dir='ltr'><strong>alibi:</strong></span> <span class='ocrx_word' id='word_1_357' title='bbox 2773 2170 2790 2202; x_wconf 78' lang='grc' dir='ltr'><strong>ι</strong></span> <span class='ocrx_word' id='word_1_358' title='bbox 2843 2149 3132 2218; x_wconf 87' lang='lat' dir='ltr'><strong>Assumpta</strong></span> <span class='ocrx_word' id='word_1_359' title='bbox 3170 2155 3252 2201; x_wconf 90' lang='lat' dir='ltr'><strong>est</strong></span> <span class='ocrx_word' id='word_1_360' title='bbox 3299 2145 3366 2199; x_wconf 91' lang='lat' dir='ltr'><strong>de</strong></span> <span class='ocrx_word' id='word_1_361' title='bbox 3415 2151 3614 2205; x_wconf 84' lang='lat' dir='ltr'><strong>matre,</strong></span> <span class='ocrx_word' id='word_1_362' title='bbox 3657 2143 3742 2196; x_wconf 87' lang='lat' dir='ltr'><strong>Do-</strong></span> 
     </span>
    </p>
   </div>
   <div class='ocr_carea' id='block_1_47' title="bbox 2171 2232 3744 2312">
    <p class='ocr_par' dir='ltr' id='par_1_47' title="bbox 2171 2232 3744 2312">
     <span class='ocr_line' id='line_1_47' title="bbox 2171 2232 3744 2312; baseline -0.009 -12"><span class='ocrx_word' id='word_1_363' title='bbox 2171 2247 2302 2301; x_wconf 88' lang='lat' dir='ltr'><strong>mini</strong></span> <span class='ocrx_word' id='word_1_364' title='bbox 2334 2255 2545 2307; x_wconf 88' lang='lat' dir='ltr'><strong>natura,</strong></span> <span class='ocrx_word' id='word_1_365' title='bbox 2580 2258 2688 2298; x_wconf 90' lang='lat' dir='ltr'><strong>non</strong></span> <span class='ocrx_word' id='word_1_366' title='bbox 2708 2241 2892 2312; x_wconf 88' lang='lat' dir='ltr'><strong>culpa;</strong></span> <span class='ocrx_word' id='word_1_367' title='bbox 2928 2245 3108 2296; x_wconf 83' lang='lat' dir='ltr'><strong>creata</strong></span> <span class='ocrx_word' id='word_1_368' title='bbox 3144 2246 3226 2293; x_wconf 91' lang='lat' dir='ltr'><strong>est</strong></span> <span class='ocrx_word' id='word_1_369' title='bbox 3248 2235 3421 2292; x_wconf 84' lang='lat' dir='ltr'><strong>forma</strong></span> <span class='ocrx_word' id='word_1_370' title='bbox 3453 2233 3601 2288; x_wconf 85' lang='lat' dir='ltr'><strong>servi</strong></span> <span class='ocrx_word' id='word_1_371' title='bbox 3642 2232 3744 2286; x_wconf 87' lang='lat' dir='ltr'><strong>sine</strong></span> 
     </span>
    </p>
   </div>
   <div class='ocr_carea' id='block_1_48' title="bbox 2171 2322 3737 2401">
    <p class='ocr_par' dir='ltr' id='par_1_48' title="bbox 2171 2322 3737 2401">
     <span class='ocr_line' id='line_1_48' title="bbox 2171 2322 3737 2401; baseline -0.01 -11"><span class='ocrx_word' id='word_1_372' title='bbox 2171 2335 2478 2392; x_wconf 90' lang='lat' dir='ltr'><strong>conditione</strong></span> <span class='ocrx_word' id='word_1_373' title='bbox 2503 2331 2704 2397; x_wconf 90' lang='lat' dir='ltr'><strong>servili,</strong></span> <span class='ocrx_word' id='word_1_374' title='bbox 2734 2332 2860 2401; x_wconf 91' lang='lat' dir='ltr'><strong>quia</strong></span> <span class='ocrx_word' id='word_1_375' title='bbox 2895 2345 3065 2385; x_wconf 92' lang='lat' dir='ltr'><strong>novus</strong></span> <span class='ocrx_word' id='word_1_376' title='bbox 3091 2334 3418 2397; x_wconf 89' lang='lat' dir='ltr'><strong>temperatus</strong></span> <span class='ocrx_word' id='word_1_377' title='bbox 3447 2333 3528 2378; x_wconf 89' lang='lat' dir='ltr'><strong>est</strong></span> <span class='ocrx_word' id='word_1_378' title='bbox 3556 2322 3737 2384; x_wconf 86' lang='lat' dir='ltr'><strong>veteri,</strong></span> 
     </span>
    </p>
   </div>
   <div class='ocr_carea' id='block_1_49' title="bbox 2174 2416 3741 2496">
    <p class='ocr_par' dir='ltr' id='par_1_49' title="bbox 2174 2416 3741 2496">
     <span class='ocr_line' id='line_1_49' title="bbox 2174 2416 3741 2496; baseline -0.011 -12"><span class='ocrx_word' id='word_1_379' title='bbox 2174 2438 2234 2484; x_wconf 88' lang='lat' dir='ltr'><strong>ut</strong></span> <span class='ocrx_word' id='word_1_380' title='bbox 2263 2437 2318 2482; x_wconf 90' lang='lat' dir='ltr'><strong>et</strong></span> <span class='ocrx_word' id='word_1_381' title='bbox 2342 2428 2621 2482; x_wconf 88' lang='lat' dir='ltr'><strong>veritatem</strong></span> <span class='ocrx_word' id='word_1_382' title='bbox 2648 2425 2945 2496; x_wconf 87' lang='lat' dir='ltr'><strong>susciperet</strong></span> <span class='ocrx_word' id='word_1_383' title='bbox 2967 2423 3194 2493; x_wconf 80' lang='lat' dir='ltr'><strong>generis,</strong></span> <span class='ocrx_word' id='word_1_384' title='bbox 3227 2427 3280 2475; x_wconf 91' lang='lat' dir='ltr'><strong>et</strong></span> <span class='ocrx_word' id='word_1_385' title='bbox 3326 2418 3522 2472; x_wconf 85' lang='lat' dir='ltr'><strong>vitium</strong></span> <span class='ocrx_word' id='word_1_386' title='bbox 3565 2416 3741 2470; x_wconf 72' lang='lat' dir='ltr'><strong>exclu-</strong></span> 
     </span>
    </p>
   </div>
   <div class='ocr_carea' id='block_1_50' title="bbox 2177 2515 2708 2572">
    <p class='ocr_par' dir='ltr' id='par_1_50' title="bbox 2177 2515 2708 2572">
     <span class='ocr_line' id='line_1_50' title="bbox 2177 2515 2708 2572; baseline -0.008 0"><span class='ocrx_word' id='word_1_387' title='bbox 2177 2519 2327 2572; x_wconf 87' lang='lat' dir='ltr'><strong>deret</strong></span> <span class='ocrx_word' id='word_1_388' title='bbox 2353 2515 2656 2571; x_wconf 88' lang='lat' dir='ltr'><strong>vetustatis.</strong></span> <span class='ocrx_word' id='word_1_389' title='bbox 2690 2535 2708 2567; x_wconf 74' lang='grc' dir='ltr'><strong>ι</strong></span> 
     </span>
    </p>
   </div>
   <div class='ocr_carea' id='block_1_51' title="bbox 1256 2747 3749 2782">
    <p class='ocr_par' dir='ltr' id='par_1_51' title="bbox 1256 2747 3749 2782">
     <span class='ocr_line' id='line_1_51' title="bbox 1256 2747 3749 2782; baseline -0.001 -9"><span class='ocrx_word' id='word_1_390' title='bbox 1256 2747 3749 2782; x_wconf 59' lang='lat' dir='ltr'><strong>WM</strong></span> 
     </span>
    </p>
   </div>
   <div class='ocr_carea' id='block_1_52' title="bbox 1315 2900 2934 3030">
    <p class='ocr_par' dir='ltr' id='par_1_52' title="bbox 1315 2900 2934 3030">
     <span class='ocr_line' id='line_1_52' title="bbox 1315 2900 2934 3030; baseline -0.003 0"><span class='ocrx_word' id='word_1_391' title='bbox 1315 2903 1702 3030; x_wconf 89' lang='lat' dir='ltr'><strong>VITA</strong></span> <span class='ocrx_word' id='word_1_392' title='bbox 1799 2902 2365 3030; x_wconf 87' lang='lat' dir='ltr'><strong>SANCTI</strong></span> <span class='ocrx_word' id='word_1_393' title='bbox 2463 2900 2934 3030; x_wconf 85' lang='grc' dir='ltr'><strong>ΒΕΑΤΙ</strong></span> 
     </span>
    </p>
   </div>
   <div class='ocr_carea' id='block_1_53' title="bbox 1777 3130 2038 3174">
    <p class='ocr_par' dir='ltr' id='par_1_53' title="bbox 1777 3130 2038 3174">
     <span class='ocr_line' id='line_1_53' title="bbox 1777 3130 2038 3174; baseline -0.004 0"><span class='ocrx_word' id='word_1_394' title='bbox 1777 3130 2038 3174; x_wconf 73' lang='grc' dir='ltr'><strong>ΔΒΒΑΤΙΞ</strong></span> 
     </span>
    </p>
   </div>
   <div class='ocr_carea' id='block_1_54' title="bbox 2099 3131 2468 3187">
    <p class='ocr_par' dir='ltr' id='par_1_54' title="bbox 2099 3131 2468 3187">
     <span class='ocr_line' id='line_1_54' title="bbox 2099 3131 2468 3187; baseline -0.003 -14"><span class='ocrx_word' id='word_1_395' title='bbox 2099 3131 2416 3173; x_wconf 71' lang='grc' dir='ltr'>ιιιδΡΔΝιει</span> <span class='ocrx_word' id='word_1_396' title='bbox 2453 3160 2468 3187; x_wconf 93' lang='grc'><strong>,</strong></span> 
     </span>
    </p>
   </div>
   <div class='ocr_carea' id='block_1_55' title="bbox 1527 3257 2706 3315">
    <p class='ocr_par' dir='ltr' id='par_1_55' title="bbox 1527 3257 2706 3315">
     <span class='ocr_line' id='line_1_55' title="bbox 1527 3257 2706 3315; baseline 0 -3"><span class='ocrx_word' id='word_1_397' title='bbox 1527 3257 1853 3314; x_wconf 80' lang='lat' dir='ltr'><strong>AUCTOBE</strong></span> <span class='ocrx_word' id='word_1_398' title='bbox 1891 3257 2229 3314; x_wconf 81' lang='lat' dir='ltr'><strong>ANONY-MO</strong></span> <span class='ocrx_word' id='word_1_399' title='bbox 2265 3257 2706 3315; x_wconf 82' lang='lat' dir='ltr'><strong>BECENTIORI.</strong></span> 
     </span>
    </p>
   </div>
   <div class='ocr_carea' id='block_1_56' title="bbox 1626 3392 2621 3456">
    <p class='ocr_par' dir='ltr' id='par_1_56' title="bbox 1626 3392 2621 3456">
     <span class='ocr_line' id='line_1_56' title="bbox 1626 3392 2621 3456; baseline -0.002 -12"><span class='ocrx_word' id='word_1_400' title='bbox 1626 3393 1718 3453; x_wconf 83' lang='lat' dir='ltr'><strong>[Ex</strong></span> <span class='ocrx_word' id='word_1_401' title='bbox 1747 3393 1852 3443; x_wconf 83' lang='lat' dir='ltr'><strong>Act.</strong></span> <span class='ocrx_word' id='word_1_402' title='bbox 1880 3395 1985 3443; x_wconf 84' lang='lat' dir='ltr'><strong>0rd.</strong></span> <span class='ocrx_word' id='word_1_403' title='bbox 2013 3394 2064 3443; x_wconf 88' lang='lat' dir='ltr'><strong>S.</strong></span> <span class='ocrx_word' id='word_1_404' title='bbox 2090 3393 2372 3456; x_wconf 82' lang='lat' dir='ltr'><strong>Benedicti,</strong></span> <span class='ocrx_word' id='word_1_405' title='bbox 2393 3399 2512 3444; x_wconf 89' lang='lat' dir='ltr'><strong>tom.</strong></span> <span class='ocrx_word' id='word_1_406' title='bbox 2539 3392 2621 3455; x_wconf 83' lang='lat' dir='ltr'><strong>V.]</strong></span> 
     </span>
    </p>
   </div>
   <div class='ocr_carea' id='block_1_57' title="bbox 1117 3640 3119 3723">
    <p class='ocr_par' dir='ltr' id='par_1_57' title="bbox 1117 3640 3119 3723">
     <span class='ocr_line' id='line_1_57' title="bbox 1117 3640 3119 3723; baseline 0 -4"><span class='ocrx_word' id='word_1_407' title='bbox 1117 3643 1728 3720; x_wconf 82' lang='lat' dir='ltr'><strong>MABILLONII</strong></span> <span class='ocrx_word' id='word_1_408' title='bbox 1789 3640 2622 3722; x_wconf 78' lang='lat' dir='ltr'><strong>OBSERVATIONES</strong></span> <span class='ocrx_word' id='word_1_409' title='bbox 2671 3642 3119 3723; x_wconf 62' lang='lat' dir='ltr'><strong>PBIEVUE.</strong></span> 
     </span>
    </p>
   </div>
   <div class='ocr_carea' id='block_1_58' title="bbox 580 3871 2080 3938">
    <p class='ocr_par' dir='ltr' id='par_1_58' title="bbox 580 3871 2080 3938">
     <span class='ocr_line' id='line_1_58' title="bbox 580 3871 2080 3938; baseline -0.003 -9"><span class='ocrx_word' id='word_1_410' title='bbox 580 3875 631 3929; x_wconf 78' lang='lat' dir='ltr'><strong>i.</strong></span> <span class='ocrx_word' id='word_1_411' title='bbox 644 3874 788 3928; x_wconf 83' lang='lat' dir='ltr'><strong>Inter</strong></span> <span class='ocrx_word' id='word_1_412' title='bbox 813 3879 1026 3927; x_wconf 90' lang='lat' dir='ltr'><strong>sanctos</strong></span> <span class='ocrx_word' id='word_1_413' title='bbox 1041 3871 1218 3926; x_wconf 71' lang='lat' dir='ltr'><strong>saeculi</strong></span> <span class='ocrx_word' id='word_1_414' title='bbox 1237 3872 1379 3925; x_wconf 91' lang='lat' dir='ltr'><strong>tertii</strong></span> <span class='ocrx_word' id='word_1_415' title='bbox 1403 3871 1732 3925; x_wconf 90' lang='lat' dir='ltr'><strong>Benedictini</strong></span> <span class='ocrx_word' id='word_1_416' title='bbox 1755 3871 2080 3938; x_wconf 70' lang='lat' dir='ltr'><strong>prmtermis-</strong></span> 
     </span>
    </p>
   </div>
   <div class='ocr_carea' id='block_1_59' title="bbox 507 3939 2078 4003">
    <p class='ocr_par' dir='ltr' id='par_1_59' title="bbox 507 3939 2078 4003">
     <span class='ocr_line' id='line_1_59' title="bbox 507 3939 2078 4003; baseline -0.004 -3"><span class='ocrx_word' id='word_1_417' title='bbox 507 3961 597 4003; x_wconf 85' lang='lat' dir='ltr'><strong>sos</strong></span> <span class='ocrx_word' id='word_1_418' title='bbox 626 3943 783 3998; x_wconf 89' lang='lat' dir='ltr'><strong>retuli</strong></span> <span class='ocrx_word' id='word_1_419' title='bbox 833 3942 978 3994; x_wconf 88' lang='lat' dir='ltr'><strong>hunc</strong></span> <span class='ocrx_word' id='word_1_420' title='bbox 1022 3941 1273 4003; x_wconf 76' lang='lat' dir='ltr'><strong>Beatum;</strong></span> <span class='ocrx_word' id='word_1_421' title='bbox 1311 3942 1378 3993; x_wconf 78' lang='lat' dir='ltr'><strong>ob</strong></span> <span class='ocrx_word' id='word_1_422' title='bbox 1425 3955 1544 3993; x_wconf 87' lang='lat' dir='ltr'><strong>eam</strong></span> <span class='ocrx_word' id='word_1_423' title='bbox 1586 3939 1832 3994; x_wconf 84' lang='lat' dir='ltr'><strong>videlicet</strong></span> <span class='ocrx_word' id='word_1_424' title='bbox 1859 3956 2078 3994; x_wconf 87' lang='lat' dir='ltr'><strong>causam</strong></span> 
     </span>
    </p>
   </div>
   <div class='ocr_carea' id='block_1_60' title="bbox 507 4008 2075 4085">
    <p class='ocr_par' dir='ltr' id='par_1_60' title="bbox 507 4008 2075 4085">
     <span class='ocr_line' id='line_1_60' title="bbox 507 4008 2075 4085; baseline -0.004 -16"><span class='ocrx_word' id='word_1_425' title='bbox 507 4013 745 4085; x_wconf 75' lang='lat' dir='ltr'><strong>quodin</strong></span> <span class='ocrx_word' id='word_1_426' title='bbox 757 4009 984 4085; x_wconf 83' lang='lat' dir='ltr'><strong>vulgatis</strong></span> <span class='ocrx_word' id='word_1_427' title='bbox 1007 4009 1122 4085; x_wconf 71' lang='lat' dir='ltr'><strong>eius</strong></span> <span class='ocrx_word' id='word_1_428' title='bbox 1148 4010 1284 4063; x_wconf 87' lang='lat' dir='ltr'><strong>actis</strong></span> <span class='ocrx_word' id='word_1_429' title='bbox 1308 4009 1454 4085; x_wconf 74' lang='lat' dir='ltr'><strong>nulia</strong></span> <span class='ocrx_word' id='word_1_430' title='bbox 1479 4008 1739 4085; x_wconf 65' lang='lat' dir='ltr'><strong>deipsius</strong></span> <span class='ocrx_word' id='word_1_431' title='bbox 1756 4010 2075 4085; x_wconf 79' lang='lat' dir='ltr'><strong>monachatu</strong></span> 
     </span>
    </p>
   </div>
   <div class='ocr_carea' id='block_1_61' title="bbox 507 4078 2080 4148">
    <p class='ocr_par' dir='ltr' id='par_1_61' title="bbox 507 4078 2080 4148">
     <span class='ocr_line' id='line_1_61' title="bbox 507 4078 2080 4148; baseline -0.006 -8"><span class='ocrx_word' id='word_1_432' title='bbox 507 4078 712 4139; x_wconf 79' lang='lat' dir='ltr'><strong>mentio</strong></span> <span class='ocrx_word' id='word_1_433' title='bbox 732 4078 1012 4134; x_wconf 85' lang='lat' dir='ltr'><strong>habeatur.</strong></span> <span class='ocrx_word' id='word_1_434' title='bbox 1041 4078 1234 4133; x_wconf 90' lang='lat' dir='ltr'><strong>Postea</strong></span> <span class='ocrx_word' id='word_1_435' title='bbox 1254 4093 1380 4148; x_wconf 83' lang='lat' dir='ltr'><strong>vero</strong></span> <span class='ocrx_word' id='word_1_436' title='bbox 1401 4078 1563 4148; x_wconf 79' lang='lat' dir='ltr'><strong>incidi</strong></span> <span class='ocrx_word' id='word_1_437' title='bbox 1581 4079 1632 4132; x_wconf 92' lang='lat' dir='ltr'><strong>in</strong></span> <span class='ocrx_word' id='word_1_438' title='bbox 1653 4079 1897 4147; x_wconf 55' lang='lat' dir='ltr'><strong>quaedam</strong></span> <span class='ocrx_word' id='word_1_439' title='bbox 1921 4094 2080 4148; x_wconf 88' lang='lat' dir='ltr'><strong>argu-</strong></span> 
     </span>
    </p>
   </div>
   <div class='ocr_carea' id='block_1_62' title="bbox 508 4145 2080 4221">
    <p class='ocr_par' dir='ltr' id='par_1_62' title="bbox 508 4145 2080 4221">
     <span class='ocr_line' id='line_1_62' title="bbox 508 4145 2080 4221; baseline -0.004 -12"><span class='ocrx_word' id='word_1_440' title='bbox 508 4151 688 4210; x_wconf 86' lang='lat' dir='ltr'><strong>menta</strong></span> <span class='ocrx_word' id='word_1_441' title='bbox 711 4165 832 4221; x_wconf 62' lang='lat' dir='ltr'><strong>quae</strong></span> <span class='ocrx_word' id='word_1_442' title='bbox 859 4149 1213 4221; x_wconf 79' lang='lat' dir='ltr'><strong>monasticam</strong></span> <span class='ocrx_word' id='word_1_443' title='bbox 1255 4145 1372 4215; x_wconf 88' lang='lat' dir='ltr'><strong>ejus</strong></span> <span class='ocrx_word' id='word_1_444' title='bbox 1403 4145 1581 4221; x_wconf 76' lang='lat' dir='ltr'><strong>vitam</strong></span> <span class='ocrx_word' id='word_1_445' title='bbox 1611 4145 1888 4221; x_wconf 76' lang='lat' dir='ltr'><strong>probant,_</strong></span> <span class='ocrx_word' id='word_1_446' title='bbox 1919 4145 2080 4221; x_wconf 77' lang='lat' dir='ltr'><strong>atque</strong></span> 
     </span>
    </p>
   </div>
   <div class='ocr_carea' id='block_1_63' title="bbox 509 4217 2080 4289">
    <p class='ocr_par' dir='ltr' id='par_1_63' title="bbox 509 4217 2080 4289">
     <span class='ocr_line' id='line_1_63' title="bbox 509 4217 2080 4289; baseline -0.01 -9"><span class='ocrx_word' id='word_1_447' title='bbox 509 4225 643 4280; x_wconf 90' lang='lat' dir='ltr'><strong>adeo</strong></span> <span class='ocrx_word' id='word_1_448' title='bbox 669 4217 842 4276; x_wconf 79' lang='lat' dir='ltr'><strong>virum</strong></span> <span class='ocrx_word' id='word_1_449' title='bbox 878 4219 1124 4274; x_wconf 88' lang='lat' dir='ltr'><strong>doctrina</strong></span> <span class='ocrx_word' id='word_1_450' title='bbox 1166 4233 1230 4271; x_wconf 92' lang='lat' dir='ltr'><strong>ac</strong></span> <span class='ocrx_word' id='word_1_451' title='bbox 1258 4218 1542 4289; x_wconf 87' lang='lat' dir='ltr'><strong>sanctitate</strong></span> <span class='ocrx_word' id='word_1_452' title='bbox 1570 4218 1830 4289; x_wconf 84' lang='lat' dir='ltr'><strong>insignem</strong></span> <span class='ocrx_word' id='word_1_453' title='bbox 1857 4217 2080 4274; x_wconf 86' lang='lat' dir='ltr'><strong>Benedi-</strong></span> 
     </span>
    </p>
   </div>
   <div class='ocr_carea' id='block_1_64' title="bbox 510 4288 1612 4356">
    <p class='ocr_par' dir='ltr' id='par_1_64' title="bbox 510 4288 1612 4356">
     <span class='ocr_line' id='line_1_64' title="bbox 510 4288 1612 4356; baseline -0.009 -6"><span class='ocrx_word' id='word_1_454' title='bbox 510 4295 666 4350; x_wconf 64' lang='lat' dir='ltr'><strong>ctinze</strong></span> <span class='ocrx_word' id='word_1_455' title='bbox 699 4291 912 4345; x_wconf 71' lang='lat' dir='ltr'><strong>familiae</strong></span> <span class='ocrx_word' id='word_1_456' title='bbox 935 4289 1132 4344; x_wconf 85' lang='lat' dir='ltr'><strong>ascribi</strong></span> <span class='ocrx_word' id='word_1_457' title='bbox 1162 4303 1319 4356; x_wconf 88' lang='lat' dir='ltr'><strong>posse</strong></span> <span class='ocrx_word' id='word_1_458' title='bbox 1344 4288 1612 4342; x_wconf 82' lang='lat' dir='ltr'><strong>existimo.</strong></span> 
     </span>
    </p>
   </div>
   <div class='ocr_carea' id='block_1_65' title="bbox 576 4358 2075 4440">
    <p class='ocr_par' dir='ltr' id='par_1_65' title="bbox 576 4358 2075 4440">
     <span class='ocr_line' id='line_1_65' title="bbox 576 4358 2075 4440; baseline -0.003 -22"><span class='ocrx_word' id='word_1_459' title='bbox 576 4365 629 4418; x_wconf 75' lang='grc'><strong>2.</strong></span> <span class='ocrx_word' id='word_1_460' title='bbox 671 4361 818 4440; x_wconf 79' lang='lat' dir='ltr'><strong>Beati</strong></span> <span class='ocrx_word' id='word_1_461' title='bbox 845 4360 1022 4440; x_wconf 54' lang='lat' dir='ltr'><strong>Vitam</strong></span> <span class='ocrx_word' id='word_1_462' title='bbox 1050 4361 1102 4414; x_wconf 91' lang='lat' dir='ltr'><strong>in</strong></span> <span class='ocrx_word' id='word_1_463' title='bbox 1135 4359 1341 4440; x_wconf 77' lang='lat' dir='ltr'><strong>litteras</strong></span> <span class='ocrx_word' id='word_1_464' title='bbox 1382 4358 1564 4440; x_wconf 73' lang='lat' dir='ltr'><strong>retulit</strong></span> <span class='ocrx_word' id='word_1_465' title='bbox 1612 4372 1910 4440; x_wconf 76' lang='lat' dir='ltr'><strong>anonymus</strong></span> <span class='ocrx_word' id='word_1_466' title='bbox 1951 4359 2075 4440; x_wconf 82' lang='lat' dir='ltr'><strong>qui-</strong></span> 
     </span>
    </p>
   </div>
   <div class='ocr_carea' id='block_1_66' title="bbox 2186 3869 3748 3941">
    <p class='ocr_par' dir='ltr' id='par_1_66' title="bbox 2186 3869 3748 3941">
     <span class='ocr_line' id='line_1_66' title="bbox 2186 3869 3748 3941; baseline 0.006 -20"><span class='ocrx_word' id='word_1_467' title='bbox 2186 3878 2401 3941; x_wconf 79' lang='lat' dir='ltr'><strong>pantur.</strong></span> <span class='ocrx_word' id='word_1_468' title='bbox 2433 3869 2652 3941; x_wconf 76' lang='lat' dir='ltr'><strong>Verum,</strong></span> <span class='ocrx_word' id='word_1_469' title='bbox 2681 3884 2748 3923; x_wconf 90' lang='lat' dir='ltr'><strong>ne</strong></span> <span class='ocrx_word' id='word_1_470' title='bbox 2777 3871 2944 3940; x_wconf 79' lang='lat' dir='ltr'><strong>gratis</strong></span> <span class='ocrx_word' id='word_1_471' title='bbox 2969 3872 3035 3926; x_wconf 92' lang='lat' dir='ltr'><strong>de</strong></span> <span class='ocrx_word' id='word_1_472' title='bbox 3058 3872 3220 3926; x_wconf 90' lang='lat' dir='ltr'><strong>Beato</strong></span> <span class='ocrx_word' id='word_1_473' title='bbox 3246 3872 3300 3927; x_wconf 91' lang='lat' dir='ltr'><strong>id</strong></span> <span class='ocrx_word' id='word_1_474' title='bbox 3330 3874 3529 3930; x_wconf 77' lang='lat' dir='ltr'><strong>dixisse</strong></span> <span class='ocrx_word' id='word_1_475' title='bbox 3551 3877 3748 3941; x_wconf 87' lang='lat' dir='ltr'><strong>videar,</strong></span> 
     </span>
    </p>
   </div>
   <div class='ocr_carea' id='block_1_67' title="bbox 2184 3938 3751 4011">
    <p class='ocr_par' dir='ltr' id='par_1_67' title="bbox 2184 3938 3751 4011">
     <span class='ocr_line' id='line_1_67' title="bbox 2184 3938 3751 4011; baseline 0.006 -19"><span class='ocrx_word' id='word_1_476' title='bbox 2184 3938 2502 4011; x_wconf 58' lang='lat' dir='ltr'><strong>proferenda</strong></span> <span class='ocrx_word' id='word_1_477' title='bbox 2537 3949 2662 4011; x_wconf 89' lang='lat' dir='ltr'><strong>sunt</strong></span> <span class='ocrx_word' id='word_1_478' title='bbox 2705 3938 3040 4010; x_wconf 81' lang='lat' dir='ltr'><strong>argumenta,</strong></span> <span class='ocrx_word' id='word_1_479' title='bbox 3069 3941 3263 4011; x_wconf 88' lang='lat' dir='ltr'><strong>quibus</strong></span> <span class='ocrx_word' id='word_1_480' title='bbox 3316 3943 3432 3999; x_wconf 90' lang='lat' dir='ltr'><strong>sine</strong></span> <span class='ocrx_word' id='word_1_481' title='bbox 3461 3945 3628 4001; x_wconf 87' lang='lat' dir='ltr'><strong>dubio</strong></span> <span class='ocrx_word' id='word_1_482' title='bbox 3672 3938 3751 4001; x_wconf 52' lang='lat' dir='ltr'><strong>ac?</strong></span> 
     </span>
    </p>
   </div>
   <div class='ocr_carea' id='block_1_68' title="bbox 2185 4009 3752 4078">
    <p class='ocr_par' dir='ltr' id='par_1_68' title="bbox 2185 4009 3752 4078">
     <span class='ocr_line' id='line_1_68' title="bbox 2185 4009 3752 4078; baseline 0.004 -17"><span class='ocrx_word' id='word_1_483' title='bbox 2185 4010 2427 4078; x_wconf 88' lang='lat' dir='ltr'><strong>quiescet</strong></span> <span class='ocrx_word' id='word_1_484' title='bbox 2455 4009 2726 4074; x_wconf 90' lang='lat' dir='ltr'><strong>Tamaius,</strong></span> <span class='ocrx_word' id='word_1_485' title='bbox 2762 4009 2816 4064; x_wconf 87' lang='lat' dir='ltr'><strong>et</strong></span> <span class='ocrx_word' id='word_1_486' title='bbox 2846 4011 2937 4078; x_wconf 89' lang='lat' dir='ltr'><strong>qui</strong></span> <span class='ocrx_word' id='word_1_487' title='bbox 2968 4009 3100 4066; x_wconf 84' lang='lat' dir='ltr'><strong>cum</strong></span> <span class='ocrx_word' id='word_1_488' title='bbox 3125 4026 3189 4066; x_wconf 91' lang='lat' dir='ltr'><strong>eo</strong></span> <span class='ocrx_word' id='word_1_489' title='bbox 3227 4013 3485 4067; x_wconf 87' lang='lat' dir='ltr'><strong>sentiunt.</strong></span> <span class='ocrx_word' id='word_1_490' title='bbox 3517 4015 3752 4070; x_wconf 89' lang='lat' dir='ltr'><strong>Primum</strong></span> 
     </span>
    </p>
   </div>
   <div class='ocr_carea' id='block_1_69' title="bbox 2185 4079 3753 4145">
    <p class='ocr_par' dir='ltr' id='par_1_69' title="bbox 2185 4079 3753 4145">
     <span class='ocr_line' id='line_1_69' title="bbox 2185 4079 3753 4145; baseline 0.004 -13"><span class='ocrx_word' id='word_1_491' title='bbox 2185 4079 2408 4134; x_wconf 90' lang='lat' dir='ltr'><strong>desumo</strong></span> <span class='ocrx_word' id='word_1_492' title='bbox 2472 4095 2538 4133; x_wconf 72' lang='lat' dir='ltr'><strong>ex</strong></span> <span class='ocrx_word' id='word_1_493' title='bbox 2580 4079 2792 4134; x_wconf 82' lang='lat' dir='ltr'><strong>Alcuini</strong></span> <span class='ocrx_word' id='word_1_494' title='bbox 2845 4080 3029 4137; x_wconf 80' lang='lat' dir='ltr'><strong>librat</strong></span> <span class='ocrx_word' id='word_1_495' title='bbox 3077 4081 3333 4137; x_wconf 87' lang='lat' dir='ltr'><strong>adversus</strong></span> <span class='ocrx_word' id='word_1_496' title='bbox 3382 4084 3639 4145; x_wconf 85' lang='lat' dir='ltr'><strong>Felicem,</strong></span> <span class='ocrx_word' id='word_1_497' title='bbox 3672 4086 3753 4138; x_wconf 85' lang='lat' dir='ltr'><strong>ubi</strong></span> 
     </span>
    </p>
   </div>
   <div class='ocr_carea' id='block_1_70' title="bbox 2184 4149 3751 4224">
    <p class='ocr_par' dir='ltr' id='par_1_70' title="bbox 2184 4149 3751 4224">
     <span class='ocr_line' id='line_1_70' title="bbox 2184 4149 3751 4224; baseline 0.004 -22"><span class='ocrx_word' id='word_1_498' title='bbox 2184 4149 2856 4224; x_wconf 70' lang='lat' dir='ltr'><strong>Bea_tus_abbatis__t_itulo</strong></span> <span class='ocrx_word' id='word_1_499' title='bbox 2903 4151 3148 4224; x_wconf 75' lang='lat' dir='ltr'><strong>donatur.</strong></span> <span class='ocrx_word' id='word_1_500' title='bbox 3200 4151 3382 4222; x_wconf 88' lang='lat' dir='ltr'><strong>Neque</strong></span> <span class='ocrx_word' id='word_1_501' title='bbox 3431 4155 3581 4208; x_wconf 90' lang='lat' dir='ltr'><strong>enim</strong></span> <span class='ocrx_word' id='word_1_502' title='bbox 3624 4155 3751 4224; x_wconf 88' lang='lat' dir='ltr'><strong>apud</strong></span> 
     </span>
    </p>
   </div>
   <div class='ocr_carea' id='block_1_71' title="bbox 2191 4219 3754 4294">
    <p class='ocr_par' dir='ltr' id='par_1_71' title="bbox 2191 4219 3754 4294">
     <span class='ocr_line' id='line_1_71' title="bbox 2191 4219 3754 4294; baseline 0.001 -20"><span class='ocrx_word' id='word_1_503' title='bbox 2191 4219 2504 4294; x_wconf 81' lang='lat' dir='ltr'><strong>Vesigothos</strong></span> <span class='ocrx_word' id='word_1_504' title='bbox 2539 4235 2631 4274; x_wconf 91' lang='lat' dir='ltr'><strong>seu</strong></span> <span class='ocrx_word' id='word_1_505' title='bbox 2660 4219 2926 4294; x_wconf 81' lang='lat' dir='ltr'><strong>Hispanos</strong></span> <span class='ocrx_word' id='word_1_506' title='bbox 2972 4222 3062 4294; x_wconf 84' lang='lat' dir='ltr'><strong>alii</strong></span> <span class='ocrx_word' id='word_1_507' title='bbox 3091 4229 3246 4294; x_wconf 82' lang='lat' dir='ltr'><strong>erant</strong></span> <span class='ocrx_word' id='word_1_508' title='bbox 3290 4219 3512 4278; x_wconf 81' lang='lat' dir='ltr'><strong>abbates</strong></span> <span class='ocrx_word' id='word_1_509' title='bbox 3560 4219 3754 4294; x_wconf 64' lang='lat' dir='ltr'><strong>praéter</strong></span> 
     </span>
    </p>
   </div>
   <div class='ocr_carea' id='block_1_72' title="bbox 2183 4290 3750 4360">
    <p class='ocr_par' dir='ltr' id='par_1_72' title="bbox 2183 4290 3750 4360">
     <span class='ocr_line' id='line_1_72' title="bbox 2183 4290 3750 4360; baseline 0.002 -18"><span class='ocrx_word' id='word_1_510' title='bbox 2183 4290 2475 4360; x_wconf 83' lang='lat' dir='ltr'><strong>monachos</strong></span> <span class='ocrx_word' id='word_1_511' title='bbox 2532 4298 2588 4344; x_wconf 92' lang='lat' dir='ltr'><strong>et</strong></span> <span class='ocrx_word' id='word_1_512' title='bbox 2647 4291 2939 4360; x_wconf 86' lang='lat' dir='ltr'><strong>regulares.</strong></span> <span class='ocrx_word' id='word_1_513' title='bbox 2982 4290 3190 4346; x_wconf 83' lang='lat' dir='ltr'><strong>Alcutni</strong></span> <span class='ocrx_word' id='word_1_514' title='bbox 3229 4293 3346 4347; x_wconf 70' lang='lat' dir='ltr'><strong>haec</strong></span> <span class='ocrx_word' id='word_1_515' title='bbox 3397 4290 3578 4348; x_wconf 59' lang='lat' dir='ltr'><strong>verba&#39;</strong></span> <span class='ocrx_word' id='word_1_516' title='bbox 3615 4302 3750 4347; x_wconf 88' lang='lat' dir='ltr'><strong>sunt.</strong></span> 
     </span>
    </p>
   </div>
   <div class='ocr_carea' id='block_1_73' title="bbox 2186 4359 3754 4432">
    <p class='ocr_par' dir='ltr' id='par_1_73' title="bbox 2186 4359 3754 4432">
     <span class='ocr_line' id='line_1_73' title="bbox 2186 4359 3754 4432; baseline -0.001 -17"><span class='ocrx_word' id='word_1_517' title='bbox 2186 4373 2208 4432; x_wconf 56' lang='grc' dir='ltr'><strong>ξ</strong></span> <span class='ocrx_word' id='word_1_518' title='bbox 2236 4359 2388 4432; x_wconf 84' lang='lat' dir='ltr'><strong>Quod</strong></span> <span class='ocrx_word' id='word_1_519' title='bbox 2421 4375 2550 4432; x_wconf 62' lang='lat' dir='ltr'><strong>vero</strong></span> <span class='ocrx_word' id='word_1_520' title='bbox 2585 4359 3113 4432; x_wconf 87' lang='lat' dir='ltr'><strong>quemdamBeatum</strong></span> <span class='ocrx_word' id='word_1_521' title='bbox 3135 4362 3402 4432; x_wconf 88' lang='lat' dir='ltr'><strong>abbatem,</strong></span> <span class='ocrx_word' id='word_1_522' title='bbox 3430 4371 3485 4432; x_wconf 78' lang='lat' dir='ltr'><strong>et</strong></span> <span class='ocrx_word' id='word_1_523' title='bbox 3525 4364 3754 4432; x_wconf 80' lang='lat' dir='ltr'><strong>discipu-</strong></span> 
     </span>
    </p>
   </div>
   <div class='ocr_carea' id='block_1_74' title="bbox 509 4423 3754 4502">
    <p class='ocr_par' dir='ltr' id='par_1_74' title="bbox 509 4423 3754 4502">
     <span class='ocr_line' id='line_1_74' title="bbox 509 4423 3754 4502; baseline -0.001 -13"><span class='ocrx_word' id='word_1_524' title='bbox 509 4436 634 4489; x_wconf 91' lang='lat' dir='ltr'><strong>dam</strong></span> <span class='ocrx_word' id='word_1_525' title='bbox 657 4433 891 4502; x_wconf 88' lang='lat' dir='ltr'><strong>scriptor</strong></span> <span class='ocrx_word' id='word_1_526' title='bbox 918 4431 1214 4502; x_wconf 86' lang='lat' dir='ltr'><strong>Hispanus,</strong></span> <span class='ocrx_word' id='word_1_527' title='bbox 1241 4429 1332 4498; x_wconf 90' lang='lat' dir='ltr'><strong>qui</strong></span> <span class='ocrx_word' id='word_1_528' title='bbox 1361 4429 1680 4502; x_wconf 68' lang='lat' dir='ltr'><strong>recentioris</strong></span> <span class='ocrx_word' id='word_1_529' title='bbox 1720 4423 1931 4502; x_wconf 78' lang='lat' dir='ltr'><strong>videtur</strong></span> <span class='ocrx_word' id='word_1_530' title='bbox 1953 4423 2082 4502; x_wconf 45' lang='lat' dir='ltr'><strong>aeta:</strong></span> <span class='ocrx_word' id='word_1_531' title='bbox 2111 4423 2156 4485; x_wconf 91' lang='lat' dir='ltr'><strong><em>C</em></strong></span> <span class='ocrx_word' id='word_1_532' title='bbox 2188 4423 2296 4483; x_wconf 84' lang='lat' dir='ltr'><strong>lum</strong></span> <span class='ocrx_word' id='word_1_533' title='bbox 2334 4423 2754 4502; x_wconf 77' lang='lat' dir='ltr'><strong>ejuslleterium</strong></span> <span class='ocrx_word' id='word_1_534' title='bbox 2800 4431 3109 4502; x_wconf 89' lang='lat' dir='ltr'><strong>episcopum</strong></span> <span class='ocrx_word' id='word_1_535' title='bbox 3150 4431 3328 4486; x_wconf 87' lang='lat' dir='ltr'><strong>dicitis</strong></span> <span class='ocrx_word' id='word_1_536' title='bbox 3379 4423 3506 4488; x_wconf 68' lang='lat' dir='ltr'><strong>huic</strong></span> <span class='ocrx_word' id='word_1_537' title='bbox 3564 4423 3754 4488; x_wconf 62' lang='lat' dir='ltr'><strong>vestrae</strong></span> 
     </span>
    </p>
   </div>
   <div class='ocr_carea' id='block_1_75' title="bbox 509 4497 2083 4574">
    <p class='ocr_par' dir='ltr' id='par_1_75' title="bbox 509 4497 2083 4574">
     <span class='ocr_line' id='line_1_75' title="bbox 509 4497 2083 4574; baseline -0.004 -15"><span class='ocrx_word' id='word_1_538' title='bbox 509 4505 600 4560; x_wconf 92' lang='lat' dir='ltr'><strong>tis.</strong></span> <span class='ocrx_word' id='word_1_539' title='bbox 663 4497 814 4574; x_wconf 77' lang='lat' dir='ltr'><strong>Hanc</strong></span> <span class='ocrx_word' id='word_1_540' title='bbox 873 4497 1218 4574; x_wconf 76' lang='lat' dir='ltr'><strong>scriptionem</strong></span> <span class='ocrx_word' id='word_1_541' title='bbox 1257 4497 1322 4554; x_wconf 81' lang='lat' dir='ltr'><strong>ex</strong></span> <span class='ocrx_word' id='word_1_542' title='bbox 1362 4499 1695 4574; x_wconf 63' lang='lat' dir='ltr'><strong>Legendario</strong></span> <span class='ocrx_word' id='word_1_543' title='bbox 1750 4497 2083 4574; x_wconf 55' lang='lat' dir='ltr'><strong>iisturicensi</strong></span> 
     </span>
    </p>
   </div>
   <div class='ocr_carea' id='block_1_76' title="bbox 512 4567 2085 4642">
    <p class='ocr_par' dir='ltr' id='par_1_76' title="bbox 512 4567 2085 4642">
     <span class='ocr_line' id='line_1_76' title="bbox 512 4567 2085 4642; baseline -0.003 -15"><span class='ocrx_word' id='word_1_544' title='bbox 512 4589 615 4627; x_wconf 89' lang='lat' dir='ltr'><strong>ms.</strong></span> <span class='ocrx_word' id='word_1_545' title='bbox 663 4572 872 4642; x_wconf 81' lang='lat' dir='ltr'><strong>primus</strong></span> <span class='ocrx_word' id='word_1_546' title='bbox 906 4567 1151 4642; x_wconf 80' lang='lat' dir='ltr'><strong>vulgavit</strong></span> <span class='ocrx_word' id='word_1_547' title='bbox 1175 4567 1410 4624; x_wconf 83' lang='lat' dir='ltr'><strong>Joannes</strong></span> <span class='ocrx_word' id='word_1_548' title='bbox 1448 4567 1721 4642; x_wconf 28' lang='lat' dir='ltr'><strong>’Tamaius</strong></span> <span class='ocrx_word' id='word_1_549' title='bbox 1764 4567 1995 4642; x_wconf 63' lang='lat' dir='ltr'><strong>Salazar</strong></span> <span class='ocrx_word' id='word_1_550' title='bbox 2029 4568 2085 4642; x_wconf 84' lang='lat' dir='ltr'><strong>in</strong></span> 
     </span>
    </p>
   </div>
   <div class='ocr_carea' id='block_1_77' title="bbox 510 4636 2084 4713">
    <p class='ocr_par' dir='ltr' id='par_1_77' title="bbox 510 4636 2084 4713">
     <span class='ocr_line' id='line_1_77' title="bbox 510 4636 2084 4713; baseline -0.003 -16"><span class='ocrx_word' id='word_1_551' title='bbox 510 4636 892 4713; x_wconf 54' lang='grc' dir='ltr'><strong>Μαι-πάτριοςρο</strong></span> <span class='ocrx_word' id='word_1_552' title='bbox 937 4636 1242 4710; x_wconf 74' lang='lat' dir='ltr'><strong>Hispanico,</strong></span> <span class='ocrx_word' id='word_1_553' title='bbox 1292 4646 1494 4713; x_wconf 72' lang='lat' dir='ltr'><strong>etpost</strong></span> <span class='ocrx_word' id='word_1_554' title='bbox 1529 4655 1650 4694; x_wconf 93' lang='lat' dir='ltr'><strong>eum</strong></span> <span class='ocrx_word' id='word_1_555' title='bbox 1694 4636 1928 4713; x_wconf 81' lang='lat' dir='ltr'><strong>Joannes</strong></span> <span class='ocrx_word' id='word_1_556' title='bbox 1963 4639 2084 4693; x_wconf 89' lang='lat' dir='ltr'><strong>Bol-</strong></span> 
     </span>
    </p>
   </div>
   <div class='ocr_carea' id='block_1_78' title="bbox 511 4709 2087 4779">
    <p class='ocr_par' dir='ltr' id='par_1_78' title="bbox 511 4709 2087 4779">
     <span class='ocr_line' id='line_1_78' title="bbox 511 4709 2087 4779; baseline -0.003 -12"><span class='ocrx_word' id='word_1_557' title='bbox 511 4709 704 4767; x_wconf 85' lang='lat' dir='ltr'><strong>landus</strong></span> <span class='ocrx_word' id='word_1_558' title='bbox 732 4712 786 4764; x_wconf 93' lang='lat' dir='ltr'><strong>in</strong></span> <span class='ocrx_word' id='word_1_559' title='bbox 815 4709 1094 4766; x_wconf 84' lang='lat' dir='ltr'><strong>Februarii</strong></span> <span class='ocrx_word' id='word_1_560' title='bbox 1135 4719 1280 4766; x_wconf 92' lang='lat' dir='ltr'><strong>tomo</strong></span> <span class='ocrx_word' id='word_1_561' title='bbox 1313 4709 1397 4772; x_wconf 81' lang='lat' dir='ltr'><strong>lll,</strong></span> <span class='ocrx_word' id='word_1_562' title='bbox 1429 4725 1551 4764; x_wconf 90' lang='lat' dir='ltr'><strong>cum</strong></span> <span class='ocrx_word' id='word_1_563' title='bbox 1579 4709 1778 4779; x_wconf 65' lang='lat' dir='ltr'><strong>praevio</strong></span> <span class='ocrx_word' id='word_1_564' title='bbox 1813 4724 2087 4764; x_wconf 90' lang='lat' dir='ltr'><strong>commen-</strong></span> 
     </span>
    </p>
   </div>
   <div class='ocr_carea' id='block_1_79' title="bbox 513 4779 2086 4838">
    <p class='ocr_par' dir='ltr' id='par_1_79' title="bbox 513 4779 2086 4838">
     <span class='ocr_line' id='line_1_79' title="bbox 513 4779 2086 4838; baseline -0.004 0"><span class='ocrx_word' id='word_1_565' title='bbox 513 4783 651 4838; x_wconf 90' lang='lat' dir='ltr'><strong>tario</strong></span> <span class='ocrx_word' id='word_1_566' title='bbox 680 4779 956 4837; x_wconf 80' lang='lat' dir='ltr'><strong>Godefridi</strong></span> <span class='ocrx_word' id='word_1_567' title='bbox 986 4781 1326 4835; x_wconf 87' lang='lat' dir='ltr'><strong>Henschenii.</strong></span> <span class='ocrx_word' id='word_1_568' title='bbox 1369 4780 1626 4836; x_wconf 90' lang='lat' dir='ltr'><strong>Sanctum</strong></span> <span class='ocrx_word' id='word_1_569' title='bbox 1654 4780 1876 4833; x_wconf 88' lang='lat' dir='ltr'><strong>Beatum</strong></span> <span class='ocrx_word' id='word_1_570' title='bbox 1904 4779 2086 4833; x_wconf 91' lang='lat' dir='ltr'><strong>colunt</strong></span> 
     </span>
    </p>
   </div>
   <div class='ocr_carea' id='block_1_80' title="bbox 512 4849 2085 4922">
    <p class='ocr_par' dir='ltr' id='par_1_80' title="bbox 512 4849 2085 4922">
     <span class='ocr_line' id='line_1_80' title="bbox 512 4849 2085 4922; baseline -0.002 -15"><span class='ocrx_word' id='word_1_571' title='bbox 512 4851 755 4922; x_wconf 84' lang='lat' dir='ltr'><strong>Hispani,</strong></span> <span class='ocrx_word' id='word_1_572' title='bbox 795 4851 1063 4922; x_wconf 56' lang='lat' dir='ltr'><strong>praecipue</strong></span> <span class='ocrx_word' id='word_1_573' title='bbox 1103 4850 1746 4922; x_wconf 77' lang='lat' dir='ltr'><strong>Asturicenses,eumque</strong></span> <span class='ocrx_word' id='word_1_574' title='bbox 1778 4849 1936 4922; x_wconf 72' lang='lat' dir='ltr'><strong>vulgo</strong></span> <span class='ocrx_word' id='word_1_575' title='bbox 1957 4865 2085 4904; x_wconf 91' lang='lat' dir='ltr'><strong>san-</strong></span> 
     </span>
    </p>
   </div>
   <div class='ocr_carea' id='block_1_81' title="bbox 514 4919 2087 4990">
    <p class='ocr_par' dir='ltr' id='par_1_81' title="bbox 514 4919 2087 4990">
     <span class='ocr_line' id='line_1_81' title="bbox 514 4919 2087 4990; baseline -0.003 -13"><span class='ocrx_word' id='word_1_576' title='bbox 514 4919 658 4977; x_wconf 83' lang='lat' dir='ltr'><strong>ctum</strong></span> <span class='ocrx_word' id='word_1_577' title='bbox 685 4919 844 4976; x_wconf 70' lang='lat' dir='ltr'><strong>Bieéo</strong></span> <span class='ocrx_word' id='word_1_578' title='bbox 894 4919 1180 4990; x_wconf 87' lang='lat' dir='ltr'><strong>appellant.</strong></span> <span class='ocrx_word' id='word_1_579' title='bbox 1211 4919 1287 4972; x_wconf 91' lang='lat' dir='ltr'><strong>De</strong></span> <span class='ocrx_word' id='word_1_580' title='bbox 1330 4919 1674 4990; x_wconf 19' lang='lat' dir='ltr'><strong>eogprieclare</strong></span> <span class='ocrx_word' id='word_1_581' title='bbox 1715 4919 1826 4989; x_wconf 92' lang='lat' dir='ltr'><strong>agit</strong></span> <span class='ocrx_word' id='word_1_582' title='bbox 1853 4919 2087 4974; x_wconf 84' lang='lat' dir='ltr'><strong>Joannes</strong></span> 
     </span>
    </p>
   </div>
   <div class='ocr_carea' id='block_1_82' title="bbox 513 4988 1923 5058">
    <p class='ocr_par' dir='ltr' id='par_1_82' title="bbox 513 4988 1923 5058">
     <span class='ocr_line' id='line_1_82' title="bbox 513 4988 1923 5058; baseline -0.004 -10"><span class='ocrx_word' id='word_1_583' title='bbox 513 4991 751 5048; x_wconf 75' lang='lat' dir='ltr'><strong>Mariana</strong></span> <span class='ocrx_word' id='word_1_584' title='bbox 779 4991 835 5045; x_wconf 90' lang='lat' dir='ltr'><strong>in</strong></span> <span class='ocrx_word' id='word_1_585' title='bbox 860 4988 1058 5046; x_wconf 29' lang='lat' dir='ltr'><strong>lib’fvu</strong></span> <span class='ocrx_word' id='word_1_586' title='bbox 1091 4991 1156 5045; x_wconf 86' lang='lat' dir='ltr'><strong>de</strong></span> <span class='ocrx_word' id='word_1_587' title='bbox 1182 4991 1342 5043; x_wconf 88' lang='lat' dir='ltr'><strong>rebus</strong></span> <span class='ocrx_word' id='word_1_588' title='bbox 1372 4988 1693 5058; x_wconf 79' lang='lat' dir='ltr'><strong>Hispanicis,</strong></span> <span class='ocrx_word' id='word_1_589' title='bbox 1721 4988 1840 5058; x_wconf 91' lang='lat' dir='ltr'><strong>cap.</strong></span> <span class='ocrx_word' id='word_1_590' title='bbox 1869 4991 1923 5045; x_wconf 92' lang='lat'><strong>8.</strong></span> 
     </span>
    </p>
   </div>
   <div class='ocr_carea' id='block_1_83' title="bbox 583 5058 2088 5130">
    <p class='ocr_par' dir='ltr' id='par_1_83' title="bbox 583 5058 2088 5130">
     <span class='ocr_line' id='line_1_83' title="bbox 583 5058 2088 5130; baseline -0.002 -15"><span class='ocrx_word' id='word_1_591' title='bbox 583 5063 638 5130; x_wconf 78' lang='lat'><strong>3.</strong></span> <span class='ocrx_word' id='word_1_592' title='bbox 679 5061 906 5130; x_wconf 82' lang='lat' dir='ltr'><strong>Miratur</strong></span> <span class='ocrx_word' id='word_1_593' title='bbox 927 5061 1181 5115; x_wconf 88' lang='lat' dir='ltr'><strong>Tamaius</strong></span> <span class='ocrx_word' id='word_1_594' title='bbox 1209 5058 1576 5130; x_wconf 12' lang='lat' dir='ltr'><strong>Saliazariquo</strong></span> <span class='ocrx_word' id='word_1_595' title='bbox 1597 5058 1754 5130; x_wconf 79' lang='lat' dir='ltr'><strong>titulo</strong></span> <span class='ocrx_word' id='word_1_596' title='bbox 1803 5058 2088 5113; x_wconf 81' lang='lat' dir='ltr'><strong>Menardus</strong></span> 
     </span>
    </p>
   </div>
   <div class='ocr_carea' id='block_1_84' title="bbox 515 5128 2087 5203">
    <p class='ocr_par' dir='ltr' id='par_1_84' title="bbox 515 5128 2087 5203">
     <span class='ocr_line' id='line_1_84' title="bbox 515 5128 2087 5203; baseline -0.003 -16"><span class='ocrx_word' id='word_1_597' title='bbox 515 5140 570 5187; x_wconf 91' lang='lat' dir='ltr'><strong>et</strong></span> <span class='ocrx_word' id='word_1_598' title='bbox 593 5129 768 5200; x_wconf 82' lang='lat' dir='ltr'><strong>Yepez</strong></span> <span class='ocrx_word' id='word_1_599' title='bbox 797 5129 1070 5203; x_wconf 80' lang='lat' dir='ltr'><strong>(Wionem</strong></span> <span class='ocrx_word' id='word_1_600' title='bbox 1094 5131 1239 5203; x_wconf 79' lang='lat' dir='ltr'><strong>addit</strong></span> <span class='ocrx_word' id='word_1_601' title='bbox 1262 5128 1650 5199; x_wconf 83' lang='lat' dir='ltr'><strong>Henschenius)</strong></span> <span class='ocrx_word' id='word_1_602' title='bbox 1689 5129 1911 5184; x_wconf 91' lang='lat' dir='ltr'><strong>Beatum</strong></span> <span class='ocrx_word' id='word_1_603' title='bbox 1937 5143 2087 5203; x_wconf 47' lang='lat' dir='ltr'><strong>pres:</strong></span> 
     </span>
    </p>
   </div>
   <div class='ocr_carea' id='block_1_85' title="bbox 515 5197 2086 5271">
    <p class='ocr_par' dir='ltr' id='par_1_85' title="bbox 515 5197 2086 5271">
     <span class='ocr_line' id='line_1_85' title="bbox 515 5197 2086 5271; baseline -0.004 -14"><span class='ocrx_word' id='word_1_604' title='bbox 515 5197 763 5271; x_wconf 79' lang='lat' dir='ltr'><strong>byterum</strong></span> <span class='ocrx_word' id='word_1_605' title='bbox 805 5197 1135 5271; x_wconf 78' lang='lat' dir='ltr'><strong>monachum</strong></span> <span class='ocrx_word' id='word_1_606' title='bbox 1184 5200 1365 5271; x_wconf 88' lang='lat' dir='ltr'><strong>dicant</strong></span> <span class='ocrx_word' id='word_1_607' title='bbox 1415 5214 1430 5253; x_wconf 87' lang='lat'><strong>:</strong></span> <span class='ocrx_word' id='word_1_608' title='bbox 1477 5217 1495 5251; x_wconf 78' lang='grc' dir='ltr'><strong>ι</strong></span> <span class='ocrx_word' id='word_1_609' title='bbox 1531 5197 1652 5271; x_wconf 87' lang='lat' dir='ltr'><strong>cum</strong></span> <span class='ocrx_word' id='word_1_610' title='bbox 1690 5215 1918 5271; x_wconf 83' lang='lat' dir='ltr'><strong>concors</strong></span> <span class='ocrx_word' id='word_1_611' title='bbox 1947 5197 2086 5271; x_wconf 87' lang='lat' dir='ltr'><strong>apud</strong></span> 
     </span>
    </p>
   </div>
   <div class='ocr_carea' id='block_1_86' title="bbox 517 5267 2086 5339">
    <p class='ocr_par' dir='ltr' id='par_1_86' title="bbox 517 5267 2086 5339">
     <span class='ocr_line' id='line_1_86' title="bbox 517 5267 2086 5339; baseline -0.004 -13"><span class='ocrx_word' id='word_1_612' title='bbox 517 5267 830 5339; x_wconf 79' lang='lat' dir='ltr'><strong>scriptores,</strong></span> <span class='ocrx_word' id='word_1_613' title='bbox 856 5269 1028 5339; x_wconf 91' lang='lat' dir='ltr'><strong>inquit</strong></span> <span class='ocrx_word' id='word_1_614' title='bbox 1062 5269 1334 5334; x_wconf 90' lang='lat' dir='ltr'><strong>Tamaius,</strong></span> <span class='ocrx_word' id='word_1_615' title='bbox 1359 5269 1622 5324; x_wconf 88' lang='lat' dir='ltr'><strong>sententia</strong></span> <span class='ocrx_word' id='word_1_616' title='bbox 1647 5271 1717 5324; x_wconf 91' lang='lat' dir='ltr'><strong>sit</strong></span> <span class='ocrx_word' id='word_1_617' title='bbox 1746 5269 1894 5324; x_wconf 92' lang='lat' dir='ltr'><strong>illum</strong></span> <span class='ocrx_word' id='word_1_618' title='bbox 1915 5267 2086 5339; x_wconf 85' lang='lat' dir='ltr'><strong>solam</strong></span> 
     </span>
    </p>
   </div>
   <div class='ocr_carea' id='block_1_87' title="bbox 516 5337 2087 5410">
    <p class='ocr_par' dir='ltr' id='par_1_87' title="bbox 516 5337 2087 5410">
     <span class='ocr_line' id='line_1_87' title="bbox 516 5337 2087 5410; baseline -0.003 -15"><span class='ocrx_word' id='word_1_619' title='bbox 516 5337 818 5410; x_wconf 84' lang='lat' dir='ltr'><strong>presbyteri</strong></span> <span class='ocrx_word' id='word_1_620' title='bbox 843 5337 1362 5395; x_wconf 82' lang='lat' dir='ltr'><strong>commendationem</strong></span> <span class='ocrx_word' id='word_1_621' title='bbox 1388 5340 1643 5410; x_wconf 89' lang='lat' dir='ltr'><strong>tenuisse.</strong></span> <span class='ocrx_word' id='word_1_622' title='bbox 1675 5360 1694 5392; x_wconf 84' lang='grc'><strong>›</strong></span> <span class='ocrx_word' id='word_1_623' title='bbox 1739 5339 1844 5394; x_wconf 89' lang='lat' dir='ltr'><strong>Sed</strong></span> <span class='ocrx_word' id='word_1_624' title='bbox 1883 5337 2087 5410; x_wconf 84' lang='lat' dir='ltr'><strong>Tamaii</strong></span> 
     </span>
    </p>
   </div>
   <div class='ocr_carea' id='block_1_88' title="bbox 520 5408 2088 5480">
    <p class='ocr_par' dir='ltr' id='par_1_88' title="bbox 520 5408 2088 5480">
     <span class='ocr_line' id='line_1_88' title="bbox 520 5408 2088 5480; baseline -0.004 -13"><span class='ocrx_word' id='word_1_625' title='bbox 520 5408 806 5480; x_wconf 76' lang='lat' dir='ltr'><strong>admiratio</strong></span> <span class='ocrx_word' id='word_1_626' title='bbox 833 5410 1075 5478; x_wconf 89' lang='lat' dir='ltr'><strong>procedit</strong></span> <span class='ocrx_word' id='word_1_627' title='bbox 1093 5425 1160 5465; x_wconf 79' lang='lat' dir='ltr'><strong>ex</strong></span> <span class='ocrx_word' id='word_1_628' title='bbox 1181 5409 1512 5480; x_wconf 87' lang='lat' dir='ltr'><strong>ignoratione</strong></span> <span class='ocrx_word' id='word_1_629' title='bbox 1539 5410 1704 5480; x_wconf 87' lang='lat' dir='ltr'><strong>moris</strong></span> <span class='ocrx_word' id='word_1_630' title='bbox 1734 5408 1939 5478; x_wconf 90' lang='lat' dir='ltr'><strong>antiqui</strong></span> <span class='ocrx_word' id='word_1_631' title='bbox 1965 5422 2088 5480; x_wconf 82' lang='lat' dir='ltr'><strong>cum</strong></span> 
     </span>
    </p>
   </div>
   <div class='ocr_carea' id='block_1_89' title="bbox 522 5476 2090 5550">
    <p class='ocr_par' dir='ltr' id='par_1_89' title="bbox 522 5476 2090 5550">
     <span class='ocr_line' id='line_1_89' title="bbox 522 5476 2090 5550; baseline -0.002 -17"><span class='ocrx_word' id='word_1_632' title='bbox 522 5479 771 5550; x_wconf 81' lang='lat' dir='ltr'><strong>monachi</strong></span> <span class='ocrx_word' id='word_1_633' title='bbox 793 5476 991 5549; x_wconf 80' lang='lat' dir='ltr'><strong>quique</strong></span> <span class='ocrx_word' id='word_1_634' title='bbox 1014 5523 1029 5546; x_wconf 92' lang='lat'><strong>,</strong></span> <span class='ocrx_word' id='word_1_635' title='bbox 1058 5481 1151 5550; x_wconf 88' lang='lat' dir='ltr'><strong>qui</strong></span> <span class='ocrx_word' id='word_1_636' title='bbox 1183 5476 1350 5550; x_wconf 71' lang='lat' dir='ltr'><strong>sacris</strong></span> <span class='ocrx_word' id='word_1_637' title='bbox 1382 5479 1575 5533; x_wconf 88' lang='lat' dir='ltr'><strong>initiati</strong></span> <span class='ocrx_word' id='word_1_638' title='bbox 1618 5487 1773 5533; x_wconf 91' lang='lat' dir='ltr'><strong>erant</strong></span> <span class='ocrx_word' id='word_1_639' title='bbox 1793 5520 1822 5550; x_wconf 81' lang='lat'><strong>,_</strong></span> <span class='ocrx_word' id='word_1_640' title='bbox 1856 5476 2090 5550; x_wconf 78' lang='lat' dir='ltr'><strong>suscepti</strong></span> 
     </span>
    </p>
   </div>
   <div class='ocr_carea' id='block_1_90' title="bbox 525 5547 2091 5619">
    <p class='ocr_par' dir='ltr' id='par_1_90' title="bbox 525 5547 2091 5619">
     <span class='ocr_line' id='line_1_90' title="bbox 525 5547 2091 5619; baseline 0 -17"><span class='ocrx_word' id='word_1_641' title='bbox 525 5547 729 5602; x_wconf 85' lang='lat' dir='ltr'><strong>ordinis</strong></span> <span class='ocrx_word' id='word_1_642' title='bbox 749 5547 1022 5604; x_wconf 75' lang='lat' dir='ltr'><strong>vocabulis</strong></span> <span class='ocrx_word' id='word_1_643' title='bbox 1051 5547 1252 5619; x_wconf 74' lang='lat' dir='ltr'><strong>passim</strong></span> <span class='ocrx_word' id='word_1_644' title='bbox 1278 5550 1663 5619; x_wconf 88' lang='lat' dir='ltr'><strong>insignirentur</strong></span> <span class='ocrx_word' id='word_1_645' title='bbox 1684 5591 1698 5613; x_wconf 93' lang='lat'><strong>,</strong></span> <span class='ocrx_word' id='word_1_646' title='bbox 1738 5548 1946 5617; x_wconf 86' lang='lat' dir='ltr'><strong>abjecta</strong></span> <span class='ocrx_word' id='word_1_647' title='bbox 1977 5547 2091 5619; x_wconf 68' lang='lat' dir='ltr'><strong>pie-</strong></span> 
     </span>
    </p>
   </div>
   <div class='ocr_carea' id='block_1_91' title="bbox 529 5617 2090 5688">
    <p class='ocr_par' dir='ltr' id='par_1_91' title="bbox 529 5617 2090 5688">
     <span class='ocr_line' id='line_1_91' title="bbox 529 5617 2090 5688; baseline 0.001 -20"><span class='ocrx_word' id='word_1_648' title='bbox 529 5631 774 5688; x_wconf 65' lang='lat' dir='ltr'><strong>riimque,</strong></span> <span class='ocrx_word' id='word_1_649' title='bbox 831 5620 1002 5673; x_wconf 88' lang='lat' dir='ltr'><strong>rarius</strong></span> <span class='ocrx_word' id='word_1_650' title='bbox 1030 5617 1238 5688; x_wconf 83' lang='lat' dir='ltr'><strong>adjecta</strong></span> <span class='ocrx_word' id='word_1_651' title='bbox 1280 5617 1526 5672; x_wconf 84' lang='lat' dir='ltr'><strong>monachi</strong></span> <span class='ocrx_word' id='word_1_652' title='bbox 1574 5620 1946 5688; x_wconf 85' lang='lat' dir='ltr'><strong>appellatione.</strong></span> <span class='ocrx_word' id='word_1_653' title='bbox 2000 5617 2090 5670; x_wconf 89' lang='lat' dir='ltr'><strong>Sic</strong></span> 
     </span>
    </p>
   </div>
   <div class='ocr_carea' id='block_1_92' title="bbox 530 5685 2091 5756">
    <p class='ocr_par' dir='ltr' id='par_1_92' title="bbox 530 5685 2091 5756">
     <span class='ocr_line' id='line_1_92' title="bbox 530 5685 2091 5756; baseline 0.001 -18"><span class='ocrx_word' id='word_1_654' title='bbox 530 5685 906 5756; x_wconf 75' lang='lat' dir='ltr'><strong>Hieronymus,</strong></span> <span class='ocrx_word' id='word_1_655' title='bbox 941 5689 1022 5741; x_wconf 87' lang='lat' dir='ltr'><strong>sic</strong></span> <span class='ocrx_word' id='word_1_656' title='bbox 1069 5687 1212 5756; x_wconf 85' lang='lat' dir='ltr'><strong>Beda</strong></span> <span class='ocrx_word' id='word_1_657' title='bbox 1252 5689 1581 5756; x_wconf 80' lang='lat' dir='ltr'><strong>presbyteri;</strong></span> <span class='ocrx_word' id='word_1_658' title='bbox 1609 5685 1722 5743; x_wconf 50' lang='lat' dir='ltr'><strong>&quot;sic</strong></span> <span class='ocrx_word' id='word_1_659' title='bbox 1771 5685 2091 5744; x_wconf 86' lang='lat' dir='ltr'><strong>Paschasius</strong></span> 
     </span>
    </p>
   </div>
   <div class='ocr_carea' id='block_1_93' title="bbox 537 5754 2090 5826">
    <p class='ocr_par' dir='ltr' id='par_1_93' title="bbox 537 5754 2090 5826">
     <span class='ocr_line' id='line_1_93' title="bbox 537 5754 2090 5826; baseline 0 -15"><span class='ocrx_word' id='word_1_660' title='bbox 537 5754 837 5812; x_wconf 74' lang='lat' dir='ltr'><strong>lialbcrtus</strong></span> <span class='ocrx_word' id='word_1_661' title='bbox 865 5754 1040 5820; x_wconf 80' lang='lat' dir='ltr'><strong>levita,</strong></span> <span class='ocrx_word' id='word_1_662' title='bbox 1073 5754 1268 5826; x_wconf 82' lang='lat' dir='ltr'><strong>aliique</strong></span> <span class='ocrx_word' id='word_1_663' title='bbox 1293 5754 1538 5811; x_wconf 74' lang='lat' dir='ltr'><strong>eumdem</strong></span> <span class='ocrx_word' id='word_1_664' title='bbox 1560 5757 1612 5810; x_wconf 90' lang='lat' dir='ltr'><strong>in</strong></span> <span class='ocrx_word' id='word_1_665' title='bbox 1647 5759 1859 5814; x_wconf 87' lang='lat' dir='ltr'><strong>modum</strong></span> <span class='ocrx_word' id='word_1_666' title='bbox 1887 5773 2090 5812; x_wconf 81' lang='lat' dir='ltr'><strong>nuncu-</strong></span> 
     </span>
    </p>
   </div>
   <div class='ocr_carea' id='block_1_94' title="bbox 2188 4499 3755 4568">
    <p class='ocr_par' dir='ltr' id='par_1_94' title="bbox 2188 4499 3755 4568">
     <span class='ocr_line' id='line_1_94' title="bbox 2188 4499 3755 4568; baseline -0.001 -15"><span class='ocrx_word' id='word_1_667' title='bbox 2188 4509 2348 4554; x_wconf 86' lang='lat' dir='ltr'><strong>sectae</strong></span> <span class='ocrx_word' id='word_1_668' title='bbox 2386 4499 2620 4568; x_wconf 88' lang='lat' dir='ltr'><strong>primum</strong></span> <span class='ocrx_word' id='word_1_669' title='bbox 2653 4501 2948 4560; x_wconf 89' lang='lat' dir='ltr'><strong>contraire,</strong></span> <span class='ocrx_word' id='word_1_670' title='bbox 3002 4501 3282 4556; x_wconf 88' lang='lat' dir='ltr'><strong>laudamus</strong></span> <span class='ocrx_word' id='word_1_671' title='bbox 3320 4517 3443 4566; x_wconf 91' lang='lat' dir='ltr'><strong>eos,</strong></span> <span class='ocrx_word' id='word_1_672' title='bbox 3487 4512 3595 4558; x_wconf 90' lang='lat' dir='ltr'><strong>etc.</strong></span> <span class='ocrx_word' id='word_1_673' title='bbox 3634 4522 3652 4555; x_wconf 72' lang='grc' dir='ltr'><strong>ι</strong></span> <span class='ocrx_word' id='word_1_674' title='bbox 3691 4502 3755 4554; x_wconf 79' lang='lat' dir='ltr'><strong>At</strong></span> 
     </span>
    </p>
   </div>
   <div class='ocr_carea' id='block_1_95' title="bbox 2189 4568 3754 4639">
    <p class='ocr_par' dir='ltr' id='par_1_95' title="bbox 2189 4568 3754 4639">
     <span class='ocr_line' id='line_1_95' title="bbox 2189 4568 3754 4639; baseline 0.001 -16"><span class='ocrx_word' id='word_1_675' title='bbox 2189 4583 2255 4623; x_wconf 91' lang='lat' dir='ltr'><strong>ne</strong></span> <span class='ocrx_word' id='word_1_676' title='bbox 2278 4568 2506 4625; x_wconf 84' lang='lat' dir='ltr'><strong>fortasse</strong></span> <span class='ocrx_word' id='word_1_677' title='bbox 2532 4569 2693 4624; x_wconf 91' lang='lat' dir='ltr'><strong>etiam</strong></span> <span class='ocrx_word' id='word_1_678' title='bbox 2719 4571 2858 4639; x_wconf 90' lang='lat' dir='ltr'><strong>apud</strong></span> <span class='ocrx_word' id='word_1_679' title='bbox 2899 4570 3162 4639; x_wconf 83' lang='lat' dir='ltr'><strong>Hispanos</strong></span> <span class='ocrx_word' id='word_1_680' title='bbox 3202 4571 3501 4627; x_wconf 89' lang='lat' dir='ltr'><strong>obtinuisse</strong></span> <span class='ocrx_word' id='word_1_681' title='bbox 3536 4575 3754 4627; x_wconf 86' lang='lat' dir='ltr'><strong>abhates</strong></span> 
     </span>
    </p>
   </div>
   <div class='ocr_carea' id='block_1_96' title="bbox 2187 4639 3754 4710">
    <p class='ocr_par' dir='ltr' id='par_1_96' title="bbox 2187 4639 3754 4710">
     <span class='ocr_line' id='line_1_96' title="bbox 2187 4639 3754 4710; baseline 0 -16"><span class='ocrx_word' id='word_1_682' title='bbox 2187 4640 2485 4710; x_wconf 8' lang='lat' dir='ltr'><strong>saeculares,</strong></span> <span class='ocrx_word' id='word_1_683' title='bbox 2501 4648 2723 4710; x_wconf 78' lang='lat' dir='ltr'><strong>reponat</strong></span> <span class='ocrx_word' id='word_1_684' title='bbox 2751 4640 2975 4709; x_wconf 85' lang='lat' dir='ltr'><strong>aliquis,</strong></span> <span class='ocrx_word' id='word_1_685' title='bbox 3002 4639 3231 4694; x_wconf 89' lang='lat' dir='ltr'><strong>alterum</strong></span> <span class='ocrx_word' id='word_1_686' title='bbox 3261 4652 3643 4710; x_wconf 87' lang='lat' dir='ltr'><strong>argumentum</strong></span> <span class='ocrx_word' id='word_1_687' title='bbox 3681 4639 3754 4695; x_wconf 80' lang='lat' dir='ltr'><strong>af-</strong></span> 
     </span>
    </p>
   </div>
   <div class='ocr_carea' id='block_1_97' title="bbox 2186 4707 3752 4781">
    <p class='ocr_par' dir='ltr' id='par_1_97' title="bbox 2186 4707 3752 4781">
     <span class='ocr_line' id='line_1_97' title="bbox 2186 4707 3752 4781; baseline -0.001 -19"><span class='ocrx_word' id='word_1_688' title='bbox 2186 4708 2302 4781; x_wconf 78' lang='lat' dir='ltr'><strong>fero</strong></span> <span class='ocrx_word' id='word_1_689' title='bbox 2335 4725 2406 4781; x_wconf 8' lang='lat' dir='ltr'><strong>ex?</strong></span> <span class='ocrx_word' id='word_1_690' title='bbox 2441 4707 2679 4781; x_wconf 84' lang='lat' dir='ltr'><strong>ejusdem</strong></span> <span class='ocrx_word' id='word_1_691' title='bbox 2727 4707 2878 4781; x_wconf 85' lang='lat' dir='ltr'><strong>Beati</strong></span> <span class='ocrx_word' id='word_1_692' title='bbox 2935 4711 3028 4765; x_wconf 92' lang='lat' dir='ltr'><strong>lib.</strong></span> <span class='ocrx_word' id='word_1_693' title='bbox 3090 4726 3129 4764; x_wconf 89' lang='lat' dir='ltr'><strong>ll</strong></span> <span class='ocrx_word' id='word_1_694' title='bbox 3174 4707 3362 4781; x_wconf 70' lang='lat' dir='ltr'><strong>contra</strong></span> <span class='ocrx_word' id='word_1_695' title='bbox 3413 4711 3752 4781; x_wconf 87' lang='lat' dir='ltr'><strong>Elipandum.</strong></span> 
     </span>
    </p>
   </div>
   <div class='ocr_carea' id='block_1_98' title="bbox 2192 4779 3756 4845">
    <p class='ocr_par' dir='ltr' id='par_1_98' title="bbox 2192 4779 3756 4845">
     <span class='ocr_line' id='line_1_98' title="bbox 2192 4779 3756 4845; baseline 0.002 -15"><span class='ocrx_word' id='word_1_696' title='bbox 2192 4797 2210 4829; x_wconf 86' lang='grc'><em>‹</em></span> <span class='ocrx_word' id='word_1_697' title='bbox 2239 4779 2376 4832; x_wconf 82' lang='lat' dir='ltr'><strong>Vere</strong></span> <span class='ocrx_word' id='word_1_698' title='bbox 2397 4780 2616 4845; x_wconf 91' lang='lat' dir='ltr'><strong>bonum,</strong></span> <span class='ocrx_word' id='word_1_699' title='bbox 2662 4779 2854 4845; x_wconf 88' lang='lat' dir='ltr'><strong>inquit,</strong></span> <span class='ocrx_word' id='word_1_700' title='bbox 2898 4789 2952 4834; x_wconf 90' lang='lat' dir='ltr'><strong>et</strong></span> <span class='ocrx_word' id='word_1_701' title='bbox 3005 4795 3129 4834; x_wconf 89' lang='lat' dir='ltr'><strong>vere</strong></span> <span class='ocrx_word' id='word_1_702' title='bbox 3168 4779 3460 4845; x_wconf 87' lang='lat' dir='ltr'><strong>jucundum</strong></span> <span class='ocrx_word' id='word_1_703' title='bbox 3501 4779 3756 4836; x_wconf 73' lang='lat' dir='ltr'><strong>habitare</strong></span> 
     </span>
    </p>
   </div>
   <div class='ocr_carea' id='block_1_99' title="bbox 2186 4848 3752 4910">
    <p class='ocr_par' dir='ltr' id='par_1_99' title="bbox 2186 4848 3752 4910">
     <span class='ocr_line' id='line_1_99' title="bbox 2186 4848 3752 4910; baseline 0 -8"><span class='ocrx_word' id='word_1_704' title='bbox 2186 4848 2381 4902; x_wconf 82' lang='lat' dir='ltr'><strong>fratres</strong></span> <span class='ocrx_word' id='word_1_705' title='bbox 2405 4849 2458 4902; x_wconf 92' lang='lat' dir='ltr'><strong>in</strong></span> <span class='ocrx_word' id='word_1_706' title='bbox 2479 4865 2664 4902; x_wconf 93' lang='lat' dir='ltr'><strong>unum.</strong></span> <span class='ocrx_word' id='word_1_707' title='bbox 2696 4848 2870 4904; x_wconf 89' lang='lat' dir='ltr'><strong>Unum</strong></span> <span class='ocrx_word' id='word_1_708' title='bbox 2900 4848 3120 4904; x_wconf 82' lang='lat' dir='ltr'><strong>fratrem</strong></span> <span class='ocrx_word' id='word_1_709' title='bbox 3136 4850 3436 4905; x_wconf 89' lang='lat' dir='ltr'><strong>dimisimus</strong></span> <span class='ocrx_word' id='word_1_710' title='bbox 3457 4852 3515 4905; x_wconf 89' lang='lat' dir='ltr'><strong>in</strong></span> <span class='ocrx_word' id='word_1_711' title='bbox 3539 4850 3752 4910; x_wconf 65' lang='lat' dir='ltr'><strong>saeculo,</strong></span> 
     </span>
    </p>
   </div>
   <div class='ocr_carea' id='block_1_100' title="bbox 2186 4919 3756 4987">
    <p class='ocr_par' dir='ltr' id='par_1_100' title="bbox 2186 4919 3756 4987">
     <span class='ocr_line' id='line_1_100' title="bbox 2186 4919 3756 4987; baseline -0.001 -14"><span class='ocrx_word' id='word_1_712' title='bbox 2186 4933 2312 4973; x_wconf 90' lang='lat' dir='ltr'><strong>ecce</strong></span> <span class='ocrx_word' id='word_1_713' title='bbox 2337 4927 2568 4987; x_wconf 84' lang='lat' dir='ltr'><strong>quantos</strong></span> <span class='ocrx_word' id='word_1_714' title='bbox 2594 4919 2896 4974; x_wconf 89' lang='lat' dir='ltr'><strong>invenimus</strong></span> <span class='ocrx_word' id='word_1_715' title='bbox 2920 4920 2975 4974; x_wconf 92' lang='lat' dir='ltr'><strong>in</strong></span> <span class='ocrx_word' id='word_1_716' title='bbox 3003 4919 3344 4975; x_wconf 83' lang='lat' dir='ltr'><strong>Monasterio.</strong></span> <span class='ocrx_word' id='word_1_717' title='bbox 3388 4921 3581 4975; x_wconf 84' lang='lat' dir='ltr'><strong>Frater</strong></span> <span class='ocrx_word' id='word_1_718' title='bbox 3609 4934 3756 4975; x_wconf 89' lang='lat' dir='ltr'><strong>meus</strong></span> 
     </span>
    </p>
   </div>
   <div class='ocr_carea' id='block_1_101' title="bbox 2187 4989 3759 5058">
    <p class='ocr_par' dir='ltr' id='par_1_101' title="bbox 2187 4989 3759 5058">
     <span class='ocr_line' id='line_1_101' title="bbox 2187 4989 3759 5058; baseline -0.001 -15"><span class='ocrx_word' id='word_1_719' title='bbox 2187 4989 2462 5044; x_wconf 62' lang='lat' dir='ltr'><strong>saecularis</strong></span> <span class='ocrx_word' id='word_1_720' title='bbox 2487 5005 2594 5044; x_wconf 93' lang='lat' dir='ltr'><strong>non</strong></span> <span class='ocrx_word' id='word_1_721' title='bbox 2617 4995 2822 5043; x_wconf 89' lang='lat' dir='ltr'><strong>tantum</strong></span> <span class='ocrx_word' id='word_1_722' title='bbox 2847 5004 2934 5058; x_wconf 88' lang='lat' dir='ltr'><strong>me</strong></span> <span class='ocrx_word' id='word_1_723' title='bbox 2965 4991 3196 5054; x_wconf 89' lang='lat' dir='ltr'><strong>amabat,</strong></span> <span class='ocrx_word' id='word_1_724' title='bbox 3223 4998 3485 5058; x_wconf 88' lang='lat' dir='ltr'><strong>quantum</strong></span> <span class='ocrx_word' id='word_1_725' title='bbox 3511 4992 3759 5046; x_wconf 87' lang='lat' dir='ltr'><strong>substan-</strong></span> 
     </span>
    </p>
   </div>
   <div class='ocr_carea' id='block_1_102' title="bbox 2189 5057 3760 5130">
    <p class='ocr_par' dir='ltr' id='par_1_102' title="bbox 2189 5057 3760 5130">
     <span class='ocr_line' id='line_1_102' title="bbox 2189 5057 3760 5130; baseline -0.001 -19"><span class='ocrx_word' id='word_1_726' title='bbox 2189 5058 2318 5130; x_wconf 83' lang='lat' dir='ltr'><strong>tiam</strong></span> <span class='ocrx_word' id='word_1_727' title='bbox 2347 5074 2552 5130; x_wconf 89' lang='lat' dir='ltr'><strong>meam;</strong></span> <span class='ocrx_word' id='word_1_728' title='bbox 2585 5067 2838 5130; x_wconf 79' lang='lat' dir='ltr'><strong>caeterum</strong></span> <span class='ocrx_word' id='word_1_729' title='bbox 2885 5057 3079 5114; x_wconf 78' lang='lat' dir='ltr'><strong>fratres</strong></span> <span class='ocrx_word' id='word_1_730' title='bbox 3123 5057 3468 5129; x_wconf 83' lang='lat' dir='ltr'><strong>spirituales,</strong></span> <span class='ocrx_word' id='word_1_731' title='bbox 3525 5061 3618 5130; x_wconf 92' lang='lat' dir='ltr'><strong>qui</strong></span> <span class='ocrx_word' id='word_1_732' title='bbox 3666 5073 3760 5130; x_wconf 67' lang='lat' dir='ltr'><strong>sua</strong></span> 
     </span>
    </p>
   </div>
   <div class='ocr_carea' id='block_1_103' title="bbox 2187 5128 3760 5200">
    <p class='ocr_par' dir='ltr' id='par_1_103' title="bbox 2187 5128 3760 5200">
     <span class='ocr_line' id='line_1_103' title="bbox 2187 5128 3760 5200; baseline -0.003 -17"><span class='ocrx_word' id='word_1_733' title='bbox 2187 5128 2374 5197; x_wconf 90' lang='lat' dir='ltr'><strong>utique</strong></span> <span class='ocrx_word' id='word_1_734' title='bbox 2395 5129 2694 5200; x_wconf 83' lang='lat' dir='ltr'><strong>negligunt,</strong></span> <span class='ocrx_word' id='word_1_735' title='bbox 2720 5128 2894 5200; x_wconf 86' lang='lat' dir='ltr'><strong>aliena</strong></span> <span class='ocrx_word' id='word_1_736' title='bbox 2931 5145 3038 5183; x_wconf 92' lang='lat' dir='ltr'><strong>non</strong></span> <span class='ocrx_word' id='word_1_737' title='bbox 3065 5128 3330 5198; x_wconf 58' lang='lat' dir='ltr'><strong>quierunt.</strong></span> <span class='ocrx_word' id='word_1_738' title='bbox 3367 5151 3386 5183; x_wconf 73' lang='grc' dir='ltr'><strong>ι</strong></span> <span class='ocrx_word' id='word_1_739' title='bbox 3435 5128 3564 5185; x_wconf 65' lang='lat' dir='ltr'><strong>Haec</strong></span> <span class='ocrx_word' id='word_1_740' title='bbox 3587 5128 3760 5183; x_wconf 81' lang='lat' dir='ltr'><strong>nulla—</strong></span> 
     </span>
    </p>
   </div>
   <div class='ocr_carea' id='block_1_104' title="bbox 2189 5199 3763 5269">
    <p class='ocr_par' dir='ltr' id='par_1_104' title="bbox 2189 5199 3763 5269">
     <span class='ocr_line' id='line_1_104' title="bbox 2189 5199 3763 5269; baseline 0.001 -16"><span class='ocrx_word' id='word_1_741' title='bbox 2189 5206 2346 5269; x_wconf 89' lang='lat' dir='ltr'><strong>tenus</strong></span> <span class='ocrx_word' id='word_1_742' title='bbox 2372 5199 2617 5254; x_wconf 65' lang='lat' dir='ltr'><strong>saaculari</strong></span> <span class='ocrx_word' id='word_1_743' title='bbox 2641 5199 2844 5260; x_wconf 88' lang='lat' dir='ltr'><strong>homini</strong></span> <span class='ocrx_word' id='word_1_744' title='bbox 2870 5200 3155 5254; x_wconf 86' lang='lat' dir='ltr'><strong>convenire</strong></span> <span class='ocrx_word' id='word_1_745' title='bbox 3183 5207 3426 5269; x_wconf 88' lang='lat' dir='ltr'><strong>possunt,</strong></span> <span class='ocrx_word' id='word_1_746' title='bbox 3459 5200 3553 5254; x_wconf 91' lang='lat' dir='ltr'><strong>sed</strong></span> <span class='ocrx_word' id='word_1_747' title='bbox 3572 5213 3763 5269; x_wconf 73' lang='lat' dir='ltr'><strong>neces-</strong></span> 
     </span>
    </p>
   </div>
   <div class='ocr_carea' id='block_1_105' title="bbox 2189 5267 3761 5350">
    <p class='ocr_par' dir='ltr' id='par_1_105' title="bbox 2189 5267 3761 5350">
     <span class='ocr_line' id='line_1_105' title="bbox 2189 5267 3761 5350; baseline -0.001 -28"><span class='ocrx_word' id='word_1_748' title='bbox 2189 5268 2574 5350; x_wconf 76' lang='lat' dir='ltr'><strong>sarioaptanda</strong></span> <span class='ocrx_word' id='word_1_749' title='bbox 2595 5269 2877 5350; x_wconf 75' lang='lat' dir='ltr'><strong>monacho,</strong></span> <span class='ocrx_word' id='word_1_750' title='bbox 2901 5269 2992 5350; x_wconf 76' lang='lat' dir='ltr'><strong>qui</strong></span> <span class='ocrx_word' id='word_1_751' title='bbox 3021 5284 3144 5350; x_wconf 80' lang='lat' dir='ltr'><strong>cum</strong></span> <span class='ocrx_word' id='word_1_752' title='bbox 3169 5267 3331 5350; x_wconf 57' lang='lat' dir='ltr'><strong>unum</strong></span> <span class='ocrx_word' id='word_1_753' title='bbox 3346 5269 3579 5350; x_wconf 59' lang='lat' dir='ltr'><strong>fratrem</strong></span> <span class='ocrx_word' id='word_1_754' title='bbox 3601 5267 3761 5350; x_wconf 53' lang='lat' dir='ltr'><strong>dimi:</strong></span> 
     </span>
    </p>
   </div>
   <div class='ocr_carea' id='block_1_106' title="bbox 2189 5336 3762 5411">
    <p class='ocr_par' dir='ltr' id='par_1_106' title="bbox 2189 5336 3762 5411">
     <span class='ocr_line' id='line_1_106' title="bbox 2189 5336 3762 5411; baseline -0.003 -19"><span class='ocrx_word' id='word_1_755' title='bbox 2189 5338 2347 5411; x_wconf 73' lang='lat' dir='ltr'><strong>sisset</strong></span> <span class='ocrx_word' id='word_1_756' title='bbox 2370 5336 2423 5392; x_wconf 78' lang='lat' dir='ltr'><strong>in</strong></span> <span class='ocrx_word' id='word_1_757' title='bbox 2450 5338 2671 5411; x_wconf 71' lang='lat' dir='ltr'><strong>swcnlo,_</strong></span> <span class='ocrx_word' id='word_1_758' title='bbox 2692 5339 2845 5411; x_wconf 85' lang='lat' dir='ltr'><strong>longe</strong></span> <span class='ocrx_word' id='word_1_759' title='bbox 2863 5336 3046 5411; x_wconf 81' lang='lat' dir='ltr'><strong>plures</strong></span> <span class='ocrx_word' id='word_1_760' title='bbox 3067 5338 3323 5411; x_wconf 63' lang='lat' dir='ltr'><strong>spiritales</strong></span> <span class='ocrx_word' id='word_1_761' title='bbox 3338 5336 3529 5411; x_wconf 63' lang='lat' dir='ltr'><strong>fratres</strong></span> <span class='ocrx_word' id='word_1_762' title='bbox 3555 5336 3762 5392; x_wconf 78' lang='lat' dir='ltr'><strong>invenit</strong></span> 
     </span>
    </p>
   </div>
   <div class='ocr_carea' id='block_1_107' title="bbox 2189 5407 3764 5478">
    <p class='ocr_par' dir='ltr' id='par_1_107' title="bbox 2189 5407 3764 5478">
     <span class='ocr_line' id='line_1_107' title="bbox 2189 5407 3764 5478; baseline -0.002 -17"><span class='ocrx_word' id='word_1_763' title='bbox 2189 5409 2245 5461; x_wconf 82' lang='lat' dir='ltr'><strong>in</strong></span> <span class='ocrx_word' id='word_1_764' title='bbox 2286 5407 2627 5478; x_wconf 74' lang='lat' dir='ltr'><strong>Monasterio.</strong></span> <span class='ocrx_word' id='word_1_765' title='bbox 2653 5408 2742 5462; x_wconf 90' lang='lat' dir='ltr'><strong>[sti</strong></span> <span class='ocrx_word' id='word_1_766' title='bbox 2771 5407 2894 5462; x_wconf 87' lang='lat' dir='ltr'><strong>sunt</strong></span> <span class='ocrx_word' id='word_1_767' title='bbox 2925 5407 3192 5478; x_wconf 84' lang='lat' dir='ltr'><strong>spiritales</strong></span> <span class='ocrx_word' id='word_1_768' title='bbox 3222 5407 3416 5462; x_wconf 79' lang='lat' dir='ltr'><strong>fratres</strong></span> <span class='ocrx_word' id='word_1_769' title='bbox 3442 5408 3497 5462; x_wconf 92' lang='lat' dir='ltr'><strong>in</strong></span> <span class='ocrx_word' id='word_1_770' title='bbox 3533 5422 3764 5478; x_wconf 82' lang='lat' dir='ltr'><strong>quorum</strong></span> 
     </span>
    </p>
   </div>
   <div class='ocr_carea' id='block_1_108' title="bbox 2191 5476 3764 5547">
    <p class='ocr_par' dir='ltr' id='par_1_108' title="bbox 2191 5476 3764 5547">
     <span class='ocr_line' id='line_1_108' title="bbox 2191 5476 3764 5547; baseline -0.002 -17"><span class='ocrx_word' id='word_1_771' title='bbox 2191 5477 2418 5546; x_wconf 87' lang='lat' dir='ltr'><strong>gratiam</strong></span> <span class='ocrx_word' id='word_1_772' title='bbox 2444 5478 2584 5532; x_wconf 91' lang='lat' dir='ltr'><strong>idem</strong></span> <span class='ocrx_word' id='word_1_773' title='bbox 2611 5479 2807 5533; x_wconf 89' lang='lat' dir='ltr'><strong>Beatus</strong></span> <span class='ocrx_word' id='word_1_774' title='bbox 2828 5476 3274 5533; x_wconf 85' lang='lat' dir='ltr'><strong>commentarium</strong></span> <span class='ocrx_word' id='word_1_775' title='bbox 3300 5478 3353 5547; x_wconf 90' lang='lat' dir='ltr'><strong>in</strong></span> <span class='ocrx_word' id='word_1_776' title='bbox 3383 5476 3764 5547; x_wconf 78' lang='lat' dir='ltr'><strong>Apocaiypsim</strong></span> 
     </span>
    </p>
   </div>
   <div class='ocr_carea' id='block_1_109' title="bbox 2190 5545 3767 5616">
    <p class='ocr_par' dir='ltr' id='par_1_109' title="bbox 2190 5545 3767 5616">
     <span class='ocr_line' id='line_1_109' title="bbox 2190 5545 3767 5616; baseline -0.003 -15"><span class='ocrx_word' id='word_1_777' title='bbox 2190 5545 2488 5614; x_wconf 81' lang='lat' dir='ltr'><strong>composuit</strong></span> <span class='ocrx_word' id='word_1_778' title='bbox 2540 5549 2799 5603; x_wconf 83' lang='lat' dir='ltr'><strong>hactenus</strong></span> <span class='ocrx_word' id='word_1_779' title='bbox 2828 5549 3120 5612; x_wconf 89' lang='lat' dir='ltr'><strong>ineditum,</strong></span> <span class='ocrx_word' id='word_1_780' title='bbox 3171 5549 3226 5603; x_wconf 89' lang='lat' dir='ltr'><strong>in</strong></span> <span class='ocrx_word' id='word_1_781' title='bbox 3263 5546 3416 5616; x_wconf 86' lang='lat' dir='ltr'><strong>cujus</strong></span> <span class='ocrx_word' id='word_1_782' title='bbox 3433 5545 3767 5616; x_wconf 54' lang='lat' dir='ltr'><strong>&#39;pnnfatione</strong></span> 
     </span>
    </p>
   </div>
   <div class='ocr_carea' id='block_1_110' title="bbox 2190 5617 3765 5688">
    <p class='ocr_par' dir='ltr' id='par_1_110' title="bbox 2190 5617 3765 5688">
     <span class='ocr_line' id='line_1_110' title="bbox 2190 5617 3765 5688; baseline 0.004 -18"><span class='ocrx_word' id='word_1_783' title='bbox 2190 5617 2505 5688; x_wconf 66' lang='lat' dir='ltr'><strong>Ambrosius</strong></span> <span class='ocrx_word' id='word_1_784' title='bbox 2533 5617 2760 5688; x_wconf 85' lang='lat' dir='ltr'><strong>Morales</strong></span> <span class='ocrx_word' id='word_1_785' title='bbox 2781 5619 3058 5687; x_wconf 90' lang='lat' dir='ltr'><strong>sequentia</strong></span> <span class='ocrx_word' id='word_1_786' title='bbox 3083 5620 3244 5674; x_wconf 90' lang='lat' dir='ltr'><strong>verba</strong></span> <span class='ocrx_word' id='word_1_787' title='bbox 3266 5617 3411 5688; x_wconf 90' lang='lat' dir='ltr'><strong>legit.</strong></span> <span class='ocrx_word' id='word_1_788' title='bbox 3442 5637 3460 5668; x_wconf 73' lang='grc' dir='ltr'><strong>ι</strong></span> <span class='ocrx_word' id='word_1_789' title='bbox 3492 5617 3616 5688; x_wconf 68' lang='lat' dir='ltr'><strong>[Lee</strong></span> <span class='ocrx_word' id='word_1_790' title='bbox 3641 5630 3765 5683; x_wconf 60' lang='lat' dir='ltr'><strong>ego,</strong></span> 
     </span>
    </p>
   </div>
   <div class='ocr_carea' id='block_1_111' title="bbox 2193 5685 3770 5756">
    <p class='ocr_par' dir='ltr' id='par_1_111' title="bbox 2193 5685 3770 5756">
     <span class='ocr_line' id='line_1_111' title="bbox 2193 5685 3770 5756; baseline -0.004 -15"><span class='ocrx_word' id='word_1_791' title='bbox 2193 5694 2376 5741; x_wconf 89' lang='lat' dir='ltr'><strong>sancte</strong></span> <span class='ocrx_word' id='word_1_792' title='bbox 2405 5685 2564 5756; x_wconf 82' lang='lat' dir='ltr'><strong>Pater</strong></span> <span class='ocrx_word' id='word_1_793' title='bbox 2609 5687 2788 5742; x_wconf 80' lang='lat' dir='ltr'><strong>Heteri</strong></span> <span class='ocrx_word' id='word_1_794' title='bbox 2809 5729 2822 5752; x_wconf 96' lang='lat'><strong>,</strong></span> <span class='ocrx_word' id='word_1_795' title='bbox 2858 5685 2908 5741; x_wconf 80' lang='lat' dir='ltr'><strong>te</strong></span> <span class='ocrx_word' id='word_1_796' title='bbox 2938 5698 3150 5756; x_wconf 87' lang='lat' dir='ltr'><strong>petente</strong></span> <span class='ocrx_word' id='word_1_797' title='bbox 3174 5729 3188 5752; x_wconf 94' lang='lat'><strong>,</strong></span> <span class='ocrx_word' id='word_1_798' title='bbox 3245 5685 3770 5742; x_wconf 48' lang='lat' dir='ltr'><strong>ob&#39;mdilicationem</strong></span> 
     </span>
    </p>
   </div>
   <div class='ocr_carea' id='block_1_112' title="bbox 2195 5755 3771 5828">
    <p class='ocr_par' dir='ltr' id='par_1_112' title="bbox 2195 5755 3771 5828">
     <span class='ocr_line' id='line_1_112' title="bbox 2195 5755 3771 5828; baseline -0.003 -16"><span class='ocrx_word' id='word_1_799' title='bbox 2195 5756 2353 5812; x_wconf 82' lang='lat' dir='ltr'><strong>studii</strong></span> <span class='ocrx_word' id='word_1_800' title='bbox 2417 5755 2640 5810; x_wconf 81' lang='lat' dir='ltr'><strong>fratrum</strong></span> <span class='ocrx_word' id='word_1_801' title='bbox 2687 5759 2779 5813; x_wconf 87' lang='lat' dir='ltr'><strong>tibi</strong></span> <span class='ocrx_word' id='word_1_802' title='bbox 2824 5755 3060 5814; x_wconf 82' lang='lat' dir='ltr'><strong>dedicavi</strong></span> <span class='ocrx_word' id='word_1_803' title='bbox 3097 5777 3107 5811; x_wconf 93' lang='lat'><strong>:</strong></span> <span class='ocrx_word' id='word_1_804' title='bbox 3139 5768 3194 5814; x_wconf 89' lang='lat' dir='ltr'><strong>ut</strong></span> <span class='ocrx_word' id='word_1_805' title='bbox 3245 5773 3404 5828; x_wconf 87' lang='lat' dir='ltr'><strong>quem</strong></span> <span class='ocrx_word' id='word_1_806' title='bbox 3455 5763 3771 5814; x_wconf 82' lang='lat' dir='ltr'><strong>consortem</strong></span> 
     </span>
    </p>
   </div>
  </div>
