4028 6176
524 297 620 355 891

1303 292 1710 357 ELIPANDUS,
1752 292 1979 356 FELIX,
2022 292 2371 351 HETERIUS
2411 297 2500 351 ET
2540 295 2599 352 S.
2640 297 2938 355 BEATUS.

3687 311 3793 366 89?.

522 410 573 464 Is
607 417 729 465 erat
752 423 820 465 ex
867 407 1247 464 Muzarabibus
1286 406 1478 460 Gothis
1503 406 1784 470 oriundus,
1815 414 1871 460 et
1901 406 2098 461 nobili-
2128 411 2177 468 Α
2274 409 2328 462 5.
2352 408 2477 474 Iste,
2503 411 2601 480 qui
2627 411 2823 467 Beatus
2854 413 2954 467 fuit
2974 422 3029 468 et
3055 414 3275 471 nomine
3299 425 3356 471 et
3382 432 3567 487 opere,
3601 423 3796 495 Hispa-

525 513 634 559 tate
663 503 938 574 sanguinis
966 501 1164 556 clarus.
1206 498 1360 554 Illum
1388 498 1647 553 docuerat
1670 499 1738 551 ab
1768 496 1886 566 ejus
1915 498 2106 568 primis

527 593 825 647 litterarum
853 589 1176 644 rudimentis
1199 587 1419 658 quidam
1449 586 1622 651 Felix,
1651 596 1678 625 α
1705 587 1892 642 Gallus
1913 601 2105 656 prosa-

2207 513 2309 555 nus
2333 500 2455 566 fuit,
2494 503 2583 571 qui
2616 505 2684 558 ab
2716 504 2822 558 illis
2843 505 3105 561 oriundus
3142 510 3457 576 asperrimis
3489 518 3795 586 montanis,

2207 589 2471 662 originem
2513 593 2581 648 ab
2612 592 2951 650 Asturicanis
2990 598 3390 666 antiquioribus
3436 605 3619 657 traxit.
3668 605 3796 664 Erat

521 688 625 756 pia,
659 685 942 754 episcopus
973 681 1351 752 Urgelitanus,
1379 689 1500 748 post
1525 679 1812 734 haereticus
1834 679 2108 734 Nestoria—
2203 684 2394 738 ordine
2429 685 2714 754 presbyter
2737 696 2758 724 ε
2793 687 2844 740 ἰη
2873 687 3042 741 sacris
3080 687 3280 744 litteris
3323 691 3550 748 edoctus
3579 707 3635 750 et
3669 698 3793 754 fidei

521 795 642 843 nus,
671 779 761 848 qui
797 776 1075 832 Christum
1124 773 1291 828 fuisse
1335 772 1504 826 filium
1527 771 1706 825 Patris
1751 772 2060 840 adoptivum
2087 813 2102 837 ,

518 886 623 940 qua
647 881 799 940 parte
827 870 988 925 homo
1014 877 1116 930 est,
1138 874 1326 920 contra
1357 863 1460 928 fas,
1485 871 1674 918 contra
1697 864 1958 932 auspicia,
1983 879 2106 918 con-

519 969 604 1016 tra
628 975 819 1016 omnes
846 962 1111 1014 humanas
1137 966 1192 1011 et
1220 957 1431 1011 divinas
1465 956 1680 1010 litteras
1719 964 1774 1010 et
1818 955 2104 1023 religiones

518 1052 816 1121 perdocuit.
846 1050 1066 1105 Fmdam
1099 1050 1239 1103 hanc
1268 1047 1570 1102 doctrinam
1587 1061 1683 1114 per
1704 1045 1965 1114 sacrilega
1992 1045 2104 1114 epi-

516 1144 776 1198 stolarum
803 1141 1003 1196 monita
1023 1157 1054 1194 a
1081 1140 1109 1180 b
1141 1139 1402 1209 magistro
1431 1145 1651 1192 suxerat
1671 1136 1983 1205 Elipandus,
2009 1136 2101 1205 qui

513 1235 865 1304 praeceptoris
888 1233 1114 1302 vestigia
1138 1231 1426 1286 temeraria
1465 1227 1948 1296 comprehensione
1973 1242 2103 1280 con-

509 1332 746 1390 sectans,
775 1325 1035 1378 adversus
1061 1335 1249 1376 omnes
1283 1319 1554 1388 Hispaniae
1571 1318 1852 1387 episcopos
1871 1325 1924 1370 et
1952 1331 2104 1385 pres-

514 1417 766 1487 byteros,
807 1414 923 1484 ejus
961 1413 1287 1470 sententiam
1321 1409 1917 1480 despicientes,-primo
1962 1409 2100 1463 scri-

513 1508 639 1578 ptis,
668 1515 792 1576 post
817 1507 1161 1562 anathemate
1193 1519 1343 1567 usus,
1367 1509 1450 1558 est
1474 1501 1784 1571 Hispaniam
1809 1498 2096 1556 damnabili

513 1599 885 1669 propositione
905 1595 1158 1652 fmdatus.

581 1689 637 1744 2.
661 1690 795 1744 Cum
829 1688 991 1757 igitur
1013 1687 1129 1742 hrec
1155 1686 1570 1756 aggrederetur,
1599 1682 1655 1735 in
1685 1677 2098 1735 Livaniensibus

2205 774 2484 828 catholicae
2519 774 2634 829 zelo
2671 776 3014 844 conspicuus.
3064 777 3162 832 llic
3188 793 3311 832 cum
3360 781 3605 850 Elipandi
3635 801 3796 842 erro-

2206 877 2361 917 neam
2390 861 2776 932 professionem
2805 865 3029 931 audivit,
3055 869 3301 944 protinus
3330 886 3426 940 per
3449 881 3615 928 totam
3642 875 3791 933 illam

2205 957 2477 1025 regionem
2530 965 2584 1012 et
2613 959 2938 1014 catholicum
2971 961 3239 1016 seminare
3273 963 3488 1034 dogma,
3528 978 3582 1021 et
3621 968 3793 1025 haere-

2205 1045 2367 1098 ticam
2397 1047 2626 1102 evellere
2657 1049 2919 1102 zizaniam
2950 1052 3130 1120 coepit,
3158 1054 3354 1121 quibus
3373 1057 3650 1113 obsistens
3686 1062 3792 1116 Eli-

2202 1135 2378 1204 pamlo
2432 1136 2794 1206 profectibus,
2845 1141 3104 1210 paulatim
3159 1142 3276 1210 ejus
3327 1147 3601 1216 propalari
3643 1167 3791 1207 com-

2203 1238 2384 1280 menta
2412 1230 2683 1298 cognovit.
2729 1227 2914 1284 Adfuit
2941 1247 3156 1301 quoque
3181 1233 3450 1290 catholico
3482 1240 3634 1306 operi
3665 1241 3790 1296 bea-

2202 1323 2291 1370 tus
2318 1317 2586 1382 Heterius,
2630 1319 2720 1387 qui
2752 1327 2872 1388 post
2907 1318 3008 1373 fuit
3038 1322 3322 1392 episc0pus
3358 1322 3699 1394 Uxamensis,
3735 1342 3790 1386 et

2201 1407 2226 1447 ει
2250 1407 2399 1461 Beati
2434 1408 2671 1462 amicitia
2699 1407 2867 1462 fretus
2899 1425 2911 1462 :
2937 1419 3166 1479 uterque
3188 1412 3448 1466 adversus
3472 1413 3704 1471 Felicem
3736 1432 3789 1474 et

2201 1497 2522 1569 Elipandutn
2549 1499 2744 1554 litteris
2770 1508 2825 1554 et
2852 1502 3194 1556 sermonibus
3213 1519 3310 1573 per
3335 1506 3558 1575 populos
3576 1507 3788 1563 discur-

2199 1597 2402 1654 rentes,
2428 1589 2748 1644 catholicam
2771 1591 3054 1644 veritatem
3071 1591 3213 1646 virili
3242 1602 3296 1647 et
3317 1605 3501 1650 sancta
3518 1597 3787 1655 charitate

2201 1680 2486 1734 docebant.
2522 1680 2748 1734 Istorum
2785 1682 2984 1736 ctenim
3015 1682 3254 1737 ellicacia
3292 1685 3504 1754 plurimi
3551 1690 3642 1757 qui
3665 1689 3786 1744 Eli-

512 1781 802 1842 montanis,
831 1779 1104 1848 quaeinter
1125 1785 1382 1844 utrasque
1408 1776 1689 1842 eriguntur
1706 1769 2005 1836 Asturicas,
2031 1786 2096 1824 ex
2129 1748 2174 1808 Β
2201 1771 2362 1840 pandi
2407 1785 2672 1826 venenum
2715 1772 3017 1838 ebiberant,
3060 1775 3242 1828 vinum
3291 1777 3593 1832 hazreticum
3647 1795 3782 1834 eru-

509 1870 638 1924 forti
670 1870 1027 1932 dulcedinem,
1067 1882 1135 1920 ex
1178 1866 1330 1920 silvis
1377 1863 1631 1918 Davidem
1659 1861 1896 1916 extraxit
1925 1861 2094 1925 Deus,

513 1968 572 2015 ut
616 1958 776 2014 fortia
823 1971 1051 2028 quaeque
1095 1953 1447 2010 confunderet
1495 1971 1506 2005 :
1561 1957 1616 2006 et
1665 1949 1811 2003 velut
1863 1948 2094 2002 alterum

513 2052 705 2107 Isaiam
727 2051 871 2120 loqui
901 2049 1254 2110 nescientem,
1283 2044 1491 2101 calculo
1533 2044 1701 2114 ignito
1729 2041 1866 2096 labia
1893 2041 2099 2110 pertin-

511 2158 663 2213 gens,
690 2141 973 2197 suscitavit
996 2141 1050 2194 in
1074 2139 1328 2207 Hispania
1356 2138 1674 2206 prophetam
1711 2135 1803 2204 qui
1838 2134 2096 2187 adversus

512 2242 762 2290 errantes
801 2229 1056 2286 Ecclesim
1093 2244 1346 2298 proceres
1375 2228 1514 2298 ston
1535 2227 1710 2281 ferreo
1751 2225 2097 2279 inveberetur

508 2339 784 2383 strenuus.
831 2325 1226 2380 Construxerat
1284 2321 1778 2376 Nabuchodonosor
1823 2326 2090 2381 statuam,

507 2416 818 2486 apparentia
866 2413 1289 2484 pulcherrimam
1313 2449 1327 2473 ,
1373 2410 1741 2479 magnitudine
1777 2422 2088 2478 procerem,

513 2506 752 2563 metallis
777 2507 1021 2571 divitem,
1047 2503 1190 2558 fama
1215 2503 1482 2558 celebrem
1513 2510 1568 2557 et
1597 2509 1854 2571 apparatu
1886 2498 2094 2568 magni-

507 2597 704 2654 ficam:
748 2598 870 2667 quis
907 2597 1049 2651 illius
1093 2593 1468 2650 excellentiam
1516 2589 1839 2646 collimavlt?
1885 2591 2092 2644 minuta

509 2698 664 2756 petra
703 2703 734 2742 e
764 2696 947 2742 monte
985 2687 1299 2742 decurrens.
1353 2681 1556 2751 Templi
1586 2695 1712 2736 vast
1762 2679 2092 2735 Balthasaris

509 2777 726 2832 inscitia
768 2776 1076 2846 profanavit
1108 2792 1122 2830 :
1155 2775 1280 2844 quis
1303 2771 1426 2840 ejus
1462 2771 1807 2825 ambitionem
1851 2777 1907 2824 et
1947 2785 2094 2822 mon-

510 2877 622 2924 tem
642 2868 876 2924 detexit?
907 2868 1012 2922 duo
1036 2867 1190 2936 digiti
1235 2877 1291 2920 et
1313 2863 1492 2919 brevis
1529 2863 1718 2933 stylus.
1759 2861 1902 2931 Ergo
1951 2857 2092 2914 Deus

503 2959 599 3030 qui
638 2960 692 3014 in
719 2959 978 3029 Elipando
1004 2956 1238 3019 Goliath,
1266 2956 1322 3009 in
1365 2953 1483 3023 ejus
1508 2968 1693 3009 errore
1719 2952 1992 3021 populum,
2034 2951 2090 3004 in

505 3048 681 3119 ipsius
713 3062 849 3101 vana
877 3046 1047 3118 gloria
1085 3045 1420 3110 Nabucburn,
1457 3052 1512 3098 et
1543 3044 1598 3097 in
1623 3043 1768 3098 illius
1794 3042 2087 3096 ambitione

508 3139 877 3196 Balthasarem
922 3144 1298 3206 conspexerat,
1341 3152 1408 3191 ex
1438 3135 1736 3204 abjectione
1777 3135 1982 3204 plebis,
2034 3142 2089 3189 et

505 3239 776 3286 montanas
813 3227 1008 3300 spelcis
1053 3225 1330 3292 Davidem,
1371 3234 1425 3281 et
1454 3225 1610 3295 plebe
1641 3227 1824 3296 ignota
1864 3227 2087 3281 blaesum

503 3319 730 3385 Isaiam,
771 3335 836 3375 ex
863 3327 1046 3374 monte
1095 3318 1353 3382 Beatum,
1388 3331 1453 3371 ex
1496 3317 1648 3372 silvis
1691 3316 1808 3384 ejus
1839 3317 2082 3387 digitum,

505 3411 597 3483 qui
638 3410 796 3482 hujus
834 3409 1225 3479 archiepiscopi
1261 3421 1478 3464 errores
1525 3407 1920 3474 contunderet,
1969 3422 2089 3463 sur-

507 3503 665 3561 rexit.

572 3693 600 3722 ι
627 3680 686 3736 Id
714 3693 958 3736 asserere
981 3695 1084 3736 non
1101 3695 1266 3737 ausus
1287 3691 1370 3737 est
1393 3679 1628 3738 Joannes
1656 3682 1892 3736 Mariana
1911 3721 1926 3746 ,
1943 3682 2087 3751 quod

504 3751 700 3834 falsum
711 3765 832 3834 esse
851 3760 1061 3834 constat
1075 3763 1142 3834 ex
1166 3752 1489 3834 .Eginhardih
1482 3753 1782 3834 Annalibus
1807 3753 1870 3834 ad
1881 3767 2085 3832 annum

514 3823 648 3874 19$:
682 3837 700 3870 ‹
723 3821 977 3891 _0rgellis
1022 3830 1105 3875 est
1130 3821 1324 3876 civitas
1349 3824 1402 3891 in
1449 3821 1691 3891 Pyrenazi
1723 3823 1924 3876 montis
1956 3821 2087 3891 jugo

503 3891 644 3961 sita,
652 3889 803 3961 cujus
819 3887 1122 3961 episcopus,
1140 3892 1356 3961 nomine
1373 3887 1541 3954 Felii,
1561 3893 1780 3945 natione
1794 3887 2083 3961 Hispanus,

506 3959 576 4013 ab
605 3959 868 4028 Elipando
915 3959 1086 4012 Toleti
1124 3960 1375 4028 episcopo
1422 3973 1521 4027 per
1557 3961 1767 4014 litteras
1811 3959 2089 4015 consultus

543 4028 633 4081 uid
659 4026 726 4080 de
765 4027 1099 4081 humanitate
1127 4026 1435 4083 salvatoris
1472 4030 1564 4083 Dei
1591 4039 1645 4083 et
1675 4030 1885 4083 Domini
1916 4030 2086 4083 nostri

537 4113 630 4152 esu
657 4096 859 4152 Christi
907 4097 1109 4152 sentire
1163 4099 1401 4163 deberet,
1454 4107 1634 4152 utrum
1688 4101 1985 4152 secundum
2034 4100 2088 4154 id

506 4167 649 4238 quod
673 4167 833 4221 homo
861 4175 965 4231 est,
997 4167 1246 4237 proprius
1274 4181 1341 4221 an
1381 4169 1662 4236 adoptivus
1684 4166 1776 4221 Dei
1808 4166 1949 4238 filius
1971 4183 2089 4224 cre-

505 4237 712 4308 dendus
741 4245 883 4294 esset
909 4252 974 4292 ac
997 4238 1275 4300 dicendus,
1299 4238 1454 4292 valde
1475 4239 1690 4293 incaute
1713 4245 1875 4308 atque
1901 4237 2090 4292 incon-

505 4307 760 4372 siderate,
784 4317 839 4362 et
867 4318 1054 4362 contra
1092 4309 1371 4376 antiquam
1402 4309 1682 4364 catholica:
1721 4308 1972 4362 Ecclesia:
1991 4309 2088 4363 do-

504 4379 769 4442 ctrinam,
817 4378 1126 4448 adoptivum
1172 4393 1278 4432 non
1323 4379 1500 4433 solum
1544 4378 1944 4448 pronuntiavit,
1991 4379 2084 4434 sed

505 4449 668 4503 etiam
711 4449 931 4518 scriptis
957 4449 1025 4503 ad
1047 4457 1402 4503 memoratum
1431 4449 1740 4518 episcopum
1767 4448 1939 4515 libris,
1965 4463 2088 4518 per-

505 4517 835 4589 versissimae
845 4519 1166 4589 pravitatem
1185 4519 1454 4589 opinionis
1466 4517 1480 4518 ί
1494 4535 1603 4574 sua:
1616 4517 1923 4574 defendere
1939 4517 2092 4574 cura-

505 4588 602 4660 ‘vit_.
649 4607 667 4660 ξ
696 4583 893 4660 Festivj
928 4601 1057 4660 vero
1087 4583 1469 4658 sunt'Hispani
1501 4591 1612 4660 qui,
1649 4590 1692 4645 si
1722 4604 1857 4658 quos
1890 4590 2091 4644 habent

508 4657 821 4721 nebulones,
853 4657 1076 4713 Francis
1101 4668 1192 4713 aut
1215 4657 1384 4715 Gallis
1410 4657 1716 4724 ascribunt;
1741 4657 1883 4729 quos
1907 4669 2091 4714 autem

507 4735 727 4782 sanctos
743 4729 1062 4795 insigniores
1074 4730 1361 4793 habemus,
1379 4731 1480 4784 sibi
1507 4731 1799 4792 vindicant,
1827 4740 1883 4782 ut
1905 4731 2090 4786 multis

507 4798 768 4879 exemplis
777 4805 946 4922 lpatet
979 4798 1034 4852 in
1059 4799 1441 4881 Martyrologio
1480 4801 1788 4868 Hispanico.
1813 4800 1949 4855 Cum
1987 4798 2091 4855 Fe-

509 4868 608 4922 lice
667 4869 734 4922 ad
827 4883 1042 4922 tsnanos
1079 4872 1432 4922 remittendus
1481 4880 1565 4922 est
1593 4870 1848 4922 Claudius
1899 4869 2091 4922 Tauri-

509 4868 608 4922 Iice
667 4869 734 4922 ad
777 4868 1042 4937 Hispanos
1079 4868 1432 4925 remittendus
1481 4880 1565 4925 est
1593 4870 1848 4924 Claudius
1899 4869 2091 4924 Tauri-

512 4937 694 5010 nensis
718 4938 1028 5010 episcopus,
1061 4954 1223 5008 quem
1258 4955 1474 5010 genere,
1520 4955 1625 4994 non
1673 4939 1950 5010 Scottum,
1996 4941 2092 4995 sed

512 5007 808 5077 llispanuin
858 5009 1027 5064 fuisse
1082 5007 1449 5066 demonstravi
1495 5010 1550 5064 in
1596 5017 1740 5065 tomo
1777 5009 1798 5064 Ι
1843 5018 2089 5065 veterum

511 5076 912 5135 Analectorum.

588 5147 615 5187 δ
642 5147 832 5203 Falsus
876 5157 959 5204 est
1005 5149 1210 5215 Binius,
1257 5149 1348 5220 qui
1387 5149 1704 5219 Ellpandum
1736 5150 1928 5206 Felicis
1959 5165 2092 5218 prm-

512 5225 786 5290 ceplorem
817 5220 1120 5288 appellavit.
1162 5220 1320 5275 Certe
1354 5221 1626 5290 Dungalus
1659 5220 1892 5276 Felicem
1931 5221 2090 5290 hujus

514 5289 708 5359 erroris
729 5291 1037 5359 magistrum
1062 5299 1239 5344 vocat.

587 5366 608 5395 ε
637 5355 750 5412 Imo
775 5355 836 5430 et
862 5360 1176 5423 monachus,
1211 5369 1270 5414 ut
1302 5359 1550 5429 superius
1590 5361 1872 5430 probatum
1907 5366 1989 5414 est
2033 5359 2089 5414 in

513 5422 919 5493 Observatione,
963 5445 1109 5482 num.
1133 5422 1186 5484 5.

553 5564 563 5576 .
636 5495 757 5576 Fuit
775 5500 862 5553 hic
886 5501 1050 5576 etiam
1073 5499 1220 5576 Beati
1247 5499 1560 5576 discipulus,
1585 5507 1645 5576 ut
1694 5499 1954 5576 Alcuinus
1981 5508 2092 5554 tra-

513 5563 614 5629 dit,
652 5565 804 5632 cujus
831 5570 993 5621 verba
1018 5569 1074 5622 in
1097 5570 1284 5624 eadem
1320 5563 1712 5624 Observatione
1743 5569 1911 5624 relata
1939 5579 2086 5626 sunt.

591 5646 614 5671 θ
644 5634 776 5701 Ejus
798 5637 1038 5759 cipistoh‘e
1066 5639 1392 5691 mentionem
1418 5637 1757 5694 facitBeatus
1783 5640 1936 5696 initio
1964 5641 2090 5696 libri

591 5703 679 5758 imi
707 5722 720 5758 :
766 5721 784 5756 ‹
858 5705 1066 5759 egimus
1095 5707 1302 5759 litteras
1329 5706 1620 5759 nrudentim
1643 5716 1767 5759 tum.
1792 5726 1932 5759 anno
1953 5726 2090 5759 nm-

516 5703 679 5774 primi
707 5722 720 5758 :
766 5721 784 5756 ‹
814 5703 1066 5776 Legimus
1095 5707 1302 5761 litteras
1328 5706 1620 5777 prudentia:
1643 5716 1767 5775 tum,
1792 5726 1932 5767 anno
1953 5726 2092 5784 pm-

2113 3089 2162 3152 ε

2199 1870 2428 1927 ctantes,
2458 1862 2524 1916 ad
2547 1863 2810 1932 gremium
2841 1865 3032 1918 matris
3060 1864 3317 1922 Ecclesia:
3345 1877 3472 1922 sunt
3500 1871 3784 1927 contritio-

2197 1949 2284 2004 nis
2321 1950 2641 2020 pmnitentia
2671 1952 2896 2006 reversi.

2267 2041 2320 2094 4.
2345 2041 2604 2096 Audierat
2635 2040 2926 2112 Elipandus
2952 2057 3116 2113 opera
3145 2053 3456 2101 sanctorum
3482 2048 3690 2104 Heterii
3725 2061 3780 2107 et

2196 2134 2368 2200 Beati,
2391 2145 2447 2190 et
2470 2133 2729 2189 adversus
2757 2134 2918 2189 istum
2958 2137 3197 2206 impense
3221 2138 3411 2205 iratus,
3444 2152 3466 2178 ε
3494 2142 3777 2211 epistolam

2197 2225 2364 2279 Fideli
2391 2224 2571 2278 abbati
2594 2225 2928 2280 Asturirensi
2957 2226 3294 2296 direxit,qua
3310 2229 3377 2284 de
3398 2233 3603 2285 sanctis
3630 2247 3764 2302 pres-

2195 2316 2400 2386 byteris
2435 2315 2804 2382 conqueritur,
2853 2328 2919 2368 ex
2957 2329 3020 2369 eo
3057 2317 3200 2384 quod
3255 2318 3369 2384 ipse
3408 2328 3598 2373 astans
3629 2320 3777 2376 Tole-

2198 2417 2354 2461 tanus
2379 2406 2683 2476 episcopus,
2710 2405 2827 2474 ipsi,
2857 2413 3113 2474 tanquam
3137 2405 3254 2473 ejus
3283 2407 3599 2477 dignitatem
3626 2420 3676 2463 et
3691 2426 3776 2464 or-

2195 2499 2375 2550 dinem
2399 2502 2823 2559 contemnentes,
2872 2495 3072 2549 nullam
3109 2496 3177 2550 ab
3223 2497 3342 2567 ipso
3373 2498 3439 2553 de
3475 2477 3776 2570 adoptionis

2193 2588 2436 2642 doctrina
2454 2588 2817 2659 cognitionem
2835 2588 3078 2644 ediscere
3091 2589 3414 2658 cogitarent.
3439 2609 3457 2641 ι
3477 2590 3612 2656 Quis
3629 2607 3774 2663 ergo,

2193 2680 2559 2750 prosequitur,
2587 2695 2822 2748 unquam
2857 2678 3218 2750 audivitquod
3235 2682 3398 2737 homo
3419 2683 3775 2741 Asturicanus

2192 2779 2247 2825 et
2275 2772 2616 2840 montivagus
2647 2767 2936 2827 Toletanos
2959 2771 3152 2827 docere
3182 2781 3237 2828 et
3258 2775 3535 2842 corrigere
3575 2793 3773 2846 presu-

2192 2863 2349 2915 mat?
2371 2859 2558 2916 Nonne
2578 2862 2882 2931 exemplum
2919 2864 2990 2918 ab
3031 2862 3050 2900 ί
3085 2863 3385 2918 Archarico
3407 2866 3664 2935 episcopo
3693 2869 3772 2921 in-

2193 2967 2405 3008 sumere
2435 2961 2664 3023 poterat,
2696 2955 2806 3024 qui,-
2844 2955 3025 3009 audita
3055 2956 3221 3010 vestri
3252 2955 3400 3010 Beati
3433 2959 3730 3029 antiphrasi
3751 3001 3765 3023 ,

2193 3045 2260 3098 ad
2283 3051 2521 3099 nostram
2553 3057 2844 3100 occurrens
2875 3045 3078 3108 sedem,
3106 3045 3238 3116 quid
3262 3049 3556 3105 tenendum
3582 3051 3768 3106 humili

2193 3136 2635 3204 percunctatione
2657 3137 2944 3206 poposcit?
2972 3137 3100 3202 Sed,
3145 3140 3288 3194 sicut
3325 3141 3422 3194 Dei
3467 3143 3644 3212 gratia
3694 3143 3770 3198 fa-

2190 3235 2334 3280 ctum
2382 3233 2465 3280 est
2497 3225 2642 3294 quod
2698 3241 2797 3296 per
2844 3241 2942 3280 nos
2978 3228 3465 3298 episcoporumque
3504 3231 3765 3302 Hispanis

2189 3334 2523 3382 consessum,
2561 3316 2626 3372 de
2653 3317 2968 3388 Magetianis
2989 3321 3012 3358 ε
3035 3317 3348 3388 Spalitanis,
3365 3323 3457 3390 qui
3481 3325 3626 3377 circa
3651 3323 3768 3378 festi

2188 3410 2468 3465 Paschatis
2509 3410 2651 3464 diem
2680 3411 3016 3476 aberrantes,
3065 3411 3346 3466 confusam
3390 3414 3604 3470 ordinis
3648 3433 3769 3471 nor-

2188 3516 2329 3556 mam
2355 3502 2697 3573 spargebant,
2721 3503 3055 3558 obtinerctur
3081 3505 3327 3571 victoria,
3361 3507 3442 3560 sic
3469 3508 3523 3560 in
3546 3507 3769 3563 Domino

2187 3677 2348 3742 senti,
2375 3683 2552 3731 etnon
2585 3677 2758 3740 nobis,
2788 3677 2879 3730 sed
2910 3676 3077 3732 Fideli
3107 3678 3286 3732 abbati
3317 3696 3506 3736 mense
3529 3680 3762 3745 Octobri,

2188 3748 2373 3832 in_:era
2401 3747 2504 3801 825
2531 3746 2668 3832 clam
2691 3749 2790 3800 sub
2812 3747 2985 3832 sigillo
3015 3749 3250 3803 directas
3285 3765 3569 3832 τμη-δεδι
3603 3753 3765 3832 relatu

2188 3816 2466 3888 advenisse
2479 3817 2800 3888 audivimus,
2825 3818 2916 3870 sed
2934 3833 3219 3888 casusque
3241 3835 3290 3872 vi
3313 3816 3431 3873 Kal.
3459 3821 3768 3877 Decembris

2188 3887 2409 3957 minime
2430 3887 2682 3942 vidimus.
2725 3907 2742 3938 ι
2775 3885 2960 3957 Itaque
2979 3885 3209 3955 epistola
3257 3889 3371 3944 haec
3397 3906 3542 3945 anno
3577 3891 3680 3946 785
3704 3894 3766 3946 ad

2188 3955 2423 4010 Fidelem
2449 3959 2646 4026 scripta
2671 3965 2773 4010 est.

2266 4027 2283 4098 ξ
2314 4025 2628 4098 Ascaricum
2675 4028 2834 4098 habet
2877 4025 3122 4098 Ellpandi
3158 4027 3372 4098 vulgata
3421 4029 3491 4084 ad
3528 4029 3764 4086 Fidelem

2188 4096 2436 4169 epistola,
2464 4097 2629 4169 relata
2674 4096 2898 4169 iulib.‘t
2930 4097 3077 4169 Beati
3121 4096 3352 4169 abbatis,
3402 4099 3452 4153 in
3495 4116 3602 4169 qua
3655 4103 3764 4156 hinc

2189 4167 2393 4240 verba:
2425 4187 2443 4218 c
2485 4165 2958 4240 Hancepistolam
3001 4166 3482 4240 dominiAscaricj
3516 4165 3762 4240 episcopi

2189 4235 2310 4290 ideo
2343 4236 2672 4291 fraternitati
2701 4247 2805 4291 tua:
2849 4237 3038 4296 direxi,
3087 4237 3405 4296 charissime
3445 4235 3665 4300 Fidelis.
3712 4235 3765 4294 ut

2189 4322 2509 4379 cognoscas,
2531 4315 2730 4379 quanta
2759 4307 2812 4379 in
2837 4305 3229 4379 Christiservis
3255 4320 3443 4379 regnet
3459 4310 3760 4371 humilitas,

2189 4375 2388 4460 quanta
2417 4378 2469 4431 in
2485 4375 2802 4460 antichristi
2825 4375 3103 4460 discipulis
3123 4375 3616 4460 regnet'superbia,
3646 4397 3762 4460 cum

2117 4434 2166 4496 Ι)
2189 4434 2438 4518 dominus
2482 4446 2771 4502 Ascaricus
2799 4434 3080 4518 mihi'non
3106 4434 3350 4502 docentis
3386 4434 3632 4518 imperio,
3663 4434 3762 4504 rsed

2195 4517 2578 4586 interrogantis
2602 4525 2724 4571 voto
2745 4533 2807 4571 ea
2836 4517 3075 4572 scribere
3100 4517 3285 4583 voluit,
3311 4517 3614 4574 sictttillum
3646 4535 3762 4572 vera

2194 4587 2469 4643 humilitas
2493 4589 2695 4643 docuit.
2709 4586 2798 4642 Isti
2819 4601 2946 4641 vero
2960 4587 3116 4642 modo
3142 4597 3197 4642 et
3221 4590 3493 4642 contraria
3517 4590 3761 4654 dicendo,

2194 4659 2350 4728 modo
2379 4667 2434 4712 et
2454 4658 2609 4727 quasi
2641 4658 2978 4728 ignorantem
3010 4672 3114 4722 me,
3144 4657 3273 4727 quid
3301 4667 3506 4712 rectum
3554 4659 3627 4714 sit
3674 4675 3764 4712 no-

2192 4726 2408 4782 luerunt
2437 4726 2790 4798 interrogare.
2831 4747 2849 4778 ›
2878 4726 3170 4798 Aiscaricus’
3193 4737 3309 4781 erat
3328 4729 3613 4798 episcopus
3641 4728 3764 4781 Bra-

2192 4744 2408 4782 tuerunt
2437 4744 2790 4798 interrogare.
2831 4747 2849 4778 ›
2878 4744 3166 4782 ascartcus
3193 4744 3309 4781 erat
3328 4744 3358 4781 e
3398 4745 3508 4783 tsco
3547 4746 3613 4783 us
3642 4744 3763 4781 ura-

2192 4799 2458 4862 canensis,
2512 4813 2672 4866 quem
2722 4813 2843 4868 cum
2888 4797 3159 4868 ,Elipando
3197 4744 3445 4868 suggiﬁat
3496 4744 3763 4852 Xdrianus

2192 4815 2458 4862 canensus,
2512 4815 2672 4866 quem
2722 4815 2843 4852 cum
2893 4815 3153 4865 nupanuo
3197 4815 3445 4920 suggmat
3496 4815 3761 4852 Atll‘lanus

2190 4869 2481 4993 mssa
2501 4868 2724 4937 epistola
2753 4867 2820 4924 97
2871 4867 3087 4923 Codicis
3123 4867 3262 4922 Caro
3283 4869 3359 4922 ini
3389 4869 3454 4922 ad
3483 4869 3761 4938 episcopos

2243 4953 2481 4994 ISDaDIIB.

2265 4953 2529 5064 ἓρῧὲιῗξω
2556 5008 2738 5064 itidem
2760 5007 2983 5078 victoria
3015 5005 3278 5078 gloriatur
3306 5005 3446 5062 idem
3473 5005 3761 5078 E‘lipandus

2193 5081 2244 5134 in
2283 5079 2506 5149 epistola
2526 5079 2767 5149 proxime
2796 5077 3006 5134 laudata
3024 5075 3100 5149 ad
3123 5075 3359 5149 Fidelem
3399 5096 3411 5131 :
3451 5096 3468 5128 ‹
3510 5075 3583 5132 Ut
3622 5075 3758 5146 quod

2189 5165 2290 5220 ego
2316 5147 2372 5203 et
2397 5147 2576 5220 caeteri
2604 5147 2803 5220 fratres
2822 5151 2927 5220 mei
2950 5150 3003 5203 in
3035 5147 3384 5220 Hispalitanis
3433 5156 3581 5220 tanto
3619 5156 3758 5220 tem-

2263 5235 2319 5274 re
2344 5217 2770 5286 diiudicavimus,
2803 5226 2858 5272 et
2884 5217 2990 5274 Deo
3013 5214 3326 5281 auxiliante,
3366 5227 3476 5272 tam
3519 5218 3576 5272 in
3612 5214 3757 5270 festis

2263 5235 2319 5274 re
2344 5235 2770 5286 uquoneavnmus,
2803 5235 2858 5272 et
2884 5235 2990 5274 ueo
3013 5235 3326 5281 auxiliante,
3366 5235 3476 5272 tam
3519 5235 3576 5272 tn
3612 5235 3757 5270 Iesus

2190 5235 2528 5344 paschalium
2547 5303 2708 5358 quam
2730 5287 2787 5358 in
2815 5289 3330 5358 cazteriserroribus,
3356 5287 3757 5358 Iligetianorum

2190 5360 2437 5414 hzeresim
2460 5357 2902 5422 emendavimus;
2932 5374 3076 5414 nunc
3107 5358 3180 5411 illi
3211 5357 3668 5427 (Beatns’scilicet
3706 5361 3758 5408 et

2191 5428 2462 5498 I‘Ieterius)
2492 5444 2524 5483 e
2549 5428 2822 5483 contrario
2851 5430 3130 5484 inveniunt
3157 5428 3301 5498 unde
3329 5444 3429 5482 nos
3459 5433 3703 5498 arguant.
3731 5443 3749 5476 ι

2191 5500 2258 5554 Et
2284 5499 2422 5573 infra
2446 5496 2770 5573 Migetianos
2797 5499 2930 5554 istos
2953 5501 3010 5554 in
3046 5498 3238 5569 finibus
3277 5497 3488 5573 Baftica:
3528 5496 3756 5573 viguisse

2190 5579 2284 5625 att.
2317 5567 2627 5640 Migentium
2653 5567 2770 5636 ejus
2798 5579 2958 5625 seetse
2987 5567 3284 5640 auctorem,
3328 5569 3552 5640 ejusque
3601 5567 3753 5640 disci-

2228 5637 2604 5718 ttiumjlgilam
2626 5640 2804 5718 arguit
2822 5640 3104 5718 Adrianus
3119 5641 3171 5718 in
3186 5637 3406 5718 cpistola
3433 5637 3556 5695 mox
3576 5637 3752 5694 citata.

2224 5711 2346 5768 inde
2376 5708 2467 5766 hic
2490 5709 2543 5764 in
2572 5708 2716 5765 textu
2738 5709 3023 5782 legendum
3053 5708 3370 5780 Higetianis.
