4028 6176
263 317 375 375 895

262 534 397 593 pare
415 518 762 575 conﬁdimus.
785 519 902 576 Non
929 535 1016 577 me
1047 521 1178 578 latet
1207 523 1485 578 Heterium
1514 533 1673 594 prout
1692 524 1846 594 juve-

262 625 410 676 nem,
443 611 725 681 deceptum
751 611 917 668 fuisse
965 630 998 668 ι
1031 615 1216 680 Beato,
1261 617 1479 672 homine
1511 617 1744 672 silvestri
1791 624 1847 671 et

265 700 553 769 vaniloquo
581 719 594 754 :
626 716 808 770 quem,
839 704 885 758 si
916 704 1015 759 tibi
1038 714 1220 760 nostra
1242 706 1476 776 placent,
1498 708 1747 777 protinus
1776 707 1844 761 ad

266 797 321 846 te
347 792 570 855 advoca,
603 800 969 863 quantumque
991 809 1175 850 coram
1200 797 1329 861 Deo,
1353 797 1575 867 ejusque
1602 797 1843 853 Ecclesia

261 888 319 936 et
342 881 500 936 nobis
526 883 806 948 erraverit,
852 884 1028 940 indica
1055 901 1069 939 :
1096 895 1151 940 et
1179 887 1225 942 si
1260 887 1316 941 in
1345 889 1628 942 obstinatae
1653 903 1846 958 propo-

264 971 478 1027 sitionis
499 971 710 1028 thecnis
740 974 1062 1042 perstiterit,
1089 985 1271 1032 nostra
1299 986 1356 1032 et
1389 979 1554 1035 totius
1587 979 1844 1036 Ecclesiae

264 1061 599 1117 correctione
630 1064 918 1120 contunde.
950 1083 966 1118 ι

331 1149 388 1202 5.
430 1149 611 1213 Beato,
645 1161 764 1220 post
794 1151 1218 1221 aliquantulum,
1267 1157 1596 1212 visi‘tationis
1633 1171 1660 1200 ι
1701 1157 1844 1214 Ado-

260 1237 432 1293 sinda:
457 1239 632 1310 gratia
659 1243 1024 1309 perveniente,
1045 1243 1248 1301 Fidelis
1271 1247 1440 1302 abbas
1459 1247 1704 1316 Elipandi
1731 1252 1845 1320 epi-

261 1328 459 1386 stolam
506 1331 894 1387 demonstravit
941 1334 1147 1402 eidem;
1175 1337 1267 1405 qui
1309 1346 1470 1406 prout
1517 1340 1843 1396 catholicum

265 1419 439 1474 virum
469 1428 523 1474 et
568 1421 692 1476 ﬁdei
731 1421 1069 1478 defensorem
1118 1427 1361 1492 decebat,
1407 1429 1580 1484 ascito
1625 1429 1844 1486 Heterio

261 1525 398 1580 opus
435 1511 704 1582 integrum
753 1513 962 1569 duobus
1009 1514 1160 1571 libris
1193 1527 1555 1588 compactum,
1597 1521 1690 1590 qui
1733 1521 1845 1576 Eli—

261 1601 426 1670 pandi
453 1616 668 1656 errores
711 1603 900 1659 solidis
929 1621 1100 1662 sacrae
1129 1606 1422 1677 Scriptura:
1465 1610 1598 1665 locis
1624 1613 1846 1666 rationi-

263 1690 471 1759 busque
501 1689 694 1746 validis
740 1693 1070 1760 confutabat,
1119 1698 1353 1768 scripsit.
1405 1699 1572 1770 Cujus
1615 1717 1740 1756 cum
1788 1703 1842 1758 in

867 301 869 304 ⁴
924 320 1200 376 ηετειυι
1239 321 1328 377 ET
1365 321 1426 378 s.
1467 322 1671 379 ausu
1706 321 1803 378 AD
1837 325 1849 379 l

1951 324 2238 380 PANDUM
2278 324 2496 380 EPIST.
2534 355 2607 365 —
2643 326 2768 381 LIB.
2802 326 2870 382 l.‘

161 485 176 490 ,
263 428 518 489 haeresim
584 430 854 485 eatianam
875 430 945 486 de
964 431 1334 488 Asturicarum
1358 435 1629 489 montanis
1642 434 1843 489 exstir-
1871 445 1918 505 Α
1944 435 2084 504 copi,
2121 451 2188 491 ex
2215 436 2471 505 Hispania
2507 436 2699 492 beatus
2726 445 2782 492 et
2821 437 3073 494 Heterius
3099 455 3202 508 pro
3239 439 3525 498 catholicis

3418 331 3524 387 89‘

1949 526 2133 590 missi,
2175 524 2464 581 interfuere
2517 526 2697 596 legati,
2750 542 2908 581 error
2958 543 3084 583 cum
3129 532 3440 587 auctoribus
3487 548 3516 586 a

1948 619 2364 688 congregatione
2383 619 2599 673 concilii
2632 618 2922 674 damnatus
2949 628 3054 685 est,
3077 621 3218 688 quod
3254 632 3308 676 ct
3333 623 3528 678 Adria-

1947 722 2050 762 nus
2074 707 2311 776 pontifex
2341 707 2488 764 fecit.

2019 798 2072 851 7.
2113 797 2228 853 Hoc
2253 798 2517 868 siquidem
2548 798 2822 853 intellecto
2852 797 3143 868 Elipandus
3167 798 3456 854 Toletanus
3492 816 3520 854 a

1945 887 2314 957 propositione
2363 888 2571 943 resilire
2610 889 2922 952 decernens,
2977 889 3347 958 episcoporum
3396 904 3526 943 con-

1946 981 2316 1050 gregationem
2365 980 2508 1048 apud
2550 979 2795 1034 Toletum
2845 980 3058 1044 indixit,
3112 995 3216 1048 qua
3254 980 3525 1048 pmnitens

1948 1070 2303 1127 confessionis
2341 1071 2580 1126 libellum
2606 1112 2620 1137 ,
2671 1071 2764 1126 ubi
2808 1071 3003 1125 Filium
3046 1071 3140 1125 Dei
3191 1071 3524 1141 unigenitum

1947 1160 2206 1231 Patrique
2233 1161 2768 1226 consubstantialem,
2797 1177 2903 1215 non
2933 1161 3263 1231 adoptivum,
3293 1161 3386 1214 sed
3426 1176 3525 1213 na-

1948 1251 2200 1317 turalem,
2253 1252 2444 1306 humili
2484 1251 2823 1306 confessione
2872 1252 3165 1322 professus,
3218 1251 3434 1307 obtulit.
3479 1250 3526 1306 Δ

1949 1343 2203 1399 Patribus
2247 1343 2610 1414 lacrymarum
2640 1342 2975 1414 professione
3006 1353 3302 1413 susceptus,
3335 1359 3527 1400 recon-

1947 1434 2240 1488 ciliationis
2267 1434 2589 1489 beneﬁcium
2621 1433 2848 1502 accepit.
2888 1433 2987 1487 Hic
3033 1433 3252 1488 beatum
3272 1441 3329 1487 et
3363 1433 3526 1488 Hete—

1947 1525 2109 1590 rium,
2147 1525 2389 1593 deposita
2416 1525 2652 1595 antiquae
2681 1524 3084 1594 disceptationis
3126 1524 3523 1589 malevolentia,

1948 1615 2178 1692 benigne
2203 1615 2522 1683 suscipiens,
2550 1614 2670 1668 illos
2689 1612 2810 1667 fidei
2834 1611 3145 1668 defensores
3171 1623 3225 1667 et
3250 1613 3529 1668 catholica:

1947 1710 2194 1765 veritatis
2222 1717 2500 1778 patronos,
2531 1723 2640 1762 non
2681 1707 2887 1774 absque
2922 1705 3174 1776 lacrymis
3202 1714 3256 1760 et
3281 1704 3528 1774 singulti-

263 1797 460 1837 manus
511 1783 758 1854 Elipandi
803 1794 858 1840 et
883 1787 1113 1842 aliorum
1157 1791 1467 1859 sequacium
1509 1795 1844 1861 pervenisset
1875 1796 1916 1859 lg
1946 1805 2066 1867 bus,
2096 1802 2472 1871 compellabat.

259 1874 449 1938 codex,
485 1875 637 1931 illum
668 1876 1034 1936 infestissimis
1063 1892 1188 1937 sunt
1223 1884 1546 1940 dedecorum
1572 1887 1844 1945 ulceribus

263 1968 427 2022 verbo
456 1976 512 2022 et
536 1969 749 2040 paginis
776 1971 1024 2036 insecuti,
1054 1975 1194 2030 inter
1219 1991 1341 2046 qua:
1373 1976 1706 2047 Antiphrasii
1747 1997 1846 2037 no-

259 2058 408 2113 mine
455 2059 813 2114 macularum.
854 2061 926 2116 At
959 2064 1133 2131 Deus,
1179 2067 1266 2121 cui
1297 2069 1537 2123 omnium
1575 2069 1845 2124 viscerum

258 2163 459 2204 arcana
487 2158 791 2220 patescunt,
827 2153 972 2208 Beati
1000 2156 1320 2214 innocentiae
1357 2159 1608 2228 spiritum
1650 2175 1682 2214 a
1711 2161 1847 2214 solio

262 2239 566 2307 maiestatis
598 2257 708 2298 suae
732 2253 1014 2311 contuens,
1046 2257 1101 2303 et
1128 2264 1322 2317 purum
1351 2249 1476 2306 ﬁdei
1504 2251 1678 2306 zelum
1696 2268 1849 2321 pres-

257 2333 438 2402 byteri
472 2335 540 2389 ab
566 2334 676 2390 alto
716 2336 874 2406 longe
915 2351 1273 2408 cognoscens,
1323 2343 1394 2398 ab
1419 2343 1670 2399 omnibus
1696 2345 1846 2399 illum

261 2438 486 2482 suorum
517 2427 860 2482 inimicorum
887 2430 1143 2498 periculis
1171 2430 1440 2486 liberavit.

333 2515 388 2570 6.
427 2515 561 2572 Nam
607 2518 901 2588 Elipandus
952 2521 1140 2577 Toleto
1180 2521 1484 2592 profectus,
1524 2525 1754 2581 Astures
1793 2535 1850 2582 et

259 2606 529 2667 Gallrecos
549 2613 736 2678 obivit,
759 2615 931 2684 iisque
947 2616 1000 2670 in
1027 2617 1159 2672 locis
1184 2617 1385 2672 multos
1409 2632 1574 2686 prava
1595 2619 1851 2688 opinione

264 2699 456 2755 infecit
499 2703 758 2772 pestifero
786 2707 899 2760 oris
928 2706 1130 2761 afﬂatu.
1178 2707 1330 2762 Felix
1362 2709 1615 2764 Vaccaeos
1662 2711 1717 2764 in
1752 2710 1850 2764 Hi-

260 2792 475 2861 spania,
509 2793 876 2864 Septimanios
898 2797 952 2850 in
982 2797 1173 2862 Gallia,
1204 2798 1446 2866 aliosque
1483 2799 1538 2852 in
1561 2798 1851 2854 Germania

263 2881 492 2940 inﬁcere
517 2893 787 2956 satagens,
820 2888 888 2940 ab
931 2887 1183 2942 omnibus
1226 2887 1329 2942 fuit
1354 2891 1624 2944 constanti
1667 2889 1853 2946 defen-

262 2972 420 3028 sione
445 2975 719 3045 depulsus.
754 2976 846 3032 Sic
871 2979 1016 3033 enim
1057 2979 1196 3047 apud
1224 2979 1252 3020 δ
1283 2980 1546 3050 Reginum
1589 2981 1853 3052 Bajoariae

267 3066 548 3124 civitatem
569 3070 745 3139 primo
765 3070 818 3125 in
841 3079 1109 3126 conventu
1141 3073 1516 3142 episcoporum
1543 3075 1848 3142 damnatus,

269 3166 394 3227 post
413 3173 595 3213 coram
611 3158 850 3215 Adriano
870 3160 1122 3229 pontifice
1146 3163 1385 3216 maximo
1397 3162 1646 3219 simulato
1670 3165 1852 3220 animo

272 3249 612 3320 resipiscens,
660 3251 876 3305 demum
905 3251 1044 3319 apud
1087 3250 1524 3317 Francofurtum,
1576 3253 1666 3308 ubi
1715 3268 1854 3323 pras-

266 3348 425 3394 sente
457 3339 650 3396 Carolo
679 3340 1012 3396 Francorum
1046 3357 1172 3412 rege
1195 3341 1482 3397 concilium
1507 3342 1680 3397 fuerat
1711 3343 1851 3398 indi-

271 3439 440 3496 ctum,
487 3431 573 3487 cui
606 3431 779 3488 Roma
831 3432 1264 3503 Theophylactus
1310 3441 1365 3487 et
1397 3431 1704 3502 Stephanus
1738 3435 1849 3502 epi-

341 3567 660 3639 fAdosinda
687 3576 806 3639 erat
834 3567 1110 3624 Aldefonsi
1135 3571 1278 3639 regis
1299 3569 1429 3635 ﬁlia,
1459 3577 1623 3639 nupta
1658 3567 1852 3633 Siloni,

271 3635 423 3708 cujus
471 3653 696 3708 regnum
745 3635 1428 3708 Mauregatus,ﬂAldefonsi
1456 3635 1855 3708 eat—concubina

269 3707 459 3761 itidem
491 3705 653 3771 ﬁlius,
683 3707 880 3762 invasit
917 3705 1061 3760 anno
1090 3707 1211 3760 785.
1263 3708 1596 3761 Adosindam
1625 3721 1681 3760 se
1714 3705 1853 3758 invi-

267 3777 408 3832 sisse
448 3793 572 3831 cum
617 3777 836 3831 Heterio
873 3777 1039 3830 tradit
1079 3777 1279 3831 Beatus
1325 3778 1440 3844 ipse
1488 3776 1644 3830 initio
1674 3775 1795 3844 libri
1835 3791 1852 3828 ι

269 3855 464 3902 contra
491 3845 846 3913 Elipandum:
888 3863 906 3896 ι
945 3845 1188 3914 Cumque
1214 3862 1312 3900 nos
1337 3842 1406 3899 ad
1431 3844 1652 3899 fratrem
1695 3842 1853 3898 Fide-

269 3917 424 3987 lem,‘
451 3929 556 3967 non
582 3915 902 3987 litterarum
938 3914 1156 3987 illarum
1184 3914 1628 3987 compulsio,sed
1658 3927 1848 3987 recens

269 3983 540 4054 religiosa:
565 3983 798 4054 domina:
824 3983 1112 4039 Adosindae
1140 3983 1460 4054 perduceret
1493 3985 1725 4045 devotio,
1754 3999 1847 4037 au-

272 4053 508 4126 divimus
539 4054 689 4110 illum
722 4053 963 4126 libellum
990 4053 1295 4126 (Elipandi)
1332 4055 1759 4126 adversuminos
1802 4063 1858 4108 et

276 4123 438 4195 [idem
464 4134 707 4179 nostram
735 4124 790 4178 in
811 4123 1007 4179 cuncta
1024 4123 1241 4180 Asturia
1263 4123 1478 4195 publice
1503 4125 1854 4195 divulgatum.

275 4189 487 4264 Etcum
521 4194 652 4264 ﬁdes
699 4201 881 4248 nostra
923 4203 1068 4249 esset
1112 4189 1450 4261 indissoluta,
1501 4189 1676 4264 coepit
1715 4195 1860 4247 inter

275 4263 527 4333 scopulos
579 4263 843 4320 ﬂuctuare
889 4264 1170 4332 navicula,
1225 4275 1279 4320 et
1301 4266 1419 4320 duae
1468 4263 1626 4320 facta:
1677 4272 1851 4318 erant.

2012 1894 2066 1948 8.
2082 1893 2326 1949 Concilio
2351 1893 2582 1961 denique
2605 1890 2779 1946 soluto
2793 1898 2847 1944 et
2869 1889 3028 1943 rebus
3048 1887 3171 1942 ﬁdei
3202 1887 3258 1940 in
3275 1885 3529 1954 Hispania

1942 1985 2080 2039 bene
2107 1981 2418 2052 compositis
2434 2021 2450 2046 ,
2482 1981 2774 2048 sedatoque
2799 1978 3084 2032 Feliciance
3109 1975 3393 2045 pravitatis
3403 1989 3524 2042 jur-

1945 2074 2053 2144 gio,
2081 2081 2301 2126 sanctus
2321 2071 2405 2124 vir
2424 2071 2622 2124 Beatus
2646 2068 2932 2122 Adosindze
2952 2067 3096 2136 regis
3117 2065 3316 2120 Silonis
3339 2065 3517 2126 uxori,

1943 2179 2066 2232 quae
2091 2171 2313 2231 propter
2337 2161 2628 2229 Mauregati
2655 2158 2994 2229 tyrannidem
3039 2171 3250 2211 sacram
3277 2163 3394 2208 erat
3437 2169 3528 2209 ve-

1947 2264 2085 2310 stem
2115 2256 2297 2308 induta
2315 2292 2330 2318 ,
2356 2253 2646 2307 continuus
2670 2267 2770 2321 pro
2797 2251 2990 2305 anima:
3013 2265 3123 2304 sua:
3169 2246 3408 2302 remedio
3433 2261 3528 2299 ex-

1945 2345 2090 2400 stitit
2111 2345 2435 2415 paedagogus
2460 2361 2472 2395 :
2511 2343 2684 2397 donec
2712 2342 2854 2410 apud
2874 2340 3275 2395 Vallemcavam
3307 2338 3527 2392 secede-

1950 2444 2052 2501 ret,
2085 2435 2443 2499 orationibus,
2468 2432 2690 2501 jejuniis
2725 2442 2779 2486 et
2807 2446 2978 2486 sacra:
3015 2430 3307 2499 Scripturze
3351 2427 3530 2482 studio

1949 2526 2234 2590 insistens,
2272 2540 2435 2594 super
2475 2525 2825 2596 Apocalypsis
2867 2523 3123 2593 mysteria
3153 2522 3350 2576 librum
3392 2518 3532 2573 miro

1949 2617 2140 2672 ordine
2178 2617 2504 2688 scriptitavit
2531 2635 2544 2670 :
2581 2617 2798 2672 demum
2824 2615 3103 2670 miraculis
3133 2611 3394 2675 celebris,
3425 2609 3533 2663 Do.

1950 2707 2126 2772 mino,
2162 2709 2250 2764 cui
2291 2709 2575 2774 servierat,
2622 2708 2872 2776 spiritum
2911 2705 3122 2774 placida
3148 2701 3531 2758 dormitatione

1951 2800 2350 2856 commendavit
2383 2817 2435 2854 xi
2465 2799 2583 2853 Kal.
2611 2799 2810 2861 Martii,
2849 2812 2990 2852 anno
3015 2793 3225 2850 Domini
3255 2791 3380 2848 798.
3403 2788 3534 2857 Ejus

1953 2908 2150 2964 corpus
2173 2894 2370 2948 ibidem
2395 2895 2662 2962 sepultum
2679 2891 2850 2962 jacuit
2873 2905 2972 2960 per
2998 2899 3109 2944 tres
3139 2902 3327 2949 annos,
3360 2884 3534 2939 donec

1954 2986 2021 3040 ad
2060 2986 2462 3041 honoratiorem
2498 2985 2674 3040 locum
2706 2983 3054 3045 translatum,
3102 2985 3380 3035 reservato
3411 2977 3536 3032 bra-

1956 3077 2079 3134 chio
2108 3094 2205 3147 pro
2231 3087 2554 3148 aegrotorum
2584 3078 2652 3133 ad
2678 3076 2795 3146 ejus
2820 3074 3212 3143 sarc0phagum
3244 3067 3534 3124 advenien-

1879 3138 1924 3200 Ο
1959 3171 2092 3224 tium
2115 3169 2413 3238 juvamine,
2465 3171 2622 3224 theca
2669 3180 2970 3222 marmorea
3011 3163 3297 3227 inclusum,
3355 3159 3538 3214 debito

1957 3259 2179 3314 honoris
2205 3275 2426 3314 munere
2446 3258 2749 3314 custoditur
2774 3275 2787 3310 :
2811 3264 2971 3326 prout
2996 3252 3123 3308 illud
3148 3263 3202 3306 et
3228 3257 3537 3305 sanctorum

1959 3339 2180 3403 suorum
2208 3364 2331 3404 ossa
2359 3349 2634 3404 custodire
2655 3347 2905 3416 promisit
2923 3346 3086 3407 Deus,
3110 3342 3202 3410 qui
3220 3340 3353 3393 vivit
3375 3347 3429 3393 et
3455 3354 3540 3390 re-

1956 3447 2084 3509 gnat
2107 3453 2205 3508 per
2235 3439 2442 3493 inﬁnita
2471 3437 2666 3494 saecula
2689 3436 3028 3492 smculorum.
3065 3435 3258 3486 Amen.

1965 3568 2157 3622 Postea
2182 3583 2304 3620 cum
2334 3565 2741 3634 tranquillitate,
2788 3581 2857 3619 ne
2881 3563 3171 3634 bipertita,
3199 3559 3294 3616 sed
3330 3567 3539 3634 tantum

1963 3638 2241 3690 videretur
2267 3652 2401 3698 una;
2432 3627 2558 3688 tu'nc
2583 3627 2956 3702 colloquentes
2978 3634 3045 3686 ad
3070 3633 3298 3702 invicem
3323 3627 3541 3699 (Beatus

1961 3706 2169 3760 scilicet
2191 3713 2244 3759 et
2266 3704 2538 3768 Heterius)
2572 3701 2821 3766 diximus,
2855 3712 2960 3756 etc.
2997 3721 3014 3754 ›
3051 3701 3190 3756 Hinc
3212 3707 3426 3767 arrepta
3449 3713 3540 3752 oc-

1962 3776 2111 3829 casio
2138 3782 2326 3829 mutuo
2349 3789 2614 3828 consensu
2649 3774 2918 3828 scribendi
2944 3787 3111 3826 unum
3138 3771 3384 3838 idemque
3406 3783 3544 3838 opus

1959 3845 2012 3899 in
2045 3845 2386 3914 Elipandum.
2418 3842 2492 3898 De
2514 3843 2785 3898 Adosinda
2811 3843 2939 3897 item
2967 3841 3128 3914 infra,
3147 3856 3312 3914 _nu_m.
3341 3841 3394 3895 8.

2030 3915 2057 3954 δ
2090 3932 2108 3966 ‹
2129 3907 2363 3978 Ὅπως,
2391 3914 2566 3984 inquit
2596 3914 2952 3984 Eginhardus,
2979 3912 3047 3966 ad
3075 3910 3333 3992 palatium
3373 3907 3540 4030 regis,

2039 3985 2050 4030 i
2081 3994 2208 4030 tunc
2232 3986 2370 4030 amid
2403 3985 2666 4030 Reginum
2706 3982 2967 4030 Raioarim
2995 3983 3270 4030 civrtatem
3299 3977 3412 4030 (alii
3493 3994 3540 4029 a-

1959 3985 2052 4053 qui
2081 3994 2208 4039 tunc
2232 3977 2371 4054 apud
2403 3977 2668 4056 Reginum
2706 3977 2967 4056 Bajoaria:
2995 3977 3270 4037 civitatem
3299 3977 3412 4056 (alii
3442 3977 3547 4030 Ra-

1959 4049 2216 4125 tisponam
2239 4049 2452 4126 vocant)
2480 4049 2888 4120 residebat,'ubi
2915 4059 3241 4123 congregato
3261 4049 3546 4126 episcopo:

1961 4114 2081 4178 ru'm
2112 4125 2342 4180 concilio
2389 4114 2605 4179 auditus
2643 4114 2768 4188 est;
2793 4134 2847 4178 et
2877 4114 3090 4178 errasse
3119 4114 3400 4176 convictus
3425 4114 3547 4184 {ad

1958 4195 2302 4265 praisentiam
2325 4194 2548 4251 Adriani
2571 4195 2843 4266 pontificis
2867 4193 3094 4250 Romam
3122 4193 3339 4254 missus,
3368 4195 3476 4244 etc.
3511 4203 3533 4237 ι

827 4518 1483 4648 HETERII
1580 4521 1780 4647 ET
1883 4516 2451 4647 SANCTI
2549 4513 3020 4640 BEATI

400 4798 694 4939 ΑΙ)
807 4791 2099 4934 ELIPANDUM
2181 4781 3388 4930 EPISTOLA.

1426 5053 1522 5116 [Ex
1542 5049 1767 5104 Galland.
1790 5049 2019 5101 Blblioth.
2041 5056 2141 5100 vet.
2169 5049 2404 5113 Patrum]

1517 5283 1816 5360 LIBER
1877 5279 2293 5360 PRIMUS.

319 5403 352 5445 εν

351 5519 796 5577 Eminentissimo
810 5517 968 5572 nobis
994 5524 1048 5572 ct
1072 5516 1183 5571 Deo
1221 5513 1439 5570 amabili
1479 5512 1740 5583 Elipando
1762 5511 1868 5565 To—

1820 5436 2012 5453 ﬂ

2043 5510 2085 5563 Ι.
2125 5506 2380 5578 Legimus
2415 5505 2626 5560 litteras
2653 5505 2950 5574 prudentia:
2981 5513 3086 5562 tua:
3113 5521 3254 5562 anno
3273 5482 3546 5579 praesenti,

281 5615 474 5672 lctanze
499 5613 644 5669 sedis
664 5609 1092 5682 archiepiscopo,
1122 5606 1373 5685 Hcterius
1399 5615 1455 5662 et
1477 5606 1674 5661 Beatus
1699 5603 1753 5658 in
1770 5603 1870 5657 Do-
1973 5612 2160 5658 etnon
2211 5599 2395 5666 nobis,
2445 5598 2540 5656 sed
2585 5597 2752 5655 Fidcli
2800 5597 2980 5654 abbati
3019 5615 3203 5657 mense
3237 5599 3453 5658 Octobri
3492 5604 3548 5658 in

287 5709 431 5768 mino
456 5706 709 5762 salutem.
