4028 6176
521 328 626 386 895

1338 317 1747 380 ELIPANDUS,
1789 312 2015 376 FELIX,
2057 308 2408 364 IIETERIUS
2448 307 2536 362 ET
2576 307 2652 362 Ss
2673 305 2968 362 BEATUS.

3695 300 3799 360 896

524 455 549 484 ι
574 459 681 500 tera
709 443 813 499 8‘23
842 442 978 496 clam
1010 441 1112 494 sub
1140 437 1316 508 sigillo
1347 436 1586 492 directas
1613 450 1627 488 :
1670 449 1806 503 quas
1835 448 1902 487 ex
1923 431 2096 485 relatu
2127 429 2171 484 Δ
2200 423 2265 477 Et
2289 439 2414 478 cum
2449 425 2520 478 ab
2542 423 2761 478 homine
2788 423 3218 492 interrogaretur
3248 435 3263 475 :
3302 421 3470 488 Quem
3500 438 3584 476 me
3610 423 3797 476 diem

519 536 800 591 advenisse
829 532 1152 596 audivimus,
1185 529 1280 584 sed
1309 545 1403 584 eas
1441 543 1614 597 usque
1646 535 1800 582 sexto
1831 525 2102 579 Kalendas

523 626 841 681 Decembres
866 623 1089 676 minime
1112 621 1365 675 vidimus.
1393 620 1636 688 Cumque
1657 633 1754 672 nos
1783 617 1851 672 ad
1876 616 2102 670 fratrem

522 714 778 778 Fidelem,
810 727 914 766 non
950 711 1256 764 litterarum
1287 709 1499 763 illarum
1541 706 1860 775 compulsio,
1889 706 1982 760 sed
2019 719 2104 758 re-

521 820 648 860 cens
673 802 938 872 religiosm
969 800 1200 854 douiinzc
1223 799 1250 837 ι)
1284 797 1568 851 Adosinda:
1603 795 1920 864 perduceret
1943 795 2104 848 devo-

521 894 618 957 tio,
651 891 950 945 audivimus
977 889 1150 958 ipsum
1171 887 1404 941 libellum
1431 885 1716 940 adversum
1738 899 1836 938 nos
1859 891 1914 936 et
1942 884 2102 938 fidem

523 996 766 1042 nostram
798 992 992 1039 cuncta
1018 981 1238 1035 Asturia
1262 979 1472 1051 publice
1497 977 1850 1046 divulgatum.
1881 976 1949 1029 Et
1980 991 2104 1029 cum

524 1079 657 1131 ﬁdes
706 1084 890 1130 nostra
919 1088 1026 1126 una
1051 1079 1195 1126 esset
1227 1070 1567 1131 indissoluta,
1601 1069 1767 1137 coepit
1805 1068 1948 1120 inter
1986 1081 2106 1120 sco-

524 1165 679 1233 pulos
702 1163 961 1217 fluctuare
988 1160 1266 1223 navicula;
1297 1168 1350 1212 et
1377 1159 1495 1212 duae
1527 1156 1682 1210 factae
1709 1162 1884 1209 erant.
1911 1155 2105 1209 Postea

523 1269 647 1308 cum
681 1251 1097 1320 tranquillitate,
1137 1266 1241 1301 non
1273 1249 1545 1316 bipertita,
1580 1247 1675 1301 sed
1723 1255 1929 1300 tantum
1959 1245 2107 1298 vide-

524 1357 674 1401 retur
699 1360 824 1406 una,
878 1353 1005 1396 tunc
1035 1341 1404 1409 colloquentes
1448 1341 1516 1394 ab
1562 1336 2101 1404 invicemdiximus:

524 1435 734 1491 Dormit
765 1433 922 1487 Jesus
951 1432 1004 1484 in
1037 1431 1180 1494 navi,
1205 1439 1260 1484 et
1305 1430 1432 1485 hinc
1478 1429 1601 1484 inde
1647 1428 1902 1482 ﬂuctibus
1936 1427 2108 1496 quati-

525 1542 666 1590 mur,
711 1532 766 1578 et
803 1529 1182 1591 tempestatum
1235 1519 1513 1574 molestias
1566 1518 1929 1581 sustinemus,
1979 1516 2106 1585 quia

527 1615 884 1685 impurtabilis
915 1614 1183 1667 excitatus
1209 1620 1292 1665 est
1316 1620 1508 1664 ventus
1533 1628 1544 1662 :
1587 1608 1733 1662 nulla
1761 1607 1906 1662 salus
1941 1606 1995 1659 in
2017 1621 2108 1659 no-

525 1707 609 1760 bis
639 1720 759 1759 esse
784 1704 1019 1767 videtur,
1069 1703 1169 1755 nisi
1218 1700 1374 1756 Jesus
1405 1701 1669 1754 excitetur
1709 1713 1722 1751 :
1767 1707 1820 1753 et
1843 1698 2006 1752 corde
2053 1703 2107 1750 et

2203 513 2374 582 ﬁlium
2397 514 2662 568 hominis?
2690 522 2818 569 tunc
2843 515 3006 568 homo
3037 513 3243 568 homini
3273 515 3572 584 respondit,
3593 523 3651 570 et
3678 516 3793 572 ait:

2206 601 2282 654 Tu
2309 619 2364 658 es
2392 602 2630 656 Christus
2666 601 2839 657 Filius
2869 601 2966 656 Dei
3011 603 3130 657 vivi.
3177 603 3357 672 ipsum
3387 603 3663 658 Christum
3705 603 3796 659 Fi-

2203 692 2334 749 lium
2366 694 2460 749 Dei
2493 694 2600 748 vivi
2633 694 2870 764 negavit,
2903 709 3026 749 cum
3054 693 3192 748 dixit
3235 712 3248 748 :
3301 693 3426 748 Non
3475 695 3592 747 novi
3622 695 3795 747 homi-

2204 803 2340 841 nem.

2272 878 2358 932 lll.
2398 877 2503 932 Sed
2531 878 2623 931 ubi
2671 876 2908 946 negavit,
2941 876 3194 931 Christus
3225 875 3428 946 ligatus
3455 875 3748 930 tenebatur
3779 891 3793 928 :

2202 977 2329 1022 ante
2356 968 2638 1038 praesidem
2667 969 2864 1032 stabat,
2895 967 3067 1036 alapis
3096 975 3151 1022 et
3184 967 3432 1036 colaphis
3457 965 3794 1026 credebatur,

2203 1061 2622 1130 conspuebatur.
2653 1060 2770 1116 Nox
2793 1070 2930 1126 erat,
2956 1062 3195 1116 tenebrae
3223 1069 3401 1126 erant,
3434 1061 3608 1130 frigus
3635 1070 3752 1114 erat
3776 1075 3793 1124 ;

2204 1152 2258 1205 in
2287 1151 2544 1219 prastorio
2573 1159 2711 1216 erat,
2743 1151 2937 1205 ancilla
2965 1152 3192 1206 ostiaria
3221 1153 3423 1206 ostium
3457 1151 3700 1206 clausum
3719 1162 3798 1206 te-

2205 1245 2386 1298 nebat.
2435 1244 2626 1298 Adhuc
2667 1242 2901 1312 Spiritus
2955 1253 3177 1299 sanctus
3217 1245 3430 1314 plenius
3481 1243 3646 1298 Petro
3690 1259 3798 1297 non

2205 1332 2382 1389 fuerat
2422 1335 2597 1400 datus,
2640 1337 2765 1406 quia
2813 1336 2986 1389 adhuc
3011 1335 3167 1390 Jesus
3197 1353 3302 1390 non
3328 1336 3501 1406 fuerat
3531 1336 3798 1406 gloriﬁca-

2204 1435 2310 1481 tus.
2351 1424 2450 1479 Ubi
2501 1439 2630 1480 vero
2679 1423 2958 1479 confessus
2983 1433 3066 1478 est
3093 1424 3375 1480 Christum
3421 1424 3616 1478 Filium
3665 1425 3795 1488 Dei,

2207 1532 2314 1572 non
2345 1527 2460 1570 erat
2487 1517 2682 1588 ligatus
2706 1516 2881 1580 Jesus,
2923 1511 3098 1586 néque
3140 1516 3288 1571 solus
3326 1535 3338 1568 :
3373 1516 3472 1570 sed
3506 1516 3798 1570 multitudo

2208 1607 2533 1676 sequebatur
2559 1623 2702 1673 eum,
2752 1623 2982 1676 quorum
3026 1617 3271 1662 mortuos
3317 1607 3636 1668 suscitabat,
3690 1622 3800 1660 ca:-

2209 1713 2302 1752 cos
2332 1698 2690 1761 illuminabat,
2739 1699 2983 1768 leprosos
3015 1699 3329 1761 mundabat,
3360 1699 3625 1752 dtemones
3657 1697 3802 1750 cﬂ‘u-

528 1812 662 1851 voce
691 1794 1031 1849 clamandum
1061 1800 1161 1855 est,
1215 1800 1272 1844 ut
1298 1791 1346 1846 ei
1379 1792 1618 1844 dicamus
1650 1804 1663 1842 :
1693 1789 1933 1851 Domine,
1962 1785 2107 1840 salva
2141 1774 2187 1834 Β
2211 1793 2390 1861 gabat,
2437 1799 2489 1845 et
2525 1777 2766 1846 diversas
2815 1791 3159 1844 infirmitates
3188 1789 3434 1844 curabat.
3470 1787 3675 1854 Quzerit
3727 1789 3800 1843 ah

526 1898 640 1944 nos,
693 1880 941 1949 perimus.
995 1877 1138 1931 Tunc
1189 1881 1416 1930 surrexit
1462 1877 1635 1939 Jesus,
1689 1877 1780 1945 qui
1838 1876 1892 1929 in
1925 1883 2109 1928 nostra

527 1971 827 2027 dormiebat
855 1971 998 2034 navi,
1037 1970 1128 2038 qui
1156 1985 1277 2023 cum
1307 1968 1468 2022 Petro
1497 1983 1733 2022 eramus.
1766 1967 1916 2021 Tunc
1954 1967 2111 2036 impe-

527 2061 660 2114 rarit
705 2068 849 2112 vento
876 2067 924 2111 et
954 2060 1108 2122 mari,
1141 2067 1187 2111 et
1214 2058 1357 2126 facta
1384 2068 1458 2110 est
1501 2056 1856 2127 tranquillitas
1893 2073 2106 2126 magna.

529 2149 609 2202 Ex
641 2157 785 2211 tunc,
816 2148 924 2202 Deo
953 2147 1262 2211 miserante,
1297 2164 1402 2201 non
1437 2149 1688 2201 turbatur
1715 2149 1835 2209 ista,
1875 2163 1995 2215 qua:
2019 2146 2113 2200 Pe-

529 2248 671 2293 trum
723 2239 915 2302 habet;
963 2239 1057 2293 sed
1107 2239 1354 2292 turbatur
1395 2239 1502 2302 illa,
1533 2253 1653 2306 qua:
1691 2237 1883 2291 Judam
1930 2238 2106 2300 habet,

529 2328 810 2396 Quomodo
833 2329 976 2383 enim
1005 2329 1207 2382 turbari
1252 2336 1485 2396 poterat,
1522 2328 1608 2381 cui
1638 2336 1870 2396 prmerat
1900 2327 2013 2398 ipse
2057 2327 2111 2380 in

528 2437 636 2492 quo
664 2421 915 2475 Ecclesia:
953 2419 1350 2474 firmamentum
1379 2421 1502 2474 est?

597 2509 662 2564 ll.
704 2509 956 2578 Plerique
991 2517 1169 2564 tamen
1197 2524 1265 2563 ex
1295 2508 1510 2572 nostris,
1557 2509 1721 2564 etiam
1758 2508 2112 2576 remigatores

525 2603 831 2669 fortissimi,
863 2603 1025 2658 nimis
1053 2601 1434 2666 formidabant,
1479 2603 1604 2671 quia
1634 2602 1844 2672 longius
1877 2618 1906 2655 a
1933 2611 2106 2667 terra,

532 2692 591 2750 id
615 2703 698 2749 est
725 2710 755 2746 a
799 2709 1024 2762 corpore
1050 2693 1268 2756 Christi,
1305 2693 1358 2746 in
1387 2693 1494 2748 alto
1519 2693 1707 2762 pelago
1736 2693 1979 2747 navicula
2015 2691 2113 2746 llu—

537 2785 784 2849 ctuabat;
819 2786 944 2853 quia
972 2785 1182 2838 dixerat
1211 2785 1470 2838 Dominus
1491 2785 1654 2838 Petro
1677 2800 1690 2837 :
1719 2784 1834 2838 Duc
1861 2786 1916 2837 in
1943 2783 2110 2837 altum

537 2875 686 2934 retia,
719 2874 822 2928 hoc
851 2882 951 2936 est,
983 2874 1034 2926 in
1071 2872 1392 2941 profundum
1416 2875 1860 2942 disputationum,
1891 2883 1944 2928 et
1968 2888 2113 2942 pera-

535 2981 635 3035 gus
669 2963 1092 3033 Scripturarum.
1131 2965 1269 3030 Quid
1297 2966 1441 3020 enim
1484 2975 1590 3019 tam
1619 2967 1786 3019 altum
1822 2982 1986 3036 quam
2029 2967 2110 3020 al—

537 3053 823 3108 titudinem
869 3054 1177 3108 divitiarum
1227 3055 1442 3110 videre?
1482 3056 1619 3122 Quid
1644 3057 1805 3111 etiam
1851 3066 1958 3110 tam
1993 3072 2115 3126 pro-

2213 1883 2521 1939 hominibus
2547 1884 2669 1952 quis
2716 1884 2980 1938 habeatur
3026 1883 3079 1936 in
3129 1883 3344 1952 populis
3395 1882 3644 1952 egregius
3670 1881 3799 1936 ille?

2211 1974 2346 2029 Cum
2374 1973 2449 2029 illi
2479 1974 2718 2029 diversas
2747 1973 3032 2044 opiniones
3061 1971 3390 2042 proferrent,
3432 1980 3487 2026 et
3511 1972 3604 2025 alii
3651 1972 3797 2026 dicc-

2212 2072 2331 2118 rent
2357 2082 2370 2118 :
2405 2065 2484 2118 Tu
2511 2079 2570 2118 es
2600 2064 2776 2128 Elias;
2809 2063 2923 2128 alii,
2952 2061 3247 2126 Jeremias;
3271 2061 3386 2126 alii,
3419 2061 3500 2116 Tu
3545 2077 3606 2116 es
3635 2059 3794 2116 Joan-

2213 2168 2310 2207 nes
2361 2154 2629 2223 Baptista;
2686 2153 2796 2218 alii,
2848 2152 2926 2206 Tu
2976 2166 3036 2206 es
3086 2151 3386 2222 Propheta;
3436 2159 3566 2206 tunc
3608 2152 3793 2206 Petrus

2215 2244 2357 2297 inter
2415 2241 2657 2307 'omnes,
2722 2243 2839 2297 sine
2904 2241 3085 2311 aliqua
3165 2241 3526 2305 dubitatione,
3585 2241 3718 2295 dixit
3773 2259 3787 2294 :

2216 2334 2294 2388 Tu
2350 2351 2403 2388 es
2451 2333 2690 2388 Christus
2739 2331 2912 2386 Filius
2957 2332 3059 2386 Dei
3107 2333 3224 2385 vivi.
3277 2331 3564 2386 Exclamat
3619 2331 3792 2384 Domi-

2214 2436 2315 2476 nus
2338 2422 2554 2475 beatum
2583 2421 2668 2475 cui
2694 2436 2801 2474 non
2827 2435 2957 2475 caro
2984 2421 3126 2475 istud
3149 2428 3204 2474 et
3224 2419 3446 2489 sanguis
3472 2419 3778 2482 revelasset,

2213 2513 2305 2567 sed
2331 2513 2492 2566 Pater
2521 2510 2636 2579 ejus
2660 2511 2750 2580 qui
2775 2519 2919 2565 esset
2964 2511 3020 2564 in
3045 2509 3217 2565 ccelis.
3257 2509 3410 2563 Tunc
3435 2518 3489 2562 et
3517 2517 3670 2579 petra
3703 2523 3793 2562 vo-

2213 2613 2385 2668 catus,
2434 2612 2724 2673 postquam
2769 2603 3082 2673 angularem
3130 2610 3341 2672 petram
3396 2601 3549 2654 illum
3589 2601 3792 2669 primus

2213 2698 2447 2766 agnovit.
2504 2697 2630 2752 Haec
2674 2705 2759 2751 est
2787 2704 2942 2765 petra
2988 2697 3055 2750 de
3098 2710 3206 2764 qua
3252 2693 3414 2748 Pater
3449 2694 3664 2747 dixerat
3701 2707 3792 2761 per

2212 2789 2405 2843 Isaiam
2429 2789 2782 2858 prophetam:
2807 2787 2963 2852 Ecce,
2979 2788 3183 2840 mittam
3203 2788 3256 2840 in
3279 2785 3638 2855 fundamentis
3668 2785 3789 2840 Sion

2211 2878 2437 2948 lapidem
2463 2878 2758 2948 probatum,
2787 2877 3024 2941 electum,
3051 2875 3378 2946 angularem,
3405 2877 3723 2945 pretiosum;
3746 2883 3789 2927 et

2213 2971 2380 3024 omnis
2430 2971 2520 3041 qui
2549 2969 2828 3022 crediderit
2876 2969 2932 3022 in
2978 2984 3067 3032 eo,
3120 2984 3226 3021 non
3268 2966 3623 3036 confundetur
3658 2964 3787 3038 (lsa.

2216 3077 2405 3125 xxvul,
2443 3061 2553 3132 16).
2584 3061 2651 3114 Et
2676 3060 2862 3129 utique
2893 3060 2946 3113 in
2995 3059 3248 3129 lapidem,
3279 3059 3334 3112 in
3365 3073 3528 3127 quem
3575 3057 3790 3112 credere

537 3143 779 3209 fundum,
828 3159 988 3212 quam
1017 3155 1040 3183 ο
1081 3145 1220 3199 scire
1263 3146 1356 3199 Dei
1399 3146 1612 3211 Filium,
1645 3154 1698 3200 et
1733 3147 1925 3202 divina:
1953 3123 2114 3217 gene—
2137 3123 2184 3183 (ἶ
2220 3123 2459 3213 mandat,
2508 3123 2650 3203 Deus
2683 3123 2792 3204 est:
2819 3149 2894 3203 De
2927 3123 3230 3218 qua-petra
3279 3123 3478 3202 Paulus
3521 3146 3792 3216 apostolus

539 3236 765 3290 rationis
791 3235 1180 3305 professionem
1214 3239 1524 3292 assumere?
1554 3238 1686 3304 Quia
1715 3239 1840 3293 licet
1883 3240 2113 3292 humana

539 3339 694 3379 mens
735 3341 840 3378 non
871 3325 1041 3394 possit
1083 3326 1241 3395 plene
1273 3329 1496 3382 rationis
1524 3329 1934 3398 inuestigatione
1969 3345 2117 3384 com-

537 3415 907 3483 prehendere,
961 3417 1084 3470 [idei
1149 3426 1323 3472 tamen
1384 3419 1660 3488 plenitudo
1715 3421 2111 3489 complectitur.

538 3503 672 3557 Nam
703 3507 802 3561 etsi
857 3523 960 3561 non
993 3507 1117 3563 licet
1157 3511 1312 3565 nobis
1350 3512 1490 3566 scire
1526 3513 1796 3580 quomodo
1836 3521 1993 3567 natus
2034 3520 2116 3566 est

537 3596 630 3651 Dei
669 3595 855 3664 Filius,
890 3601 1029 3656 seire
1079 3594 1255 3655 tamen
1292 3604 1448 3657 nobis
1487 3603 1609 3658 licet
1635 3611 1689 3658 et
1714 3605 1933 3658 credere
1972 3605 2114 3672 quod

538 3705 663 3744 vere
691 3701 848 3746 natus
871 3694 960 3746 sit.
996 3693 1184 3748 Fortes
1210 3704 1404 3758 estote,
1433 3712 1537 3748 non
1561 3694 1862 3750 formidetis
1886 3713 1897 3748 :
1928 3695 2115 3750 nobis-

537 3796 659 3834 cum
686 3791 767 3835 est
793 3783 879 3836 ille
904 3800 1000 3852 pro
1029 3802 1134 3854 (1‘10
1166 3787 1279 3840 lucc
1302 3787 1524 3841 intentio
1551 3787 1792 3840 vertitur.
1840 3786 1976 3840 Ecce
1999 3803 2113 3856 ego,

539 3871 733 3938 inquit,
765 3873 1025 3927 uobiscum
1054 3893 1167 3928 sum
1199 3877 1436 3930 omnibus
1466 3877 1666 3943 diebus,
1700 3895 1859 3948 usque
1899 3878 1967 3932 ad
1999 3895 2118 3931 con-

537 3961 937 4012 summationcm
981 3961 1179 4015 swculi.
1236 3963 1419 4032 Neque
1467 3965 1612 4017 enim
1639 3965 1795 4020 nobis
1823 3974 1939 4019 tam
1982 3966 2115 4020 dura

541 4047 772 4102 intentio
817 4059 979 4115 esset,
1018 4051 1118 4105 nisi
1151 4052 1311 4121 Virgo
1353 4054 1665 4122 peperisset,
1698 4065 1752 4108 et
1782 4056 1906 4124 quia
1952 4057 2116 4126 Virgo

539 4136 766 4205 peperit,
798 4137 1025 4194 intentio
1067 4148 1186 4194 est:
1226 4149 1279 4192 et
1306 4141 1431 4210 quia
1467 4141 1628 4213 Virgo
1655 4145 1864 4213 peperit
1906 4145 2117 4200 Emma-

542 4228 682 4293 nuel,
716 4228 819 4284 hoc
847 4237 950 4296 est,
985 4229 1270 4286 Nobiscum
1323 4232 1483 4299 Deus,
1535 4234 1708 4304 ipsum
1756 4235 2023 4292 credimus
2061 4247 2115 4292 et

543 4323 849 4389 adoramus,
885 4325 1008 4394 quia
1040 4324 1219 4379 nullus
1251 4325 1387 4378 alter
1435 4328 1578 4384 Deus
1627 4335 1727 4382 est.
1776 4327 2014 4398 Denique
2060 4330 2112 4383 in

543 4416 914 4484 persecutione
947 4417 1077 4486 quid
1101 4418 1380 4486 quaeritur,
1426 4419 1526 4472 nisi
1557 4428 1615 4472 ut
1644 4419 1812 4474 Deum
1837 4419 2111 4475 Christum
2143 4459 2194 4521 υ

539 4506 830 4573 negemus?
850 4505 1052 4576 Itaque,
1078 4506 1169 4575 qui
1200 4522 1306 4562 non
1335 4507 1622 4563 confitetur
1646 4507 1921 4563 Christum
1945 4509 2112 4564 Deum

543 4615 751 4665 verum,
789 4602 968 4657 Mariae
1004 4603 1240 4673 Virginis
1269 4603 1456 4669 lilium,
1503 4613 1688 4658 natum
1724 4620 1789 4659 ex
1819 4605 1926 4658 Deo
1965 4619 2112 4668 vero,

546 4692 758 4745 veniam
787 4709 895 4746 non
921 4695 1229 4748 merebitur.
1259 4693 1364 4749 Sed
1393 4704 1438 4748 et
1463 4697 1754 4765 quicunque
1778 4697 1990 4765 spiritus
2013 4712 2116 4748 non

545 4783 822 4850 conﬁtetur
850 4782 1109 4837 Christum
1139 4786 1191 4840 in
1234 4803 1390 4839 carne
1416 4786 1628 4851 venisse,
1661 4803 1724 4840 ea:
1749 4785 1857 4840 Deo
1888 4804 1990 4840 non
2020 4797 2112 4851 cst,

545 4882 590 4925 et
623 4873 729 4942 ipse
758 4883 830 4926 est
859 4874 1221 4929 Anttchristus.
1272 4876 1372 4942 Qui
1403 4878 1547 4930 enim
1592 4877 1865 4930 hominem
1897 4893 2119 4949 negave-

549 4963 637 5027 rit,
686 4963 853 5016 Deuu)
887 4965 1134 5033 negavit:
1164 4966 1288 5034 quia
1339 4967 1478 5019 Deus
1506 4968 1667 5021 homo
1711 4975 1812 5031 est,
1859 4977 1912 5022 et
1957 4969 2118 5022 homo

548 5054 685 5107 Deus
714 5062 816 5118 est,
841 5063 895 5108 et
921 5055 1062 5110 Deus
1083 5064 1135 5110 et
1169 5057 1328 5110 homo
1360 5057 1666 5126 unigenitus
1685 5056 1933 5112 Christus
1953 5057 2119 5112 Filius

549 5143 640 5197 Dei
668 5153 770 5198 est.
802 5145 992 5200 Petrus
1021 5147 1184 5212 enim,
1215 5147 1305 5216 qui
1333 5147 1470 5202 hanc
1501 5148 1799 5201 naviculam
1831 5157 1996 5218 reget,
2023 5149 2120 5203 ho-

548 5232 744 5286 minem
770 5235 1003 5304 negavit.
1054 5233 1144 5289 Sic
1169 5235 1310 5289 enim
1341 5236 1454 5289 ait:
1507 5235 1630 5290 Non
1677 5237 1793 5290 novi
1833 5237 2114 5290 hominem.

547 5319 662 5376 Non
685 5323 827 5376 enim
872 5324 1007 5378 dixit
1055 5341 1068 5377 :
1107 5323 1222 5379 Non
1248 5325 1368 5378 novi
1402 5325 1593 5388 Deum,
1637 5333 1728 5378 aut
1759 5325 1954 5379 Filium
1989 5327 2113 5392 Dei;

547 5410 640 5464 sed
661 5426 782 5465 cum
797 5412 1067 5467 hominem
1091 5414 1323 5484 negavit,
1348 5413 1544 5468 Filium
1558 5413 1654 5468 Dei
1680 5415 1849 5470 Deum
1870 5416 2109 5485 negavit.

621 5575 644 5601 η
677 5564 828 5620 Anno
863 5567 984 5632 785,
1023 5583 1146 5621 nam
1192 5568 1279 5622 isti
1327 5577 1579 5623 auctores
1624 5576 1923 5632 sequuntur
1951 5584 2117 5623 teram

551 5629 891 5754 illispanicam
921 5629 1040 5706 qua:
1069 5637 1286 5706 triginta
1319 5646 1444 5694 octo
1489 5639 1646 5694 annis
1688 5629 1868 5694 ditl‘ert
1893 5655 1923 5695 a
1965 5638 2120 5695 Chri-

551 5719 574 5754 5
604 5720 740 5754 ι.,ιι;ι.

551 5719 740 5756 διιλιιι.

2217 3241 2354 3296 dixit
2384 3257 2398 3295 :
2449 3241 2608 3294 Petra
2647 3250 2820 3294 autem
2867 3250 2978 3294 erat
3002 3238 3240 3293 Christus
3273 3239 3324 3310 (Ι
3351 3237 3476 3293 Cor.
3516 3255 3571 3302 x,
3605 3238 3678 3309 4).
3731 3239 3792 3291 Et

2217 3340 2340 3401 quia
2379 3330 2451 3403 [F
2453 3341 2584 3396 orte,
2619 3329 2860 3402 quidem]
2889 3345 3079 3385 omnes
3123 3330 3296 3385 sancti
3335 3330 3428 3399 qui
3473 3330 3528 3382 in
3579 3328 3791 3383 Christo

2219 3423 2426 3476 fundati
2455 3429 2598 3486 sunt,
2635 3421 2840 3489 lapides
2864 3430 2918 3474 et
2946 3428 3112 3489 petrae
3133 3420 3449 3475 scribuntur
3478 3434 3491 3472 :
3537 3419 3634 3474 sed
3673 3434 3792 3473 cum

2220 3515 2273 3568 in
2306 3529 2460 3568 sacro
2508 3512 2721 3580 eloquio
2771 3512 3031 3582 singulari
3077 3525 3303 3573 numero
3349 3519 3503 3578 petra
3549 3509 3635 3562 vel
3667 3508 3794 3576 lapis

2224 3605 2556 3666 nominatur,
2594 3601 2740 3657 salus
2767 3601 3016 3656 Christus
3045 3601 3330 3670 accipitur.
3363 3599 3498 3659 Cum
3545 3615 3679 3654 vero
3703 3614 3791 3668 pe-

2219 3703 2316 3748 trae
2342 3693 2624 3762 pluraliter
2649 3692 3007 3764 appellantur,
3059 3693 3302 3746 membra
3328 3691 3580 3746 videlicet
3627 3689 3793 3745 sancti

2217 3785 2340 3848 viri,
2372 3784 2463 3853 qui
2497 3784 2640 3838 illius
2664 3785 2857 3838 rob'ore
2885 3783 3101 3838 solidati
3130 3790 3273 3848 sunt,
3299 3783 3656 3851 experiuntur
3683 3779 3793 3853 [ex-

2217 3871 2568 3944 primuntur].
2607 3872 2752 3939 Quos
2777 3873 3034 3927 nimirum
3062 3873 3254 3928 Petrus
3281 3873 3556 3942 apostolus
3594 3873 3609 3925 l
3633 3875 3793 3942 ipides

2218 3970 2394 4026 vocat,
2425 3961 2652 4019 dicens:
2696 3959 2797 4015 Vos
2828 3971 3078 4032 tanquam
3120 3961 3320 4032 lapides
3363 3963 3461 4016 rivi
3500 3962 3791 4030 coaediﬁca-

2217 4055 2346 4106 mini
2388 4053 2574 4107 domus
2615 4053 2907 4123 spiritualis
2952 4053 3038 4125 (11
3064 4055 3207 4108 Petr.
3239 4071 3302 4120 ιι,
3349 4055 3426 4116 5).
3461 4054 3563 4120 Qui
3608 4067 3791 4108 omnes

2218 4159 2325 4197 non
2354 4159 2384 4197 a
2413 4143 2596 4208 Petro,
2625 4143 2720 4198 sed
2763 4160 2792 4197 a
2824 4144 3045 4199 Christo
3075 4151 3245 4214 petra,
3296 4145 3431 4199 sicut
3472 4153 3528 4198 et
3571 4145 3786 4205 Petrus,

2219 4250 2414 4289 nomen
2436 4241 2790 4303 acceperunt;
2813 4243 2868 4288 et
2895 4235 3038 4304 quod
3065 4234 3228 4289 Petro
3261 4235 3398 4289 dixit
3423 4253 3436 4288 :
3466 4236 3639 4306 Super
3662 4237 3788 4288 hunc

2217 4334 2414 4396 petram
2437 4325 2708 4393 a’diﬁcabo
2735 4323 3026 4378 Ecclesium
3064 4342 3232 4378 meam
3265 4324 3479 4398 (Matth.
3529 4342 3643 4390 xvr,
3679 4324 3787 4394 l8),

2219 4430 2322 4467 non
2354 4414 2454 4468 soli
2479 4414 2659 4480 Petro,
2691 4415 2782 4470 sed
2803 4416 2959 4470 nobis
2984 4416 3234 4470 omnibus
3262 4417 3416 4470 dixit.
3447 4415 3573 4470 Non
3606 4416 3792 4470 revela-

2221 4506 2287 4559 vit
2329 4504 2422 4557 tibi
2464 4505 2606 4558 istud
2649 4521 2771 4558 caro
2796 4514 2842 4558 et
2867 4506 3103 4574 sanguis,
3131 4505 3222 4558 sed
3251 4504 3413 4558 Pater
3436 4521 3603 4569 meus,
3628 4506 3715 4575 qui
3737 4507 3785 4556 in

2219 4596 2370 4651 caelis
2403 4607 2476 4650 est
2508 4596 2696 4667 (Ibid.,
2727 4613 2858 4650 vers.
2900 4598 3005 4668 l7),
3049 4612 3155 4651 non
3183 4597 3358 4651 solum
3388 4595 3569 4658 Petro,
3602 4597 3696 4651 sed
3738 4601 3786 4649 et

2219 4686 2394 4750 nobis,
2431 4686 2522 4754 qui
2566 4686 2646 4739 sic
2692 4685 2964 4741 credimus
3005 4695 3064 4741 ut
3098 4687 3289 4741 Petrus
3335 4697 3388 4742 et
3440 4687 3600 4740 hodie
3641 4686 3784 4740 dicit.

2218 4778 2352 4832 Nam
2399 4792 2522 4831 cum
2552 4793 2652 4832 nos
2694 4777 2854 4833 hodie
2897 4779 3126 4833 dicimus
3173 4779 3353 4842 corde,
3394 4786 3444 4833 et
3489 4793 3588 4832 ore
3611 4791 3788 4831 coram

2217 4867 2365 4921 omni
2391 4866 2651 4932 Ecclesia,
2687 4866 2765 4920 Tu
2793 4883 2846 4922 es
2873 4865 3112 4922 Christus
3141 4867 3316 4921 Filius
3336 4867 3434 4920 Dei
3459 4868 3580 4931 vivi,
3625 4865 3790 4936 proli-

2218 4979 2323 5018 nus
2356 4962 2445 5017 ille
2479 4963 2769 5033 respondet
2799 4980 2811 5014 :
2849 4961 2967 5016 Non
3013 4962 3271 5017 revelavit
3296 4962 3448 5016 vobis
3495 4961 3639 5015 istud
3666 4973 3791 5013 caro

2218 5062 2272 5107 et
2297 5054 2535 5124 sanguis,
2565 5053 2660 5108 sed
2686 5052 2846 5106 Pater
2871 5068 3022 5108 meus
3043 5054 3136 5122 qui
3167 5053 3221 5107 in
3243 5053 3397 5108 caalis
3417 5061 3499 5106 est
3529 5066 3544 5104 :
3570 5052 3673 5106 hoc
3695 5050 3788 5105 Ve-

2220 5145 2354 5200 ritas
2381 5144 2517 5198 dixit
2546 5143 2658 5208 uni,
2693 5143 2834 5212 quod
2866 5143 3120 5198 omnibus
3158 5142 3375 5197 sufﬁcit.
3410 5141 3525 5196 Hoc
3551 5156 3652 5196 nos
3678 5154 3788 5195 om-

2219 5251 2316 5290 nes
2349 5235 2640 5299 credimus,
2678 5235 2772 5289 sed
2802 5235 2890 5289 ille
2914 5234 3062 5290 solus
3083 5235 3362 5291 confessus
3383 5241 3484 5288 est.

2288 5327 2376 5382 IV.
2423 5326 2522 5382 Cui
2567 5343 2694 5381 caro
2735 5335 2790 5382 et
2833 5329 3051 5399 sanguis
3080 5329 3352 5392 revelavit,
3392 5327 3578 5381 dicat:
3618 5324 3698 5380 Tu
3733 5337 3789 5378 es

2219 5417 2500 5488 adoptivus
2533 5418 2884 5483 humanitate,
2918 5430 2972 5474 et
3016 5419 3183 5474 Filius
3227 5419 3322 5474 Dei
3352 5418 3458 5472 vivi
3499 5416 3789 5471 secundum

2292 5571 2319 5611 δ
2355 5569 2477 5623 Fuit
2503 5571 2590 5623 illa
2618 5571 2761 5639 regis
2787 5558 2986 5624 Silonis
3015 5569 3192 5623 vidua.

2213 5685 2219 5698 ,
2295 5652 2315 5678 ο
2348 5632 2803 5710 Cognoscere'Dei
2837 5639 3049 5710 Filium,
3091 5646 3144 5692 et
3175 5639 3322 5693 illum
3357 5637 3622 5710 proﬁteri,
3667 5632 3788 5690 alte-

2224 5726 2338 5765 rum
2368 5712 2509 5763 enim
2538 5727 2602 5764 ex
2633 5708 2800 5763 altero
2831 5710 3000 5778 sequi.
3031 5709 3231 5763 ἓτιινν.
