  <div class='ocr_page' id='page_1' title='image "/cluster/home/n/w/nwhite01/storage/ocr_20150623/96/hvd.32044052819901/454.png"; bbox 0 0 4028 6176; ppageno 0'>
   <div class='ocr_carea' id='block_1_1' title="bbox 291 321 395 373">
    <p class='ocr_par' dir='ltr' id='par_1_1' title="bbox 291 321 395 373">
     <span class='ocr_line' id='line_1_1' title="bbox 291 321 395 373; baseline -0.019 0"><span class='ocrx_word' id='word_1_1' title='bbox 291 321 395 373; x_wconf 77' lang='lat'><strong>897</strong></span> 
     </span>
    </p>
   </div>
   <div class='ocr_carea' id='block_1_2' title="bbox 966 320 2876 387">
    <p class='ocr_par' dir='ltr' id='par_1_2' title="bbox 966 320 2876 387">
     <span class='ocr_line' id='line_1_2' title="bbox 966 320 2876 387; baseline 0.007 -13"><span class='ocrx_word' id='word_1_2' title='bbox 966 320 1238 374; x_wconf 48' lang='lat' dir='ltr'><strong>llETl‘lRll</strong></span> <span class='ocrx_word' id='word_1_3' title='bbox 1277 320 1364 373; x_wconf 82' lang='grc' dir='ltr'><strong>ΕΤ</strong></span> <span class='ocrx_word' id='word_1_4' title='bbox 1407 320 1462 374; x_wconf 89' lang='lat' dir='ltr'><strong>S.</strong></span> <span class='ocrx_word' id='word_1_5' title='bbox 1509 321 1704 376; x_wconf 78' lang='lat' dir='ltr'><strong>BEATI</strong></span> <span class='ocrx_word' id='word_1_6' title='bbox 1743 323 1834 379; x_wconf 80' lang='lat' dir='ltr'><strong>AD</strong></span> <span class='ocrx_word' id='word_1_7' title='bbox 1871 324 2269 382; x_wconf 80' lang='lat' dir='ltr'><strong>ELIPANDUM</strong></span> <span class='ocrx_word' id='word_1_8' title='bbox 2307 327 2502 382; x_wconf 82' lang='lat' dir='ltr'><strong>EPIST</strong></span> <span class='ocrx_word' id='word_1_9' title='bbox 2565 361 2634 370; x_wconf 98' lang='lat'><strong>—</strong></span> <span class='ocrx_word' id='word_1_10' title='bbox 2671 328 2796 386; x_wconf 86' lang='lat' dir='ltr'><strong>LIB.</strong></span> <span class='ocrx_word' id='word_1_11' title='bbox 2840 335 2876 387; x_wconf 83' lang='grc' dir='ltr'><strong>Ι.</strong></span> 
     </span>
    </p>
   </div>
   <div class='ocr_carea' id='block_1_3' title="bbox 3437 340 3541 396">
    <p class='ocr_par' dir='ltr' id='par_1_3' title="bbox 3437 340 3541 396">
     <span class='ocr_line' id='line_1_3' title="bbox 3437 340 3541 396; baseline 0 0"><span class='ocrx_word' id='word_1_12' title='bbox 3437 340 3541 396; x_wconf 89' lang='lat'><strong>898</strong></span> 
     </span>
    </p>
   </div>
   <div class='ocr_carea' id='block_1_4' title="bbox 286 427 3544 515">
    <p class='ocr_par' dir='ltr' id='par_1_4' title="bbox 286 427 3544 515">
     <span class='ocr_line' id='line_1_4' title="bbox 286 427 3544 515; baseline 0.008 -34"><span class='ocrx_word' id='word_1_13' title='bbox 286 427 641 490; x_wconf 72' lang='lat' dir='ltr'><strong>divinitatem,</strong></span> <span class='ocrx_word' id='word_1_14' title='bbox 671 443 778 482; x_wconf 90' lang='lat' dir='ltr'><strong>non</strong></span> <span class='ocrx_word' id='word_1_15' title='bbox 807 431 948 483; x_wconf 90' lang='lat' dir='ltr'><strong>enim</strong></span> <span class='ocrx_word' id='word_1_16' title='bbox 993 429 1153 482; x_wconf 87' lang='lat' dir='ltr'><strong>Petro</strong></span> <span class='ocrx_word' id='word_1_17' title='bbox 1188 443 1316 482; x_wconf 92' lang='lat' dir='ltr'><strong>caro</strong></span> <span class='ocrx_word' id='word_1_18' title='bbox 1332 438 1393 515; x_wconf 72' lang='lat' dir='ltr'><strong>et</strong></span> <span class='ocrx_word' id='word_1_19' title='bbox 1417 430 1636 499; x_wconf 75' lang='lat' dir='ltr'><strong>sanguis</strong></span> <span class='ocrx_word' id='word_1_20' title='bbox 1660 432 1865 486; x_wconf 79' lang='lat' dir='ltr'><strong>revela—</strong></span> <span class='ocrx_word' id='word_1_21' title='bbox 1893 439 1944 494; x_wconf 83' lang='grc' dir='ltr'>Α</span> <span class='ocrx_word' id='word_1_22' title='bbox 1970 433 2220 504; x_wconf 80' lang='lat' dir='ltr'><strong>clari/icet</strong></span> <span class='ocrx_word' id='word_1_23' title='bbox 2256 446 2324 490; x_wconf 87' lang='lat' dir='ltr'><strong>te.</strong></span> <span class='ocrx_word' id='word_1_24' title='bbox 2377 439 2537 493; x_wconf 87' lang='lat' dir='ltr'><strong>Pater</strong></span> <span class='ocrx_word' id='word_1_25' title='bbox 2577 442 2627 495; x_wconf 91' lang='lat' dir='ltr'><strong>ei</strong></span> <span class='ocrx_word' id='word_1_26' title='bbox 2668 442 2834 497; x_wconf 85' lang='lat' dir='ltr'><strong>dicit:</strong></span> <span class='ocrx_word' id='word_1_27' title='bbox 2887 443 3185 513; x_wconf 82' lang='lat' dir='ltr'><strong>Clariﬁcavi</strong></span> <span class='ocrx_word' id='word_1_28' title='bbox 3207 489 3220 513; x_wconf 95' lang='lat'><strong>,</strong></span> <span class='ocrx_word' id='word_1_29' title='bbox 3267 460 3314 502; x_wconf 89' lang='lat' dir='ltr'><strong>et</strong></span> <span class='ocrx_word' id='word_1_30' title='bbox 3357 452 3544 507; x_wconf 80' lang='lat' dir='ltr'><strong>iterum</strong></span> 
     </span>
    </p>
   </div>
   <div class='ocr_carea' id='block_1_5' title="bbox 263 517 1866 585">
    <p class='ocr_par' dir='ltr' id='par_1_5' title="bbox 263 517 1866 585">
     <span class='ocr_line' id='line_1_5' title="bbox 263 517 1866 585; baseline 0.004 -12"><span class='ocrx_word' id='word_1_31' title='bbox 263 525 437 573; x_wconf 36' lang='lat' dir='ltr'><strong>rverat</strong></span> <span class='ocrx_word' id='word_1_32' title='bbox 465 517 566 570; x_wconf 91' lang='lat' dir='ltr'><strong>hoc</strong></span> <span class='ocrx_word' id='word_1_33' title='bbox 595 517 737 585; x_wconf 91' lang='lat' dir='ltr'><strong>quod</strong></span> <span class='ocrx_word' id='word_1_34' title='bbox 764 519 932 572; x_wconf 81' lang='lat' dir='ltr'><strong>dixit:</strong></span> <span class='ocrx_word' id='word_1_35' title='bbox 977 520 1053 574; x_wconf 86' lang='lat' dir='ltr'><strong>Tu</strong></span> <span class='ocrx_word' id='word_1_36' title='bbox 1087 539 1140 576; x_wconf 87' lang='lat' dir='ltr'><strong>es</strong></span> <span class='ocrx_word' id='word_1_37' title='bbox 1170 521 1405 578; x_wconf 73' lang='lat' dir='ltr'><strong>Christus</strong></span> <span class='ocrx_word' id='word_1_38' title='bbox 1428 524 1600 580; x_wconf 86' lang='lat' dir='ltr'><strong>Filius</strong></span> <span class='ocrx_word' id='word_1_39' title='bbox 1627 526 1720 580; x_wconf 89' lang='lat' dir='ltr'><strong>Dei</strong></span> <span class='ocrx_word' id='word_1_40' title='bbox 1749 529 1866 582; x_wconf 79' lang='lat' dir='ltr'><strong>viri.</strong></span> 
     </span>
    </p>
   </div>
   <div class='ocr_carea' id='block_1_6' title="bbox 285 606 1871 688">
    <p class='ocr_par' dir='ltr' id='par_1_6' title="bbox 285 606 1871 688">
     <span class='ocr_line' id='line_1_6' title="bbox 285 606 1871 688; baseline 0.009 -27"><span class='ocrx_word' id='word_1_41' title='bbox 285 606 448 675; x_wconf 86' lang='lat' dir='ltr'><strong>Cujus</strong></span> <span class='ocrx_word' id='word_1_42' title='bbox 475 623 600 661; x_wconf 86' lang='lat' dir='ltr'><strong>caro</strong></span> <span class='ocrx_word' id='word_1_43' title='bbox 628 615 682 662; x_wconf 87' lang='lat' dir='ltr'><strong>et</strong></span> <span class='ocrx_word' id='word_1_44' title='bbox 711 611 971 680; x_wconf 81' lang='lat' dir='ltr'><strong>sanguis?</strong></span> <span class='ocrx_word' id='word_1_45' title='bbox 1004 612 1379 683; x_wconf 88' lang='lat' dir='ltr'><strong>Nunquidnam</strong></span> <span class='ocrx_word' id='word_1_46' title='bbox 1419 616 1584 681; x_wconf 90' lang='lat' dir='ltr'><strong>Petri,</strong></span> <span class='ocrx_word' id='word_1_47' title='bbox 1619 627 1678 672; x_wconf 93' lang='lat' dir='ltr'><strong>ut</strong></span> <span class='ocrx_word' id='word_1_48' title='bbox 1703 619 1871 688; x_wconf 87' lang='lat' dir='ltr'><strong>ipsius</strong></span> 
     </span>
    </p>
   </div>
   <div class='ocr_carea' id='block_1_7' title="bbox 286 701 1870 771">
    <p class='ocr_par' dir='ltr' id='par_1_7' title="bbox 286 701 1870 771">
     <span class='ocr_line' id='line_1_7' title="bbox 286 701 1870 771; baseline 0.009 -17"><span class='ocrx_word' id='word_1_49' title='bbox 286 714 413 754; x_wconf 89' lang='lat' dir='ltr'><strong>caro</strong></span> <span class='ocrx_word' id='word_1_50' title='bbox 442 701 680 754; x_wconf 85' lang='lat' dir='ltr'><strong>obstaret</strong></span> <span class='ocrx_word' id='word_1_51' title='bbox 714 711 768 755; x_wconf 86' lang='lat' dir='ltr'><strong>et</strong></span> <span class='ocrx_word' id='word_1_52' title='bbox 793 705 1010 771; x_wconf 76' lang='lat' dir='ltr'><strong>sanguis</strong></span> <span class='ocrx_word' id='word_1_53' title='bbox 1037 714 1095 759; x_wconf 92' lang='lat' dir='ltr'><strong>ut</strong></span> <span class='ocrx_word' id='word_1_54' title='bbox 1133 706 1381 763; x_wconf 84' lang='lat' dir='ltr'><strong>Christus</strong></span> <span class='ocrx_word' id='word_1_55' title='bbox 1407 708 1501 763; x_wconf 86' lang='lat' dir='ltr'><strong>Dei</strong></span> <span class='ocrx_word' id='word_1_56' title='bbox 1529 710 1697 765; x_wconf 90' lang='lat' dir='ltr'><strong>Filius</strong></span> <span class='ocrx_word' id='word_1_57' title='bbox 1727 713 1870 767; x_wconf 84' lang='lat' dir='ltr'><strong>dice-</strong></span> 
     </span>
    </p>
   </div>
   <div class='ocr_carea' id='block_1_8' title="bbox 282 791 1866 872">
    <p class='ocr_par' dir='ltr' id='par_1_8' title="bbox 282 791 1866 872">
     <span class='ocr_line' id='line_1_8' title="bbox 282 791 1866 872; baseline 0.007 -28"><span class='ocrx_word' id='word_1_58' title='bbox 282 791 482 844; x_wconf 84' lang='lat' dir='ltr'><strong>retur?</strong></span> <span class='ocrx_word' id='word_1_59' title='bbox 520 791 635 845; x_wconf 86' lang='lat' dir='ltr'><strong>Non</strong></span> <span class='ocrx_word' id='word_1_60' title='bbox 657 791 832 859; x_wconf 88' lang='lat' dir='ltr'><strong>plane,</strong></span> <span class='ocrx_word' id='word_1_61' title='bbox 863 796 956 849; x_wconf 91' lang='lat' dir='ltr'><strong>sed</strong></span> <span class='ocrx_word' id='word_1_62' title='bbox 983 796 1148 864; x_wconf 87' lang='lat' dir='ltr'><strong>ipsius</strong></span> <span class='ocrx_word' id='word_1_63' title='bbox 1169 797 1380 852; x_wconf 90' lang='lat' dir='ltr'><strong>Domini</strong></span> <span class='ocrx_word' id='word_1_64' title='bbox 1405 815 1534 854; x_wconf 90' lang='lat' dir='ltr'><strong>caro</strong></span> <span class='ocrx_word' id='word_1_65' title='bbox 1553 810 1607 853; x_wconf 89' lang='lat' dir='ltr'><strong>et</strong></span> <span class='ocrx_word' id='word_1_66' title='bbox 1629 804 1866 872; x_wconf 83' lang='lat' dir='ltr'><strong>sanguis.</strong></span> 
     </span>
    </p>
   </div>
   <div class='ocr_carea' id='block_1_9' title="bbox 283 879 1868 961">
    <p class='ocr_par' dir='ltr' id='par_1_9' title="bbox 283 879 1868 961">
     <span class='ocr_line' id='line_1_9' title="bbox 283 879 1868 961; baseline 0.008 -26"><span class='ocrx_word' id='word_1_67' title='bbox 283 879 343 935; x_wconf 83' lang='lat' dir='ltr'><strong>In</strong></span> <span class='ocrx_word' id='word_1_68' title='bbox 375 895 479 949; x_wconf 90' lang='lat' dir='ltr'><strong>qua</strong></span> <span class='ocrx_word' id='word_1_69' title='bbox 506 895 668 934; x_wconf 90' lang='lat' dir='ltr'><strong>carne</strong></span> <span class='ocrx_word' id='word_1_70' title='bbox 688 889 743 934; x_wconf 88' lang='lat' dir='ltr'><strong>et</strong></span> <span class='ocrx_word' id='word_1_71' title='bbox 768 885 1044 951; x_wconf 86' lang='lat' dir='ltr'><strong>sanguine,</strong></span> <span class='ocrx_word' id='word_1_72' title='bbox 1081 886 1208 940; x_wconf 91' lang='lat' dir='ltr'><strong>dum</strong></span> <span class='ocrx_word' id='word_1_73' title='bbox 1249 888 1408 943; x_wconf 90' lang='lat' dir='ltr'><strong>homo</strong></span> <span class='ocrx_word' id='word_1_74' title='bbox 1453 891 1686 956; x_wconf 83' lang='lat' dir='ltr'><strong>videtur,</strong></span> <span class='ocrx_word' id='word_1_75' title='bbox 1727 896 1868 961; x_wconf 93' lang='lat' dir='ltr'><strong>quod</strong></span> 
     </span>
    </p>
   </div>
   <div class='ocr_carea' id='block_1_10' title="bbox 285 972 1866 1050">
    <p class='ocr_par' dir='ltr' id='par_1_10' title="bbox 285 972 1866 1050">
     <span class='ocr_line' id='line_1_10' title="bbox 285 972 1866 1050; baseline 0.008 -26"><span class='ocrx_word' id='word_1_76' title='bbox 285 978 656 1040; x_wconf 84' lang='lat' dir='ltr'><strong>assumpserat</strong></span> <span class='ocrx_word' id='word_1_77' title='bbox 696 972 856 1037; x_wconf 85' lang='lat' dir='ltr'><strong>Deus,</strong></span> <span class='ocrx_word' id='word_1_78' title='bbox 909 990 1014 1028; x_wconf 90' lang='lat' dir='ltr'><strong>non</strong></span> <span class='ocrx_word' id='word_1_79' title='bbox 1058 979 1380 1033; x_wconf 84' lang='lat' dir='ltr'><strong>credebatur</strong></span> <span class='ocrx_word' id='word_1_80' title='bbox 1411 994 1530 1034; x_wconf 92' lang='lat' dir='ltr'><strong>esse</strong></span> <span class='ocrx_word' id='word_1_81' title='bbox 1565 983 1707 1050; x_wconf 91' lang='lat' dir='ltr'><strong>quod</strong></span> <span class='ocrx_word' id='word_1_82' title='bbox 1731 992 1866 1037; x_wconf 89' lang='lat' dir='ltr'><strong>erat.</strong></span> 
     </span>
    </p>
   </div>
   <div class='ocr_carea' id='block_1_11' title="bbox 281 1060 1868 1130">
    <p class='ocr_par' dir='ltr' id='par_1_11' title="bbox 281 1060 1868 1130">
     <span class='ocr_line' id='line_1_11' title="bbox 281 1060 1868 1130; baseline 0.009 -15"><span class='ocrx_word' id='word_1_83' title='bbox 281 1060 621 1130; x_wconf 89' lang='lat' dir='ltr'><strong>Impossibile</strong></span> <span class='ocrx_word' id='word_1_84' title='bbox 649 1062 793 1115; x_wconf 89' lang='lat' dir='ltr'><strong>enim</strong></span> <span class='ocrx_word' id='word_1_85' title='bbox 837 1065 1086 1120; x_wconf 90' lang='lat' dir='ltr'><strong>omnibus</strong></span> <span class='ocrx_word' id='word_1_86' title='bbox 1114 1068 1397 1122; x_wconf 80' lang='lat' dir='ltr'><strong>videbatur</strong></span> <span class='ocrx_word' id='word_1_87' title='bbox 1426 1079 1486 1124; x_wconf 90' lang='lat' dir='ltr'><strong>ut</strong></span> <span class='ocrx_word' id='word_1_88' title='bbox 1532 1071 1698 1126; x_wconf 89' lang='lat' dir='ltr'><strong>Deum</strong></span> <span class='ocrx_word' id='word_1_89' title='bbox 1747 1088 1868 1128; x_wconf 89' lang='lat' dir='ltr'><strong>cre-</strong></span> 
     </span>
    </p>
   </div>
   <div class='ocr_carea' id='block_1_12' title="bbox 283 1151 1866 1220">
    <p class='ocr_par' dir='ltr' id='par_1_12' title="bbox 283 1151 1866 1220">
     <span class='ocr_line' id='line_1_12' title="bbox 283 1151 1866 1220; baseline 0.009 -16"><span class='ocrx_word' id='word_1_90' title='bbox 283 1151 476 1205; x_wconf 89' lang='lat' dir='ltr'><strong>derent</strong></span> <span class='ocrx_word' id='word_1_91' title='bbox 523 1167 683 1220; x_wconf 88' lang='lat' dir='ltr'><strong>quem</strong></span> <span class='ocrx_word' id='word_1_92' title='bbox 722 1153 992 1208; x_wconf 88' lang='lat' dir='ltr'><strong>hominem</strong></span> <span class='ocrx_word' id='word_1_93' title='bbox 1040 1157 1306 1212; x_wconf 86' lang='lat' dir='ltr'><strong>viderent.</strong></span> <span class='ocrx_word' id='word_1_94' title='bbox 1358 1160 1424 1213; x_wconf 84' lang='lat' dir='ltr'><strong>Et</strong></span> <span class='ocrx_word' id='word_1_95' title='bbox 1473 1169 1676 1215; x_wconf 86' lang='lat' dir='ltr'><strong>tantam</strong></span> <span class='ocrx_word' id='word_1_96' title='bbox 1719 1163 1866 1218; x_wconf 86' lang='lat' dir='ltr'><strong>illam</strong></span> 
     </span>
    </p>
   </div>
   <div class='ocr_carea' id='block_1_13' title="bbox 282 1241 1868 1319">
    <p class='ocr_par' dir='ltr' id='par_1_13' title="bbox 282 1241 1868 1319">
     <span class='ocr_line' id='line_1_13' title="bbox 282 1241 1868 1319; baseline 0.006 -22"><span class='ocrx_word' id='word_1_97' title='bbox 282 1241 643 1311; x_wconf 75' lang='lat' dir='ltr'><strong>maiestatem,</strong></span> <span class='ocrx_word' id='word_1_98' title='bbox 673 1244 725 1297; x_wconf 92' lang='lat' dir='ltr'><strong>in</strong></span> <span class='ocrx_word' id='word_1_99' title='bbox 747 1259 850 1313; x_wconf 89' lang='lat' dir='ltr'><strong>qua</strong></span> <span class='ocrx_word' id='word_1_100' title='bbox 876 1245 1075 1300; x_wconf 77' lang='lat' dir='ltr'><strong>habitat</strong></span> <span class='ocrx_word' id='word_1_101' title='bbox 1099 1250 1265 1303; x_wconf 87' lang='lat' dir='ltr'><strong>omnis</strong></span> <span class='ocrx_word' id='word_1_102' title='bbox 1287 1249 1554 1319; x_wconf 81' lang='lat' dir='ltr'><strong>plenitudo</strong></span> <span class='ocrx_word' id='word_1_103' title='bbox 1581 1252 1868 1308; x_wconf 87' lang='lat' dir='ltr'><strong>divinitatis</strong></span> 
     </span>
    </p>
   </div>
   <div class='ocr_carea' id='block_1_14' title="bbox 281 1333 1869 1407">
    <p class='ocr_par' dir='ltr' id='par_1_14' title="bbox 281 1333 1869 1407">
     <span class='ocr_line' id='line_1_14' title="bbox 281 1333 1869 1407; baseline 0.006 -20"><span class='ocrx_word' id='word_1_104' title='bbox 281 1333 643 1404; x_wconf 79' lang='lat' dir='ltr'><strong>corporaliter,</strong></span> <span class='ocrx_word' id='word_1_105' title='bbox 679 1350 839 1402; x_wconf 87' lang='lat' dir='ltr'><strong>quam</strong></span> <span class='ocrx_word' id='word_1_106' title='bbox 868 1335 982 1404; x_wconf 90' lang='lat' dir='ltr'><strong>ipse</strong></span> <span class='ocrx_word' id='word_1_107' title='bbox 1029 1353 1136 1392; x_wconf 91' lang='lat' dir='ltr'><strong>non</strong></span> <span class='ocrx_word' id='word_1_108' title='bbox 1182 1339 1326 1407; x_wconf 89' lang='lat' dir='ltr'><strong>capit</strong></span> <span class='ocrx_word' id='word_1_109' title='bbox 1373 1340 1624 1407; x_wconf 90' lang='lat' dir='ltr'><strong>mundus,</strong></span> <span class='ocrx_word' id='word_1_110' title='bbox 1665 1343 1718 1395; x_wconf 91' lang='lat' dir='ltr'><strong>in</strong></span> <span class='ocrx_word' id='word_1_111' title='bbox 1749 1359 1869 1398; x_wconf 91' lang='lat' dir='ltr'><strong>cor-</strong></span> 
     </span>
    </p>
   </div>
   <div class='ocr_carea' id='block_1_15' title="bbox 281 1425 1867 1498">
    <p class='ocr_par' dir='ltr' id='par_1_15' title="bbox 281 1425 1867 1498">
     <span class='ocr_line' id='line_1_15' title="bbox 281 1425 1867 1498; baseline 0.006 -19"><span class='ocrx_word' id='word_1_112' title='bbox 281 1425 508 1495; x_wconf 89' lang='lat' dir='ltr'><strong>pusculo</strong></span> <span class='ocrx_word' id='word_1_113' title='bbox 537 1426 804 1494; x_wconf 69' lang='lat' dir='ltr'><strong>despecta:</strong></span> <span class='ocrx_word' id='word_1_114' title='bbox 829 1428 991 1481; x_wconf 87' lang='lat' dir='ltr'><strong>etiam</strong></span> <span class='ocrx_word' id='word_1_115' title='bbox 1026 1429 1563 1498; x_wconf 69' lang='lat' dir='ltr'><strong>imaginis-inclusam</strong></span> <span class='ocrx_word' id='word_1_116' title='bbox 1602 1434 1708 1487; x_wconf 86' lang='lat' dir='ltr'><strong>ait:</strong></span> <span class='ocrx_word' id='word_1_117' title='bbox 1751 1434 1867 1490; x_wconf 90' lang='lat' dir='ltr'><strong>Non</strong></span> 
     </span>
    </p>
   </div>
   <div class='ocr_carea' id='block_1_16' title="bbox 283 1517 1866 1589">
    <p class='ocr_par' dir='ltr' id='par_1_16' title="bbox 283 1517 1866 1589">
     <span class='ocr_line' id='line_1_16' title="bbox 283 1517 1866 1589; baseline 0.004 -17"><span class='ocrx_word' id='word_1_118' title='bbox 283 1517 403 1572; x_wconf 66' lang='lat' dir='ltr'><strong>haec</strong></span> <span class='ocrx_word' id='word_1_119' title='bbox 439 1532 565 1570; x_wconf 85' lang='lat' dir='ltr'><strong>caro</strong></span> <span class='ocrx_word' id='word_1_120' title='bbox 613 1533 730 1574; x_wconf 89' lang='lat' dir='ltr'><strong>mea</strong></span> <span class='ocrx_word' id='word_1_121' title='bbox 773 1528 828 1572; x_wconf 90' lang='lat' dir='ltr'><strong>et</strong></span> <span class='ocrx_word' id='word_1_122' title='bbox 877 1519 1098 1589; x_wconf 81' lang='lat' dir='ltr'><strong>sanguis</strong></span> <span class='ocrx_word' id='word_1_123' title='bbox 1128 1520 1223 1574; x_wconf 90' lang='lat' dir='ltr'><strong>tibi</strong></span> <span class='ocrx_word' id='word_1_124' title='bbox 1267 1535 1386 1576; x_wconf 89' lang='lat' dir='ltr'><strong>esse</strong></span> <span class='ocrx_word' id='word_1_125' title='bbox 1424 1537 1507 1577; x_wconf 56' lang='lat' dir='ltr'><strong>n‘e</strong></span> <span class='ocrx_word' id='word_1_126' title='bbox 1552 1523 1646 1578; x_wconf 91' lang='lat' dir='ltr'><strong>Dei</strong></span> <span class='ocrx_word' id='word_1_127' title='bbox 1673 1524 1866 1579; x_wconf 79' lang='lat' dir='ltr'><strong>Filium</strong></span> 
     </span>
    </p>
   </div>
   <div class='ocr_carea' id='block_1_17' title="bbox 282 1608 1868 1684">
    <p class='ocr_par' dir='ltr' id='par_1_17' title="bbox 282 1608 1868 1684">
     <span class='ocr_line' id='line_1_17' title="bbox 282 1608 1868 1684; baseline 0.006 -23"><span class='ocrx_word' id='word_1_128' title='bbox 282 1608 680 1670; x_wconf 87' lang='lat' dir='ltr'><strong>revelaverunt,</strong></span> <span class='ocrx_word' id='word_1_129' title='bbox 711 1609 836 1678; x_wconf 86' lang='lat' dir='ltr'><strong>quia</strong></span> <span class='ocrx_word' id='word_1_130' title='bbox 864 1609 966 1663; x_wconf 89' lang='lat' dir='ltr'><strong>ista</strong></span> <span class='ocrx_word' id='word_1_131' title='bbox 993 1625 1078 1664; x_wconf 92' lang='lat' dir='ltr'><strong>me</strong></span> <span class='ocrx_word' id='word_1_132' title='bbox 1105 1608 1309 1681; x_wconf 80' lang='lat' dir='ltr'><strong>[Forte,</strong></span> <span class='ocrx_word' id='word_1_133' title='bbox 1335 1612 1496 1684; x_wconf 88' lang='lat' dir='ltr'><strong>mea],</strong></span> <span class='ocrx_word' id='word_1_134' title='bbox 1530 1613 1584 1667; x_wconf 89' lang='lat' dir='ltr'><strong>id</strong></span> <span class='ocrx_word' id='word_1_135' title='bbox 1610 1622 1710 1680; x_wconf 89' lang='lat' dir='ltr'><strong>est,</strong></span> <span class='ocrx_word' id='word_1_136' title='bbox 1740 1629 1868 1669; x_wconf 90' lang='lat' dir='ltr'><strong>caro</strong></span> 
     </span>
    </p>
   </div>
   <div class='ocr_carea' id='block_1_18' title="bbox 283 1703 1863 1773">
    <p class='ocr_par' dir='ltr' id='par_1_18' title="bbox 283 1703 1863 1773">
     <span class='ocr_line' id='line_1_18' title="bbox 283 1703 1863 1773; baseline 0.004 -18"><span class='ocrx_word' id='word_1_137' title='bbox 283 1717 425 1765; x_wconf 91' lang='lat' dir='ltr'><strong>mea,</strong></span> <span class='ocrx_word' id='word_1_138' title='bbox 473 1711 526 1756; x_wconf 86' lang='lat' dir='ltr'><strong>et</strong></span> <span class='ocrx_word' id='word_1_139' title='bbox 571 1704 792 1773; x_wconf 79' lang='lat' dir='ltr'><strong>sanguis</strong></span> <span class='ocrx_word' id='word_1_140' title='bbox 823 1718 927 1758; x_wconf 91' lang='lat' dir='ltr'><strong>non</strong></span> <span class='ocrx_word' id='word_1_141' title='bbox 961 1703 1281 1772; x_wconf 89' lang='lat' dir='ltr'><strong>promittunt</strong></span> <span class='ocrx_word' id='word_1_142' title='bbox 1313 1705 1413 1760; x_wconf 88' lang='lat' dir='ltr'><strong>Dei</strong></span> <span class='ocrx_word' id='word_1_143' title='bbox 1458 1705 1651 1760; x_wconf 85' lang='lat' dir='ltr'><strong>Filium</strong></span> <span class='ocrx_word' id='word_1_144' title='bbox 1695 1709 1863 1762; x_wconf 89' lang='lat' dir='ltr'><strong>credi.</strong></span> 
     </span>
    </p>
   </div>
   <div class='ocr_carea' id='block_1_19' title="bbox 1970 523 3541 610">
    <p class='ocr_par' dir='ltr' id='par_1_19' title="bbox 1970 523 3541 610">
     <span class='ocr_line' id='line_1_19' title="bbox 1970 523 3541 610; baseline 0.014 -35"><span class='ocrx_word' id='word_1_145' title='bbox 1970 523 2288 592; x_wconf 81' lang='lat' dir='ltr'><strong>clariﬁcabo.</strong></span> <span class='ocrx_word' id='word_1_146' title='bbox 2315 527 2476 583; x_wconf 88' lang='lat' dir='ltr'><strong>Pater</strong></span> <span class='ocrx_word' id='word_1_147' title='bbox 2499 531 2716 597; x_wconf 88' lang='lat' dir='ltr'><strong>veritas,</strong></span> <span class='ocrx_word' id='word_1_148' title='bbox 2740 536 2862 602; x_wconf 86' lang='lat' dir='ltr'><strong>quia</strong></span> <span class='ocrx_word' id='word_1_149' title='bbox 2887 535 3208 591; x_wconf 88' lang='lat' dir='ltr'><strong>testiﬁcatur</strong></span> <span class='ocrx_word' id='word_1_150' title='bbox 3226 542 3541 610; x_wconf 74' lang='lat' dir='ltr'><strong>veritatem;</strong></span> 
     </span>
    </p>
   </div>
   <div class='ocr_carea' id='block_1_20' title="bbox 1970 613 3548 698">
    <p class='ocr_par' dir='ltr' id='par_1_20' title="bbox 1970 613 3548 698">
     <span class='ocr_line' id='line_1_20' title="bbox 1970 613 3548 698; baseline 0.014 -32"><span class='ocrx_word' id='word_1_151' title='bbox 1970 613 2166 668; x_wconf 91' lang='lat' dir='ltr'><strong>clamat</strong></span> <span class='ocrx_word' id='word_1_152' title='bbox 2191 617 2435 683; x_wconf 77' lang='lat' dir='ltr'><strong>veritati,</strong></span> <span class='ocrx_word' id='word_1_153' title='bbox 2477 621 2544 674; x_wconf 89' lang='lat' dir='ltr'><strong>de</strong></span> <span class='ocrx_word' id='word_1_154' title='bbox 2579 637 2686 690; x_wconf 91' lang='lat' dir='ltr'><strong>quo</strong></span> <span class='ocrx_word' id='word_1_155' title='bbox 2713 633 2795 678; x_wconf 87' lang='lat' dir='ltr'><strong>cst</strong></span> <span class='ocrx_word' id='word_1_156' title='bbox 2835 624 2946 693; x_wconf 88' lang='lat' dir='ltr'><strong>ipse</strong></span> <span class='ocrx_word' id='word_1_157' title='bbox 2988 626 3205 680; x_wconf 87' lang='lat' dir='ltr'><strong>veritas.</strong></span> <span class='ocrx_word' id='word_1_158' title='bbox 3253 629 3548 698; x_wconf 81' lang='lat' dir='ltr'><strong>Respondit</strong></span> 
     </span>
    </p>
   </div>
   <div class='ocr_carea' id='block_1_21' title="bbox 1969 705 3548 784">
    <p class='ocr_par' dir='ltr' id='par_1_21' title="bbox 1969 705 3548 784">
     <span class='ocr_line' id='line_1_21' title="bbox 1969 705 3548 784; baseline 0.014 -29"><span class='ocrx_word' id='word_1_159' title='bbox 1969 705 2172 760; x_wconf 86' lang='lat' dir='ltr'><strong>veritas</strong></span> <span class='ocrx_word' id='word_1_160' title='bbox 2196 708 2431 774; x_wconf 81' lang='lat' dir='ltr'><strong>veritati,</strong></span> <span class='ocrx_word' id='word_1_161' title='bbox 2465 712 2554 779; x_wconf 92' lang='lat' dir='ltr'><strong>qui</strong></span> <span class='ocrx_word' id='word_1_162' title='bbox 2594 713 2647 766; x_wconf 92' lang='lat' dir='ltr'><strong>in</strong></span> <span class='ocrx_word' id='word_1_163' title='bbox 2686 713 2827 768; x_wconf 92' lang='lat' dir='ltr'><strong>hunc</strong></span> <span class='ocrx_word' id='word_1_164' title='bbox 2861 716 3116 769; x_wconf 90' lang='lat' dir='ltr'><strong>mundum</strong></span> <span class='ocrx_word' id='word_1_165' title='bbox 3145 733 3249 770; x_wconf 91' lang='lat' dir='ltr'><strong>non</strong></span> <span class='ocrx_word' id='word_1_166' title='bbox 3281 719 3414 784; x_wconf 89' lang='lat' dir='ltr'><strong>sibi,</strong></span> <span class='ocrx_word' id='word_1_167' title='bbox 3453 724 3548 778; x_wconf 86' lang='lat' dir='ltr'><strong>sed</strong></span> 
     </span>
    </p>
   </div>
   <div class='ocr_carea' id='block_1_22' title="bbox 1971 795 3544 866">
    <p class='ocr_par' dir='ltr' id='par_1_22' title="bbox 1971 795 3544 866">
     <span class='ocr_line' id='line_1_22' title="bbox 1971 795 3544 866; baseline 0.012 -19"><span class='ocrx_word' id='word_1_168' title='bbox 1971 795 2124 850; x_wconf 88' lang='lat' dir='ltr'><strong>nobis</strong></span> <span class='ocrx_word' id='word_1_169' title='bbox 2149 797 2296 851; x_wconf 87' lang='lat' dir='ltr'><strong>misit</strong></span> <span class='ocrx_word' id='word_1_170' title='bbox 2324 800 2463 855; x_wconf 89' lang='lat' dir='ltr'><strong>hanc</strong></span> <span class='ocrx_word' id='word_1_171' title='bbox 2486 802 2787 857; x_wconf 85' lang='lat' dir='ltr'><strong>veritatem.</strong></span> <span class='ocrx_word' id='word_1_172' title='bbox 2817 805 2977 859; x_wconf 83' lang='lat' dir='ltr'><strong>Venit</strong></span> <span class='ocrx_word' id='word_1_173' title='bbox 3001 806 3203 862; x_wconf 90' lang='lat' dir='ltr'><strong>veritas</strong></span> <span class='ocrx_word' id='word_1_174' title='bbox 3227 809 3294 862; x_wconf 88' lang='lat' dir='ltr'><strong>ad</strong></span> <span class='ocrx_word' id='word_1_175' title='bbox 3321 812 3544 866; x_wconf 90' lang='lat' dir='ltr'><strong>menda-</strong></span> 
     </span>
    </p>
   </div>
   <div class='ocr_carea' id='block_1_23' title="bbox 1967 895 3547 966">
    <p class='ocr_par' dir='ltr' id='par_1_23' title="bbox 1967 895 3547 966">
     <span class='ocr_line' id='line_1_23' title="bbox 1967 895 3547 966; baseline 0.01 -25"><span class='ocrx_word' id='word_1_176' title='bbox 1967 903 2097 942; x_wconf 87' lang='lat' dir='ltr'><strong>ces:</strong></span> <span class='ocrx_word' id='word_1_177' title='bbox 2138 895 2191 942; x_wconf 89' lang='lat' dir='ltr'><strong>et</strong></span> <span class='ocrx_word' id='word_1_178' title='bbox 2227 899 2479 958; x_wconf 85' lang='lat' dir='ltr'><strong>putamus</strong></span> <span class='ocrx_word' id='word_1_179' title='bbox 2517 896 2661 962; x_wconf 92' lang='lat' dir='ltr'><strong>quod</strong></span> <span class='ocrx_word' id='word_1_180' title='bbox 2704 911 2821 950; x_wconf 90' lang='lat' dir='ltr'><strong>eam</strong></span> <span class='ocrx_word' id='word_1_181' title='bbox 2853 911 3136 964; x_wconf 85' lang='lat' dir='ltr'><strong>possumus</strong></span> <span class='ocrx_word' id='word_1_182' title='bbox 3179 897 3387 966; x_wconf 82' lang='lat' dir='ltr'><strong>facere,</strong></span> <span class='ocrx_word' id='word_1_183' title='bbox 3439 918 3547 957; x_wconf 90' lang='lat' dir='ltr'><strong>non</strong></span> 
     </span>
    </p>
   </div>
   <div class='ocr_carea' id='block_1_24' title="bbox 1969 980 2636 1046">
    <p class='ocr_par' dir='ltr' id='par_1_24' title="bbox 1969 980 2636 1046">
     <span class='ocr_line' id='line_1_24' title="bbox 1969 980 2636 1046; baseline 0.012 -15"><span class='ocrx_word' id='word_1_184' title='bbox 1969 980 2256 1046; x_wconf 89' lang='lat' dir='ltr'><strong>credendo,</strong></span> <span class='ocrx_word' id='word_1_185' title='bbox 2285 984 2636 1038; x_wconf 88' lang='lat' dir='ltr'><strong>mendaeem?</strong></span> 
     </span>
    </p>
   </div>
   <div class='ocr_carea' id='block_1_25' title="bbox 2041 1067 3548 1140">
    <p class='ocr_par' dir='ltr' id='par_1_25' title="bbox 2041 1067 3548 1140">
     <span class='ocr_line' id='line_1_25' title="bbox 2041 1067 3548 1140; baseline 0.011 -20"><span class='ocrx_word' id='word_1_186' title='bbox 2041 1067 2147 1120; x_wconf 80' lang='lat' dir='ltr'><strong>V&#39;ll.</strong></span> <span class='ocrx_word' id='word_1_187' title='bbox 2185 1069 2395 1124; x_wconf 87' lang='lat' dir='ltr'><strong>Veritas</strong></span> <span class='ocrx_word' id='word_1_188' title='bbox 2435 1070 2565 1126; x_wconf 90' lang='lat' dir='ltr'><strong>dicit</strong></span> <span class='ocrx_word' id='word_1_189' title='bbox 2602 1088 2698 1140; x_wconf 90' lang='lat' dir='ltr'><strong>per</strong></span> <span class='ocrx_word' id='word_1_190' title='bbox 2736 1091 2797 1128; x_wconf 92' lang='lat' dir='ltr'><strong>os</strong></span> <span class='ocrx_word' id='word_1_191' title='bbox 2841 1077 3022 1131; x_wconf 84' lang='lat' dir='ltr'><strong>carnis</strong></span> <span class='ocrx_word' id='word_1_192' title='bbox 3066 1094 3208 1133; x_wconf 64' lang='lat' dir='ltr'><strong>suat:</strong></span> <span class='ocrx_word' id='word_1_193' title='bbox 3241 1079 3414 1136; x_wconf 84' lang='lat' dir='ltr'><strong>Filius</strong></span> <span class='ocrx_word' id='word_1_194' title='bbox 3449 1082 3548 1136; x_wconf 85' lang='lat' dir='ltr'><strong>Dei</strong></span> 
     </span>
    </p>
   </div>
   <div class='ocr_carea' id='block_1_26' title="bbox 1966 1159 3549 1239">
    <p class='ocr_par' dir='ltr' id='par_1_26' title="bbox 1966 1159 3549 1239">
     <span class='ocr_line' id='line_1_26' title="bbox 1966 1159 3549 1239; baseline 0.01 -31"><span class='ocrx_word' id='word_1_195' title='bbox 1966 1172 2102 1209; x_wconf 88' lang='lat' dir='ltr'><strong>sum.</strong></span> <span class='ocrx_word' id='word_1_196' title='bbox 2134 1159 2221 1223; x_wconf 88' lang='lat' dir='ltr'><strong>Et,</strong></span> <span class='ocrx_word' id='word_1_197' title='bbox 2251 1162 2341 1229; x_wconf 87' lang='lat' dir='ltr'><strong>qui</strong></span> <span class='ocrx_word' id='word_1_198' title='bbox 2373 1173 2523 1230; x_wconf 84' lang='lat' dir='ltr'><strong>negat</strong></span> <span class='ocrx_word' id='word_1_199' title='bbox 2562 1180 2665 1229; x_wconf 83' lang='lat' dir='ltr'><strong>me,</strong></span> <span class='ocrx_word' id='word_1_200' title='bbox 2690 1175 2838 1234; x_wconf 85' lang='lat' dir='ltr'><strong>negat</strong></span> <span class='ocrx_word' id='word_1_201' title='bbox 2884 1183 3002 1219; x_wconf 88' lang='lat' dir='ltr'><strong>eum</strong></span> <span class='ocrx_word' id='word_1_202' title='bbox 3043 1170 3131 1239; x_wconf 85' lang='lat' dir='ltr'><strong>qui</strong></span> <span class='ocrx_word' id='word_1_203' title='bbox 3171 1187 3253 1223; x_wconf 85' lang='lat' dir='ltr'><strong>me</strong></span> <span class='ocrx_word' id='word_1_204' title='bbox 3279 1173 3438 1225; x_wconf 81' lang='lat' dir='ltr'><strong>misit.</strong></span> <span class='ocrx_word' id='word_1_205' title='bbox 3481 1173 3549 1224; x_wconf 83' lang='lat' dir='ltr'><strong>Et</strong></span> 
     </span>
    </p>
   </div>
   <div class='ocr_carea' id='block_1_27' title="bbox 1968 1249 3548 1322">
    <p class='ocr_par' dir='ltr' id='par_1_27' title="bbox 1968 1249 3548 1322">
     <span class='ocr_line' id='line_1_27' title="bbox 1968 1249 3548 1322; baseline 0.009 -24"><span class='ocrx_word' id='word_1_206' title='bbox 1968 1254 2255 1311; x_wconf 68' lang='lat' dir='ltr'><strong>praesumet</strong></span> <span class='ocrx_word' id='word_1_207' title='bbox 2299 1249 2492 1317; x_wconf 90' lang='lat' dir='ltr'><strong>aliquis</strong></span> <span class='ocrx_word' id='word_1_208' title='bbox 2546 1251 2650 1304; x_wconf 91' lang='lat' dir='ltr'><strong>hoc</strong></span> <span class='ocrx_word' id='word_1_209' title='bbox 2701 1252 3048 1322; x_wconf 84' lang='lat' dir='ltr'><strong>Evangelium</strong></span> <span class='ocrx_word' id='word_1_210' title='bbox 3099 1259 3426 1314; x_wconf 76' lang='lat' dir='ltr'><strong>dissolvere?</strong></span> <span class='ocrx_word' id='word_1_211' title='bbox 3463 1261 3548 1312; x_wconf 86' lang='lat' dir='ltr'><strong>An</strong></span> 
     </span>
    </p>
   </div>
   <div class='ocr_carea' id='block_1_28' title="bbox 1968 1342 3546 1416">
    <p class='ocr_par' dir='ltr' id='par_1_28' title="bbox 1968 1342 3546 1416">
     <span class='ocr_line' id='line_1_28' title="bbox 1968 1342 3546 1416; baseline 0.01 -29"><span class='ocrx_word' id='word_1_212' title='bbox 1968 1349 2033 1388; x_wconf 84' lang='lat' dir='ltr'><strong>ex</strong></span> <span class='ocrx_word' id='word_1_213' title='bbox 2063 1345 2214 1404; x_wconf 91' lang='lat' dir='ltr'><strong>parte</strong></span> <span class='ocrx_word' id='word_1_214' title='bbox 2239 1347 2450 1406; x_wconf 89' lang='lat' dir='ltr'><strong>oportet</strong></span> <span class='ocrx_word' id='word_1_215' title='bbox 2481 1342 2701 1396; x_wconf 88' lang='lat' dir='ltr'><strong>credere</strong></span> <span class='ocrx_word' id='word_1_216' title='bbox 2739 1343 3046 1411; x_wconf 82' lang='lat' dir='ltr'><strong>Evangelio,</strong></span> <span class='ocrx_word' id='word_1_217' title='bbox 3084 1355 3138 1401; x_wconf 91' lang='lat' dir='ltr'><strong>et</strong></span> <span class='ocrx_word' id='word_1_218' title='bbox 3167 1363 3231 1402; x_wconf 84' lang='lat' dir='ltr'><strong>ex</strong></span> <span class='ocrx_word' id='word_1_219' title='bbox 3257 1358 3408 1416; x_wconf 77' lang='lat' dir='ltr'><strong>parte</strong></span> <span class='ocrx_word' id='word_1_220' title='bbox 3440 1366 3546 1404; x_wconf 89' lang='lat' dir='ltr'><strong>non</strong></span> 
     </span>
    </p>
   </div>
   <div class='ocr_carea' id='block_1_29' title="bbox 1969 1424 3544 1503">
    <p class='ocr_par' dir='ltr' id='par_1_29' title="bbox 1969 1424 3544 1503">
     <span class='ocr_line' id='line_1_29' title="bbox 1969 1424 3544 1503; baseline 0.009 -25"><span class='ocrx_word' id='word_1_221' title='bbox 1969 1424 2228 1478; x_wconf 88' lang='lat' dir='ltr'><strong>credere?</strong></span> <span class='ocrx_word' id='word_1_222' title='bbox 2267 1426 2366 1492; x_wconf 86' lang='lat' dir='ltr'><strong>Qui</strong></span> <span class='ocrx_word' id='word_1_223' title='bbox 2391 1443 2496 1481; x_wconf 90' lang='lat' dir='ltr'><strong>non</strong></span> <span class='ocrx_word' id='word_1_224' title='bbox 2521 1429 2692 1483; x_wconf 90' lang='lat' dir='ltr'><strong>credit</strong></span> <span class='ocrx_word' id='word_1_225' title='bbox 2718 1431 3024 1503; x_wconf 86' lang='lat' dir='ltr'><strong>Evangelio,</strong></span> <span class='ocrx_word' id='word_1_226' title='bbox 3057 1449 3161 1488; x_wconf 92' lang='lat' dir='ltr'><strong>non</strong></span> <span class='ocrx_word' id='word_1_227' title='bbox 3193 1438 3364 1490; x_wconf 87' lang='lat' dir='ltr'><strong>credit</strong></span> <span class='ocrx_word' id='word_1_228' title='bbox 3387 1437 3544 1501; x_wconf 89' lang='lat' dir='ltr'><strong>Filio,</strong></span> 
     </span>
    </p>
   </div>
   <div class='ocr_carea' id='block_1_30' title="bbox 1969 1509 3548 1590">
    <p class='ocr_par' dir='ltr' id='par_1_30' title="bbox 1969 1509 3548 1590">
     <span class='ocr_line' id='line_1_30' title="bbox 1969 1509 3548 1590; baseline 0.009 -24"><span class='ocrx_word' id='word_1_229' title='bbox 1969 1509 2120 1580; x_wconf 86' lang='lat' dir='ltr'><strong>cujus</strong></span> <span class='ocrx_word' id='word_1_230' title='bbox 2153 1521 2235 1568; x_wconf 92' lang='lat' dir='ltr'><strong>est</strong></span> <span class='ocrx_word' id='word_1_231' title='bbox 2257 1515 2627 1586; x_wconf 86' lang='lat' dir='ltr'><strong>Evangelium.</strong></span> <span class='ocrx_word' id='word_1_232' title='bbox 2665 1519 2728 1572; x_wconf 82' lang='lat' dir='ltr'><strong>Et</strong></span> <span class='ocrx_word' id='word_1_233' title='bbox 2773 1521 2864 1588; x_wconf 90' lang='lat' dir='ltr'><strong>qui</strong></span> <span class='ocrx_word' id='word_1_234' title='bbox 2908 1537 3013 1575; x_wconf 91' lang='lat' dir='ltr'><strong>non</strong></span> <span class='ocrx_word' id='word_1_235' title='bbox 3039 1524 3210 1577; x_wconf 88' lang='lat' dir='ltr'><strong>credit</strong></span> <span class='ocrx_word' id='word_1_236' title='bbox 3232 1524 3399 1590; x_wconf 87' lang='lat' dir='ltr'><strong>Filio,</strong></span> <span class='ocrx_word' id='word_1_237' title='bbox 3441 1543 3548 1582; x_wconf 90' lang='lat' dir='ltr'><strong>non</strong></span> 
     </span>
    </p>
   </div>
   <div class='ocr_carea' id='block_1_31' title="bbox 1969 1604 3550 1684">
    <p class='ocr_par' dir='ltr' id='par_1_31' title="bbox 1969 1604 3550 1684">
     <span class='ocr_line' id='line_1_31' title="bbox 1969 1604 3550 1684; baseline 0.009 -28"><span class='ocrx_word' id='word_1_238' title='bbox 1969 1604 2138 1658; x_wconf 88' lang='lat' dir='ltr'><strong>credit</strong></span> <span class='ocrx_word' id='word_1_239' title='bbox 2162 1604 2326 1670; x_wconf 86' lang='lat' dir='ltr'><strong>Patri,</strong></span> <span class='ocrx_word' id='word_1_240' title='bbox 2359 1607 2449 1674; x_wconf 91' lang='lat' dir='ltr'><strong>qui</strong></span> <span class='ocrx_word' id='word_1_241' title='bbox 2475 1607 2620 1662; x_wconf 90' lang='lat' dir='ltr'><strong>misit</strong></span> <span class='ocrx_word' id='word_1_242' title='bbox 2645 1608 2814 1662; x_wconf 91' lang='lat' dir='ltr'><strong>illum.</strong></span> <span class='ocrx_word' id='word_1_243' title='bbox 2843 1610 3028 1680; x_wconf 88' lang='lat' dir='ltr'><strong>Neque</strong></span> <span class='ocrx_word' id='word_1_244' title='bbox 3052 1613 3195 1667; x_wconf 90' lang='lat' dir='ltr'><strong>enim</strong></span> <span class='ocrx_word' id='word_1_245' title='bbox 3213 1630 3404 1684; x_wconf 75' lang='lat' dir='ltr'><strong>regem</strong></span> <span class='ocrx_word' id='word_1_246' title='bbox 3431 1617 3550 1670; x_wconf 88' lang='lat' dir='ltr'><strong>dili-</strong></span> 
     </span>
    </p>
   </div>
   <div class='ocr_carea' id='block_1_32' title="bbox 1968 1691 3548 1767">
    <p class='ocr_par' dir='ltr' id='par_1_32' title="bbox 1968 1691 3548 1767">
     <span class='ocr_line' id='line_1_32' title="bbox 1968 1691 3548 1767; baseline 0.01 -24"><span class='ocrx_word' id='word_1_247' title='bbox 1968 1691 2161 1760; x_wconf 90' lang='lat' dir='ltr'><strong>gimus,</strong></span> <span class='ocrx_word' id='word_1_248' title='bbox 2191 1693 2237 1747; x_wconf 90' lang='lat' dir='ltr'><strong>si</strong></span> <span class='ocrx_word' id='word_1_249' title='bbox 2266 1693 2384 1762; x_wconf 85' lang='lat' dir='ltr'><strong>ejus</strong></span> <span class='ocrx_word' id='word_1_250' title='bbox 2409 1695 2552 1765; x_wconf 82' lang='lat' dir='ltr'><strong>leges</strong></span> <span class='ocrx_word' id='word_1_251' title='bbox 2578 1697 2701 1751; x_wconf 92' lang='lat' dir='ltr'><strong>odio</strong></span> <span class='ocrx_word' id='word_1_252' title='bbox 2727 1699 3007 1755; x_wconf 88' lang='lat' dir='ltr'><strong>habemus.</strong></span> <span class='ocrx_word' id='word_1_253' title='bbox 3036 1701 3137 1767; x_wconf 89' lang='lat' dir='ltr'><strong>Qui</strong></span> <span class='ocrx_word' id='word_1_254' title='bbox 3165 1703 3313 1757; x_wconf 86' lang='lat' dir='ltr'><strong>Patri</strong></span> <span class='ocrx_word' id='word_1_255' title='bbox 3338 1714 3390 1759; x_wconf 89' lang='lat' dir='ltr'><strong>et</strong></span> <span class='ocrx_word' id='word_1_256' title='bbox 3413 1705 3548 1758; x_wconf 78' lang='lat' dir='ltr'><strong>Filio</strong></span> 
     </span>
    </p>
   </div>
   <div class='ocr_carea' id='block_1_33' title="bbox 286 1769 3550 1863">
    <p class='ocr_par' dir='ltr' id='par_1_33' title="bbox 286 1769 3550 1863">
     <span class='ocr_line' id='line_1_33' title="bbox 286 1769 3550 1863; baseline 0.007 -38"><span class='ocrx_word' id='word_1_257' title='bbox 286 1794 524 1862; x_wconf 67' lang='lat' dir='ltr'><strong>Denique</strong></span> <span class='ocrx_word' id='word_1_258' title='bbox 553 1802 607 1848; x_wconf 64' lang='grc' dir='ltr'><strong>οι</strong></span> <span class='ocrx_word' id='word_1_259' title='bbox 639 1769 894 1863; x_wconf 57' lang='grc' dir='ltr'><strong>ρξοριιειθ</strong></span> <span class='ocrx_word' id='word_1_260' title='bbox 930 1769 1042 1861; x_wconf 49' lang='lat' dir='ltr'><strong>jgm</strong></span> <span class='ocrx_word' id='word_1_261' title='bbox 1084 1794 1293 1848; x_wconf 51' lang='lat' dir='ltr'><strong>dixem;</strong></span> <span class='ocrx_word' id='word_1_262' title='bbox 1319 1813 1332 1847; x_wconf 65' lang='grc' dir='ltr'>ε</span> <span class='ocrx_word' id='word_1_263' title='bbox 1374 1795 1444 1848; x_wconf 54' lang='lat' dir='ltr'><em>Et</em></span> <span class='ocrx_word' id='word_1_264' title='bbox 1487 1796 1641 1850; x_wconf 66' lang='lat' dir='ltr'><strong>homo</strong></span> <span class='ocrx_word' id='word_1_265' title='bbox 1671 1807 1767 1863; x_wconf 57' lang='grc' dir='ltr'><strong>εει,</strong></span> <span class='ocrx_word' id='word_1_266' title='bbox 1817 1808 1866 1852; x_wconf 71' lang='grc' dir='ltr'><em>ετ</em></span> <span class='ocrx_word' id='word_1_267' title='bbox 1902 1769 1938 1822; x_wconf 72' lang='grc' dir='ltr'><strong><em>Β</em></strong></span> <span class='ocrx_word' id='word_1_268' title='bbox 1969 1780 2071 1836; x_wconf 89' lang='lat' dir='ltr'><strong>ista</strong></span> <span class='ocrx_word' id='word_1_269' title='bbox 2096 1783 2293 1838; x_wconf 83' lang='lat' dir='ltr'><strong>dicenti</strong></span> <span class='ocrx_word' id='word_1_270' title='bbox 2316 1800 2420 1839; x_wconf 91' lang='lat' dir='ltr'><strong>non</strong></span> <span class='ocrx_word' id='word_1_271' title='bbox 2451 1787 2643 1852; x_wconf 84' lang='lat' dir='ltr'><strong>credit,</strong></span> <span class='ocrx_word' id='word_1_272' title='bbox 2680 1790 2910 1844; x_wconf 82' lang='lat' dir='ltr'><strong>mendax</strong></span> <span class='ocrx_word' id='word_1_273' title='bbox 2935 1800 3036 1856; x_wconf 90' lang='lat' dir='ltr'><strong>est,</strong></span> <span class='ocrx_word' id='word_1_274' title='bbox 3062 1793 3186 1862; x_wconf 90' lang='lat' dir='ltr'><strong>quia</strong></span> <span class='ocrx_word' id='word_1_275' title='bbox 3207 1794 3373 1848; x_wconf 87' lang='lat' dir='ltr'><strong>Deum</strong></span> <span class='ocrx_word' id='word_1_276' title='bbox 3397 1804 3550 1863; x_wconf 84' lang='lat' dir='ltr'><strong>putat</strong></span> 
     </span>
    </p>
   </div>
   <div class='ocr_carea' id='block_1_34' title="bbox 281 1886 1870 1959">
    <p class='ocr_par' dir='ltr' id='par_1_34' title="bbox 281 1886 1870 1959">
     <span class='ocr_line' id='line_1_34' title="bbox 281 1886 1870 1959; baseline 0.004 -21"><span class='ocrx_word' id='word_1_277' title='bbox 281 1887 399 1954; x_wconf 90' lang='lat' dir='ltr'><strong>quis</strong></span> <span class='ocrx_word' id='word_1_278' title='bbox 428 1888 658 1957; x_wconf 81' lang='lat' dir='ltr'><strong>agnoscit</strong></span> <span class='ocrx_word' id='word_1_279' title='bbox 697 1903 814 1940; x_wconf 89' lang='lat' dir='ltr'><strong>eum</strong></span> <span class='ocrx_word' id='word_1_280' title='bbox 842 1886 978 1956; x_wconf 87' lang='lat' dir='ltr'><strong>(Isa.</strong></span> <span class='ocrx_word' id='word_1_281' title='bbox 1011 1903 1126 1951; x_wconf 83' lang='lat' dir='ltr'><strong>Lm,</strong></span> <span class='ocrx_word' id='word_1_282' title='bbox 1152 1887 1470 1956; x_wconf 78' lang='lat' dir='ltr'><strong>5)?Aperte</strong></span> <span class='ocrx_word' id='word_1_283' title='bbox 1500 1903 1629 1959; x_wconf 84' lang='lat' dir='ltr'><strong>ergo</strong></span> <span class='ocrx_word' id='word_1_284' title='bbox 1676 1890 1751 1944; x_wconf 91' lang='lat' dir='ltr'><strong>illi</strong></span> <span class='ocrx_word' id='word_1_285' title='bbox 1785 1905 1870 1944; x_wconf 86' lang='lat' dir='ltr'><strong>se-</strong></span> 
     </span>
    </p>
   </div>
   <div class='ocr_carea' id='block_1_35' title="bbox 269 1976 1861 2050">
    <p class='ocr_par' dir='ltr' id='par_1_35' title="bbox 269 1976 1861 2050">
     <span class='ocr_line' id='line_1_35' title="bbox 269 1976 1861 2050; baseline 0.004 -19"><span class='ocrx_word' id='word_1_286' title='bbox 269 1978 519 2032; x_wconf 89' lang='lat' dir='ltr'><strong>cundum</strong></span> <span class='ocrx_word' id='word_1_287' title='bbox 549 1977 761 2032; x_wconf 84' lang='lat' dir='ltr'><strong>oculum</strong></span> <span class='ocrx_word' id='word_1_288' title='bbox 798 1976 1120 2045; x_wconf 85' lang='lat' dir='ltr'><strong>judicantes,</strong></span> <span class='ocrx_word' id='word_1_289' title='bbox 1154 1993 1240 2032; x_wconf 92' lang='lat' dir='ltr'><strong>me</strong></span> <span class='ocrx_word' id='word_1_290' title='bbox 1273 1987 1368 2032; x_wconf 88' lang='lat' dir='ltr'><strong>aut</strong></span> <span class='ocrx_word' id='word_1_291' title='bbox 1401 1979 1574 2033; x_wconf 83' lang='lat' dir='ltr'><strong>Etiam</strong></span> <span class='ocrx_word' id='word_1_292' title='bbox 1619 1990 1712 2034; x_wconf 91' lang='lat' dir='ltr'><strong>aut</strong></span> <span class='ocrx_word' id='word_1_293' title='bbox 1738 1997 1861 2050; x_wconf 87' lang='lat' dir='ltr'><strong>pro-</strong></span> 
     </span>
    </p>
   </div>
   <div class='ocr_carea' id='block_1_36' title="bbox 280 2068 1864 2138">
    <p class='ocr_par' dir='ltr' id='par_1_36' title="bbox 280 2068 1864 2138">
     <span class='ocr_line' id='line_1_36' title="bbox 280 2068 1864 2138; baseline 0.002 -16"><span class='ocrx_word' id='word_1_294' title='bbox 280 2070 523 2138; x_wconf 87' lang='lat' dir='ltr'><strong>phetam,</strong></span> <span class='ocrx_word' id='word_1_295' title='bbox 554 2075 647 2122; x_wconf 86' lang='lat' dir='ltr'><strong>aut</strong></span> <span class='ocrx_word' id='word_1_296' title='bbox 689 2084 854 2122; x_wconf 89' lang='lat' dir='ltr'><strong>unum</strong></span> <span class='ocrx_word' id='word_1_297' title='bbox 884 2068 1117 2136; x_wconf 88' lang='lat' dir='ltr'><strong>aliquem</strong></span> <span class='ocrx_word' id='word_1_298' title='bbox 1147 2069 1211 2121; x_wconf 87' lang='lat' dir='ltr'><strong>de</strong></span> <span class='ocrx_word' id='word_1_299' title='bbox 1242 2069 1521 2137; x_wconf 87' lang='lat' dir='ltr'><strong>prophetis</strong></span> <span class='ocrx_word' id='word_1_300' title='bbox 1555 2070 1864 2138; x_wconf 90' lang='lat' dir='ltr'><strong>loquuntur,</strong></span> 
     </span>
    </p>
   </div>
   <div class='ocr_carea' id='block_1_37' title="bbox 281 2159 1867 2230">
    <p class='ocr_par' dir='ltr' id='par_1_37' title="bbox 281 2159 1867 2230">
     <span class='ocr_line' id='line_1_37' title="bbox 281 2159 1867 2230; baseline 0.001 -16"><span class='ocrx_word' id='word_1_301' title='bbox 281 2161 409 2230; x_wconf 88' lang='lat' dir='ltr'><strong>quia</strong></span> <span class='ocrx_word' id='word_1_302' title='bbox 431 2176 516 2214; x_wconf 90' lang='lat' dir='ltr'><strong>me</strong></span> <span class='ocrx_word' id='word_1_303' title='bbox 541 2161 813 2215; x_wconf 91' lang='lat' dir='ltr'><strong>hominem</strong></span> <span class='ocrx_word' id='word_1_304' title='bbox 839 2159 986 2215; x_wconf 90' lang='lat' dir='ltr'><strong>omni</strong></span> <span class='ocrx_word' id='word_1_305' title='bbox 1011 2159 1196 2212; x_wconf 86' lang='lat' dir='ltr'><strong>habitu</strong></span> <span class='ocrx_word' id='word_1_306' title='bbox 1217 2161 1397 2214; x_wconf 90' lang='lat' dir='ltr'><strong>carnis</strong></span> <span class='ocrx_word' id='word_1_307' title='bbox 1421 2169 1738 2230; x_wconf 90' lang='lat' dir='ltr'><strong>agnoscunt.</strong></span> <span class='ocrx_word' id='word_1_308' title='bbox 1761 2161 1867 2216; x_wconf 81' lang='lat' dir='ltr'><strong>Sed</strong></span> 
     </span>
    </p>
   </div>
   <div class='ocr_carea' id='block_1_38' title="bbox 280 2250 1491 2320">
    <p class='ocr_par' dir='ltr' id='par_1_38' title="bbox 280 2250 1491 2320">
     <span class='ocr_line' id='line_1_38' title="bbox 280 2250 1491 2320; baseline -0.002 -15"><span class='ocrx_word' id='word_1_309' title='bbox 280 2253 376 2305; x_wconf 83' lang='lat' dir='ltr'><strong>tibi</strong></span> <span class='ocrx_word' id='word_1_310' title='bbox 401 2251 633 2306; x_wconf 70' lang='lat' dir='ltr'><strong>reuelauit</strong></span> <span class='ocrx_word' id='word_1_311' title='bbox 673 2251 835 2304; x_wconf 89' lang='lat' dir='ltr'><strong>Pater</strong></span> <span class='ocrx_word' id='word_1_312' title='bbox 861 2267 1005 2304; x_wconf 88' lang='lat' dir='ltr'><strong>meus</strong></span> <span class='ocrx_word' id='word_1_313' title='bbox 1033 2251 1123 2320; x_wconf 89' lang='lat' dir='ltr'><strong>qui</strong></span> <span class='ocrx_word' id='word_1_314' title='bbox 1150 2251 1205 2303; x_wconf 87' lang='lat' dir='ltr'><strong>in</strong></span> <span class='ocrx_word' id='word_1_315' title='bbox 1230 2250 1368 2304; x_wconf 72' lang='lat' dir='ltr'><strong>cretis</strong></span> <span class='ocrx_word' id='word_1_316' title='bbox 1397 2261 1491 2304; x_wconf 89' lang='lat' dir='ltr'><strong>est.</strong></span> 
     </span>
    </p>
   </div>
   <div class='ocr_carea' id='block_1_39' title="bbox 360 2341 1865 2411">
    <p class='ocr_par' dir='ltr' id='par_1_39' title="bbox 360 2341 1865 2411">
     <span class='ocr_line' id='line_1_39' title="bbox 360 2341 1865 2411; baseline 0.001 -14"><span class='ocrx_word' id='word_1_317' title='bbox 360 2344 420 2397; x_wconf 83' lang='lat' dir='ltr'><strong>V.</strong></span> <span class='ocrx_word' id='word_1_318' title='bbox 471 2343 695 2410; x_wconf 82' lang='lat' dir='ltr'><strong>Quando</strong></span> <span class='ocrx_word' id='word_1_319' title='bbox 747 2342 1046 2396; x_wconf 87' lang='lat' dir='ltr'><strong>revelavit?</strong></span> <span class='ocrx_word' id='word_1_320' title='bbox 1093 2341 1209 2407; x_wconf 90' lang='lat' dir='ltr'><strong>Quo</strong></span> <span class='ocrx_word' id='word_1_321' title='bbox 1260 2350 1502 2411; x_wconf 87' lang='lat' dir='ltr'><strong>tempore</strong></span> <span class='ocrx_word' id='word_1_322' title='bbox 1552 2343 1693 2398; x_wconf 85' lang='lat' dir='ltr'><strong>Deus</strong></span> <span class='ocrx_word' id='word_1_323' title='bbox 1745 2360 1865 2398; x_wconf 85' lang='lat' dir='ltr'><strong>cum</strong></span> 
     </span>
    </p>
   </div>
   <div class='ocr_carea' id='block_1_40' title="bbox 282 2431 1868 2501">
    <p class='ocr_par' dir='ltr' id='par_1_40' title="bbox 282 2431 1868 2501">
     <span class='ocr_line' id='line_1_40' title="bbox 282 2431 1868 2501; baseline -0.001 -13"><span class='ocrx_word' id='word_1_324' title='bbox 282 2434 445 2488; x_wconf 79' lang='lat' dir='ltr'><strong>Petro</strong></span> <span class='ocrx_word' id='word_1_325' title='bbox 471 2433 681 2488; x_wconf 89' lang='lat' dir='ltr'><strong>locutus</strong></span> <span class='ocrx_word' id='word_1_326' title='bbox 704 2433 827 2486; x_wconf 90' lang='lat' dir='ltr'><strong>est?</strong></span> <span class='ocrx_word' id='word_1_327' title='bbox 868 2431 1126 2486; x_wconf 81' lang='lat' dir='ltr'><strong>Revelarit</strong></span> <span class='ocrx_word' id='word_1_328' title='bbox 1151 2431 1266 2496; x_wconf 84' lang='lat' dir='ltr'><strong>tibi,</strong></span> <span class='ocrx_word' id='word_1_329' title='bbox 1305 2433 1497 2501; x_wconf 89' lang='lat' dir='ltr'><strong>inquit,</strong></span> <span class='ocrx_word' id='word_1_330' title='bbox 1527 2432 1689 2486; x_wconf 87' lang='lat' dir='ltr'><strong>Pater</strong></span> <span class='ocrx_word' id='word_1_331' title='bbox 1724 2450 1868 2488; x_wconf 90' lang='lat' dir='ltr'><strong>meus</strong></span> 
     </span>
    </p>
   </div>
   <div class='ocr_carea' id='block_1_41' title="bbox 283 2521 1868 2596">
    <p class='ocr_par' dir='ltr' id='par_1_41' title="bbox 283 2521 1868 2596">
     <span class='ocr_line' id='line_1_41' title="bbox 283 2521 1868 2596; baseline -0.003 -18"><span class='ocrx_word' id='word_1_332' title='bbox 283 2527 372 2596; x_wconf 70' lang='lat' dir='ltr'><strong>qui</strong></span> <span class='ocrx_word' id='word_1_333' title='bbox 398 2526 451 2578; x_wconf 87' lang='lat' dir='ltr'><strong>in</strong></span> <span class='ocrx_word' id='word_1_334' title='bbox 477 2523 616 2578; x_wconf 71' lang='lat' dir='ltr'><strong>caelis</strong></span> <span class='ocrx_word' id='word_1_335' title='bbox 644 2531 738 2576; x_wconf 87' lang='lat' dir='ltr'><strong>est.</strong></span> <span class='ocrx_word' id='word_1_336' title='bbox 768 2523 848 2577; x_wconf 87' lang='lat' dir='ltr'><strong>Ac</strong></span> <span class='ocrx_word' id='word_1_337' title='bbox 872 2522 917 2576; x_wconf 91' lang='lat' dir='ltr'><strong>si</strong></span> <span class='ocrx_word' id='word_1_338' title='bbox 949 2530 1132 2592; x_wconf 88' lang='lat' dir='ltr'><strong>aperte</strong></span> <span class='ocrx_word' id='word_1_339' title='bbox 1163 2523 1400 2576; x_wconf 89' lang='lat' dir='ltr'><strong>diceret:</strong></span> <span class='ocrx_word' id='word_1_340' title='bbox 1441 2521 1704 2590; x_wconf 83' lang='lat' dir='ltr'><strong>Operibus</strong></span> <span class='ocrx_word' id='word_1_341' title='bbox 1747 2536 1868 2576; x_wconf 84' lang='lat' dir='ltr'><strong>cre-</strong></span> 
     </span>
    </p>
   </div>
   <div class='ocr_carea' id='block_1_42' title="bbox 286 2612 1869 2682">
    <p class='ocr_par' dir='ltr' id='par_1_42' title="bbox 286 2612 1869 2682">
     <span class='ocr_line' id='line_1_42' title="bbox 286 2612 1869 2682; baseline -0.001 -13"><span class='ocrx_word' id='word_1_342' title='bbox 286 2615 489 2677; x_wconf 82' lang='lat' dir='ltr'><strong>didisti,</strong></span> <span class='ocrx_word' id='word_1_343' title='bbox 517 2629 636 2682; x_wconf 66' lang='lat' dir='ltr'><strong>quae</strong></span> <span class='ocrx_word' id='word_1_344' title='bbox 675 2628 760 2666; x_wconf 90' lang='lat' dir='ltr'><strong>me</strong></span> <span class='ocrx_word' id='word_1_345' title='bbox 799 2612 1089 2681; x_wconf 90' lang='lat' dir='ltr'><strong>loquuntur</strong></span> <span class='ocrx_word' id='word_1_346' title='bbox 1136 2612 1330 2666; x_wconf 86' lang='lat' dir='ltr'><strong>Filium</strong></span> <span class='ocrx_word' id='word_1_347' title='bbox 1378 2613 1494 2666; x_wconf 90' lang='lat' dir='ltr'><strong>Dei.</strong></span> <span class='ocrx_word' id='word_1_348' title='bbox 1547 2614 1736 2668; x_wconf 79' lang='lat' dir='ltr'><strong>Vidisti</strong></span> <span class='ocrx_word' id='word_1_349' title='bbox 1782 2629 1869 2668; x_wconf 89' lang='lat' dir='ltr'><strong>me</strong></span> 
     </span>
    </p>
   </div>
   <div class='ocr_carea' id='block_1_43' title="bbox 286 2702 1870 2768">
    <p class='ocr_par' dir='ltr' id='par_1_43' title="bbox 286 2702 1870 2768">
     <span class='ocr_line' id='line_1_43' title="bbox 286 2702 1870 2768; baseline 0.001 -11"><span class='ocrx_word' id='word_1_350' title='bbox 286 2711 526 2758; x_wconf 90' lang='lat' dir='ltr'><strong>mortuos</strong></span> <span class='ocrx_word' id='word_1_351' title='bbox 553 2703 834 2767; x_wconf 88' lang='lat' dir='ltr'><strong>suscitare,</strong></span> <span class='ocrx_word' id='word_1_352' title='bbox 868 2717 1038 2757; x_wconf 69' lang='lat' dir='ltr'><strong>cst-cos</strong></span> <span class='ocrx_word' id='word_1_353' title='bbox 1078 2702 1400 2768; x_wconf 88' lang='lat' dir='ltr'><strong>illuminare,</strong></span> <span class='ocrx_word' id='word_1_354' title='bbox 1449 2705 1642 2758; x_wconf 86' lang='lat' dir='ltr'><strong>surdos</strong></span> <span class='ocrx_word' id='word_1_355' title='bbox 1690 2703 1870 2759; x_wconf 82' lang='lat' dir='ltr'><strong>facere</strong></span> 
     </span>
    </p>
   </div>
   <div class='ocr_carea' id='block_1_44' title="bbox 288 2794 1868 2866">
    <p class='ocr_par' dir='ltr' id='par_1_44' title="bbox 288 2794 1868 2866">
     <span class='ocr_line' id='line_1_44' title="bbox 288 2794 1868 2866; baseline 0.001 -17"><span class='ocrx_word' id='word_1_356' title='bbox 288 2796 476 2850; x_wconf 83' lang='lat' dir='ltr'><strong>audire</strong></span> <span class='ocrx_word' id='word_1_357' title='bbox 520 2803 573 2849; x_wconf 89' lang='lat' dir='ltr'><strong>et</strong></span> <span class='ocrx_word' id='word_1_358' title='bbox 617 2802 794 2848; x_wconf 90' lang='lat' dir='ltr'><strong>mutos</strong></span> <span class='ocrx_word' id='word_1_359' title='bbox 833 2794 1011 2862; x_wconf 89' lang='lat' dir='ltr'><strong>loqui,</strong></span> <span class='ocrx_word' id='word_1_360' title='bbox 1055 2809 1215 2862; x_wconf 88' lang='lat' dir='ltr'><strong>super</strong></span> <span class='ocrx_word' id='word_1_361' title='bbox 1256 2811 1425 2864; x_wconf 88' lang='lat' dir='ltr'><strong>aquas</strong></span> <span class='ocrx_word' id='word_1_362' title='bbox 1453 2795 1598 2850; x_wconf 90' lang='lat' dir='ltr'><strong>sicco</strong></span> <span class='ocrx_word' id='word_1_363' title='bbox 1640 2797 1868 2866; x_wconf 83' lang='lat' dir='ltr'><strong>vestigio</strong></span> 
     </span>
    </p>
   </div>
   <div class='ocr_carea' id='block_1_45' title="bbox 289 2885 1865 2954">
    <p class='ocr_par' dir='ltr' id='par_1_45' title="bbox 289 2885 1865 2954">
     <span class='ocr_line' id='line_1_45' title="bbox 289 2885 1865 2954; baseline 0.001 -15"><span class='ocrx_word' id='word_1_364' title='bbox 289 2885 596 2949; x_wconf 85' lang='lat' dir='ltr'><strong>ambulare,</strong></span> <span class='ocrx_word' id='word_1_365' title='bbox 628 2885 802 2938; x_wconf 86' lang='lat' dir='ltr'><strong>ventis</strong></span> <span class='ocrx_word' id='word_1_366' title='bbox 847 2885 1134 2954; x_wconf 88' lang='lat' dir='ltr'><strong>imperare,</strong></span> <span class='ocrx_word' id='word_1_367' title='bbox 1181 2885 1424 2940; x_wconf 91' lang='lat' dir='ltr'><strong>inﬁrmos</strong></span> <span class='ocrx_word' id='word_1_368' title='bbox 1462 2889 1626 2942; x_wconf 87' lang='lat' dir='ltr'><strong>verbo</strong></span> <span class='ocrx_word' id='word_1_369' title='bbox 1654 2902 1865 2942; x_wconf 88' lang='lat' dir='ltr'><strong>sanare.</strong></span> 
     </span>
    </p>
   </div>
   <div class='ocr_carea' id='block_1_46' title="bbox 289 2976 1867 3046">
    <p class='ocr_par' dir='ltr' id='par_1_46' title="bbox 289 2976 1867 3046">
     <span class='ocr_line' id='line_1_46' title="bbox 289 2976 1867 3046; baseline 0.002 -17"><span class='ocrx_word' id='word_1_370' title='bbox 289 2977 386 3030; x_wconf 80' lang='lat' dir='ltr'><strong>His</strong></span> <span class='ocrx_word' id='word_1_371' title='bbox 415 2977 665 3045; x_wconf 88' lang='lat' dir='ltr'><strong>operibus</strong></span> <span class='ocrx_word' id='word_1_372' title='bbox 693 2976 988 3040; x_wconf 90' lang='lat' dir='ltr'><strong>credidisti,</strong></span> <span class='ocrx_word' id='word_1_373' title='bbox 1038 2991 1158 3044; x_wconf 69' lang='lat' dir='ltr'><strong>qua:</strong></span> <span class='ocrx_word' id='word_1_374' title='bbox 1204 2992 1291 3031; x_wconf 89' lang='lat' dir='ltr'><strong>me</strong></span> <span class='ocrx_word' id='word_1_375' title='bbox 1335 2977 1628 3046; x_wconf 90' lang='lat' dir='ltr'><strong>loquuntur</strong></span> <span class='ocrx_word' id='word_1_376' title='bbox 1673 2979 1867 3033; x_wconf 90' lang='lat' dir='ltr'><strong>Filium</strong></span> 
     </span>
    </p>
   </div>
   <div class='ocr_carea' id='block_1_47' title="bbox 290 3068 1944 3172">
    <p class='ocr_par' dir='ltr' id='par_1_47' title="bbox 290 3068 1944 3172">
     <span class='ocr_line' id='line_1_47' title="bbox 290 3068 1944 3172; baseline 0.004 -51"><span class='ocrx_word' id='word_1_377' title='bbox 290 3069 406 3122; x_wconf 84' lang='lat' dir='ltr'><strong>Dei.</strong></span> <span class='ocrx_word' id='word_1_378' title='bbox 448 3068 579 3122; x_wconf 86' lang='lat' dir='ltr'><strong>Nam</strong></span> <span class='ocrx_word' id='word_1_379' title='bbox 622 3079 676 3122; x_wconf 92' lang='lat' dir='ltr'><strong>et</strong></span> <span class='ocrx_word' id='word_1_380' title='bbox 715 3068 789 3122; x_wconf 91' lang='lat' dir='ltr'><strong>illi</strong></span> <span class='ocrx_word' id='word_1_381' title='bbox 837 3083 924 3122; x_wconf 90' lang='lat' dir='ltr'><strong>me</strong></span> <span class='ocrx_word' id='word_1_382' title='bbox 967 3069 1069 3122; x_wconf 86' lang='lat' dir='ltr'><strong>ista</strong></span> <span class='ocrx_word' id='word_1_383' title='bbox 1117 3068 1296 3123; x_wconf 82' lang='lat' dir='ltr'><strong>facere</strong></span> <span class='ocrx_word' id='word_1_384' title='bbox 1337 3069 1604 3136; x_wconf 88' lang='lat' dir='ltr'><strong>viderunt,</strong></span> <span class='ocrx_word' id='word_1_385' title='bbox 1652 3071 1743 3139; x_wconf 89' lang='lat' dir='ltr'><strong>qui</strong></span> <span class='ocrx_word' id='word_1_386' title='bbox 1783 3087 1869 3127; x_wconf 89' lang='lat' dir='ltr'><strong>me</strong></span> <span class='ocrx_word' id='word_1_387' title='bbox 1897 3109 1944 3172; x_wconf 65' lang='grc' dir='ltr'>ο</span> 
     </span>
    </p>
   </div>
   <div class='ocr_carea' id='block_1_48' title="bbox 290 3161 1872 3230">
    <p class='ocr_par' dir='ltr' id='par_1_48' title="bbox 290 3161 1872 3230">
     <span class='ocr_line' id='line_1_48' title="bbox 290 3161 1872 3230; baseline 0.002 -16"><span class='ocrx_word' id='word_1_388' title='bbox 290 3177 454 3215; x_wconf 85' lang='lat' dir='ltr'><strong>unum</strong></span> <span class='ocrx_word' id='word_1_389' title='bbox 482 3177 548 3216; x_wconf 86' lang='lat' dir='ltr'><strong>ex</strong></span> <span class='ocrx_word' id='word_1_390' title='bbox 565 3161 843 3230; x_wconf 87' lang='lat' dir='ltr'><strong>prophetis</strong></span> <span class='ocrx_word' id='word_1_391' title='bbox 863 3169 1342 3229; x_wconf 87' lang='lat' dir='ltr'><strong>nuncupaverunt:</strong></span> <span class='ocrx_word' id='word_1_392' title='bbox 1365 3161 1489 3230; x_wconf 88' lang='lat' dir='ltr'><strong>quia</strong></span> <span class='ocrx_word' id='word_1_393' title='bbox 1510 3177 1699 3217; x_wconf 90' lang='lat' dir='ltr'><strong>omnes</strong></span> <span class='ocrx_word' id='word_1_394' title='bbox 1720 3178 1872 3216; x_wconf 84' lang='lat' dir='ltr'><strong>men-</strong></span> 
     </span>
    </p>
   </div>
   <div class='ocr_carea' id='block_1_49' title="bbox 293 3251 1875 3320">
    <p class='ocr_par' dir='ltr' id='par_1_49' title="bbox 293 3251 1875 3320">
     <span class='ocr_line' id='line_1_49' title="bbox 293 3251 1875 3320; baseline 0 -13"><span class='ocrx_word' id='word_1_395' title='bbox 293 3253 503 3307; x_wconf 90' lang='lat' dir='ltr'><strong>dacium</strong></span> <span class='ocrx_word' id='word_1_396' title='bbox 533 3253 802 3316; x_wconf 82' lang='lat' dir='ltr'><strong>dixerunt,</strong></span> <span class='ocrx_word' id='word_1_397' title='bbox 827 3251 952 3320; x_wconf 88' lang='lat' dir='ltr'><strong>quia</strong></span> <span class='ocrx_word' id='word_1_398' title='bbox 972 3251 1039 3306; x_wconf 91' lang='lat' dir='ltr'><strong>de</strong></span> <span class='ocrx_word' id='word_1_399' title='bbox 1065 3267 1164 3307; x_wconf 92' lang='lat' dir='ltr'><strong>suo</strong></span> <span class='ocrx_word' id='word_1_400' title='bbox 1191 3251 1458 3316; x_wconf 83' lang='lat' dir='ltr'><strong>dixerunt,</strong></span> <span class='ocrx_word' id='word_1_401' title='bbox 1490 3267 1598 3306; x_wconf 92' lang='lat' dir='ltr'><strong>non</strong></span> <span class='ocrx_word' id='word_1_402' title='bbox 1624 3253 1690 3307; x_wconf 90' lang='lat' dir='ltr'><strong>de</strong></span> <span class='ocrx_word' id='word_1_403' title='bbox 1715 3253 1875 3307; x_wconf 86' lang='lat' dir='ltr'><strong>Patre</strong></span> 
     </span>
    </p>
   </div>
   <div class='ocr_carea' id='block_1_50' title="bbox 291 3339 1876 3411">
    <p class='ocr_par' dir='ltr' id='par_1_50' title="bbox 291 3339 1876 3411">
     <span class='ocr_line' id='line_1_50' title="bbox 291 3339 1876 3411; baseline -0.003 -13"><span class='ocrx_word' id='word_1_404' title='bbox 291 3341 588 3398; x_wconf 72' lang='lat' dir='ltr'><strong>mvelatum</strong></span> <span class='ocrx_word' id='word_1_405' title='bbox 615 3342 936 3396; x_wconf 87' lang='lat' dir='ltr'><strong>habuerunt.</strong></span> <span class='ocrx_word' id='word_1_406' title='bbox 963 3339 1064 3407; x_wconf 91' lang='lat' dir='ltr'><strong>Qui</strong></span> <span class='ocrx_word' id='word_1_407' title='bbox 1085 3340 1228 3396; x_wconf 90' lang='lat' dir='ltr'><strong>enim</strong></span> <span class='ocrx_word' id='word_1_408' title='bbox 1253 3340 1318 3394; x_wconf 85' lang='lat' dir='ltr'><strong>de</strong></span> <span class='ocrx_word' id='word_1_409' title='bbox 1337 3357 1433 3394; x_wconf 90' lang='lat' dir='ltr'><strong>suo</strong></span> <span class='ocrx_word' id='word_1_410' title='bbox 1459 3340 1708 3411; x_wconf 82' lang='lat' dir='ltr'><strong>loquitur,</strong></span> <span class='ocrx_word' id='word_1_411' title='bbox 1731 3358 1876 3394; x_wconf 84' lang='lat' dir='ltr'><strong>men-</strong></span> 
     </span>
    </p>
   </div>
   <div class='ocr_carea' id='block_1_51' title="bbox 292 3431 1876 3503">
    <p class='ocr_par' dir='ltr' id='par_1_51' title="bbox 292 3431 1876 3503">
     <span class='ocr_line' id='line_1_51' title="bbox 292 3431 1876 3503; baseline -0.002 -15"><span class='ocrx_word' id='word_1_412' title='bbox 292 3433 502 3488; x_wconf 85' lang='lat' dir='ltr'><strong>dacium</strong></span> <span class='ocrx_word' id='word_1_413' title='bbox 542 3433 802 3503; x_wconf 70' lang='lat' dir='ltr'><strong>loquifttr:</strong></span> <span class='ocrx_word' id='word_1_414' title='bbox 831 3432 956 3501; x_wconf 89' lang='lat' dir='ltr'><strong>quia</strong></span> <span class='ocrx_word' id='word_1_415' title='bbox 993 3431 1207 3500; x_wconf 91' lang='lat' dir='ltr'><strong>qualem</strong></span> <span class='ocrx_word' id='word_1_416' title='bbox 1256 3443 1345 3484; x_wconf 91' lang='lat' dir='ltr'><strong>me</strong></span> <span class='ocrx_word' id='word_1_417' title='bbox 1383 3431 1547 3498; x_wconf 86' lang='lat' dir='ltr'><strong>videt,</strong></span> <span class='ocrx_word' id='word_1_418' title='bbox 1597 3431 1757 3486; x_wconf 86' lang='lat' dir='ltr'><strong>talem</strong></span> <span class='ocrx_word' id='word_1_419' title='bbox 1791 3446 1876 3485; x_wconf 91' lang='lat' dir='ltr'><strong>me</strong></span> 
     </span>
    </p>
   </div>
   <div class='ocr_carea' id='block_1_52' title="bbox 293 3520 1873 3593">
    <p class='ocr_par' dir='ltr' id='par_1_52' title="bbox 293 3520 1873 3593">
     <span class='ocr_line' id='line_1_52' title="bbox 293 3520 1873 3593; baseline -0.002 -16"><span class='ocrx_word' id='word_1_420' title='bbox 293 3532 450 3593; x_wconf 83' lang='lat' dir='ltr'><strong>putat</strong></span> <span class='ocrx_word' id='word_1_421' title='bbox 475 3537 614 3578; x_wconf 92' lang='lat' dir='ltr'><strong>esse.</strong></span> <span class='ocrx_word' id='word_1_422' title='bbox 646 3522 750 3589; x_wconf 90' lang='lat' dir='ltr'><strong>Qui</strong></span> <span class='ocrx_word' id='word_1_423' title='bbox 783 3523 926 3578; x_wconf 89' lang='lat' dir='ltr'><strong>enim</strong></span> <span class='ocrx_word' id='word_1_424' title='bbox 946 3520 1014 3577; x_wconf 91' lang='lat' dir='ltr'><strong>de</strong></span> <span class='ocrx_word' id='word_1_425' title='bbox 1037 3522 1199 3576; x_wconf 88' lang='lat' dir='ltr'><strong>Patre</strong></span> <span class='ocrx_word' id='word_1_426' title='bbox 1225 3521 1393 3584; x_wconf 85' lang='lat' dir='ltr'><strong>audit,</strong></span> <span class='ocrx_word' id='word_1_427' title='bbox 1419 3522 1702 3576; x_wconf 87' lang='lat' dir='ltr'><strong>veritatem</strong></span> <span class='ocrx_word' id='word_1_428' title='bbox 1724 3521 1873 3586; x_wconf 85' lang='lat' dir='ltr'><strong>dicit,</strong></span> 
     </span>
    </p>
   </div>
   <div class='ocr_carea' id='block_1_53' title="bbox 293 3611 1750 3682">
    <p class='ocr_par' dir='ltr' id='par_1_53' title="bbox 293 3611 1750 3682">
     <span class='ocr_line' id='line_1_53' title="bbox 293 3611 1750 3682; baseline -0.002 -15"><span class='ocrx_word' id='word_1_429' title='bbox 293 3614 421 3682; x_wconf 88' lang='lat' dir='ltr'><strong>quia</strong></span> <span class='ocrx_word' id='word_1_430' title='bbox 447 3613 514 3667; x_wconf 85' lang='lat' dir='ltr'><strong>de</strong></span> <span class='ocrx_word' id='word_1_431' title='bbox 539 3614 768 3668; x_wconf 84' lang='lat' dir='ltr'><strong>veritate</strong></span> <span class='ocrx_word' id='word_1_432' title='bbox 792 3613 995 3676; x_wconf 88' lang='lat' dir='ltr'><strong>haurit,</strong></span> <span class='ocrx_word' id='word_1_433' title='bbox 1026 3619 1080 3666; x_wconf 91' lang='lat' dir='ltr'><strong>et</strong></span> <span class='ocrx_word' id='word_1_434' title='bbox 1116 3613 1182 3667; x_wconf 89' lang='lat' dir='ltr'><strong>de</strong></span> <span class='ocrx_word' id='word_1_435' title='bbox 1208 3611 1437 3665; x_wconf 88' lang='lat' dir='ltr'><strong>veritate</strong></span> <span class='ocrx_word' id='word_1_436' title='bbox 1467 3612 1750 3665; x_wconf 89' lang='lat' dir='ltr'><strong>certiﬁcat.</strong></span> 
     </span>
    </p>
   </div>
   <div class='ocr_carea' id='block_1_54' title="bbox 370 3699 1877 3768">
    <p class='ocr_par' dir='ltr' id='par_1_54' title="bbox 370 3699 1877 3768">
     <span class='ocr_line' id='line_1_54' title="bbox 370 3699 1877 3768; baseline -0.005 -11"><span class='ocrx_word' id='word_1_437' title='bbox 370 3703 451 3757; x_wconf 86' lang='lat' dir='ltr'><strong>Vl.</strong></span> <span class='ocrx_word' id='word_1_438' title='bbox 490 3703 629 3768; x_wconf 90' lang='lat' dir='ltr'><strong>Quid</strong></span> <span class='ocrx_word' id='word_1_439' title='bbox 663 3711 749 3757; x_wconf 87' lang='lat' dir='ltr'><strong>est</strong></span> <span class='ocrx_word' id='word_1_440' title='bbox 790 3701 1034 3756; x_wconf 83' lang='lat' dir='ltr'><strong>veritas?</strong></span> <span class='ocrx_word' id='word_1_441' title='bbox 1075 3700 1151 3752; x_wconf 89' lang='lat' dir='ltr'><strong>Tu</strong></span> <span class='ocrx_word' id='word_1_442' title='bbox 1189 3717 1243 3753; x_wconf 87' lang='lat' dir='ltr'><strong>es</strong></span> <span class='ocrx_word' id='word_1_443' title='bbox 1281 3699 1518 3752; x_wconf 79' lang='lat' dir='ltr'><strong>Christus</strong></span> <span class='ocrx_word' id='word_1_444' title='bbox 1564 3699 1737 3752; x_wconf 83' lang='lat' dir='ltr'><strong>Filius</strong></span> <span class='ocrx_word' id='word_1_445' title='bbox 1780 3699 1877 3751; x_wconf 88' lang='lat' dir='ltr'><strong>Dei</strong></span> 
     </span>
    </p>
   </div>
   <div class='ocr_carea' id='block_1_55' title="bbox 291 3787 1880 3859">
    <p class='ocr_par' dir='ltr' id='par_1_55' title="bbox 291 3787 1880 3859">
     <span class='ocr_line' id='line_1_55' title="bbox 291 3787 1880 3859; baseline -0.004 -13"><span class='ocrx_word' id='word_1_446' title='bbox 291 3794 412 3846; x_wconf 87' lang='lat' dir='ltr'><strong>vivi.</strong></span> <span class='ocrx_word' id='word_1_447' title='bbox 441 3793 560 3859; x_wconf 85' lang='lat' dir='ltr'><strong>Ipse</strong></span> <span class='ocrx_word' id='word_1_448' title='bbox 592 3793 734 3844; x_wconf 88' lang='lat' dir='ltr'><strong>enim</strong></span> <span class='ocrx_word' id='word_1_449' title='bbox 758 3789 1005 3845; x_wconf 84' lang='lat' dir='ltr'><strong>Christus</strong></span> <span class='ocrx_word' id='word_1_450' title='bbox 1036 3789 1140 3842; x_wconf 92' lang='lat' dir='ltr'><strong>hoc</strong></span> <span class='ocrx_word' id='word_1_451' title='bbox 1163 3788 1298 3842; x_wconf 81' lang='lat' dir='ltr'><strong>dixit</strong></span> <span class='ocrx_word' id='word_1_452' title='bbox 1325 3804 1338 3840; x_wconf 93' lang='lat'><strong>:</strong></span> <span class='ocrx_word' id='word_1_453' title='bbox 1382 3787 1494 3856; x_wconf 86' lang='lat' dir='ltr'><strong>Ego</strong></span> <span class='ocrx_word' id='word_1_454' title='bbox 1523 3803 1638 3841; x_wconf 85' lang='lat' dir='ltr'><strong>sum</strong></span> <span class='ocrx_word' id='word_1_455' title='bbox 1667 3788 1766 3851; x_wconf 87' lang='lat' dir='ltr'><strong>via,</strong></span> <span class='ocrx_word' id='word_1_456' title='bbox 1797 3803 1880 3840; x_wconf 84' lang='lat' dir='ltr'><strong>ve-</strong></span> 
     </span>
    </p>
   </div>
   <div class='ocr_carea' id='block_1_56' title="bbox 294 3875 1879 3940">
    <p class='ocr_par' dir='ltr' id='par_1_56' title="bbox 294 3875 1879 3940">
     <span class='ocr_line' id='line_1_56' title="bbox 294 3875 1879 3940; baseline -0.003 -6"><span class='ocrx_word' id='word_1_457' title='bbox 294 3883 426 3934; x_wconf 89' lang='lat' dir='ltr'><strong>ritas</strong></span> <span class='ocrx_word' id='word_1_458' title='bbox 451 3890 496 3933; x_wconf 90' lang='lat' dir='ltr'><strong>et</strong></span> <span class='ocrx_word' id='word_1_459' title='bbox 519 3881 642 3933; x_wconf 83' lang='lat' dir='ltr'><strong>vita.</strong></span> <span class='ocrx_word' id='word_1_460' title='bbox 680 3879 798 3933; x_wconf 87' lang='lat' dir='ltr'><strong>Non</strong></span> <span class='ocrx_word' id='word_1_461' title='bbox 825 3879 969 3933; x_wconf 88' lang='lat' dir='ltr'><strong>enim</strong></span> <span class='ocrx_word' id='word_1_462' title='bbox 992 3894 1090 3932; x_wconf 92' lang='lat' dir='ltr'><strong>nos</strong></span> <span class='ocrx_word' id='word_1_463' title='bbox 1119 3876 1480 3940; x_wconf 86' lang='lat' dir='ltr'><strong>interfuimus,</strong></span> <span class='ocrx_word' id='word_1_464' title='bbox 1518 3892 1641 3931; x_wconf 91' lang='lat' dir='ltr'><strong>cum</strong></span> <span class='ocrx_word' id='word_1_465' title='bbox 1662 3891 1693 3930; x_wconf 89' lang='lat' dir='ltr'><strong>a</strong></span> <span class='ocrx_word' id='word_1_466' title='bbox 1719 3875 1879 3930; x_wconf 84' lang='lat' dir='ltr'><strong>Patre</strong></span> 
     </span>
    </p>
   </div>
   <div class='ocr_carea' id='block_1_57' title="bbox 293 3965 1880 4027">
    <p class='ocr_par' dir='ltr' id='par_1_57' title="bbox 293 3965 1880 4027">
     <span class='ocr_line' id='line_1_57' title="bbox 293 3965 1880 4027; baseline -0.005 0"><span class='ocrx_word' id='word_1_467' title='bbox 293 3974 390 4027; x_wconf 88' lang='lat' dir='ltr'><strong>Dei</strong></span> <span class='ocrx_word' id='word_1_468' title='bbox 419 3971 584 4027; x_wconf 83' lang='lat' dir='ltr'><strong>Filius</strong></span> <span class='ocrx_word' id='word_1_469' title='bbox 624 3973 913 4027; x_wconf 87' lang='lat' dir='ltr'><strong>diceretur.</strong></span> <span class='ocrx_word' id='word_1_470' title='bbox 946 3969 1104 4024; x_wconf 94' lang='lat' dir='ltr'><strong>Solus</strong></span> <span class='ocrx_word' id='word_1_471' title='bbox 1139 3969 1302 4023; x_wconf 85' lang='lat' dir='ltr'><strong>Pater</strong></span> <span class='ocrx_word' id='word_1_472' title='bbox 1329 3967 1500 4022; x_wconf 85' lang='lat' dir='ltr'><strong>dixit:</strong></span> <span class='ocrx_word' id='word_1_473' title='bbox 1541 3966 1644 4020; x_wconf 84' lang='lat' dir='ltr'><strong>Hic</strong></span> <span class='ocrx_word' id='word_1_474' title='bbox 1679 3977 1751 4021; x_wconf 89' lang='lat' dir='ltr'><strong>est</strong></span> <span class='ocrx_word' id='word_1_475' title='bbox 1784 3965 1880 4020; x_wconf 78' lang='lat' dir='ltr'><strong>Fi—</strong></span> 
     </span>
    </p>
   </div>
   <div class='ocr_carea' id='block_1_58' title="bbox 293 4055 1877 4130">
    <p class='ocr_par' dir='ltr' id='par_1_58' title="bbox 293 4055 1877 4130">
     <span class='ocr_line' id='line_1_58' title="bbox 293 4055 1877 4130; baseline -0.004 -15"><span class='ocrx_word' id='word_1_476' title='bbox 293 4063 396 4116; x_wconf 88' lang='lat' dir='ltr'><strong>lius</strong></span> <span class='ocrx_word' id='word_1_477' title='bbox 421 4077 566 4115; x_wconf 89' lang='lat' dir='ltr'><strong>meus</strong></span> <span class='ocrx_word' id='word_1_478' title='bbox 585 4059 824 4123; x_wconf 86' lang='lat' dir='ltr'><strong>dilectus,</strong></span> <span class='ocrx_word' id='word_1_479' title='bbox 855 4060 910 4114; x_wconf 86' lang='lat' dir='ltr'><strong>in</strong></span> <span class='ocrx_word' id='word_1_480' title='bbox 933 4075 1037 4130; x_wconf 91' lang='lat' dir='ltr'><strong>quo</strong></span> <span class='ocrx_word' id='word_1_481' title='bbox 1059 4059 1185 4112; x_wconf 89' lang='lat' dir='ltr'><strong>mihi</strong></span> <span class='ocrx_word' id='word_1_482' title='bbox 1209 4058 1333 4112; x_wconf 83' lang='lat' dir='ltr'><strong>bene</strong></span> <span class='ocrx_word' id='word_1_483' title='bbox 1355 4055 1645 4127; x_wconf 82' lang='lat' dir='ltr'><strong>complacui</strong></span> <span class='ocrx_word' id='word_1_484' title='bbox 1661 4072 1681 4112; x_wconf 92' lang='lat'><strong>:</strong></span> <span class='ocrx_word' id='word_1_485' title='bbox 1709 4057 1877 4127; x_wconf 87' lang='lat' dir='ltr'><strong>ipsum</strong></span> 
     </span>
    </p>
   </div>
   <div class='ocr_carea' id='block_1_59' title="bbox 295 4148 1874 4212">
    <p class='ocr_par' dir='ltr' id='par_1_59' title="bbox 295 4148 1874 4212">
     <span class='ocr_line' id='line_1_59' title="bbox 295 4148 1874 4212; baseline -0.004 -5"><span class='ocrx_word' id='word_1_486' title='bbox 295 4154 474 4208; x_wconf 79' lang='lat' dir='ltr'><strong>audite</strong></span> <span class='ocrx_word' id='word_1_487' title='bbox 504 4154 672 4206; x_wconf 87' lang='lat' dir='ltr'><strong>omnis</strong></span> <span class='ocrx_word' id='word_1_488' title='bbox 712 4153 909 4204; x_wconf 87' lang='lat' dir='ltr'><strong>anima.</strong></span> <span class='ocrx_word' id='word_1_489' title='bbox 939 4149 1073 4204; x_wconf 87' lang='lat' dir='ltr'><strong>Nam</strong></span> <span class='ocrx_word' id='word_1_490' title='bbox 1113 4164 1235 4205; x_wconf 91' lang='lat' dir='ltr'><strong>cum</strong></span> <span class='ocrx_word' id='word_1_491' title='bbox 1280 4149 1449 4202; x_wconf 88' lang='lat' dir='ltr'><strong>omnis</strong></span> <span class='ocrx_word' id='word_1_492' title='bbox 1494 4149 1670 4202; x_wconf 89' lang='lat' dir='ltr'><strong>anima</strong></span> <span class='ocrx_word' id='word_1_493' title='bbox 1719 4148 1874 4212; x_wconf 84' lang='lat' dir='ltr'><strong>dixit,</strong></span> 
     </span>
    </p>
   </div>
   <div class='ocr_carea' id='block_1_60' title="bbox 294 4239 1878 4297">
    <p class='ocr_par' dir='ltr' id='par_1_60' title="bbox 294 4239 1878 4297">
     <span class='ocr_line' id='line_1_60' title="bbox 294 4239 1878 4297; baseline -0.002 0"><span class='ocrx_word' id='word_1_494' title='bbox 294 4242 452 4297; x_wconf 89' lang='lat' dir='ltr'><strong>nobis</strong></span> <span class='ocrx_word' id='word_1_495' title='bbox 477 4243 726 4297; x_wconf 90' lang='lat' dir='ltr'><strong>omnibus</strong></span> <span class='ocrx_word' id='word_1_496' title='bbox 754 4241 910 4296; x_wconf 83' lang='lat' dir='ltr'><strong>dixit.</strong></span> <span class='ocrx_word' id='word_1_497' title='bbox 935 4240 1124 4297; x_wconf 91' lang='lat' dir='ltr'><strong>Omnis</strong></span> <span class='ocrx_word' id='word_1_498' title='bbox 1151 4239 1295 4294; x_wconf 90' lang='lat' dir='ltr'><strong>enim</strong></span> <span class='ocrx_word' id='word_1_499' title='bbox 1321 4239 1501 4292; x_wconf 90' lang='lat' dir='ltr'><strong>anima</strong></span> <span class='ocrx_word' id='word_1_500' title='bbox 1525 4239 1700 4294; x_wconf 88' lang='lat' dir='ltr'><strong>omnis</strong></span> <span class='ocrx_word' id='word_1_501' title='bbox 1717 4239 1878 4294; x_wconf 90' lang='lat' dir='ltr'><strong>homo</strong></span> 
     </span>
    </p>
   </div>
   <div class='ocr_carea' id='block_1_61' title="bbox 295 4327 1878 4399">
    <p class='ocr_par' dir='ltr' id='par_1_61' title="bbox 295 4327 1878 4399">
     <span class='ocr_line' id='line_1_61' title="bbox 295 4327 1878 4399; baseline -0.003 -13"><span class='ocrx_word' id='word_1_502' title='bbox 295 4333 514 4397; x_wconf 89' lang='lat' dir='ltr'><strong>dicitur,</strong></span> <span class='ocrx_word' id='word_1_503' title='bbox 545 4331 686 4387; x_wconf 89' lang='lat' dir='ltr'><strong>sicut</strong></span> <span class='ocrx_word' id='word_1_504' title='bbox 705 4339 789 4386; x_wconf 91' lang='lat' dir='ltr'><strong>est</strong></span> <span class='ocrx_word' id='word_1_505' title='bbox 818 4331 946 4385; x_wconf 87' lang='lat' dir='ltr'><strong>illud</strong></span> <span class='ocrx_word' id='word_1_506' title='bbox 977 4331 1030 4384; x_wconf 91' lang='lat' dir='ltr'><strong>in</strong></span> <span class='ocrx_word' id='word_1_507' title='bbox 1061 4329 1289 4385; x_wconf 88' lang='lat' dir='ltr'><strong>Genesi:</strong></span> <span class='ocrx_word' id='word_1_508' title='bbox 1324 4327 1665 4399; x_wconf 79' lang='lat' dir='ltr'><strong>Septuaginta</strong></span> <span class='ocrx_word' id='word_1_509' title='bbox 1687 4331 1878 4388; x_wconf 74' lang='lat' dir='ltr'><strong>anima:</strong></span> 
     </span>
    </p>
   </div>
   <div class='ocr_carea' id='block_1_62' title="bbox 294 4419 1954 4502">
    <p class='ocr_par' dir='ltr' id='par_1_62' title="bbox 294 4419 1954 4502">
     <span class='ocr_line' id='line_1_62' title="bbox 294 4419 1954 4502; baseline -0.003 -24"><span class='ocrx_word' id='word_1_510' title='bbox 294 4425 542 4494; x_wconf 73' lang='lat' dir='ltr'><strong>ingressa&#39;</strong></span> <span class='ocrx_word' id='word_1_511' title='bbox 567 4434 687 4478; x_wconf 85' lang='lat' dir='ltr'><strong>sunt</strong></span> <span class='ocrx_word' id='word_1_512' title='bbox 717 4424 772 4477; x_wconf 89' lang='lat' dir='ltr'><strong>in</strong></span> <span class='ocrx_word' id='word_1_513' title='bbox 801 4423 1090 4493; x_wconf 59' lang='lat' dir='ltr'><strong>zEggptum</strong></span> <span class='ocrx_word' id='word_1_514' title='bbox 1114 4438 1231 4475; x_wconf 88' lang='lat' dir='ltr'><strong>cum</strong></span> <span class='ocrx_word' id='word_1_515' title='bbox 1251 4420 1436 4476; x_wconf 84' lang='lat' dir='ltr'><strong>Jacob.</strong></span> <span class='ocrx_word' id='word_1_516' title='bbox 1465 4419 1570 4474; x_wconf 86' lang='lat' dir='ltr'><strong>Per</strong></span> <span class='ocrx_word' id='word_1_517' title='bbox 1596 4428 1673 4475; x_wconf 89' lang='lat' dir='ltr'><strong>tot</strong></span> <span class='ocrx_word' id='word_1_518' title='bbox 1703 4422 1874 4475; x_wconf 88' lang='lat' dir='ltr'><strong>homi-</strong></span> <span class='ocrx_word' id='word_1_519' title='bbox 1906 4443 1954 4502; x_wconf 73' lang='grc' dir='ltr'><strong>ο</strong></span> 
     </span>
    </p>
   </div>
   <div class='ocr_carea' id='block_1_63' title="bbox 297 4511 1869 4574">
    <p class='ocr_par' dir='ltr' id='par_1_63' title="bbox 297 4511 1869 4574">
     <span class='ocr_line' id='line_1_63' title="bbox 297 4511 1869 4574; baseline -0.001 -7"><span class='ocrx_word' id='word_1_520' title='bbox 297 4529 394 4569; x_wconf 88' lang='lat' dir='ltr'><strong>nes</strong></span> <span class='ocrx_word' id='word_1_521' title='bbox 436 4515 595 4568; x_wconf 88' lang='lat' dir='ltr'><strong>Pater</strong></span> <span class='ocrx_word' id='word_1_522' title='bbox 621 4514 819 4569; x_wconf 89' lang='lat' dir='ltr'><strong>clamat</strong></span> <span class='ocrx_word' id='word_1_523' title='bbox 845 4513 913 4568; x_wconf 91' lang='lat' dir='ltr'><strong>de</strong></span> <span class='ocrx_word' id='word_1_524' title='bbox 938 4513 1074 4568; x_wconf 68' lang='lat' dir='ltr'><strong>caelo</strong></span> <span class='ocrx_word' id='word_1_525' title='bbox 1108 4512 1263 4567; x_wconf 92' lang='lat' dir='ltr'><strong>nobis</strong></span> <span class='ocrx_word' id='word_1_526' title='bbox 1291 4511 1343 4564; x_wconf 91' lang='lat' dir='ltr'><strong>in</strong></span> <span class='ocrx_word' id='word_1_527' title='bbox 1373 4520 1518 4565; x_wconf 89' lang='lat' dir='ltr'><strong>terra</strong></span> <span class='ocrx_word' id='word_1_528' title='bbox 1548 4512 1869 4574; x_wconf 87' lang='lat' dir='ltr'><strong>hominibus,</strong></span> 
     </span>
    </p>
   </div>
   <div class='ocr_carea' id='block_1_64' title="bbox 299 4603 1875 4670">
    <p class='ocr_par' dir='ltr' id='par_1_64' title="bbox 299 4603 1875 4670">
     <span class='ocr_line' id='line_1_64' title="bbox 299 4603 1875 4670; baseline -0.003 -10"><span class='ocrx_word' id='word_1_529' title='bbox 299 4614 358 4660; x_wconf 88' lang='lat' dir='ltr'><strong>ut</strong></span> <span class='ocrx_word' id='word_1_530' title='bbox 382 4605 576 4660; x_wconf 84' lang='lat' dir='ltr'><strong>Filium</strong></span> <span class='ocrx_word' id='word_1_531' title='bbox 607 4621 764 4661; x_wconf 89' lang='lat' dir='ltr'><strong>suum</strong></span> <span class='ocrx_word' id='word_1_532' title='bbox 794 4605 1096 4660; x_wconf 88' lang='lat' dir='ltr'><strong>audiamus.</strong></span> <span class='ocrx_word' id='word_1_533' title='bbox 1129 4603 1422 4658; x_wconf 86' lang='lat' dir='ltr'><strong>Credamus</strong></span> <span class='ocrx_word' id='word_1_534' title='bbox 1447 4603 1517 4665; x_wconf 89' lang='lat' dir='ltr'><strong>ei,</strong></span> <span class='ocrx_word' id='word_1_535' title='bbox 1547 4611 1599 4656; x_wconf 89' lang='lat' dir='ltr'><strong>et</strong></span> <span class='ocrx_word' id='word_1_536' title='bbox 1621 4603 1875 4670; x_wconf 62' lang='lat' dir='ltr'><strong>praedite</strong></span> 
     </span>
    </p>
   </div>
   <div class='ocr_carea' id='block_1_65' title="bbox 297 4690 1874 4760">
    <p class='ocr_par' dir='ltr' id='par_1_65' title="bbox 297 4690 1874 4760">
     <span class='ocr_line' id='line_1_65' title="bbox 297 4690 1874 4760; baseline -0.004 -12"><span class='ocrx_word' id='word_1_537' title='bbox 297 4709 420 4748; x_wconf 87' lang='lat' dir='ltr'><strong>mus</strong></span> <span class='ocrx_word' id='word_1_538' title='bbox 459 4709 582 4748; x_wconf 91' lang='lat' dir='ltr'><strong>eum</strong></span> <span class='ocrx_word' id='word_1_539' title='bbox 624 4709 809 4748; x_wconf 89' lang='lat' dir='ltr'><strong>coram</strong></span> <span class='ocrx_word' id='word_1_540' title='bbox 844 4693 1180 4755; x_wconf 88' lang='lat' dir='ltr'><strong>hominibus,</strong></span> <span class='ocrx_word' id='word_1_541' title='bbox 1225 4691 1500 4760; x_wconf 90' lang='lat' dir='ltr'><strong>proprium</strong></span> <span class='ocrx_word' id='word_1_542' title='bbox 1531 4705 1649 4744; x_wconf 89' lang='lat' dir='ltr'><strong>esse</strong></span> <span class='ocrx_word' id='word_1_543' title='bbox 1681 4690 1874 4744; x_wconf 83' lang='lat' dir='ltr'><strong>Filium</strong></span> 
     </span>
    </p>
   </div>
   <div class='ocr_carea' id='block_1_66' title="bbox 297 4780 1874 4852">
    <p class='ocr_par' dir='ltr' id='par_1_66' title="bbox 297 4780 1874 4852">
     <span class='ocr_line' id='line_1_66' title="bbox 297 4780 1874 4852; baseline -0.002 -15"><span class='ocrx_word' id='word_1_544' title='bbox 297 4783 418 4837; x_wconf 88' lang='lat' dir='ltr'><strong>Dei.</strong></span> <span class='ocrx_word' id='word_1_545' title='bbox 453 4783 588 4849; x_wconf 92' lang='lat' dir='ltr'><strong>Quid</strong></span> <span class='ocrx_word' id='word_1_546' title='bbox 626 4783 803 4852; x_wconf 90' lang='lat' dir='ltr'><strong>primo</strong></span> <span class='ocrx_word' id='word_1_547' title='bbox 829 4781 1182 4837; x_wconf 82' lang='lat' dir='ltr'><strong>dubitamus?</strong></span> <span class='ocrx_word' id='word_1_548' title='bbox 1221 4780 1279 4835; x_wconf 89' lang='lat' dir='ltr'><strong>Si</strong></span> <span class='ocrx_word' id='word_1_549' title='bbox 1308 4782 1417 4834; x_wconf 92' lang='lat' dir='ltr'><strong>Deo</strong></span> <span class='ocrx_word' id='word_1_550' title='bbox 1451 4794 1558 4833; x_wconf 90' lang='lat' dir='ltr'><strong>non</strong></span> <span class='ocrx_word' id='word_1_551' title='bbox 1584 4781 1874 4844; x_wconf 85' lang='lat' dir='ltr'><strong>credimus,</strong></span> 
     </span>
    </p>
   </div>
   <div class='ocr_carea' id='block_1_67' title="bbox 300 4870 1878 4940">
    <p class='ocr_par' dir='ltr' id='par_1_67' title="bbox 300 4870 1878 4940">
     <span class='ocr_line' id='line_1_67' title="bbox 300 4870 1878 4940; baseline -0.003 -12"><span class='ocrx_word' id='word_1_552' title='bbox 300 4874 383 4928; x_wconf 87' lang='lat' dir='ltr'><strong>cui</strong></span> <span class='ocrx_word' id='word_1_553' title='bbox 413 4874 724 4929; x_wconf 88' lang='lat' dir='ltr'><strong>credimus?</strong></span> <span class='ocrx_word' id='word_1_554' title='bbox 750 4873 931 4928; x_wconf 88' lang='lat' dir='ltr'><strong>omnia</strong></span> <span class='ocrx_word' id='word_1_555' title='bbox 975 4872 1120 4927; x_wconf 91' lang='lat' dir='ltr'><strong>enim</strong></span> <span class='ocrx_word' id='word_1_556' title='bbox 1163 4887 1284 4940; x_wconf 72' lang='lat' dir='ltr'><strong>qua:</strong></span> <span class='ocrx_word' id='word_1_557' title='bbox 1323 4871 1624 4934; x_wconf 87' lang='lat' dir='ltr'><strong>credimus,</strong></span> <span class='ocrx_word' id='word_1_558' title='bbox 1652 4870 1737 4925; x_wconf 91' lang='lat' dir='ltr'><strong>vel</strong></span> <span class='ocrx_word' id='word_1_559' title='bbox 1766 4872 1878 4924; x_wconf 84' lang='lat' dir='ltr'><strong>visu</strong></span> 
     </span>
    </p>
   </div>
   <div class='ocr_carea' id='block_1_68' title="bbox 301 4958 1881 5030">
    <p class='ocr_par' dir='ltr' id='par_1_68' title="bbox 301 4958 1881 5030">
     <span class='ocr_line' id='line_1_68' title="bbox 301 4958 1881 5030; baseline -0.003 -12"><span class='ocrx_word' id='word_1_560' title='bbox 301 4963 590 5028; x_wconf 90' lang='lat' dir='ltr'><strong>credimus,</strong></span> <span class='ocrx_word' id='word_1_561' title='bbox 622 4963 706 5018; x_wconf 91' lang='lat' dir='ltr'><strong>vel</strong></span> <span class='ocrx_word' id='word_1_562' title='bbox 741 4963 947 5018; x_wconf 90' lang='lat' dir='ltr'><strong>auditu.</strong></span> <span class='ocrx_word' id='word_1_563' title='bbox 977 4962 1137 5016; x_wconf 91' lang='lat' dir='ltr'><strong>Visus</strong></span> <span class='ocrx_word' id='word_1_564' title='bbox 1160 4961 1452 5030; x_wconf 90' lang='lat' dir='ltr'><strong>aliquando</strong></span> <span class='ocrx_word' id='word_1_565' title='bbox 1479 4958 1700 5024; x_wconf 78' lang='lat' dir='ltr'><strong>fallitur,</strong></span> <span class='ocrx_word' id='word_1_566' title='bbox 1731 4961 1881 5014; x_wconf 88' lang='lat' dir='ltr'><strong>audi-</strong></span> 
     </span>
    </p>
   </div>
   <div class='ocr_carea' id='block_1_69' title="bbox 302 5049 1879 5118">
    <p class='ocr_par' dir='ltr' id='par_1_69' title="bbox 302 5049 1879 5118">
     <span class='ocr_line' id='line_1_69' title="bbox 302 5049 1879 5118; baseline -0.003 -9"><span class='ocrx_word' id='word_1_567' title='bbox 302 5065 392 5111; x_wconf 87' lang='lat' dir='ltr'><strong>tus</strong></span> <span class='ocrx_word' id='word_1_568' title='bbox 424 5063 604 5110; x_wconf 90' lang='lat' dir='ltr'><strong>tamen</strong></span> <span class='ocrx_word' id='word_1_569' title='bbox 657 5055 711 5108; x_wconf 90' lang='lat' dir='ltr'><strong>in</strong></span> <span class='ocrx_word' id='word_1_570' title='bbox 745 5055 848 5109; x_wconf 91' lang='lat' dir='ltr'><strong>ﬁde</strong></span> <span class='ocrx_word' id='word_1_571' title='bbox 889 5063 992 5109; x_wconf 90' lang='lat' dir='ltr'><strong>est.</strong></span> <span class='ocrx_word' id='word_1_572' title='bbox 1047 5052 1287 5106; x_wconf 88' lang='lat' dir='ltr'><strong>Fuerunt</strong></span> <span class='ocrx_word' id='word_1_573' title='bbox 1328 5058 1456 5105; x_wconf 92' lang='lat' dir='ltr'><strong>tunc</strong></span> <span class='ocrx_word' id='word_1_574' title='bbox 1485 5051 1575 5118; x_wconf 89' lang='lat' dir='ltr'><strong>qui</strong></span> <span class='ocrx_word' id='word_1_575' title='bbox 1609 5049 1879 5106; x_wconf 86' lang='lat' dir='ltr'><strong>Christum</strong></span> 
     </span>
    </p>
   </div>
   <div class='ocr_carea' id='block_1_70' title="bbox 302 5140 1882 5209">
    <p class='ocr_par' dir='ltr' id='par_1_70' title="bbox 302 5140 1882 5209">
     <span class='ocr_line' id='line_1_70' title="bbox 302 5140 1882 5209; baseline -0.004 -10"><span class='ocrx_word' id='word_1_576' title='bbox 302 5145 573 5207; x_wconf 85' lang='lat' dir='ltr'><strong>viderunt,</strong></span> <span class='ocrx_word' id='word_1_577' title='bbox 599 5152 665 5199; x_wconf 76' lang='lat' dir='ltr'><strong>&#39;et</strong></span> <span class='ocrx_word' id='word_1_578' title='bbox 692 5143 1073 5208; x_wconf 89' lang='lat' dir='ltr'><strong>crediderunt;</strong></span> <span class='ocrx_word' id='word_1_579' title='bbox 1117 5141 1332 5197; x_wconf 84' lang='lat' dir='ltr'><strong>fuerunt</strong></span> <span class='ocrx_word' id='word_1_580' title='bbox 1372 5140 1464 5209; x_wconf 90' lang='lat' dir='ltr'><strong>qui</strong></span> <span class='ocrx_word' id='word_1_581' title='bbox 1510 5140 1785 5203; x_wconf 88' lang='lat' dir='ltr'><strong>viderunt,</strong></span> <span class='ocrx_word' id='word_1_582' title='bbox 1828 5147 1882 5193; x_wconf 91' lang='lat' dir='ltr'><strong>et</strong></span> 
     </span>
    </p>
   </div>
   <div class='ocr_carea' id='block_1_71' title="bbox 303 5231 1879 5302">
    <p class='ocr_par' dir='ltr' id='par_1_71' title="bbox 303 5231 1879 5302">
     <span class='ocr_line' id='line_1_71' title="bbox 303 5231 1879 5302; baseline -0.006 -9"><span class='ocrx_word' id='word_1_583' title='bbox 303 5253 410 5293; x_wconf 91' lang='lat' dir='ltr'><strong>non</strong></span> <span class='ocrx_word' id='word_1_584' title='bbox 433 5237 795 5292; x_wconf 90' lang='lat' dir='ltr'><strong>crediderunt.</strong></span> <span class='ocrx_word' id='word_1_585' title='bbox 826 5235 962 5290; x_wconf 86' lang='lat' dir='ltr'><strong>Sunt</strong></span> <span class='ocrx_word' id='word_1_586' title='bbox 987 5249 1128 5288; x_wconf 89' lang='lat' dir='ltr'><strong>nunc</strong></span> <span class='ocrx_word' id='word_1_587' title='bbox 1149 5234 1238 5302; x_wconf 89' lang='lat' dir='ltr'><strong>qui</strong></span> <span class='ocrx_word' id='word_1_588' title='bbox 1263 5231 1609 5300; x_wconf 84' lang='lat' dir='ltr'><strong>Evangelium</strong></span> <span class='ocrx_word' id='word_1_589' title='bbox 1636 5231 1879 5297; x_wconf 90' lang='lat' dir='ltr'><strong>audiunt,</strong></span> 
     </span>
    </p>
   </div>
   <div class='ocr_carea' id='block_1_72' title="bbox 299 5318 1880 5383">
    <p class='ocr_par' dir='ltr' id='par_1_72' title="bbox 299 5318 1880 5383">
     <span class='ocr_line' id='line_1_72' title="bbox 299 5318 1880 5383; baseline -0.007 0"><span class='ocrx_word' id='word_1_590' title='bbox 299 5336 357 5383; x_wconf 89' lang='lat' dir='ltr'><strong>ct</strong></span> <span class='ocrx_word' id='word_1_591' title='bbox 390 5326 663 5383; x_wconf 85' lang='lat' dir='ltr'><strong>Christum</strong></span> <span class='ocrx_word' id='word_1_592' title='bbox 689 5340 872 5381; x_wconf 90' lang='lat' dir='ltr'><strong>coram</strong></span> <span class='ocrx_word' id='word_1_593' title='bbox 893 5322 1200 5378; x_wconf 86' lang='lat' dir='ltr'><strong>hominibus</strong></span> <span class='ocrx_word' id='word_1_594' title='bbox 1226 5322 1320 5377; x_wconf 90' lang='lat' dir='ltr'><strong>Dei</strong></span> <span class='ocrx_word' id='word_1_595' title='bbox 1348 5321 1538 5374; x_wconf 86' lang='lat' dir='ltr'><strong>Filium</strong></span> <span class='ocrx_word' id='word_1_596' title='bbox 1565 5318 1880 5375; x_wconf 87' lang='lat' dir='ltr'><strong>cruciﬁxum</strong></span> 
     </span>
    </p>
   </div>
   <div class='ocr_carea' id='block_1_73' title="bbox 302 5413 1884 5484">
    <p class='ocr_par' dir='ltr' id='par_1_73' title="bbox 302 5413 1884 5484">
     <span class='ocr_line' id='line_1_73' title="bbox 302 5413 1884 5484; baseline -0.011 -4"><span class='ocrx_word' id='word_1_597' title='bbox 302 5421 661 5483; x_wconf 90' lang='lat' dir='ltr'><strong>conﬁtentur;</strong></span> <span class='ocrx_word' id='word_1_598' title='bbox 699 5426 753 5473; x_wconf 92' lang='lat' dir='ltr'><strong>et</strong></span> <span class='ocrx_word' id='word_1_599' title='bbox 777 5424 923 5480; x_wconf 87' lang='lat' dir='ltr'><strong>sunt,</strong></span> <span class='ocrx_word' id='word_1_600' title='bbox 951 5417 1040 5484; x_wconf 86' lang='lat' dir='ltr'><strong>qui</strong></span> <span class='ocrx_word' id='word_1_601' title='bbox 1071 5431 1195 5470; x_wconf 91' lang='lat' dir='ltr'><strong>eum</strong></span> <span class='ocrx_word' id='word_1_602' title='bbox 1217 5413 1310 5468; x_wconf 85' lang='lat' dir='ltr'><strong>Dei</strong></span> <span class='ocrx_word' id='word_1_603' title='bbox 1338 5413 1533 5468; x_wconf 80' lang='lat' dir='ltr'><strong>Filium</strong></span> <span class='ocrx_word' id='word_1_604' title='bbox 1563 5426 1744 5466; x_wconf 89' lang='lat' dir='ltr'><strong>coram</strong></span> <span class='ocrx_word' id='word_1_605' title='bbox 1767 5425 1884 5464; x_wconf 90' lang='lat' dir='ltr'><strong>om-</strong></span> 
     </span>
    </p>
   </div>
   <div class='ocr_carea' id='block_1_74' title="bbox 305 5501 1884 5572">
    <p class='ocr_par' dir='ltr' id='par_1_74' title="bbox 305 5501 1884 5572">
     <span class='ocr_line' id='line_1_74' title="bbox 305 5501 1884 5572; baseline -0.01 -3"><span class='ocrx_word' id='word_1_606' title='bbox 305 5514 465 5570; x_wconf 85' lang='lat' dir='ltr'><strong>nibus</strong></span> <span class='ocrx_word' id='word_1_607' title='bbox 483 5525 590 5564; x_wconf 89' lang='lat' dir='ltr'><strong>non</strong></span> <span class='ocrx_word' id='word_1_608' title='bbox 609 5523 728 5563; x_wconf 90' lang='lat' dir='ltr'><strong>esse</strong></span> <span class='ocrx_word' id='word_1_609' title='bbox 754 5506 1103 5562; x_wconf 89' lang='lat' dir='ltr'><strong>contendunt.</strong></span> <span class='ocrx_word' id='word_1_610' title='bbox 1125 5503 1375 5558; x_wconf 86' lang='lat' dir='ltr'><strong>Intonant</strong></span> <span class='ocrx_word' id='word_1_611' title='bbox 1394 5503 1690 5572; x_wconf 58' lang='lat' dir='ltr'><strong>prophetat,</strong></span> <span class='ocrx_word' id='word_1_612' title='bbox 1714 5501 1884 5557; x_wconf 89' lang='lat' dir='ltr'><strong>Evan-</strong></span> 
     </span>
    </p>
   </div>
   <div class='ocr_carea' id='block_1_75' title="bbox 305 5594 1880 5676">
    <p class='ocr_par' dir='ltr' id='par_1_75' title="bbox 305 5594 1880 5676">
     <span class='ocr_line' id='line_1_75' title="bbox 305 5594 1880 5676; baseline -0.008 -18"><span class='ocrx_word' id='word_1_613' title='bbox 305 5607 502 5676; x_wconf 82' lang='lat' dir='ltr'><strong>geltum</strong></span> <span class='ocrx_word' id='word_1_614' title='bbox 526 5601 740 5660; x_wconf 88' lang='lat' dir='ltr'><strong>clamat,</strong></span> <span class='ocrx_word' id='word_1_615' title='bbox 771 5605 826 5652; x_wconf 88' lang='lat' dir='ltr'><strong>et</strong></span> <span class='ocrx_word' id='word_1_616' title='bbox 859 5596 998 5651; x_wconf 89' lang='lat' dir='ltr'><strong>idem</strong></span> <span class='ocrx_word' id='word_1_617' title='bbox 1027 5596 1191 5650; x_wconf 85' lang='lat' dir='ltr'><strong>Filius</strong></span> <span class='ocrx_word' id='word_1_618' title='bbox 1223 5611 1317 5665; x_wconf 87' lang='lat' dir='ltr'><strong>per</strong></span> <span class='ocrx_word' id='word_1_619' title='bbox 1341 5594 1686 5664; x_wconf 84' lang='lat' dir='ltr'><strong>Evangelium</strong></span> <span class='ocrx_word' id='word_1_620' title='bbox 1726 5608 1880 5647; x_wconf 91' lang='lat' dir='ltr'><strong>suum</strong></span> 
     </span>
    </p>
   </div>
   <div class='ocr_carea' id='block_1_76' title="bbox 307 5683 1882 5756">
    <p class='ocr_par' dir='ltr' id='par_1_76' title="bbox 307 5683 1882 5756">
     <span class='ocr_line' id='line_1_76' title="bbox 307 5683 1882 5756; baseline -0.008 -8"><span class='ocrx_word' id='word_1_621' title='bbox 307 5693 471 5748; x_wconf 89' lang='lat' dir='ltr'><strong>dicit:</strong></span> <span class='ocrx_word' id='word_1_622' title='bbox 515 5691 693 5756; x_wconf 74' lang='lat' dir='ltr'><strong>Pater;</strong></span> <span class='ocrx_word' id='word_1_623' title='bbox 733 5687 966 5754; x_wconf 71' lang='lat' dir='ltr'><strong>ciariﬁca</strong></span> <span class='ocrx_word' id='word_1_624' title='bbox 1001 5685 1196 5741; x_wconf 81' lang='lat' dir='ltr'><strong>Filium</strong></span> <span class='ocrx_word' id='word_1_625' title='bbox 1226 5694 1402 5752; x_wconf 89' lang='lat' dir='ltr'><strong>tuum,</strong></span> <span class='ocrx_word' id='word_1_626' title='bbox 1448 5694 1503 5738; x_wconf 89' lang='lat' dir='ltr'><strong>ut</strong></span> <span class='ocrx_word' id='word_1_627' title='bbox 1548 5683 1718 5739; x_wconf 81' lang='lat' dir='ltr'><strong>Filius</strong></span> <span class='ocrx_word' id='word_1_628' title='bbox 1761 5693 1882 5736; x_wconf 86' lang='lat' dir='ltr'><strong>tuus</strong></span> 
     </span>
    </p>
   </div>
   <div class='ocr_carea' id='block_1_77' title="bbox 1967 1878 3548 1955">
    <p class='ocr_par' dir='ltr' id='par_1_77' title="bbox 1967 1878 3548 1955">
     <span class='ocr_line' id='line_1_77' title="bbox 1967 1878 3548 1955; baseline 0.007 -26"><span class='ocrx_word' id='word_1_629' title='bbox 1967 1890 2087 1932; x_wconf 87' lang='lat' dir='ltr'><strong>esse</strong></span> <span class='ocrx_word' id='word_1_630' title='bbox 2117 1879 2423 1932; x_wconf 89' lang='lat' dir='ltr'><strong>mentitum.</strong></span> <span class='ocrx_word' id='word_1_631' title='bbox 2455 1878 2511 1933; x_wconf 92' lang='lat' dir='ltr'><strong>Si</strong></span> <span class='ocrx_word' id='word_1_632' title='bbox 2543 1880 2647 1934; x_wconf 88' lang='lat' dir='ltr'><strong>viri</strong></span> <span class='ocrx_word' id='word_1_633' title='bbox 2672 1881 2798 1935; x_wconf 90' lang='lat' dir='ltr'><strong>boni</strong></span> <span class='ocrx_word' id='word_1_634' title='bbox 2827 1883 3083 1947; x_wconf 89' lang='lat' dir='ltr'><strong>dicerent,</strong></span> <span class='ocrx_word' id='word_1_635' title='bbox 3135 1885 3287 1940; x_wconf 82' lang='lat' dir='ltr'><strong>nefas</strong></span> <span class='ocrx_word' id='word_1_636' title='bbox 3324 1898 3548 1955; x_wconf 83' lang='lat' dir='ltr'><strong>putare-</strong></span> 
     </span>
    </p>
   </div>
   <div class='ocr_carea' id='block_1_78' title="bbox 1969 1968 3548 2043">
    <p class='ocr_par' dir='ltr' id='par_1_78' title="bbox 1969 1968 3548 2043">
     <span class='ocr_line' id='line_1_78' title="bbox 1969 1968 3548 2043; baseline 0.007 -23"><span class='ocrx_word' id='word_1_637' title='bbox 1969 1983 2088 2022; x_wconf 90' lang='lat' dir='ltr'><strong>mus</strong></span> <span class='ocrx_word' id='word_1_638' title='bbox 2114 1982 2360 2022; x_wconf 89' lang='lat' dir='ltr'><strong>essenon</strong></span> <span class='ocrx_word' id='word_1_639' title='bbox 2397 1968 2637 2024; x_wconf 89' lang='lat' dir='ltr'><strong>credere.</strong></span> <span class='ocrx_word' id='word_1_640' title='bbox 2685 1971 2826 2026; x_wconf 90' lang='lat' dir='ltr'><strong>Deus</strong></span> <span class='ocrx_word' id='word_1_641' title='bbox 2866 1974 3078 2038; x_wconf 87' lang='lat' dir='ltr'><strong>asserit,</strong></span> <span class='ocrx_word' id='word_1_642' title='bbox 3126 1977 3319 2043; x_wconf 85' lang='lat' dir='ltr'><strong>probat</strong></span> <span class='ocrx_word' id='word_1_643' title='bbox 3360 1977 3548 2040; x_wconf 83' lang='lat' dir='ltr'><strong>Filius,</strong></span> 
     </span>
    </p>
   </div>
   <div class='ocr_carea' id='block_1_79' title="bbox 1969 2062 3546 2134">
    <p class='ocr_par' dir='ltr' id='par_1_79' title="bbox 1969 2062 3546 2134">
     <span class='ocr_line' id='line_1_79' title="bbox 1969 2062 3546 2134; baseline 0.006 -23"><span class='ocrx_word' id='word_1_644' title='bbox 1969 2067 2208 2112; x_wconf 89' lang='lat' dir='ltr'><strong>tremens</strong></span> <span class='ocrx_word' id='word_1_645' title='bbox 2235 2067 2377 2114; x_wconf 89' lang='lat' dir='ltr'><strong>terra</strong></span> <span class='ocrx_word' id='word_1_646' title='bbox 2409 2068 2672 2115; x_wconf 85' lang='lat' dir='ltr'><strong>testatur:</strong></span> <span class='ocrx_word' id='word_1_647' title='bbox 2715 2062 2925 2117; x_wconf 78' lang='lat' dir='ltr'><strong>inferna</strong></span> <span class='ocrx_word' id='word_1_648' title='bbox 2955 2067 3196 2134; x_wconf 80' lang='lat' dir='ltr'><strong>captivos</strong></span> <span class='ocrx_word' id='word_1_649' title='bbox 3242 2069 3546 2131; x_wconf 87' lang='lat' dir='ltr'><strong>absolvunt,</strong></span> 
     </span>
    </p>
   </div>
   <div class='ocr_carea' id='block_1_80' title="bbox 1969 2149 3544 2224">
    <p class='ocr_par' dir='ltr' id='par_1_80' title="bbox 1969 2149 3544 2224">
     <span class='ocr_line' id='line_1_80' title="bbox 1969 2149 3544 2224; baseline 0.008 -25"><span class='ocrx_word' id='word_1_650' title='bbox 1969 2149 2137 2201; x_wconf 89' lang='lat' dir='ltr'><strong>maria</strong></span> <span class='ocrx_word' id='word_1_651' title='bbox 2158 2150 2431 2214; x_wconf 89' lang='lat' dir='ltr'><strong>obediunt,</strong></span> <span class='ocrx_word' id='word_1_652' title='bbox 2453 2151 2717 2206; x_wconf 86' lang='lat' dir='ltr'><strong>elementa</strong></span> <span class='ocrx_word' id='word_1_653' title='bbox 2739 2155 2998 2221; x_wconf 84' lang='lat' dir='ltr'><strong>serviunt,</strong></span> <span class='ocrx_word' id='word_1_654' title='bbox 3016 2167 3184 2224; x_wconf 76' lang='lat' dir='ltr'><strong>petra:</strong></span> <span class='ocrx_word' id='word_1_655' title='bbox 3206 2158 3544 2220; x_wconf 88' lang='lat' dir='ltr'><strong>scinduntur.</strong></span> 
     </span>
    </p>
   </div>
   <div class='ocr_carea' id='block_1_81' title="bbox 1967 2239 3548 2315">
    <p class='ocr_par' dir='ltr' id='par_1_81' title="bbox 1967 2239 3548 2315">
     <span class='ocr_line' id='line_1_81' title="bbox 1967 2239 3548 2315; baseline 0.006 -21"><span class='ocrx_word' id='word_1_656' title='bbox 1967 2239 2048 2294; x_wconf 89' lang='lat' dir='ltr'><strong>sol</strong></span> <span class='ocrx_word' id='word_1_657' title='bbox 2079 2241 2420 2305; x_wconf 90' lang='lat' dir='ltr'><strong>obscuratur,</strong></span> <span class='ocrx_word' id='word_1_658' title='bbox 2467 2251 2522 2296; x_wconf 87' lang='lat' dir='ltr'><strong>et</strong></span> <span class='ocrx_word' id='word_1_659' title='bbox 2567 2243 2870 2310; x_wconf 68' lang='lat' dir='ltr'><strong>haereticus,</strong></span> <span class='ocrx_word' id='word_1_660' title='bbox 2912 2262 3033 2300; x_wconf 87' lang='lat' dir='ltr'><strong>cum</strong></span> <span class='ocrx_word' id='word_1_661' title='bbox 3068 2256 3209 2303; x_wconf 89' lang='lat' dir='ltr'><strong>esset</strong></span> <span class='ocrx_word' id='word_1_662' title='bbox 3246 2250 3548 2315; x_wconf 79' lang='lat' dir='ltr'><strong>rationalis,</strong></span> 
     </span>
    </p>
   </div>
   <div class='ocr_carea' id='block_1_82' title="bbox 1969 2331 3340 2402">
    <p class='ocr_par' dir='ltr' id='par_1_82' title="bbox 1969 2331 3340 2402">
     <span class='ocr_line' id='line_1_82' title="bbox 1969 2331 3340 2402; baseline 0.008 -19"><span class='ocrx_word' id='word_1_663' title='bbox 1969 2331 2136 2385; x_wconf 92' lang='lat' dir='ltr'><strong>ﬁlium</strong></span> <span class='ocrx_word' id='word_1_664' title='bbox 2162 2333 2397 2402; x_wconf 78' lang='lat' dir='ltr'><strong>Virginis</strong></span> <span class='ocrx_word' id='word_1_665' title='bbox 2425 2351 2530 2388; x_wconf 89' lang='lat' dir='ltr'><strong>non</strong></span> <span class='ocrx_word' id='word_1_666' title='bbox 2558 2351 2677 2390; x_wconf 88' lang='lat' dir='ltr'><strong>esse</strong></span> <span class='ocrx_word' id='word_1_667' title='bbox 2704 2337 2795 2391; x_wconf 86' lang='lat' dir='ltr'><strong>Dei</strong></span> <span class='ocrx_word' id='word_1_668' title='bbox 2823 2338 3016 2394; x_wconf 86' lang='lat' dir='ltr'><strong>Filium</strong></span> <span class='ocrx_word' id='word_1_669' title='bbox 3045 2342 3340 2394; x_wconf 82' lang='lat' dir='ltr'><strong>causatur?</strong></span> 
     </span>
    </p>
   </div>
   <div class='ocr_carea' id='block_1_83' title="bbox 2042 2421 3550 2501">
    <p class='ocr_par' dir='ltr' id='par_1_83' title="bbox 2042 2421 3550 2501">
     <span class='ocr_line' id='line_1_83' title="bbox 2042 2421 3550 2501; baseline 0.006 -25"><span class='ocrx_word' id='word_1_670' title='bbox 2042 2421 2169 2476; x_wconf 89' lang='lat' dir='ltr'><strong>Vlll.</strong></span> <span class='ocrx_word' id='word_1_671' title='bbox 2197 2421 2328 2488; x_wconf 92' lang='lat' dir='ltr'><strong>Quis</strong></span> <span class='ocrx_word' id='word_1_672' title='bbox 2352 2433 2434 2476; x_wconf 89' lang='lat' dir='ltr'><strong>est</strong></span> <span class='ocrx_word' id='word_1_673' title='bbox 2459 2424 2552 2478; x_wconf 88' lang='lat' dir='ltr'><strong>Dei</strong></span> <span class='ocrx_word' id='word_1_674' title='bbox 2579 2424 2767 2491; x_wconf 90' lang='lat' dir='ltr'><strong>Filius,</strong></span> <span class='ocrx_word' id='word_1_675' title='bbox 2808 2427 2909 2481; x_wconf 87' lang='lat' dir='ltr'><strong>nisi</strong></span> <span class='ocrx_word' id='word_1_676' title='bbox 2957 2426 3142 2494; x_wconf 84' lang='lat' dir='ltr'><strong>Jesus,</strong></span> <span class='ocrx_word' id='word_1_677' title='bbox 3193 2444 3352 2498; x_wconf 89' lang='lat' dir='ltr'><strong>quem</strong></span> <span class='ocrx_word' id='word_1_678' title='bbox 3400 2431 3550 2501; x_wconf 87' lang='lat' dir='ltr'><strong>virgo</strong></span> 
     </span>
    </p>
   </div>
   <div class='ocr_carea' id='block_1_84' title="bbox 1967 2514 3548 2592">
    <p class='ocr_par' dir='ltr' id='par_1_84' title="bbox 1967 2514 3548 2592">
     <span class='ocr_line' id='line_1_84' title="bbox 1967 2514 3548 2592; baseline 0.008 -27"><span class='ocrx_word' id='word_1_679' title='bbox 1967 2514 2174 2582; x_wconf 90' lang='lat' dir='ltr'><strong>peperit</strong></span> <span class='ocrx_word' id='word_1_680' title='bbox 2201 2514 2403 2568; x_wconf 86' lang='lat' dir='ltr'><strong>Maria?</strong></span> <span class='ocrx_word' id='word_1_681' title='bbox 2437 2516 2616 2584; x_wconf 79' lang='lat' dir='ltr'><strong>Ipsum</strong></span> <span class='ocrx_word' id='word_1_682' title='bbox 2647 2518 2798 2573; x_wconf 71' lang='lat' dir='ltr'><strong>uoltis</strong></span> <span class='ocrx_word' id='word_1_683' title='bbox 2823 2522 3071 2588; x_wconf 89' lang='lat' dir='ltr'><strong>promisit</strong></span> <span class='ocrx_word' id='word_1_684' title='bbox 3103 2537 3202 2591; x_wconf 89' lang='lat' dir='ltr'><strong>per</strong></span> <span class='ocrx_word' id='word_1_685' title='bbox 3228 2523 3548 2592; x_wconf 85' lang='lat' dir='ltr'><strong>Prophetam</strong></span> 
     </span>
    </p>
   </div>
   <div class='ocr_carea' id='block_1_85' title="bbox 1969 2600 3552 2668">
    <p class='ocr_par' dir='ltr' id='par_1_85' title="bbox 1969 2600 3552 2668">
     <span class='ocr_line' id='line_1_85' title="bbox 1969 2600 3552 2668; baseline 0.006 -12"><span class='ocrx_word' id='word_1_686' title='bbox 1969 2601 2148 2666; x_wconf 89' lang='lat' dir='ltr'><strong>Pater,</strong></span> <span class='ocrx_word' id='word_1_687' title='bbox 2181 2604 2403 2658; x_wconf 82' lang='lat' dir='ltr'><strong>dicens:</strong></span> <span class='ocrx_word' id='word_1_688' title='bbox 2443 2605 2774 2661; x_wconf 82' lang='lat' dir='ltr'><strong>Revelabitur</strong></span> <span class='ocrx_word' id='word_1_689' title='bbox 2814 2611 2950 2662; x_wconf 90' lang='lat' dir='ltr'><strong>enim</strong></span> <span class='ocrx_word' id='word_1_690' title='bbox 2996 2600 3134 2665; x_wconf 83' lang='lat' dir='ltr'><strong>vobis</strong></span> <span class='ocrx_word' id='word_1_691' title='bbox 3186 2611 3360 2666; x_wconf 82' lang='lat' dir='ltr'><strong>Filius</strong></span> <span class='ocrx_word' id='word_1_692' title='bbox 3406 2631 3552 2668; x_wconf 73' lang='lat' dir='ltr'><strong>meus</strong></span> 
     </span>
    </p>
   </div>
   <div class='ocr_carea' id='block_1_86' title="bbox 1968 2695 3553 2774">
    <p class='ocr_par' dir='ltr' id='par_1_86' title="bbox 1968 2695 3553 2774">
     <span class='ocr_line' id='line_1_86' title="bbox 1968 2695 3553 2774; baseline 0.006 -26"><span class='ocrx_word' id='word_1_693' title='bbox 1968 2695 2125 2748; x_wconf 82' lang='lat' dir='ltr'><strong>Jesus</strong></span> <span class='ocrx_word' id='word_1_694' title='bbox 2170 2695 2332 2765; x_wconf 83' lang='lat' dir='ltr'><strong>(Luc.</strong></span> <span class='ocrx_word' id='word_1_695' title='bbox 2363 2714 2401 2759; x_wconf 86' lang='grc' dir='ltr'><strong>ι,</strong></span> <span class='ocrx_word' id='word_1_696' title='bbox 2456 2696 2577 2766; x_wconf 79' lang='grc'><strong>51).</strong></span> <span class='ocrx_word' id='word_1_697' title='bbox 2627 2698 2739 2753; x_wconf 84' lang='lat' dir='ltr'><strong>Hoc</strong></span> <span class='ocrx_word' id='word_1_698' title='bbox 2769 2715 2968 2755; x_wconf 84' lang='lat' dir='ltr'><strong>nomen</strong></span> <span class='ocrx_word' id='word_1_699' title='bbox 2996 2711 3050 2757; x_wconf 88' lang='lat' dir='ltr'><strong>et</strong></span> <span class='ocrx_word' id='word_1_700' title='bbox 3079 2703 3303 2771; x_wconf 88' lang='lat' dir='ltr'><strong>angelus</strong></span> <span class='ocrx_word' id='word_1_701' title='bbox 3347 2704 3553 2774; x_wconf 89' lang='lat' dir='ltr'><strong>Virgini</strong></span> 
     </span>
    </p>
   </div>
   <div class='ocr_carea' id='block_1_87' title="bbox 1970 2784 3555 2862">
    <p class='ocr_par' dir='ltr' id='par_1_87' title="bbox 1970 2784 3555 2862">
     <span class='ocr_line' id='line_1_87' title="bbox 1970 2784 3555 2862; baseline 0.008 -24"><span class='ocrx_word' id='word_1_702' title='bbox 1970 2785 2275 2840; x_wconf 89' lang='lat' dir='ltr'><strong>nuntiavit:</strong></span> <span class='ocrx_word' id='word_1_703' title='bbox 2328 2784 2565 2852; x_wconf 81' lang='lat' dir='ltr'><strong>Vocabis,</strong></span> <span class='ocrx_word' id='word_1_704' title='bbox 2612 2789 2799 2857; x_wconf 90' lang='lat' dir='ltr'><strong>inquit,</strong></span> <span class='ocrx_word' id='word_1_705' title='bbox 2832 2808 3016 2846; x_wconf 84' lang='lat' dir='ltr'><strong>nomen</strong></span> <span class='ocrx_word' id='word_1_706' title='bbox 3059 2793 3173 2862; x_wconf 83' lang='lat' dir='ltr'><strong>ejus</strong></span> <span class='ocrx_word' id='word_1_707' title='bbox 3215 2794 3439 2851; x_wconf 85' lang='lat' dir='ltr'><strong>Jesum:</strong></span> <span class='ocrx_word' id='word_1_708' title='bbox 3468 2797 3555 2850; x_wconf 80' lang='lat' dir='ltr'><strong>hic</strong></span> 
     </span>
    </p>
   </div>
   <div class='ocr_carea' id='block_1_88' title="bbox 1969 2876 3555 2945">
    <p class='ocr_par' dir='ltr' id='par_1_88' title="bbox 1969 2876 3555 2945">
     <span class='ocr_line' id='line_1_88' title="bbox 1969 2876 3555 2945; baseline 0.008 -19"><span class='ocrx_word' id='word_1_709' title='bbox 1969 2876 2068 2927; x_wconf 85' lang='lat' dir='ltr'><strong>erit</strong></span> <span class='ocrx_word' id='word_1_710' title='bbox 2111 2892 2352 2945; x_wconf 88' lang='lat' dir='ltr'><strong>magnus,</strong></span> <span class='ocrx_word' id='word_1_711' title='bbox 2391 2887 2440 2929; x_wconf 89' lang='lat' dir='ltr'><strong>et</strong></span> <span class='ocrx_word' id='word_1_712' title='bbox 2483 2876 2657 2931; x_wconf 84' lang='lat' dir='ltr'><strong>Filius</strong></span> <span class='ocrx_word' id='word_1_713' title='bbox 2689 2879 2945 2932; x_wconf 82' lang='lat' dir='ltr'><strong>Altissimi</strong></span> <span class='ocrx_word' id='word_1_714' title='bbox 2983 2881 3266 2935; x_wconf 84' lang='lat' dir='ltr'><strong>vocabitur.</strong></span> <span class='ocrx_word' id='word_1_715' title='bbox 3300 2883 3555 2939; x_wconf 86' lang='lat' dir='ltr'><strong>Potuerat</strong></span> 
     </span>
    </p>
   </div>
   <div class='ocr_carea' id='block_1_89' title="bbox 1972 2967 3556 3041">
    <p class='ocr_par' dir='ltr' id='par_1_89' title="bbox 1972 2967 3556 3041">
     <span class='ocr_line' id='line_1_89' title="bbox 1972 2967 3556 3041; baseline 0.008 -21"><span class='ocrx_word' id='word_1_716' title='bbox 1972 2967 2152 3022; x_wconf 88' lang='lat' dir='ltr'><strong>dicere</strong></span> <span class='ocrx_word' id='word_1_717' title='bbox 2199 2978 2345 3034; x_wconf 90' lang='lat' dir='ltr'><strong>tunc,</strong></span> <span class='ocrx_word' id='word_1_718' title='bbox 2393 2970 2440 3023; x_wconf 85' lang='lat' dir='ltr'><strong>si</strong></span> <span class='ocrx_word' id='word_1_719' title='bbox 2481 2986 2666 3025; x_wconf 87' lang='lat' dir='ltr'><strong>verum</strong></span> <span class='ocrx_word' id='word_1_720' title='bbox 2709 2980 2849 3025; x_wconf 89' lang='lat' dir='ltr'><strong>esset</strong></span> <span class='ocrx_word' id='word_1_721' title='bbox 2889 2974 3030 3041; x_wconf 91' lang='lat' dir='ltr'><strong>quod</strong></span> <span class='ocrx_word' id='word_1_722' title='bbox 3061 2975 3280 3030; x_wconf 84' lang='lat' dir='ltr'><strong>dicitis:</strong></span> <span class='ocrx_word' id='word_1_723' title='bbox 3321 2979 3556 3032; x_wconf 90' lang='lat' dir='ltr'><strong>Vocetur</strong></span> 
     </span>
    </p>
   </div>
   <div class='ocr_carea' id='block_1_90' title="bbox 1971 3054 3553 3138">
    <p class='ocr_par' dir='ltr' id='par_1_90' title="bbox 1971 3054 3553 3138">
     <span class='ocr_line' id='line_1_90' title="bbox 1971 3054 3553 3138; baseline 0.008 -29"><span class='ocrx_word' id='word_1_724' title='bbox 1971 3054 2125 3111; x_wconf 86' lang='lat' dir='ltr'><strong>Jesus</strong></span> <span class='ocrx_word' id='word_1_725' title='bbox 2152 3058 2435 3126; x_wconf 73' lang='lat' dir='ltr'><strong>adoptivus</strong></span> <span class='ocrx_word' id='word_1_726' title='bbox 2457 3059 2598 3114; x_wconf 90' lang='lat' dir='ltr'><strong>ﬁlius</strong></span> <span class='ocrx_word' id='word_1_727' title='bbox 2615 3059 2878 3115; x_wconf 85' lang='lat' dir='ltr'><strong>Altissimi</strong></span> <span class='ocrx_word' id='word_1_728' title='bbox 2901 3062 3252 3127; x_wconf 83' lang='lat' dir='ltr'><strong>humanitate,</strong></span> <span class='ocrx_word' id='word_1_729' title='bbox 3280 3076 3333 3121; x_wconf 88' lang='lat' dir='ltr'><strong>et</strong></span> <span class='ocrx_word' id='word_1_730' title='bbox 3359 3082 3553 3138; x_wconf 80' lang='lat' dir='ltr'><strong>nequa-</strong></span> 
     </span>
    </p>
   </div>
   <div class='ocr_carea' id='block_1_91' title="bbox 1976 3147 3548 3215">
    <p class='ocr_par' dir='ltr' id='par_1_91' title="bbox 1976 3147 3548 3215">
     <span class='ocr_line' id='line_1_91' title="bbox 1976 3147 3548 3215; baseline 0.009 -17"><span class='ocrx_word' id='word_1_731' title='bbox 1976 3160 2135 3213; x_wconf 89' lang='lat' dir='ltr'><strong>quam</strong></span> <span class='ocrx_word' id='word_1_732' title='bbox 2171 3147 2452 3215; x_wconf 87' lang='lat' dir='ltr'><strong>adoptivus</strong></span> <span class='ocrx_word' id='word_1_733' title='bbox 2481 3151 2779 3206; x_wconf 85' lang='lat' dir='ltr'><strong>divinitate.</strong></span> <span class='ocrx_word' id='word_1_734' title='bbox 2808 3151 3064 3208; x_wconf 89' lang='lat' dir='ltr'><strong>Potuerat</strong></span> <span class='ocrx_word' id='word_1_735' title='bbox 3088 3163 3140 3208; x_wconf 90' lang='lat' dir='ltr'><strong>et</strong></span> <span class='ocrx_word' id='word_1_736' title='bbox 3173 3155 3314 3211; x_wconf 87' lang='lat' dir='ltr'><strong>ﬁlius</strong></span> <span class='ocrx_word' id='word_1_737' title='bbox 3340 3158 3548 3212; x_wconf 89' lang='lat' dir='ltr'><strong>dicere:</strong></span> 
     </span>
    </p>
   </div>
   <div class='ocr_carea' id='block_1_92' title="bbox 1977 3234 3552 3317">
    <p class='ocr_par' dir='ltr' id='par_1_92' title="bbox 1977 3234 3552 3317">
     <span class='ocr_line' id='line_1_92' title="bbox 1977 3234 3552 3317; baseline 0.009 -28"><span class='ocrx_word' id='word_1_738' title='bbox 1977 3235 2067 3289; x_wconf 87' lang='lat' dir='ltr'><strong>Sic</strong></span> <span class='ocrx_word' id='word_1_739' title='bbox 2095 3234 2278 3289; x_wconf 73' lang='lat' dir='ltr'><strong>dilexit</strong></span> <span class='ocrx_word' id='word_1_740' title='bbox 2301 3236 2440 3291; x_wconf 88' lang='lat' dir='ltr'><strong>Deus</strong></span> <span class='ocrx_word' id='word_1_741' title='bbox 2468 3240 2740 3306; x_wconf 87' lang='lat' dir='ltr'><strong>mundum,</strong></span> <span class='ocrx_word' id='word_1_742' title='bbox 2765 3250 2822 3295; x_wconf 89' lang='lat' dir='ltr'><strong>ut</strong></span> <span class='ocrx_word' id='word_1_743' title='bbox 2853 3242 3044 3297; x_wconf 89' lang='lat' dir='ltr'><strong>Filium</strong></span> <span class='ocrx_word' id='word_1_744' title='bbox 3066 3260 3220 3300; x_wconf 89' lang='lat' dir='ltr'><strong>suum</strong></span> <span class='ocrx_word' id='word_1_745' title='bbox 3245 3247 3552 3317; x_wconf 87' lang='lat' dir='ltr'><strong>adoptivum</strong></span> 
     </span>
    </p>
   </div>
   <div class='ocr_carea' id='block_1_93' title="bbox 1976 3326 3554 3403">
    <p class='ocr_par' dir='ltr' id='par_1_93' title="bbox 1976 3326 3554 3403">
     <span class='ocr_line' id='line_1_93' title="bbox 1976 3326 3554 3403; baseline 0.008 -23"><span class='ocrx_word' id='word_1_746' title='bbox 1976 3326 2126 3380; x_wconf 84' lang='lat' dir='ltr'><strong>daret</strong></span> <span class='ocrx_word' id='word_1_747' title='bbox 2157 3327 2206 3380; x_wconf 91' lang='lat' dir='ltr'><strong>in</strong></span> <span class='ocrx_word' id='word_1_748' title='bbox 2235 3329 2453 3392; x_wconf 88' lang='lat' dir='ltr'><strong>mundo,</strong></span> <span class='ocrx_word' id='word_1_749' title='bbox 2483 3341 2538 3383; x_wconf 89' lang='lat' dir='ltr'><strong>ut</strong></span> <span class='ocrx_word' id='word_1_750' title='bbox 2567 3333 2734 3384; x_wconf 87' lang='lat' dir='ltr'><strong>omnis</strong></span> <span class='ocrx_word' id='word_1_751' title='bbox 2761 3335 2850 3402; x_wconf 87' lang='lat' dir='ltr'><strong>qui</strong></span> <span class='ocrx_word' id='word_1_752' title='bbox 2903 3335 3180 3388; x_wconf 81' lang='lat' dir='ltr'><strong>crediderit</strong></span> <span class='ocrx_word' id='word_1_753' title='bbox 3208 3338 3262 3390; x_wconf 87' lang='lat' dir='ltr'><strong>in</strong></span> <span class='ocrx_word' id='word_1_754' title='bbox 3284 3354 3420 3403; x_wconf 89' lang='lat' dir='ltr'><strong>eum,</strong></span> <span class='ocrx_word' id='word_1_755' title='bbox 3452 3357 3554 3394; x_wconf 87' lang='lat' dir='ltr'><strong>non</strong></span> 
     </span>
    </p>
   </div>
   <div class='ocr_carea' id='block_1_94' title="bbox 1974 3418 3556 3488">
    <p class='ocr_par' dir='ltr' id='par_1_94' title="bbox 1974 3418 3556 3488">
     <span class='ocr_line' id='line_1_94' title="bbox 1974 3418 3556 3488; baseline 0.008 -19"><span class='ocrx_word' id='word_1_756' title='bbox 1974 3426 2169 3485; x_wconf 86' lang='lat' dir='ltr'><strong>pereat.</strong></span> <span class='ocrx_word' id='word_1_757' title='bbox 2193 3418 2259 3472; x_wconf 86' lang='lat' dir='ltr'><strong>Et</strong></span> <span class='ocrx_word' id='word_1_758' title='bbox 2287 3420 2472 3488; x_wconf 86' lang='lat' dir='ltr'><strong>utique</strong></span> <span class='ocrx_word' id='word_1_759' title='bbox 2495 3421 2682 3474; x_wconf 87' lang='lat' dir='ltr'><strong>missio</strong></span> <span class='ocrx_word' id='word_1_760' title='bbox 2707 3420 2823 3488; x_wconf 88' lang='lat' dir='ltr'><strong>ejus</strong></span> <span class='ocrx_word' id='word_1_761' title='bbox 2849 3422 3008 3476; x_wconf 87' lang='lat' dir='ltr'><strong>homo</strong></span> <span class='ocrx_word' id='word_1_762' title='bbox 3033 3432 3114 3477; x_wconf 89' lang='lat' dir='ltr'><strong>est</strong></span> <span class='ocrx_word' id='word_1_763' title='bbox 3135 3443 3148 3477; x_wconf 95' lang='lat'><strong>:</strong></span> <span class='ocrx_word' id='word_1_764' title='bbox 3174 3434 3228 3479; x_wconf 92' lang='lat' dir='ltr'><strong>et</strong></span> <span class='ocrx_word' id='word_1_765' title='bbox 3255 3427 3386 3480; x_wconf 90' lang='lat' dir='ltr'><strong>nihil</strong></span> <span class='ocrx_word' id='word_1_766' title='bbox 3413 3428 3556 3483; x_wconf 87' lang='lat' dir='ltr'><strong>aliud</strong></span> 
     </span>
    </p>
   </div>
   <div class='ocr_carea' id='block_1_95' title="bbox 1975 3509 3556 3580">
    <p class='ocr_par' dir='ltr' id='par_1_95' title="bbox 1975 3509 3556 3580">
     <span class='ocr_line' id='line_1_95' title="bbox 1975 3509 3556 3580; baseline 0.007 -20"><span class='ocrx_word' id='word_1_767' title='bbox 1975 3514 2266 3574; x_wconf 91' lang='lat' dir='ltr'><strong>potuerunt</strong></span> <span class='ocrx_word' id='word_1_768' title='bbox 2297 3509 2350 3561; x_wconf 90' lang='lat' dir='ltr'><strong>in</strong></span> <span class='ocrx_word' id='word_1_769' title='bbox 2399 3523 2466 3562; x_wconf 90' lang='lat' dir='ltr'><strong>eo</strong></span> <span class='ocrx_word' id='word_1_770' title='bbox 2510 3511 2692 3564; x_wconf 84' lang='lat' dir='ltr'><strong>videre</strong></span> <span class='ocrx_word' id='word_1_771' title='bbox 2743 3511 3005 3566; x_wconf 88' lang='lat' dir='ltr'><strong>increduli</strong></span> <span class='ocrx_word' id='word_1_772' title='bbox 3041 3514 3130 3580; x_wconf 91' lang='lat' dir='ltr'><strong>qui</strong></span> <span class='ocrx_word' id='word_1_773' title='bbox 3177 3529 3300 3568; x_wconf 90' lang='lat' dir='ltr'><strong>eum</strong></span> <span class='ocrx_word' id='word_1_774' title='bbox 3345 3518 3556 3572; x_wconf 77' lang='lat' dir='ltr'><strong>cruciﬁ-</strong></span> 
     </span>
    </p>
   </div>
   <div class='ocr_carea' id='block_1_96' title="bbox 1977 3599 3552 3663">
    <p class='ocr_par' dir='ltr' id='par_1_96' title="bbox 1977 3599 3552 3663">
     <span class='ocr_line' id='line_1_96' title="bbox 1977 3599 3552 3663; baseline 0.01 -16"><span class='ocrx_word' id='word_1_775' title='bbox 1977 3604 2170 3648; x_wconf 76' lang='lat' dir='ltr'><strong>xerunt</strong></span> <span class='ocrx_word' id='word_1_776' title='bbox 2205 3599 2309 3650; x_wconf 90' lang='lat' dir='ltr'><strong>nisi</strong></span> <span class='ocrx_word' id='word_1_777' title='bbox 2337 3606 2542 3652; x_wconf 90' lang='lat' dir='ltr'><strong>tantum</strong></span> <span class='ocrx_word' id='word_1_778' title='bbox 2573 3602 2864 3656; x_wconf 87' lang='lat' dir='ltr'><strong>hominem.</strong></span> <span class='ocrx_word' id='word_1_779' title='bbox 2894 3603 3104 3658; x_wconf 87' lang='lat' dir='ltr'><strong>Etcum</strong></span> <span class='ocrx_word' id='word_1_780' title='bbox 3132 3606 3402 3662; x_wconf 89' lang='lat' dir='ltr'><strong>hominem</strong></span> <span class='ocrx_word' id='word_1_781' title='bbox 3429 3624 3552 3663; x_wconf 88' lang='lat' dir='ltr'><strong>cru-</strong></span> 
     </span>
    </p>
   </div>
   <div class='ocr_carea' id='block_1_97' title="bbox 1977 3682 3554 3759">
    <p class='ocr_par' dir='ltr' id='par_1_97' title="bbox 1977 3682 3554 3759">
     <span class='ocr_line' id='line_1_97' title="bbox 1977 3682 3554 3759; baseline 0.009 -21"><span class='ocrx_word' id='word_1_782' title='bbox 1977 3682 2282 3749; x_wconf 89' lang='lat' dir='ltr'><strong>ciﬁxerunt,</strong></span> <span class='ocrx_word' id='word_1_783' title='bbox 2310 3685 2503 3740; x_wconf 90' lang='lat' dir='ltr'><strong>Filium</strong></span> <span class='ocrx_word' id='word_1_784' title='bbox 2528 3689 2621 3742; x_wconf 90' lang='lat' dir='ltr'><strong>Dei</strong></span> <span class='ocrx_word' id='word_1_785' title='bbox 2647 3691 3050 3759; x_wconf 86' lang='lat' dir='ltr'><strong>cruciﬁxerunt,</strong></span> <span class='ocrx_word' id='word_1_786' title='bbox 3076 3694 3241 3750; x_wconf 87' lang='lat' dir='ltr'><strong>Deum</strong></span> <span class='ocrx_word' id='word_1_787' title='bbox 3271 3698 3554 3752; x_wconf 84' lang='lat' dir='ltr'><strong>cruciﬁxe-</strong></span> 
     </span>
    </p>
   </div>
   <div class='ocr_carea' id='block_1_98' title="bbox 1978 3773 3552 3855">
    <p class='ocr_par' dir='ltr' id='par_1_98' title="bbox 1978 3773 3552 3855">
     <span class='ocr_line' id='line_1_98' title="bbox 1978 3773 3552 3855; baseline 0.011 -29"><span class='ocrx_word' id='word_1_788' title='bbox 1978 3781 2126 3826; x_wconf 90' lang='lat' dir='ltr'><strong>runt.</strong></span> <span class='ocrx_word' id='word_1_789' title='bbox 2157 3773 2262 3828; x_wconf 92' lang='lat' dir='ltr'><strong>Pro</strong></span> <span class='ocrx_word' id='word_1_790' title='bbox 2289 3791 2374 3829; x_wconf 91' lang='lat' dir='ltr'><strong>me</strong></span> <span class='ocrx_word' id='word_1_791' title='bbox 2402 3791 2594 3845; x_wconf 91' lang='lat' dir='ltr'><strong>passus</strong></span> <span class='ocrx_word' id='word_1_792' title='bbox 2618 3787 2702 3832; x_wconf 90' lang='lat' dir='ltr'><strong>est</strong></span> <span class='ocrx_word' id='word_1_793' title='bbox 2723 3779 2863 3834; x_wconf 91' lang='lat' dir='ltr'><strong>Deus</strong></span> <span class='ocrx_word' id='word_1_794' title='bbox 2897 3796 3069 3848; x_wconf 90' lang='lat' dir='ltr'><strong>meus,</strong></span> <span class='ocrx_word' id='word_1_795' title='bbox 3097 3799 3194 3855; x_wconf 91' lang='lat' dir='ltr'><strong>pro</strong></span> <span class='ocrx_word' id='word_1_796' title='bbox 3223 3800 3310 3839; x_wconf 92' lang='lat' dir='ltr'><strong>me</strong></span> <span class='ocrx_word' id='word_1_797' title='bbox 3334 3789 3552 3842; x_wconf 84' lang='lat' dir='ltr'><strong>cruciﬁ-</strong></span> 
     </span>
    </p>
   </div>
   <div class='ocr_carea' id='block_1_99' title="bbox 1978 3865 3553 3942">
    <p class='ocr_par' dir='ltr' id='par_1_99' title="bbox 1978 3865 3553 3942">
     <span class='ocr_line' id='line_1_99' title="bbox 1978 3865 3553 3942; baseline 0.01 -26"><span class='ocrx_word' id='word_1_798' title='bbox 1978 3879 2077 3917; x_wconf 89' lang='lat' dir='ltr'><strong>xus</strong></span> <span class='ocrx_word' id='word_1_799' title='bbox 2104 3872 2187 3918; x_wconf 89' lang='lat' dir='ltr'><strong>est</strong></span> <span class='ocrx_word' id='word_1_800' title='bbox 2207 3865 2350 3920; x_wconf 90' lang='lat' dir='ltr'><strong>Deus</strong></span> <span class='ocrx_word' id='word_1_801' title='bbox 2381 3881 2550 3922; x_wconf 91' lang='lat' dir='ltr'><strong>meus.</strong></span> <span class='ocrx_word' id='word_1_802' title='bbox 2583 3869 2650 3922; x_wconf 86' lang='lat' dir='ltr'><strong>Et</strong></span> <span class='ocrx_word' id='word_1_803' title='bbox 2679 3869 2806 3938; x_wconf 92' lang='lat' dir='ltr'><strong>quid</strong></span> <span class='ocrx_word' id='word_1_804' title='bbox 2833 3872 2953 3926; x_wconf 90' lang='lat' dir='ltr'><strong>dico</strong></span> <span class='ocrx_word' id='word_1_805' title='bbox 2972 3887 3072 3942; x_wconf 90' lang='lat' dir='ltr'><strong>pro</strong></span> <span class='ocrx_word' id='word_1_806' title='bbox 3093 3876 3220 3930; x_wconf 89' lang='lat' dir='ltr'><strong>me?</strong></span> <span class='ocrx_word' id='word_1_807' title='bbox 3244 3875 3349 3931; x_wconf 89' lang='lat' dir='ltr'><strong>Pro</strong></span> <span class='ocrx_word' id='word_1_808' title='bbox 3381 3878 3553 3932; x_wconf 90' lang='lat' dir='ltr'><strong>omni-</strong></span> 
     </span>
    </p>
   </div>
   <div class='ocr_carea' id='block_1_100' title="bbox 1978 3953 3550 4038">
    <p class='ocr_par' dir='ltr' id='par_1_100' title="bbox 1978 3953 3550 4038">
     <span class='ocr_line' id='line_1_100' title="bbox 1978 3953 3550 4038; baseline 0.011 -33"><span class='ocrx_word' id='word_1_809' title='bbox 1978 3953 2078 4006; x_wconf 91' lang='lat' dir='ltr'><strong>bus</strong></span> <span class='ocrx_word' id='word_1_810' title='bbox 2105 3967 2296 4021; x_wconf 90' lang='lat' dir='ltr'><strong>passus</strong></span> <span class='ocrx_word' id='word_1_811' title='bbox 2321 3962 2405 4010; x_wconf 90' lang='lat' dir='ltr'><strong>est</strong></span> <span class='ocrx_word' id='word_1_812' title='bbox 2435 3956 2577 4012; x_wconf 90' lang='lat' dir='ltr'><strong>Deus</strong></span> <span class='ocrx_word' id='word_1_813' title='bbox 2609 3967 2812 4013; x_wconf 89' lang='lat' dir='ltr'><strong>noster.</strong></span> <span class='ocrx_word' id='word_1_814' title='bbox 2858 3960 3108 4018; x_wconf 88' lang='lat' dir='ltr'><strong>Dicamus</strong></span> <span class='ocrx_word' id='word_1_815' title='bbox 3151 3979 3316 4036; x_wconf 85' lang='lat' dir='ltr'><strong>ergo:</strong></span> <span class='ocrx_word' id='word_1_816' title='bbox 3360 3966 3550 4038; x_wconf 86' lang='lat' dir='ltr'><strong>Surge,</strong></span> 
     </span>
    </p>
   </div>
   <div class='ocr_carea' id='block_1_101' title="bbox 1982 4039 3554 4126">
    <p class='ocr_par' dir='ltr' id='par_1_101' title="bbox 1982 4039 3554 4126">
     <span class='ocr_line' id='line_1_101' title="bbox 1982 4039 3554 4126; baseline 0.015 -33"><span class='ocrx_word' id='word_1_817' title='bbox 1982 4039 2138 4107; x_wconf 89' lang='lat' dir='ltr'><strong>Deus,</strong></span> <span class='ocrx_word' id='word_1_818' title='bbox 2169 4043 2357 4113; x_wconf 88' lang='lat' dir='ltr'><strong>judica</strong></span> <span class='ocrx_word' id='word_1_819' title='bbox 2399 4056 2611 4101; x_wconf 88' lang='lat' dir='ltr'><strong>terram.</strong></span> <span class='ocrx_word' id='word_1_820' title='bbox 2643 4047 2740 4102; x_wconf 91' lang='lat' dir='ltr'><strong>Cui</strong></span> <span class='ocrx_word' id='word_1_821' title='bbox 2772 4049 2881 4105; x_wconf 90' lang='lat' dir='ltr'><strong>Deo</strong></span> <span class='ocrx_word' id='word_1_822' title='bbox 2915 4051 3133 4120; x_wconf 90' lang='lat' dir='ltr'><strong>dicitur,</strong></span> <span class='ocrx_word' id='word_1_823' title='bbox 3167 4071 3339 4126; x_wconf 86' lang='lat' dir='ltr'><strong>surge,</strong></span> <span class='ocrx_word' id='word_1_824' title='bbox 3371 4058 3476 4114; x_wconf 88' lang='lat' dir='ltr'><strong>nisi</strong></span> <span class='ocrx_word' id='word_1_825' title='bbox 3506 4060 3554 4116; x_wconf 91' lang='lat' dir='ltr'><strong>ei</strong></span> 
     </span>
    </p>
   </div>
   <div class='ocr_carea' id='block_1_102' title="bbox 1977 4133 3553 4213">
    <p class='ocr_par' dir='ltr' id='par_1_102' title="bbox 1977 4133 3553 4213">
     <span class='ocr_line' id='line_1_102' title="bbox 1977 4133 3553 4213; baseline 0.011 -30"><span class='ocrx_word' id='word_1_826' title='bbox 1977 4133 2065 4200; x_wconf 89' lang='lat' dir='ltr'><strong>qui</strong></span> <span class='ocrx_word' id='word_1_827' title='bbox 2097 4142 2338 4189; x_wconf 89' lang='lat' dir='ltr'><strong>mortuus</strong></span> <span class='ocrx_word' id='word_1_828' title='bbox 2373 4137 2498 4190; x_wconf 84' lang='lat' dir='ltr'><strong>est?</strong></span> <span class='ocrx_word' id='word_1_829' title='bbox 2533 4136 2631 4191; x_wconf 87' lang='lat' dir='ltr'><strong>Cui</strong></span> <span class='ocrx_word' id='word_1_830' title='bbox 2682 4137 2790 4193; x_wconf 90' lang='lat' dir='ltr'><strong>Deo</strong></span> <span class='ocrx_word' id='word_1_831' title='bbox 2823 4137 3058 4194; x_wconf 86' lang='lat' dir='ltr'><strong>dicitur:</strong></span> <span class='ocrx_word' id='word_1_832' title='bbox 3100 4142 3295 4197; x_wconf 84' lang='lat' dir='ltr'><strong>Judica</strong></span> <span class='ocrx_word' id='word_1_833' title='bbox 3338 4155 3553 4213; x_wconf 86' lang='lat' dir='ltr'><strong>terram,</strong></span> 
     </span>
    </p>
   </div>
   <div class='ocr_carea' id='block_1_103' title="bbox 1977 4222 3554 4305">
    <p class='ocr_par' dir='ltr' id='par_1_103' title="bbox 1977 4222 3554 4305">
     <span class='ocr_line' id='line_1_103' title="bbox 1977 4222 3554 4305; baseline 0.01 -31"><span class='ocrx_word' id='word_1_834' title='bbox 1977 4222 2079 4276; x_wconf 91' lang='lat' dir='ltr'><strong>nisi</strong></span> <span class='ocrx_word' id='word_1_835' title='bbox 2110 4223 2159 4276; x_wconf 89' lang='lat' dir='ltr'><strong>ei</strong></span> <span class='ocrx_word' id='word_1_836' title='bbox 2188 4226 2280 4293; x_wconf 91' lang='lat' dir='ltr'><strong>qui</strong></span> <span class='ocrx_word' id='word_1_837' title='bbox 2310 4238 2340 4280; x_wconf 90' lang='lat' dir='ltr'><strong>a</strong></span> <span class='ocrx_word' id='word_1_838' title='bbox 2367 4223 2566 4282; x_wconf 69' lang='lat' dir='ltr'><strong>Judazis</strong></span> <span class='ocrx_word' id='word_1_839' title='bbox 2587 4226 2860 4294; x_wconf 71' lang='lat' dir='ltr'><strong>jud&#39;catus</strong></span> <span class='ocrx_word' id='word_1_840' title='bbox 2882 4231 3009 4284; x_wconf 86' lang='lat' dir='ltr'><strong>est?</strong></span> <span class='ocrx_word' id='word_1_841' title='bbox 3047 4230 3236 4302; x_wconf 86' lang='lat' dir='ltr'><strong>Surge,</strong></span> <span class='ocrx_word' id='word_1_842' title='bbox 3262 4233 3422 4300; x_wconf 88' lang='lat' dir='ltr'><strong>Deus,</strong></span> <span class='ocrx_word' id='word_1_843' title='bbox 3455 4237 3554 4305; x_wconf 83' lang='lat' dir='ltr'><strong>ju-</strong></span> 
     </span>
    </p>
   </div>
   <div class='ocr_carea' id='block_1_104' title="bbox 1976 4310 3552 4383">
    <p class='ocr_par' dir='ltr' id='par_1_104' title="bbox 1976 4310 3552 4383">
     <span class='ocr_line' id='line_1_104' title="bbox 1976 4310 3552 4383; baseline 0.009 -21"><span class='ocrx_word' id='word_1_844' title='bbox 1976 4310 2095 4364; x_wconf 85' lang='lat' dir='ltr'><strong>dica</strong></span> <span class='ocrx_word' id='word_1_845' title='bbox 2143 4322 2369 4378; x_wconf 88' lang='lat' dir='ltr'><strong>terram,</strong></span> <span class='ocrx_word' id='word_1_846' title='bbox 2400 4316 2489 4383; x_wconf 92' lang='lat' dir='ltr'><strong>qui</strong></span> <span class='ocrx_word' id='word_1_847' title='bbox 2526 4314 2799 4382; x_wconf 80' lang='lat' dir='ltr'><strong>judicatus</strong></span> <span class='ocrx_word' id='word_1_848' title='bbox 2838 4333 2897 4371; x_wconf 89' lang='lat' dir='ltr'><strong>es</strong></span> <span class='ocrx_word' id='word_1_849' title='bbox 2944 4334 2973 4370; x_wconf 92' lang='lat' dir='ltr'><strong>a</strong></span> <span class='ocrx_word' id='word_1_850' title='bbox 3001 4326 3168 4372; x_wconf 84' lang='lat' dir='ltr'><strong>terra.</strong></span> <span class='ocrx_word' id='word_1_851' title='bbox 3215 4320 3365 4376; x_wconf 92' lang='lat' dir='ltr'><strong>Unde</strong></span> <span class='ocrx_word' id='word_1_852' title='bbox 3411 4335 3466 4375; x_wconf 90' lang='lat' dir='ltr'><strong>et</strong></span> <span class='ocrx_word' id='word_1_853' title='bbox 3500 4324 3552 4376; x_wconf 87' lang='lat' dir='ltr'><strong>in</strong></span> 
     </span>
    </p>
   </div>
   <div class='ocr_carea' id='block_1_105' title="bbox 1977 4402 3552 4478">
    <p class='ocr_par' dir='ltr' id='par_1_105' title="bbox 1977 4402 3552 4478">
     <span class='ocr_line' id='line_1_105' title="bbox 1977 4402 3552 4478; baseline 0.005 -23"><span class='ocrx_word' id='word_1_854' title='bbox 1977 4402 2184 4469; x_wconf 87' lang='lat' dir='ltr'><strong>psalmo</strong></span> <span class='ocrx_word' id='word_1_855' title='bbox 2202 4419 2368 4457; x_wconf 80' lang='lat' dir='ltr'><strong>Lxxxt</strong></span> <span class='ocrx_word' id='word_1_856' title='bbox 2391 4404 2612 4458; x_wconf 87' lang='lat' dir='ltr'><strong>dicitur:</strong></span> <span class='ocrx_word' id='word_1_857' title='bbox 2639 4405 2776 4460; x_wconf 90' lang='lat' dir='ltr'><strong>Deus</strong></span> <span class='ocrx_word' id='word_1_858' title='bbox 2799 4409 2935 4460; x_wconf 84' lang='lat' dir='ltr'><strong>stetit</strong></span> <span class='ocrx_word' id='word_1_859' title='bbox 2959 4408 3013 4459; x_wconf 87' lang='lat' dir='ltr'><strong>in</strong></span> <span class='ocrx_word' id='word_1_860' title='bbox 3032 4425 3295 4477; x_wconf 84' lang='lat' dir='ltr'><strong>synagoga</strong></span> <span class='ocrx_word' id='word_1_861' title='bbox 3317 4409 3552 4478; x_wconf 85' lang='lat' dir='ltr'><strong>deorum,</strong></span> 
     </span>
    </p>
   </div>
   <div class='ocr_carea' id='block_1_106' title="bbox 1978 4488 3558 4563">
    <p class='ocr_par' dir='ltr' id='par_1_106' title="bbox 1978 4488 3558 4563">
     <span class='ocr_line' id='line_1_106' title="bbox 1978 4488 3558 4563; baseline 0.007 -22"><span class='ocrx_word' id='word_1_862' title='bbox 1978 4490 2032 4541; x_wconf 83' lang='lat' dir='ltr'><strong>in</strong></span> <span class='ocrx_word' id='word_1_863' title='bbox 2058 4488 2226 4542; x_wconf 80' lang='lat' dir='ltr'><strong>medio</strong></span> <span class='ocrx_word' id='word_1_864' title='bbox 2248 4499 2419 4542; x_wconf 87' lang='lat' dir='ltr'><strong>autem</strong></span> <span class='ocrx_word' id='word_1_865' title='bbox 2442 4489 2563 4544; x_wconf 85' lang='lat' dir='ltr'><strong>deos</strong></span> <span class='ocrx_word' id='word_1_866' title='bbox 2589 4491 2854 4546; x_wconf 85' lang='lat' dir='ltr'><strong>discernit.</strong></span> <span class='ocrx_word' id='word_1_867' title='bbox 2885 4494 2950 4546; x_wconf 87' lang='lat' dir='ltr'><strong>Et</strong></span> <span class='ocrx_word' id='word_1_868' title='bbox 2973 4495 3158 4563; x_wconf 88' lang='lat' dir='ltr'><strong>utique</strong></span> <span class='ocrx_word' id='word_1_869' title='bbox 3183 4495 3273 4563; x_wconf 88' lang='lat' dir='ltr'><strong>qui</strong></span> <span class='ocrx_word' id='word_1_870' title='bbox 3297 4496 3425 4551; x_wconf 84' lang='lat' dir='ltr'><strong>deos</strong></span> <span class='ocrx_word' id='word_1_871' title='bbox 3454 4499 3558 4552; x_wconf 85' lang='lat' dir='ltr'><strong>dis-</strong></span> 
     </span>
    </p>
   </div>
   <div class='ocr_carea' id='block_1_107' title="bbox 1977 4580 3556 4653">
    <p class='ocr_par' dir='ltr' id='par_1_107' title="bbox 1977 4580 3556 4653">
     <span class='ocr_line' id='line_1_107' title="bbox 1977 4580 3556 4653; baseline 0.007 -20"><span class='ocrx_word' id='word_1_872' title='bbox 1977 4581 2168 4644; x_wconf 88' lang='lat' dir='ltr'><strong>cernit,</strong></span> <span class='ocrx_word' id='word_1_873' title='bbox 2195 4580 2335 4634; x_wconf 89' lang='lat' dir='ltr'><strong>Deus</strong></span> <span class='ocrx_word' id='word_1_874' title='bbox 2358 4589 2458 4634; x_wconf 90' lang='lat' dir='ltr'><strong>est.</strong></span> <span class='ocrx_word' id='word_1_875' title='bbox 2487 4581 2552 4634; x_wconf 89' lang='lat' dir='ltr'><strong>Et</strong></span> <span class='ocrx_word' id='word_1_876' title='bbox 2571 4598 2677 4636; x_wconf 89' lang='lat' dir='ltr'><strong>non</strong></span> <span class='ocrx_word' id='word_1_877' title='bbox 2696 4591 2780 4638; x_wconf 88' lang='lat' dir='ltr'><strong>est</strong></span> <span class='ocrx_word' id='word_1_878' title='bbox 2803 4584 2942 4639; x_wconf 88' lang='lat' dir='ltr'><strong>Deus</strong></span> <span class='ocrx_word' id='word_1_879' title='bbox 2965 4585 3107 4640; x_wconf 90' lang='lat' dir='ltr'><strong>inter</strong></span> <span class='ocrx_word' id='word_1_880' title='bbox 3133 4586 3280 4653; x_wconf 88' lang='lat' dir='ltr'><strong>deos,</strong></span> <span class='ocrx_word' id='word_1_881' title='bbox 3305 4596 3365 4641; x_wconf 93' lang='lat' dir='ltr'><strong>ut</strong></span> <span class='ocrx_word' id='word_1_882' title='bbox 3385 4589 3556 4644; x_wconf 58' lang='lat' dir='ltr'><strong>hare-</strong></span> 
     </span>
    </p>
   </div>
   <div class='ocr_carea' id='block_1_108' title="bbox 1979 4645 3590 4756">
    <p class='ocr_par' dir='ltr' id='par_1_108' title="bbox 1979 4645 3590 4756">
     <span class='ocr_line' id='line_1_108' title="bbox 1979 4645 3590 4756; baseline 0.005 -32"><span class='ocrx_word' id='word_1_883' title='bbox 1979 4669 2069 4725; x_wconf 90' lang='lat' dir='ltr'><strong>tici</strong></span> <span class='ocrx_word' id='word_1_884' title='bbox 2110 4679 2378 4736; x_wconf 86' lang='lat' dir='ltr'><strong>asserunt,</strong></span> <span class='ocrx_word' id='word_1_885' title='bbox 2425 4671 2517 4725; x_wconf 87' lang='lat' dir='ltr'><strong>sed</strong></span> <span class='ocrx_word' id='word_1_886' title='bbox 2550 4672 2688 4726; x_wconf 90' lang='lat' dir='ltr'><strong>Deus</strong></span> <span class='ocrx_word' id='word_1_887' title='bbox 2723 4673 2944 4728; x_wconf 83' lang='lat' dir='ltr'><strong>deorum</strong></span> <span class='ocrx_word' id='word_1_888' title='bbox 2971 4683 3072 4729; x_wconf 91' lang='lat' dir='ltr'><strong>est.</strong></span> <span class='ocrx_word' id='word_1_889' title='bbox 3113 4675 3205 4730; x_wconf 92' lang='lat' dir='ltr'><strong>Ille</strong></span> <span class='ocrx_word' id='word_1_890' title='bbox 3242 4677 3331 4745; x_wconf 89' lang='lat' dir='ltr'><strong>qui</strong></span> <span class='ocrx_word' id='word_1_891' title='bbox 3378 4679 3512 4733; x_wconf 72' lang='lat' dir='ltr'><strong>dixit</strong></span> 
     </span>
    </p>
   </div>
   <div class='ocr_carea' id='block_1_109' title="bbox 1979 4761 3556 4837">
    <p class='ocr_par' dir='ltr' id='par_1_109' title="bbox 1979 4761 3556 4837">
     <span class='ocr_line' id='line_1_109' title="bbox 1979 4761 3556 4837; baseline 0.006 -24"><span class='ocrx_word' id='word_1_892' title='bbox 1979 4761 2090 4831; x_wconf 82' lang='lat' dir='ltr'><strong>Ego</strong></span> <span class='ocrx_word' id='word_1_893' title='bbox 2117 4762 2262 4814; x_wconf 75' lang='lat' dir='ltr'><strong>dixi:</strong></span> <span class='ocrx_word' id='word_1_894' title='bbox 2288 4761 2376 4816; x_wconf 88' lang='lat' dir='ltr'><strong>Dii</strong></span> <span class='ocrx_word' id='word_1_895' title='bbox 2403 4765 2546 4829; x_wconf 85' lang='lat' dir='ltr'><strong>estis,</strong></span> <span class='ocrx_word' id='word_1_896' title='bbox 2572 4773 2619 4817; x_wconf 87' lang='lat' dir='ltr'><strong>et</strong></span> <span class='ocrx_word' id='word_1_897' title='bbox 2649 4764 2748 4833; x_wconf 78' lang='lat' dir='ltr'><strong>ﬁlii</strong></span> <span class='ocrx_word' id='word_1_898' title='bbox 2780 4765 2987 4819; x_wconf 68' lang='lat' dir='ltr'><strong>Iz‘xcelsi</strong></span> <span class='ocrx_word' id='word_1_899' title='bbox 3006 4808 3020 4831; x_wconf 95' lang='lat'><strong>,</strong></span> <span class='ocrx_word' id='word_1_900' title='bbox 3053 4767 3163 4837; x_wconf 89' lang='lat' dir='ltr'><strong>ipse</strong></span> <span class='ocrx_word' id='word_1_901' title='bbox 3189 4777 3270 4823; x_wconf 88' lang='lat' dir='ltr'><strong>est</strong></span> <span class='ocrx_word' id='word_1_902' title='bbox 3298 4769 3439 4824; x_wconf 90' lang='lat' dir='ltr'><strong>Deus</strong></span> <span class='ocrx_word' id='word_1_903' title='bbox 3463 4785 3556 4824; x_wconf 81' lang='lat' dir='ltr'><strong>ex-</strong></span> 
     </span>
    </p>
   </div>
   <div class='ocr_carea' id='block_1_110' title="bbox 1978 4849 3604 4927">
    <p class='ocr_par' dir='ltr' id='par_1_110' title="bbox 1978 4849 3604 4927">
     <span class='ocr_line' id='line_1_110' title="bbox 1978 4849 3604 4927; baseline 0.005 -20"><span class='ocrx_word' id='word_1_904' title='bbox 1978 4853 2156 4907; x_wconf 85' lang='lat' dir='ltr'><strong>celsus</strong></span> <span class='ocrx_word' id='word_1_905' title='bbox 2183 4853 2323 4908; x_wconf 91' lang='lat' dir='ltr'><strong>ﬁlius</strong></span> <span class='ocrx_word' id='word_1_906' title='bbox 2356 4855 2607 4925; x_wconf 82' lang='lat' dir='ltr'><strong>Virginis,</strong></span> <span class='ocrx_word' id='word_1_907' title='bbox 2641 4857 2707 4912; x_wconf 90' lang='lat' dir='ltr'><strong>de</strong></span> <span class='ocrx_word' id='word_1_908' title='bbox 2733 4873 2839 4926; x_wconf 92' lang='lat' dir='ltr'><strong>quo</strong></span> <span class='ocrx_word' id='word_1_909' title='bbox 2876 4858 3140 4927; x_wconf 87' lang='lat' dir='ltr'><strong>Propheta</strong></span> <span class='ocrx_word' id='word_1_910' title='bbox 3161 4858 3272 4926; x_wconf 84' lang='lat' dir='ltr'><strong>jam</strong></span> <span class='ocrx_word' id='word_1_911' title='bbox 3305 4861 3550 4915; x_wconf 87' lang='lat' dir='ltr'><strong>dixerat:</strong></span> <span class='ocrx_word' id='word_1_912' title='bbox 3580 4849 3604 4922; x_wconf 52' lang='grc' dir='ltr'>Χ</span> 
     </span>
    </p>
   </div>
   <div class='ocr_carea' id='block_1_111' title="bbox 1979 4942 3552 5015">
    <p class='ocr_par' dir='ltr' id='par_1_111' title="bbox 1979 4942 3552 5015">
     <span class='ocr_line' id='line_1_111' title="bbox 1979 4942 3552 5015; baseline 0.006 -21"><span class='ocrx_word' id='word_1_913' title='bbox 1979 4942 2115 4995; x_wconf 82' lang='lat' dir='ltr'><strong>Ecce</strong></span> <span class='ocrx_word' id='word_1_914' title='bbox 2141 4943 2280 4997; x_wconf 85' lang='lat' dir='ltr'><strong>Deus</strong></span> <span class='ocrx_word' id='word_1_915' title='bbox 2304 4945 2535 4999; x_wconf 81' lang='lat' dir='ltr'><strong>excelsus</strong></span> <span class='ocrx_word' id='word_1_916' title='bbox 2559 4947 2613 4999; x_wconf 88' lang='lat' dir='ltr'><strong>in</strong></span> <span class='ocrx_word' id='word_1_917' title='bbox 2639 4945 2945 5015; x_wconf 79' lang='lat' dir='ltr'><strong>fortitudine</strong></span> <span class='ocrx_word' id='word_1_918' title='bbox 2969 4964 3066 5001; x_wconf 88' lang='lat' dir='ltr'><strong>sua</strong></span> <span class='ocrx_word' id='word_1_919' title='bbox 3089 4949 3271 5012; x_wconf 88' lang='lat' dir='ltr'><strong>veniet,</strong></span> <span class='ocrx_word' id='word_1_920' title='bbox 3302 4958 3348 5002; x_wconf 89' lang='lat' dir='ltr'><strong>et</strong></span> <span class='ocrx_word' id='word_1_921' title='bbox 3380 4948 3552 5003; x_wconf 81' lang='lat' dir='ltr'><strong>nullus</strong></span> 
     </span>
    </p>
   </div>
   <div class='ocr_carea' id='block_1_112' title="bbox 1979 5035 3553 5110">
    <p class='ocr_par' dir='ltr' id='par_1_112' title="bbox 1979 5035 3553 5110">
     <span class='ocr_line' id='line_1_112' title="bbox 1979 5035 3553 5110; baseline 0.001 -22"><span class='ocrx_word' id='word_1_922' title='bbox 1979 5035 2026 5088; x_wconf 88' lang='lat' dir='ltr'><strong>ei</strong></span> <span class='ocrx_word' id='word_1_923' title='bbox 2059 5035 2264 5088; x_wconf 84' lang='lat' dir='ltr'><strong>similis.</strong></span> <span class='ocrx_word' id='word_1_924' title='bbox 2298 5035 2400 5101; x_wconf 83' lang='lat' dir='ltr'><strong>Qui</strong></span> <span class='ocrx_word' id='word_1_925' title='bbox 2423 5039 2606 5105; x_wconf 88' lang='lat' dir='ltr'><strong>poterit</strong></span> <span class='ocrx_word' id='word_1_926' title='bbox 2629 5040 2854 5092; x_wconf 91' lang='lat' dir='ltr'><strong>scrutari</strong></span> <span class='ocrx_word' id='word_1_927' title='bbox 2879 5041 2988 5092; x_wconf 87' lang='lat' dir='ltr'><strong>vias</strong></span> <span class='ocrx_word' id='word_1_928' title='bbox 3017 5039 3128 5108; x_wconf 86' lang='lat' dir='ltr'><strong>ejus</strong></span> <span class='ocrx_word' id='word_1_929' title='bbox 3160 5038 3293 5109; x_wconf 88' lang='lat' dir='ltr'><strong>(Isa.</strong></span> <span class='ocrx_word' id='word_1_930' title='bbox 3317 5053 3406 5102; x_wconf 67' lang='lat' dir='ltr'><strong>XL,</strong></span> <span class='ocrx_word' id='word_1_931' title='bbox 3433 5039 3553 5110; x_wconf 70' lang='lat'><strong>10)?</strong></span> 
     </span>
    </p>
   </div>
   <div class='ocr_carea' id='block_1_113' title="bbox 1981 5126 3553 5196">
    <p class='ocr_par' dir='ltr' id='par_1_113' title="bbox 1981 5126 3553 5196">
     <span class='ocr_line' id='line_1_113' title="bbox 1981 5126 3553 5196; baseline 0.002 -17"><span class='ocrx_word' id='word_1_932' title='bbox 1981 5131 2173 5179; x_wconf 88' lang='lat' dir='ltr'><strong>cuncta</strong></span> <span class='ocrx_word' id='word_1_933' title='bbox 2195 5127 2578 5180; x_wconf 83' lang='lat' dir='ltr'><strong>considerans:</strong></span> <span class='ocrx_word' id='word_1_934' title='bbox 2620 5137 2674 5182; x_wconf 87' lang='lat' dir='ltr'><strong>et</strong></span> <span class='ocrx_word' id='word_1_935' title='bbox 2711 5142 2904 5181; x_wconf 91' lang='lat' dir='ltr'><strong>nomen</strong></span> <span class='ocrx_word' id='word_1_936' title='bbox 2943 5126 3058 5196; x_wconf 88' lang='lat' dir='ltr'><strong>ejus</strong></span> <span class='ocrx_word' id='word_1_937' title='bbox 3106 5142 3267 5195; x_wconf 86' lang='lat' dir='ltr'><strong>supra</strong></span> <span class='ocrx_word' id='word_1_938' title='bbox 3297 5129 3553 5182; x_wconf 85' lang='lat' dir='ltr'><strong>terminos</strong></span> 
     </span>
    </p>
   </div>
   <div class='ocr_carea' id='block_1_114' title="bbox 1983 5216 3554 5286">
    <p class='ocr_par' dir='ltr' id='par_1_114' title="bbox 1983 5216 3554 5286">
     <span class='ocr_line' id='line_1_114' title="bbox 1983 5216 3554 5286; baseline 0.001 -15"><span class='ocrx_word' id='word_1_939' title='bbox 1983 5226 2158 5271; x_wconf 79' lang='lat' dir='ltr'><strong>terrae.</strong></span> <span class='ocrx_word' id='word_1_940' title='bbox 2209 5216 2326 5284; x_wconf 91' lang='lat' dir='ltr'><strong>lpse</strong></span> <span class='ocrx_word' id='word_1_941' title='bbox 2369 5225 2450 5270; x_wconf 91' lang='lat' dir='ltr'><strong>est</strong></span> <span class='ocrx_word' id='word_1_942' title='bbox 2494 5217 2753 5272; x_wconf 87' lang='lat' dir='ltr'><strong>Dominus</strong></span> <span class='ocrx_word' id='word_1_943' title='bbox 2799 5216 3155 5283; x_wconf 90' lang='lat' dir='ltr'><strong>dominorum,</strong></span> <span class='ocrx_word' id='word_1_944' title='bbox 3183 5217 3274 5286; x_wconf 91' lang='lat' dir='ltr'><strong>qui</strong></span> <span class='ocrx_word' id='word_1_945' title='bbox 3302 5225 3384 5271; x_wconf 89' lang='lat' dir='ltr'><strong>est</strong></span> <span class='ocrx_word' id='word_1_946' title='bbox 3413 5216 3554 5272; x_wconf 86' lang='lat' dir='ltr'><strong>Deus</strong></span> 
     </span>
    </p>
   </div>
   <div class='ocr_carea' id='block_1_115' title="bbox 1983 5305 3554 5376">
    <p class='ocr_par' dir='ltr' id='par_1_115' title="bbox 1983 5305 3554 5376">
     <span class='ocr_line' id='line_1_115' title="bbox 1983 5305 3554 5376; baseline -0.001 -13"><span class='ocrx_word' id='word_1_947' title='bbox 1983 5310 2225 5364; x_wconf 88' lang='lat' dir='ltr'><strong>deorum.</strong></span> <span class='ocrx_word' id='word_1_948' title='bbox 2255 5307 2322 5360; x_wconf 91' lang='lat' dir='ltr'><strong>Et</strong></span> <span class='ocrx_word' id='word_1_949' title='bbox 2349 5307 2488 5362; x_wconf 90' lang='lat' dir='ltr'><strong>sicut</strong></span> <span class='ocrx_word' id='word_1_950' title='bbox 2509 5322 2614 5361; x_wconf 92' lang='lat' dir='ltr'><strong>non</strong></span> <span class='ocrx_word' id='word_1_951' title='bbox 2639 5307 2705 5362; x_wconf 90' lang='lat' dir='ltr'><strong>de</strong></span> <span class='ocrx_word' id='word_1_952' title='bbox 2733 5306 2836 5362; x_wconf 91' lang='lat' dir='ltr'><strong>diis</strong></span> <span class='ocrx_word' id='word_1_953' title='bbox 2859 5305 3042 5361; x_wconf 82' lang='lat' dir='ltr'><strong>multis</strong></span> <span class='ocrx_word' id='word_1_954' title='bbox 3070 5315 3174 5370; x_wconf 87' lang='lat' dir='ltr'><strong>est,</strong></span> <span class='ocrx_word' id='word_1_955' title='bbox 3198 5305 3270 5359; x_wconf 90' lang='lat' dir='ltr'><strong>ita</strong></span> <span class='ocrx_word' id='word_1_956' title='bbox 3295 5320 3469 5376; x_wconf 90' lang='lat' dir='ltr'><strong>neque</strong></span> <span class='ocrx_word' id='word_1_957' title='bbox 3488 5307 3554 5361; x_wconf 88' lang='lat' dir='ltr'><strong>de</strong></span> 
     </span>
    </p>
   </div>
   <div class='ocr_carea' id='block_1_116' title="bbox 1983 5397 3555 5468">
    <p class='ocr_par' dir='ltr' id='par_1_116' title="bbox 1983 5397 3555 5468">
     <span class='ocr_line' id='line_1_116' title="bbox 1983 5397 3555 5468; baseline -0.001 -12"><span class='ocrx_word' id='word_1_958' title='bbox 1983 5400 2216 5456; x_wconf 90' lang='lat' dir='ltr'><strong>dominis</strong></span> <span class='ocrx_word' id='word_1_959' title='bbox 2251 5399 2455 5463; x_wconf 92' lang='lat' dir='ltr'><strong>multis,</strong></span> <span class='ocrx_word' id='word_1_960' title='bbox 2483 5399 2576 5454; x_wconf 89' lang='lat' dir='ltr'><strong>sed</strong></span> <span class='ocrx_word' id='word_1_961' title='bbox 2618 5415 2757 5453; x_wconf 89' lang='lat' dir='ltr'><strong>unus</strong></span> <span class='ocrx_word' id='word_1_962' title='bbox 2801 5398 3060 5453; x_wconf 89' lang='lat' dir='ltr'><strong>Dominus</strong></span> <span class='ocrx_word' id='word_1_963' title='bbox 3097 5398 3258 5462; x_wconf 90' lang='lat' dir='ltr'><strong>Deus,</strong></span> <span class='ocrx_word' id='word_1_964' title='bbox 3299 5397 3555 5468; x_wconf 87' lang='lat' dir='ltr'><strong>Apostolo</strong></span> 
     </span>
    </p>
   </div>
   <div class='ocr_carea' id='block_1_117' title="bbox 1983 5487 3553 5558">
    <p class='ocr_par' dir='ltr' id='par_1_117' title="bbox 1983 5487 3553 5558">
     <span class='ocr_line' id='line_1_117' title="bbox 1983 5487 3553 5558; baseline -0.003 -12"><span class='ocrx_word' id='word_1_965' title='bbox 1983 5498 2290 5555; x_wconf 88' lang='lat' dir='ltr'><strong>attestante,</strong></span> <span class='ocrx_word' id='word_1_966' title='bbox 2329 5489 2419 5558; x_wconf 82' lang='lat' dir='ltr'><strong>qui</strong></span> <span class='ocrx_word' id='word_1_967' title='bbox 2463 5489 2577 5543; x_wconf 89' lang='lat' dir='ltr'><strong>ait:</strong></span> <span class='ocrx_word' id='word_1_968' title='bbox 2620 5487 2815 5543; x_wconf 82' lang='lat' dir='ltr'><strong>Nullus</strong></span> <span class='ocrx_word' id='word_1_969' title='bbox 2851 5487 3012 5552; x_wconf 89' lang='lat' dir='ltr'><strong>Deus,</strong></span> <span class='ocrx_word' id='word_1_970' title='bbox 3063 5489 3163 5542; x_wconf 83' lang='lat' dir='ltr'><strong>nisi</strong></span> <span class='ocrx_word' id='word_1_971' title='bbox 3207 5505 3360 5542; x_wconf 87' lang='lat' dir='ltr'><strong>unus.</strong></span> <span class='ocrx_word' id='word_1_972' title='bbox 3412 5489 3553 5542; x_wconf 82' lang='lat' dir='ltr'><strong>Nam</strong></span> 
     </span>
    </p>
   </div>
   <div class='ocr_carea' id='block_1_118' title="bbox 1982 5582 3551 5656">
    <p class='ocr_par' dir='ltr' id='par_1_118' title="bbox 1982 5582 3551 5656">
     <span class='ocr_line' id='line_1_118' title="bbox 1982 5582 3551 5656; baseline -0.007 -13"><span class='ocrx_word' id='word_1_973' title='bbox 1982 5590 2028 5644; x_wconf 89' lang='lat' dir='ltr'><strong>si</strong></span> <span class='ocrx_word' id='word_1_974' title='bbox 2058 5596 2179 5642; x_wconf 90' lang='lat' dir='ltr'><strong>sunt</strong></span> <span class='ocrx_word' id='word_1_975' title='bbox 2207 5587 2295 5656; x_wconf 88' lang='lat' dir='ltr'><strong>qui</strong></span> <span class='ocrx_word' id='word_1_976' title='bbox 2320 5586 2565 5639; x_wconf 86' lang='lat' dir='ltr'><strong>dicantur</strong></span> <span class='ocrx_word' id='word_1_977' title='bbox 2609 5583 2714 5645; x_wconf 86' lang='lat' dir='ltr'><strong>dii,</strong></span> <span class='ocrx_word' id='word_1_978' title='bbox 2757 5583 2860 5637; x_wconf 84' lang='lat' dir='ltr'><strong>sive</strong></span> <span class='ocrx_word' id='word_1_979' title='bbox 2891 5583 2946 5636; x_wconf 88' lang='lat' dir='ltr'><strong>in</strong></span> <span class='ocrx_word' id='word_1_980' title='bbox 2972 5582 3124 5648; x_wconf 74' lang='lat' dir='ltr'><strong>caelo,</strong></span> <span class='ocrx_word' id='word_1_981' title='bbox 3161 5583 3265 5636; x_wconf 70' lang='lat' dir='ltr'><strong>siw</strong></span> <span class='ocrx_word' id='word_1_982' title='bbox 3309 5583 3363 5635; x_wconf 89' lang='lat' dir='ltr'><strong>in</strong></span> <span class='ocrx_word' id='word_1_983' title='bbox 3391 5590 3551 5642; x_wconf 82' lang='lat' dir='ltr'><strong>terra,</strong></span> 
     </span>
    </p>
   </div>
   <div class='ocr_carea' id='block_1_119' title="bbox 1983 5672 3550 5746">
    <p class='ocr_par' dir='ltr' id='par_1_119' title="bbox 1983 5672 3550 5746">
     <span class='ocr_line' id='line_1_119' title="bbox 1983 5672 3550 5746; baseline -0.011 -9"><span class='ocrx_word' id='word_1_984' title='bbox 1983 5680 2236 5746; x_wconf 84' lang='lat' dir='ltr'><strong>siquidem</strong></span> <span class='ocrx_word' id='word_1_985' title='bbox 2258 5687 2377 5734; x_wconf 86' lang='lat' dir='ltr'><strong>sunt</strong></span> <span class='ocrx_word' id='word_1_986' title='bbox 2403 5677 2474 5730; x_wconf 86' lang='lat' dir='ltr'><strong>dii</strong></span> <span class='ocrx_word' id='word_1_987' title='bbox 2497 5674 2666 5740; x_wconf 75' lang='lat' dir='ltr'><strong>multi,</strong></span> <span class='ocrx_word' id='word_1_988' title='bbox 2695 5683 2742 5728; x_wconf 89' lang='lat' dir='ltr'><strong>et</strong></span> <span class='ocrx_word' id='word_1_989' title='bbox 2769 5674 2966 5728; x_wconf 80' lang='lat' dir='ltr'><strong>domini</strong></span> <span class='ocrx_word' id='word_1_990' title='bbox 2993 5672 3174 5727; x_wconf 78' lang='lat' dir='ltr'><strong>multi:</strong></span> <span class='ocrx_word' id='word_1_991' title='bbox 3216 5672 3359 5726; x_wconf 85' lang='lat' dir='ltr'><strong>nobis</strong></span> <span class='ocrx_word' id='word_1_992' title='bbox 3383 5681 3550 5724; x_wconf 79' lang='lat' dir='ltr'><strong>autem</strong></span> 
     </span>
    </p>
   </div>
  </div>
