3992 6176
430 235 531 290 339

1287 229 1698 293 ELIPANDUS,
1739 225 1965 291 FELIX,
2007 225 2356 284 IIETERIUS
2392 227 2484 319 E1:
2522 230 2579 284 S.
2618 219 2912 286 BEATUS.

3601 228 3712 286 900

430 364 565 402 unus
595 346 736 400 Deus
775 344 955 408 Pater,
979 357 1044 396 ea:
1066 357 1168 413 quo
1194 343 1392 405 omnia,
1415 352 1462 397 et
1499 357 1592 395 nos
1621 356 1713 410 per
1743 338 1933 392 illum:
1961 344 2009 390 et
2040 345 2088 397 Α
2113 337 2292 402 stium,
2319 346 2367 390 et
2388 340 2730 403 terrestrium,
2762 348 2810 393 et
2839 340 3205 410 infernarum:
3232 349 3279 394 et
3309 341 3479 394 omnis
3522 339 3715 411 lingua

431 452 568 489 unus
595 434 848 487 Dominus
869 431 1025 484 Jesus
1050 428 1310 494 Christus,
1335 446 1426 499 per
1445 445 1597 500 quem
1622 429 1821 492 omnia,
1853 436 1902 482 et
1923 442 2017 481 nos

431 543 522 595 per
551 526 738 595 ipsum.
769 520 875 576 Sed
902 537 1006 574 non
1044 520 1100 574 in
1129 519 1368 574 omnibus
1407 529 1482 573 est
1519 520 1756 573 scientia.
1783 518 1902 587 Ipse
1933 525 2018 572 est

432 617 681 672 Christus
712 611 1066 675 christorum,
1111 610 1203 679 qui
1238 609 1501 668 Dominus
1547 608 1924 674 dominorum,
1964 616 2022 663 et

435 709 578 763 Deus
603 707 850 762 deorum.

403 785 413 836 ά
503 796 595 853 1X.
630 796 738 851 Sed
764 810 870 850 non
893 800 976 848 est
997 793 1063 848 de
1091 791 1196 846 illis
1224 789 1466 854 christis,
1500 789 1570 847 de
1599 790 1792 860 quibus
1818 791 2020 846 dictum

435 897 519 943 est
545 905 559 941 :
603 885 781 940 Nolite
806 893 1017 953 tangere
1042 883 1263 936 christos
1284 897 1423 936 meos
1443 881 1616 953 (Psal.
1643 898 1750 949 etv,
1782 881 1891 953 15).
1915 881 2022 937 Sed

439 991 614 1046 neque
661 976 727 1031 de
774 974 912 1039 illis,
947 973 1014 1028 de
1041 974 1237 1042 quibus
1279 973 1518 1029 haeretici
1562 973 1788 1028 dicunt:
1827 973 1894 1027 Et
1935 972 2024 1026 ille

436 1068 719 1130 Christus,
759 1074 813 1120 et
856 1080 956 1118 nos
1009 1064 1218 1120 christi.
1272 1064 1339 1118 Et
1389 1079 1696 1134 quanquam
1743 1072 1799 1118 et
1849 1065 2022 1119 sancti

437 1159 630 1214 christi
665 1158 795 1223 sint,
825 1165 881 1212 et
911 1156 1115 1212 domini
1143 1157 1270 1221 sint,
1317 1165 1373 1211 et
1415 1157 1488 1211 dii
1519 1156 1666 1211 sint:
1711 1157 1806 1212 sed
1846 1156 2025 1210 nullus

437 1265 504 1304 ex
530 1248 634 1303 illis
665 1247 910 1302 absolute
956 1247 1155 1303 dicitur
1179 1261 1287 1300 uno
1314 1259 1562 1301 sermone
1588 1245 1838 1304 Christus
1869 1245 2026 1304 Jesus

440 1343 581 1396 Deus
619 1348 826 1394 noster.
856 1338 1046 1395 Nullus
1073 1353 1142 1392 ex
1172 1339 1276 1391 illis
1320 1337 1498 1392 dictus
1524 1346 1627 1404 est,
1652 1337 1891 1392 Christus
1927 1337 2027 1391 Dei

437 1433 601 1484 virtus
641 1440 687 1483 et
718 1429 817 1484 Dei
853 1429 1130 1498 sapientia.
1170 1428 1359 1483 Nullus
1393 1444 1462 1484 ex
1508 1427 1616 1482 illis
1662 1436 1906 1482 mortuus
1945 1434 2028 1482 est

438 1536 536 1588 pro
562 1521 782 1574 mundo.
815 1518 973 1574 Solus
998 1519 1120 1574 iste.
1155 1518 1344 1574 Nullus
1369 1533 1435 1573 ex
1466 1518 1571 1573 illis
1592 1519 1810 1588 propria
1831 1519 2025 1574 volun-

440 1619 550 1666 tate
571 1619 836 1674 mortuus,
851 1618 942 1664 aut
955 1612 1169 1678 quando
1189 1611 1468 1676 voluisset,
1481 1610 1750 1680 posuisset
1765 1611 2021 1675 animam;

2119 429 2432 498 conﬁteatur
2454 432 2580 502 quia
2604 431 2761 485 Iesus
2788 433 2845 486 in
2865 431 3038 503 gloria
3060 441 3135 487 est
3159 432 3258 486 Dei
3289 431 3486 487 Patris.

2191 519 2259 573 X.
2290 518 2444 574 Nulli
2465 522 2604 575 enim
2633 521 2941 592 angelorum
2967 523 3105 576 dixit
3131 521 3330 576 Pater:
3362 522 3406 574 Γ
3409 523 3536 578 ilius
3565 541 3718 582 meus

2119 625 2172 662 es
2198 617 2274 673 tu,
2299 625 2393 680 ego
2421 609 2576 664 hodie
2603 612 2758 681 genui
2785 621 2854 665 te.
2890 611 3015 665 Pete
3037 629 3071 666 a
3096 627 3196 678 me,
3232 621 3281 666 et
3300 612 3436 666 dabo
3464 615 3559 667 tibi
3587 633 3720 685 gen-

2120 708 2195 754 tes
2223 700 2578 754 [nereditatem
2598 710 2764 766 tuam,
2795 711 2845 756 et
2873 704 3249 772 possessionem
3287 712 3433 756 tuam
3461 707 3717 760 terminos

2121 800 2294 845 terrm.
2321 791 2486 862 Reges
2511 809 2600 846 eos
2627 794 2684 846 in
2709 795 2854 864 uirga
2883 793 3074 863 ferrea,
3100 802 3148 849 et
3168 804 3419 865 tanquam
3447 813 3536 849 vas
3561 797 3720 867 ﬁguli

2122 884 2416 953 confringes
2435 900 2543 938 eos.
2586 884 2666 936 Ad
2694 883 2906 954 angelos
2934 885 3143 955 quidem
3191 885 3357 938 dicit:
3387 885 3622 940 Adorent
3648 887 3720 941 il-

2124 969 2232 1024 lum
2263 988 2440 1026 omnes
2463 971 2634 1043 angeli
2663 973 2780 1028 Dei.
2813 973 2894 1027 Ad
2923 972 3126 1028 Filium
3155 984 3331 1028 autem
3357 976 3520 1030 dicit:
3551 976 3719 1033 Thro-

2125 1078 2224 1116 nus
2251 1073 2373 1116 tuus
2410 1063 2551 1118 Deus
2593 1064 2648 1117 in
2684 1063 2936 1118 sweulum
2979 1065 3158 1119 saeculi
3183 1082 3203 1119 :
3243 1067 3388 1136 virga
3431 1071 3718 1138 mquitatis,

2125 1154 2271 1222 virga
2299 1154 2443 1223 regni
2471 1154 2568 1207 tui.
2609 1153 2852 1208 Dilewisti
2881 1155 3158 1221 iustitiam,
3199 1165 3248 1210 et
3274 1156 3432 1212 odisti
3467 1160 3718 1227 iniquita-

2124 1250 2243 1317 tem,
2267 1253 2539 1312 propterea
2567 1245 2718 1297 unxit
2745 1254 2796 1298 te
2830 1245 2991 1310 Deus,
3035 1246 3173 1300 Deus
3200 1256 3340 1312 tuus,
3374 1249 3487 1304 oleo
3520 1251 3719 1307 Iustitia?

2125 1347 2234 1401 pra:
2262 1332 2587 1386 consortibus
2619 1335 2743 1387 tuis.
2775 1334 2861 1398 Et,
2895 1334 2992 1400 Tu,
3026 1335 3269 1401 Domine,
3291 1339 3443 1392 initio
3481 1341 3721 1409 fundasti

2126 1431 2360 1487 terram;
2385 1432 2434 1476 et
2453 1439 2610 1494 Opera
2639 1440 2893 1478 manuum
2919 1435 3133 1479 tuarum
3160 1436 3280 1480 sunt
3303 1428 3436 1482 caeli.
3465 1429 3578 1500 Ipsi
3603 1449 3721 1502 per-

2126 1509 2293 1575 ibunt,
2324 1521 2380 1564 tu
2409 1521 2586 1564 autem
2625 1529 2934 1582 permanes:
2964 1523 3013 1568 et
3049 1517 3227 1568 omnia
3273 1517 3407 1570 sicut
3438 1521 3718 1574 uestimen-

2128 1609 2239 1654 tum
2268 1611 2602 1668 oeterascent,
2649 1613 2700 1657 et
2739 1606 2878 1658 sicut
2908 1608 3228 1677 opertorium
3275 1610 3497 1664 mutabis
3540 1629 3633 1677 ea,
3667 1620 3721 1666 et

441 1713 536 1759 aut
572 1706 786 1773 quando
811 1705 1086 1768 voluisset,
1122 1713 1422 1760 resumeret
1444 1721 1459 1770 ;
1481 1705 1575 1760 sed
1607 1704 1755 1760 solus
1782 1703 1905 1758 iste.
1935 1703 2027 1759 Sic
2055 1683 2101 1743 Β
2130 1692 2508 1748 mutabunt”:
2538 1703 2598 1748 τυ
2623 1705 2793 1749 dum"
2839 1697 2977 1751 idem
3007 1699 3114 1768 5P“
3158 1715 3231 1764 θεν
3278 1709 3327 1753 θ’
3353 1703 3475 1754 Mhi
3503 1705 3580 1756 ηιί
3611 1721 3722 1758 non

441 1798 588 1851 enim
625 1798 700 1852 ait
726 1795 924 1851 Iudaeis
948 1811 963 1850 :
995 1795 1191 1851 Soluite
1213 1795 1460 1867 templum
1489 1797 1605 1860 hoc,
1632 1804 1680 1850 et
1708 1796 1886 1849 triduo
1913 1811 2032 1849 sus-

443 1888 613 1942 citabo
651 1888 804 1942 illud.
841 1888 959 1942 Non
984 1888 1158 1942 dixit.
1201 1888 1405 1944 Solvite
1429 1889 1685 1958 templum
1715 1889 1836 1954 hoc,
1870 1903 2029 1959 quem

445 1980 607 2035 Pater
635 1981 878 2044 suscitet,
907 1981 1020 2045 sed,
1054 1981 1168 2051 Ego
1189 1981 1462 2036 suscitabo
1483 1981 1635 2035 illud.
1661 1981 1729 2034 Et
1751 1981 1802 2035 in
1825 1981 2032 2050 psalmo

448 2074 611 2128 tertio
635 2074 743 2128 ait:
782 2073 894 2144 Ego
924 2074 1144 2128 dormivi
1175 2083 1220 2128 et
1260 2075 1552 2128 exsurrexi.
1595 2072 1708 2128 Hoc
1749 2080 1920 2127 totum
1967 2072 2035 2126 li-

445 2162 575 2218 bera
600 2162 803 2218 Christi
825 2170 1079 2233 potestas,
1107 2161 1242 2234 ejus,
1273 2163 1363 2233 qui
1384 2170 1650 2233 potestate
1670 2179 1766 2219 sua
1789 2171 2035 2217 mortuus

447 2261 548 2318 est,
579 2258 850 2321 potestate
879 2267 976 2307 sua
1007 2253 1322 2307 resurrexit.
1365 2253 1434 2306 Et
1461 2253 1551 2321 qui
1582 2260 1906 2322 potestatem
1938 2252 2037 2305 ha-

448 2345 558 2409 bet,
583 2345 728 2399 Deus
748 2351 862 2410 est;
888 2352 943 2398 et
962 2359 1072 2398 non
1088 2343 1344 2412 quislibet
1368 2343 1528 2409 Deus,
1557 2344 1652 2398 sed
1672 2343 2031 2413 omnipotens,

447 2435 576 2503 quia
597 2435 778 2490 omnia
803 2441 1002 2503 potest.
1039 2433 1107 2487 Et
1139 2433 1318 2488 nullus
1337 2442 1516 2502 potest
1543 2432 1720 2489 facere
1745 2433 1890 2502 quod
1911 2432 2038 2487 fecit

447 2533 503 2580 et
531 2524 659 2580 facit
687 2525 1032 2595 omnipotens
1059 2525 1220 2578 Deus.
1270 2523 1405 2578 Nam
1451 2525 1574 2593 quia
1618 2533 1673 2578 et
1707 2523 1869 2578 Pater
1913 2538 2035 2577 eum

449 2617 754 2680 suscitavit,
775 2616 907 2671 dicit
923 2617 977 2670 in
1007 2617 1196 2670 eodem
1217 2615 1456 2685 psalmo:
1487 2616 1746 2670 Dominus
1767 2615 2037 2669 suscitavit

451 2720 556 2757 me.
598 2703 883 2759 Dominum
930 2705 1080 2770 dicit,
1119 2720 1278 2772 quem
1325 2704 1542 2759 Patrem
1583 2705 1765 2759 habet.
1813 2703 1948 2757 Nam
1992 2703 2040 2757 si

450 2808 574 2847 eum
609 2793 826 2846 Patrem
873 2808 983 2845 non
1020 2794 1262 2855 haberet,
1315 2795 1508 2848 Petrus
1543 2793 1820 2862 apostolus
1865 2793 1931 2848 de
1973 2808 2040 2848 eo

450 2898 560 2936 non
591 2881 794 2936 diceret
833 2881 1074 2936 Judmis:
1114 2882 1372 2937 Dominus
1409 2883 1548 2937 Deus
1585 2893 1795 2953 patrum
1838 2893 2043 2938 nostro-

454 2989 570 3026 rum
600 2973 870 3027 suscitauit
897 2971 1098 3026 Filium
1148 2989 1302 3025 suum
1327 2973 1530 3037 Iesum,
1562 2989 1717 3042 quem
1751 2989 1838 3026 eos
1879 2974 2040 3026 inter-

451 3065 674 3117 emistis.
710 3062 912 3118 Servus
953 3064 1129 3117 dictus
1158 3070 1243 3116 est
1275 3063 1486 3127 Patris,
1534 3063 1661 3132 quia
1692 3063 2042 3132 semetipsum

454 3155 784 3220 exinanivit,
837 3154 890 3209 id
947 3163 1060 3218 est,
1117 3155 1464 3223 semetipsum
1521 3155 1724 3209 mundo
1775 3154 2043 3210 visibilem

452 3244 709 3298 ostendit.
739 3243 873 3310 Quia
898 3244 1123 3313 formam
1153 3246 1284 3298 servi
1313 3245 1592 3315 accipiens,
1612 3244 1788 3313 inquit
1811 3243 2044 3313 Aposto-

455 3333 560 3399 lus,
592 3335 648 3388 in
672 3334 1071 3388 similitudinem
1109 3335 1381 3388 hominum
1411 3335 1583 3404 {actus
1609 3343 1716 3399 est,
1755 3334 1938 3388 habitu
1963 3334 2048 3387 in-

425 3409 427 3412 i
455 3434 634 3479 uentus
668 3436 722 3478 ut
753 3425 929 3478 homo.
957 3423 1025 3479 Et
1062 3425 1182 3479 ideo
1206 3425 1384 3478 Patris
1429 3433 1513 3479 est
1559 3431 1766 3490 servus,
1799 3424 1892 3492 qui
1922 3439 2045 3478 cum

456 3512 616 3568 Patre
639 3521 724 3568 est
749 3529 888 3568 unus
920 3513 1200 3576 Dominus,
1239 3521 1293 3567 et
1312 3528 1449 3566 unus
1472 3513 1634 3567 Deus.
1664 3512 2046 3567 Verumtamen

459 3602 573 3671 ipse
607 3603 708 3658 sibi
740 3618 840 3657 nec
878 3603 1152 3666 dominus,
1191 3618 1292 3657 nec
1319 3618 1508 3657 servus
1532 3611 1634 3657 est.
1664 3600 1844 3656 Solius
1872 3601 2049 3657 Patris

456 3700 540 3746 cst
563 3708 772 3756 servus,
804 3694 930 3762 quia
959 3692 1088 3748 facit
1118 3693 1452 3748 voluntatem
1477 3693 1686 3755 Patris,
1724 3701 1786 3747 ut
1832 3693 1948 3761 ipse
1983 3694 2048 3748 de

457 3784 749 3852 semetipso
771 3785 874 3837 ait:
906 3783 1028 3838 Non
1064 3785 1175 3837 ueni
1200 3782 1515 3837 uoluntatem
1542 3800 1712 3838 meam
1734 3784 1924 3853 facere,
1957 3784 2049 3837 sed

457 3872 772 3927 voluntatem
798 3874 911 3944 ejus
958 3875 1048 3943 qui
1082 3874 1221 3926 misit
1245 3889 1346 3938 me,
1391 3874 1583 3928 Patris.
1625 3874 1742 3929 Non
1788 3875 1890 3929 boc
1931 3876 2050 3930 loco

461 3963 598 4017 dixit
628 3963 960 4018 voluntatem
1008 3964 1105 4017 Dei
1141 3962 1318 4018 facere
1342 4003 1357 4026 ,
1412 3964 1506 4020 sed
1553 3965 1750 4020 Patris.
1794 3965 2050 4032 Quamvis

421 4101 430 4111 .
460 4057 604 4111 enim
627 4059 796 4112 Deum
825 4073 976 4112 suum
1010 4057 1226 4112 Patrem
1252 4059 1465 4121 dixerit,
1483 4074 1605 4113 cum
1637 4059 1778 4114 Deus
1799 4059 1870 4114 sit
1888 4059 2051 4115 etiam

462 4150 579 4218 ipsa
620 4158 814 4204 natura
852 4160 907 4206 et
950 4151 1016 4206 de
1051 4150 1196 4206 illius
1230 4153 1497 4215 essentia,
1541 4159 1718 4207 tamen
1747 4153 2052 4210 nullatenus

463 4243 778 4314 ignoramus
823 4243 965 4311 quod
1014 4257 1239 4297 manens
1275 4243 1436 4297 homo
1479 4259 1692 4312 quoque
1740 4243 1916 4300 factus
1960 4245 2049 4310 sit,

463 4335 555 4403 qui
581 4335 682 4389 sub
700 4334 810 4388 Deo
831 4333 986 4402 juxta
1013 4335 1248 4390 debitam
1277 4335 1446 4405 legem
1478 4344 1684 4392 naturae
1704 4338 2052 4395 humanitatis

463 4428 740 4484 existeret.
781 4426 898 4495 Ipse
923 4443 1052 4482 vero
1093 4427 1198 4481 sibi
1243 4427 1513 4497 quomodo
1556 4427 1640 4482 vel
1683 4429 1824 4483 Deus
1855 4432 2054 4500 poterit

464 4533 604 4583 esse,
639 4517 722 4573 vel
757 4518 1061 4573 Dominus?
1101 4519 1240 4588 Ergo
1279 4519 1446 4573 solius
1490 4518 1671 4574 Patris
1714 4528 1797 4575 est
1842 4536 2052 4588 servus,

466 4623 571 4662 non
601 4608 702 4662 sibi
733 4623 940 4673 servus,
971 4623 1077 4662 non
1109 4624 1238 4663 suus
1275 4624 1482 4664 servus.
1507 4609 1623 4664 Non
1653 4610 1754 4666 sibi
1783 4611 2051 4677 dominus,

467 4713 575 4752 non
607 4710 737 4751 suus
774 4697 1043 4752 dominus.
1078 4697 1231 4751 Sicut
1254 4697 1399 4751 solus
1426 4698 1604 4751 Patris
1624 4705 1708 4752 est
1734 4697 1922 4765 Filius,
1945 4715 2054 4755 non

467 4803 598 4843 suus
635 4787 795 4855 filius,
824 4803 933 4844 non
959 4788 1064 4843 sibi
1095 4789 1254 4853 ﬁlius,
1278 4788 1418 4843 sicut
1447 4789 1563 4857 ipso
1591 4787 1767 4857 major
1783 4798 1839 4844 et
1856 4791 2051 4846 minor.

464 4881 534 4935 Et
563 4881 684 4936 ideo
704 4879 759 4934 in
783 4895 891 4949 quo
921 4877 1094 4947 major
1118 4879 1221 4933 sibi
1261 4879 1388 4948 ipsi,
1419 4879 1643 4949 aequalis
1667 4887 1751 4933 est
1777 4879 1957 4947 Patri;
1999 4881 2055 4936 in

467 4985 575 5038 quo
606 4970 785 5024 minor
817 4970 920 5024 sibi
951 4970 1073 5038 ipsi,
1101 4969 1278 5022 minor
1309 4976 1393 5023 est
1427 4967 1619 5035 Patre;
1659 4969 1712 5022 in
1744 4985 1852 5039 quo
1879 4970 2060 5026 minor

467 5059 637 5124 Patri,
671 5059 930 5114 Dominus
955 5059 1104 5114 omni
1130 5067 1420 5126 creatum;
1463 5059 1519 5114 in
1544 5075 1652 5131 quo
1679 5075 1867 5116 servus
1887 5059 2057 5127 Patri,

469 5149 720 5204 dominus
749 5149 872 5205 caeli
896 5156 952 5204 et
979 5160 1156 5214 terrae,
1172 5149 1228 5204 id
1247 5157 1331 5205 est
1351 5150 1662 5220 angelorum
1684 5160 1738 5205 et
1759 5151 2054 5215 hominum,

469 5237 637 5294 Paulo
668 5238 910 5309 apostolo
935 5247 1246 5305 attestante,
1279 5239 1372 5309 qui
1398 5239 1508 5294 ait:
1541 5239 1858 5294 Humiliauit
1880 5249 2060 5294 semet-

471 5326 642 5396 ipsum
665 5345 824 5399 usque
843 5329 913 5382 ad
944 5322 1183 5395 mortem,
1217 5338 1437 5383 mortem
1481 5339 1656 5384 autem
1694 5333 1886 5385 crucis.
1921 5329 2059 5384 Pro-

470 5427 588 5487 pter
627 5423 766 5490 quod
793 5432 842 5476 et
887 5423 1022 5477 Deus
1068 5422 1229 5476 Pater
1252 5421 1498 5477 exaltauit
1545 5422 1718 5489 illum,
1758 5432 1804 5477 et
1850 5423 2065 5477 donavit

443 5509 556 5593 ~illi
583 5528 766 5565 nomen
788 5513 926 5582 quod
954 5523 1028 5568 est
1057 5531 1213 5584 super
1245 5530 1397 5568 omne
1425 5531 1630 5581 nomen,
1676 5525 1734 5570 ut
1767 5517 1826 5570 in
1855 5517 2062 5570 nomine

478 5599 624 5660 Jesu,
656 5600 747 5652 ﬁlii
776 5602 957 5656 Maria:
983 5605 1238 5671 Virginis,
1291 5621 1441 5659 omne
1463 5622 1596 5674 genu
1640 5607 1884 5673 flectatur
1913 5605 2061 5660 cale-

2131 1783 2389 1852 deﬁcient.
2408 1782 2538 1837 Filii
2558 1800 2825 1839 seruorum
2847 1794 3058 1840 tuorum
3077 1789 3460 1854 inhabitabant,
3478 1801 3524 1845 et
3544 1809 3724 1846 semen

2131 1888 2310 1926 eorum
2337 1874 2393 1927 in
2418 1874 2668 1928 sarculum
2705 1875 2886 1930 surculi
2923 1876 3199 1948 dirigetur.
3243 1878 3356 1935 Hoc
3382 1880 3626 1936 Ecclesia
3656 1883 3723 1938 de

2131 1963 2348 2020 Christo
2379 1965 2532 2019 dicit.
2554 1965 2621 2020 Et
2643 1966 2771 2035 quia
2800 1966 2854 2020 in
2891 1957 2994 2022 hoc
3018 1971 3219 2025 mundo
3242 1971 3548 2029 minoratus
3577 1975 3722 2028 venit

2131 2052 2290 2123 paulo
2318 2056 2494 2108 minus
2523 2054 2591 2108 ab
2620 2055 2841 2126 angelis,
2883 2065 2941 2112 et
2982 2073 3089 2112 non
3137 2060 3312 2116 solum
3355 2066 3584 2133 angelis,
3632 2067 3724 2121 sed

2133 2145 2297 2199 etiam
2329 2146 2656 2212 hominibus,
2683 2147 2810 2216 quia
2833 2149 3012 2204 minor
3033 2159 3152 2204 erat
3172 2155 3489 2221 parentibus
3511 2157 3645 2221 suis,
3671 2164 3722 2213 et

2136 2233 2344 2307 [Forte,
2371 2235 2488 2308 sed]
2515 2246 2642 2293 ante
2667 2239 2995 2307 passionem,
3036 2251 3163 2297 ante
3197 2253 3448 2311 mortem,
3493 2258 3621 2303 ante
3642 2265 3722 2306 re-

2135 2329 2546 2383 surrectionem.
2573 2329 2706 2384 Nam
2726 2339 3080 2401 posteaquam
3102 2339 3401 2393 resurrexit
3421 2354 3453 2393 a
3477 2344 3723 2410 mortuis,

2136 2418 2274 2473 dixit
2302 2418 2578 2487 discipulis
2603 2421 2718 2475 suis
2741 2439 2754 2474 :
2784 2421 2926 2476 Data
2955 2434 3030 2477 est
3059 2427 3186 2480 mihi
3212 2436 3438 2497 potestas
3473 2433 3643 2486 omnis
3672 2435 3728 2488 in

2137 2509 2264 2563 calo
2305 2518 2352 2562 et
2395 2509 2452 2561 in
2479 2517 2641 2564 terra.
2688 2510 2839 2565 Sicut
2863 2528 2947 2567 me
2969 2515 3112 2569 misit
3156 2515 3336 2580 Pater,
3370 2527 3418 2572 et
3458 2536 3553 2590 ego
3579 2523 3730 2577 mitto

2139 2616 2248 2655 uos.
2275 2599 2392 2654 Hoc
2425 2616 2544 2654 cum
2584 2601 2822 2666 discisset,
2852 2604 3154 2675 insufﬂauit,
3183 2616 3232 2659 et
3271 2607 3400 2660 dicit
3435 2610 3511 2662 eis
3534 2625 3553 2662 :
3581 2611 3726 2664 Acci-

2139 2693 2243 2762 pite
2264 2691 2521 2762 Spiritum
2557 2703 2796 2747 sanctum
2819 2710 2854 2748 ει
2885 2711 3107 2766 quorum
3154 2699 3456 2753 remiseritis
3495 2711 3723 2772 peccata,

2141 2784 2477 2838 remittuntur
2503 2785 2578 2838 eis
2597 2799 2616 2836 :
2652 2793 2700 2838 et
2726 2801 2950 2854 quorum
2981 2789 3317 2856 retinueritis,
3359 2802 3556 2847 retenta
3586 2803 3724 2847 sunt.

2142 2874 2361 2948 thuia
2388 2875 2623 2944 Spiritus
2652 2886 2872 2932 sanctus
2898 2879 2965 2933 de
2994 2878 3154 2934 Patre
3196 2880 3440 2951 Filioque
3465 2885 3723 2953 procedit,

2146 2969 2322 3036 ipsum
2346 2967 2609 3036 Spiritum
2635 2979 2883 3024 sanctum
2913 2971 3196 3028 insuﬂlans
3223 2975 3500 3043 apostolis,
3533 2986 3592 3031 ut
3617 2994 3730 3032 ma-

2147 3059 2394 3115 nifestius
2413 3061 2786 3116 ostenderetur
2805 3064 2951 3131 quod
2967 3074 3220 3133 praesset
3238 3065 3440 3138 [ἴοι-ιε,
3453 3071 3599 3139 quod
3620 3069 3728 3139 ipse

2144 3149 2312 3222 esset]
2337 3149 2508 3205 Filius
2530 3151 2648 3216 Dei,
2673 3166 2703 3208 a
2731 3167 2842 3220 quo
2869 3155 3113 3222 procedit
3149 3155 3384 3226 Spiritus
3411 3167 3650 3222 sanctus,
3677 3168 3729 3212 et

2148 3238 2265 3308 ipsa
2285 3246 2368 3293 est
2405 3239 2563 3294 tertia
2587 3239 2642 3293 in
2670 3239 2938 3297 Trinitate
2961 3255 3194 3310 persona
3219 3262 3232 3297 :
3276 3247 3367 3314 qui
3395 3246 3598 3302 donum
3625 3247 3729 3301 Pa-

2148 3327 2248 3382 tris
2276 3335 2330 3381 et
2349 3326 2476 3381 Filii
2499 3328 2700 3382 dicitur
2721 3345 2737 3394 ;
2760 3343 2922 3398 quem
2960 3339 3090 3386 tunc
3123 3333 3301 3398 dedit,
3347 3342 3402 3389 et
3434 3344 3622 3404 postea
3666 3337 3732 3392 de

2147 3421 2286 3476 cmlo
2314 3421 2482 3487 misit,
2514 3431 2575 3476 ut
2602 3424 2912 3480 ostenderet
2935 3424 3279 3481 dilectionem
3300 3427 3396 3483 Dei
3424 3436 3479 3483 et
3501 3429 3730 3500 proximi

2148 3515 2443 3569 secundum
2473 3515 2561 3570 illa
2587 3523 2878 3586 praecepta,
2905 3518 2962 3573 in
2989 3517 3176 3590 quibus
3204 3529 3315 3573 tota
3341 3519 3427 3575 lea:
3449 3522 3652 3592 pendet,
3682 3532 3728 3575 et

2147 3604 2409 3674 propheta:
2418 3643 2427 3659 .

2221 3693 2311 3748 XI.
2337 3694 2517 3750 Semel
2538 3696 2592 3749 in
2620 3703 2764 3750 terra
2791 3696 2936 3752 dedit
2964 3697 3225 3768 Spiritum
3247 3708 3496 3755 sanetum
3516 3695 3733 3773 propt'ér

2149 3786 2492 3843 dilectionem
2516 3789 2768 3857 proximi,
2798 3797 2854 3843 et
2882 3791 3120 3846 secundo
3152 3791 3297 3846 dedit
3330 3792 3397 3847 de
3435 3793 3574 3848 coelo
3606 3808 3731 3866 pro-

2149 3885 2270 3948 pter
2305 3879 2646 3933 dilectionem
2695 3879 2810 3934 Dei.
2844 3881 2981 3936 Nam
3026 3898 3148 3937 cum
3197 3882 3512 3949 insulDavit,
3557 3893 3612 3939 et
3659 3884 3734 3937 illi

2151 3971 2483 4040 accepissent
2509 3970 2770 4039 Spiritum
2796 3984 3061 4039 sanctum,
3086 3973 3225 4028 dixit
3258 3974 3376 4029 eis:
3414 3973 3525 4040 Ite,
3566 3975 3664 4046 bap
3685 3977 3732 4028 i—

2153 4071 2267 4115 sate
2293 4077 2472 4115 omnes
2490 4070 2684 4130 gentes,
2712 4062 2768 4115 in
2808 4063 3016 4116 nomine
3053 4062 3251 4128 Patris,
3277 4071 3330 4117 et
3355 4061 3509 4129 Filii,
3532 4073 3582 4118 et
3611 4064 3734 4135 Spi—

2153 4152 2286 4204 ritus
2328 4153 2497 4205 saneti
2541 4151 2754 4223 (Matth.
2787 4169 2980 4218 xxvm,
3023 4153 3132 4224 l9).
3184 4155 3286 4210 Ubi
3315 4155 3551 4211 maxime
3590 4172 3734 4212 eom-

2153 4244 2438 4299 mendatur
2464 4245 2579 4300 haec
2617 4244 2872 4310 Trinitas,
2905 4246 3153 4302 dubitare
3177 4263 3286 4302 non
3308 4248 3587 4303 debemus.
3624 4248 3736 4318 Ipse

2154 4341 2238 4388 est
2267 4335 2429 4404 igitur
2463 4333 2699 4405 Spiritus
2729 4343 2968 4401 sanctus,
3001 4337 3094 4405 qui
3121 4339 3286 4392 etiam
3316 4337 3384 4392 de
3407 4339 3549 4394 caelo
3582 4342 3736 4395 datus

2153 4431 2238 4478 est
2257 4414 2344 4478 die
2366 4423 2730 4491 Pentecostes,
2751 4433 2874 4494 post
2895 4426 3012 4481 dies
3033 4429 3216 4483 decem
3239 4430 3452 4497 quando
3478 4429 3736 4485 Dominus

2153 4513 2397 4569 ascendit
2423 4513 2474 4568 in
2504 4513 2720 4569 calum.
2754 4513 3034 4581 Quomodo
3063 4531 3170 4570 non
3196 4525 3280 4572 est
3308 4516 3465 4573 Iesus
3491 4517 3736 4574 Christus

2155 4604 2297 4660 Deus
2323 4605 2419 4659 Dei
2444 4605 2630 4671 Filius,
2673 4607 2764 4674 qui
2797 4607 2864 4661 de
2895 4607 3114 4676 Virgine
3147 4616 3308 4663 natus
3343 4618 3428 4664 est
3472 4608 3616 4664 Deus
3649 4623 3737 4662 rc-

2153 4713 2268 4763 rus,
2305 4698 2399 4768 qui
2433 4698 2524 4752 dat
2553 4697 2814 4766 Spiritum
2847 4700 3136 4754 sanctum?
3171 4701 3283 4755 lmo
3329 4709 3564 4771 quantus
3598 4702 3736 4756 Deus

2154 4797 2256 4852 est,
2285 4788 2375 4857 qui
2408 4789 2496 4842 dat
2527 4789 2697 4843 Deum
2723 4790 2736 4841 l
2766 4787 2949 4857 Neque
2973 4789 3115 4844 enim
3141 4789 3335 4860 aliquis
3355 4791 3735 4860 discipulorum

2155 4878 2272 4948 ejus
2321 4878 2469 4933 dedit
2515 4878 2777 4949 Spiritum
2821 4888 3089 4934 sanctum.
3139 4879 3380 4936 Orabam
3430 4883 3629 4951 quippe
3681 4888 3739 4936 ut

2155 4970 2365 5024 veniret
2395 4969 2449 5023 in
2491 4984 2586 5024 eos
2627 4969 2824 5038 quibus
2849 4984 3041 5024 manus
3086 4968 3460 5038 imponebant:
3498 4986 3605 5026 non
3639 4970 3739 5040 ipsi

2155 5073 2279 5114 eum
2301 5060 2520 5115 dabant.
2545 5059 2718 5126 Quam
2747 5061 3188 5117 consuetudinem
3214 5061 3270 5115 in
3289 5062 3557 5132 episcopis
3575 5064 3736 5118 etiam

2157 5166 2302 5205 nunc
2329 5158 2509 5206 servat
2537 5149 2801 5205 Ecclesia.

2229 5240 2341 5295 XII.
2375 5241 2616 5311 Denique
2641 5248 2697 5295 et
2735 5240 2922 5297 Simon
2962 5242 3168 5314 Magos,
3211 5242 3444 5298 oﬂ‘erens
3485 5243 3740 5312 apostolis

2157 5331 2461 5401 pecuniam,
2492 5345 2602 5385 non
2635 5331 2754 5384 ait:
2792 5330 2928 5384 Date
2961 5338 3017 5384 et
3058 5331 3191 5385 mihi
3235 5331 3376 5386 hanc
3420 5337 3740 5400 potestatem

2159 5432 2218 5478 ut
2249 5425 2373 5479 dem
2401 5423 2666 5493 Spiritum
2693 5431 2963 5489 sanctum,
2993 5421 3104 5488 sed,
3135 5423 3424 5492 cuicunque
3445 5424 3740 5492 imposuere

2159 5531 2368 5578 manus,
2420 5515 2642 5585 accipiat
2683 5512 2942 5583 Spiritum
2983 5526 3221 5567 sanctum
3268 5512 3424 5586 (Act.
3455 5509 3736 5578 “11.49).

2161 5604 2296 5670 Quia
2337 5619 2508 5673 neque
2538 5603 2819 5672 Scrip'ura
2854 5605 3100 5674 superius
3131 5604 3376 5660 dixerat:
3424 5604 3620 5660 Videas
3647 5617 3727 5656 an-
