  <div class='ocr_page' id='page_1' title='image "/cluster/home/n/w/nwhite01/storage/ocr_20150623/96/hvd.32044052819901/456.png"; bbox 0 0 3992 6176; ppageno 0'>
   <div class='ocr_carea' id='block_1_1' title="bbox 252 313 355 369">
    <p class='ocr_par' dir='ltr' id='par_1_1' title="bbox 252 313 355 369">
     <span class='ocr_line' id='line_1_1' title="bbox 252 313 355 369; baseline -0.019 0"><span class='ocrx_word' id='word_1_1' title='bbox 252 313 355 369; x_wconf 78' lang='lat'><strong>901</strong></span> 
     </span>
    </p>
   </div>
   <div class='ocr_carea' id='block_1_2' title="bbox 924 307 2844 372">
    <p class='ocr_par' dir='ltr' id='par_1_2' title="bbox 924 307 2844 372">
     <span class='ocr_line' id='line_1_2' title="bbox 924 307 2844 372; baseline 0.004 -8"><span class='ocrx_word' id='word_1_2' title='bbox 924 307 1200 364; x_wconf 79' lang='lat' dir='ltr'><strong>IIETERH</strong></span> <span class='ocrx_word' id='word_1_3' title='bbox 1239 308 1327 363; x_wconf 80' lang='lat' dir='ltr'><strong>ET</strong></span> <span class='ocrx_word' id='word_1_4' title='bbox 1365 307 1424 364; x_wconf 88' lang='lat' dir='ltr'><strong>S.</strong></span> <span class='ocrx_word' id='word_1_5' title='bbox 1466 308 1669 363; x_wconf 66' lang='lat' dir='ltr'><strong>BEATI</strong></span> <span class='ocrx_word' id='word_1_6' title='bbox 1698 309 1794 362; x_wconf 79' lang='lat' dir='ltr'><strong>AD</strong></span> <span class='ocrx_word' id='word_1_7' title='bbox 1833 309 2230 369; x_wconf 77' lang='lat' dir='ltr'><strong>ELIPANDUM</strong></span> <span class='ocrx_word' id='word_1_8' title='bbox 2267 312 2485 369; x_wconf 81' lang='lat' dir='ltr'><strong>EPIST.</strong></span> <span class='ocrx_word' id='word_1_9' title='bbox 2524 346 2593 354; x_wconf 95' lang='lat'><strong>—</strong></span> <span class='ocrx_word' id='word_1_10' title='bbox 2631 315 2760 370; x_wconf 83' lang='lat' dir='ltr'><strong>LIB.</strong></span> <span class='ocrx_word' id='word_1_11' title='bbox 2805 317 2844 372; x_wconf 92' lang='grc' dir='ltr'><strong>Ι.</strong></span> 
     </span>
    </p>
   </div>
   <div class='ocr_carea' id='block_1_3' title="bbox 3424 324 3527 380">
    <p class='ocr_par' dir='ltr' id='par_1_3' title="bbox 3424 324 3527 380">
     <span class='ocr_line' id='line_1_3' title="bbox 3424 324 3527 380; baseline 0.019 -2"><span class='ocrx_word' id='word_1_12' title='bbox 3424 324 3527 380; x_wconf 64' lang='lat'><strong>903</strong></span> 
     </span>
    </p>
   </div>
   <div class='ocr_carea' id='block_1_4' title="bbox 251 419 3527 494">
    <p class='ocr_par' dir='ltr' id='par_1_4' title="bbox 251 419 3527 494">
     <span class='ocr_line' id='line_1_4' title="bbox 251 419 3527 494; baseline -0.002 -12"><span class='ocrx_word' id='word_1_13' title='bbox 251 435 364 483; x_wconf 90' lang='lat' dir='ltr'><strong>tem</strong></span> <span class='ocrx_word' id='word_1_14' title='bbox 392 422 580 480; x_wconf 82' lang='lat' dir='ltr'><strong>Simon</strong></span> <span class='ocrx_word' id='word_1_15' title='bbox 607 422 752 491; x_wconf 86' lang='lat' dir='ltr'><strong>quod</strong></span> <span class='ocrx_word' id='word_1_16' title='bbox 785 420 1014 490; x_wconf 82' lang='lat' dir='ltr'><strong>apostoli</strong></span> <span class='ocrx_word' id='word_1_17' title='bbox 1039 422 1230 476; x_wconf 86' lang='lat' dir='ltr'><strong>darent</strong></span> <span class='ocrx_word' id='word_1_18' title='bbox 1259 419 1522 490; x_wconf 78' lang='lat' dir='ltr'><strong>Spiritum</strong></span> <span class='ocrx_word' id='word_1_19' title='bbox 1560 430 1831 483; x_wconf 88' lang='lat' dir='ltr'><strong>sanctum,</strong></span> <span class='ocrx_word' id='word_1_20' title='bbox 1863 429 1907 483; x_wconf 82' lang='grc' dir='ltr'><strong>Α</strong></span> <span class='ocrx_word' id='word_1_21' title='bbox 1940 422 2072 476; x_wconf 85' lang='lat' dir='ltr'><strong>falsa</strong></span> <span class='ocrx_word' id='word_1_22' title='bbox 2103 423 2190 487; x_wconf 90' lang='lat' dir='ltr'><strong>sit,</strong></span> <span class='ocrx_word' id='word_1_23' title='bbox 2229 426 2448 494; x_wconf 82' lang='lat' dir='ltr'><strong>grandis</strong></span> <span class='ocrx_word' id='word_1_24' title='bbox 2475 426 2711 481; x_wconf 81' lang='lat' dir='ltr'><strong>inventio</strong></span> <span class='ocrx_word' id='word_1_25' title='bbox 2742 437 2824 482; x_wconf 91' lang='lat' dir='ltr'><strong>est</strong></span> <span class='ocrx_word' id='word_1_26' title='bbox 2851 446 2862 481; x_wconf 89' lang='lat'>:</span> <span class='ocrx_word' id='word_1_27' title='bbox 2890 437 2943 484; x_wconf 89' lang='lat' dir='ltr'><strong>et</strong></span> <span class='ocrx_word' id='word_1_28' title='bbox 2968 430 3070 485; x_wconf 82' lang='lat' dir='ltr'><strong>hoc</strong></span> <span class='ocrx_word' id='word_1_29' title='bbox 3098 447 3202 486; x_wconf 82' lang='lat' dir='ltr'><strong>non</strong></span> <span class='ocrx_word' id='word_1_30' title='bbox 3233 433 3287 488; x_wconf 80' lang='lat' dir='ltr'><strong>in</strong></span> <span class='ocrx_word' id='word_1_31' title='bbox 3324 436 3527 492; x_wconf 68' lang='grc' dir='ltr'><strong>ιηίηυω</strong></span> 
     </span>
    </p>
   </div>
   <div class='ocr_carea' id='block_1_5' title="bbox 251 513 1850 586">
    <p class='ocr_par' dir='ltr' id='par_1_5' title="bbox 251 513 1850 586">
     <span class='ocr_line' id='line_1_5' title="bbox 251 513 1850 586; baseline -0.004 -11"><span class='ocrx_word' id='word_1_32' title='bbox 251 520 347 575; x_wconf 87' lang='lat' dir='ltr'><strong>sed</strong></span> <span class='ocrx_word' id='word_1_33' title='bbox 370 518 625 573; x_wconf 75' lang='lat' dir='ltr'><strong>dixerat:</strong></span> <span class='ocrx_word' id='word_1_34' title='bbox 671 513 862 572; x_wconf 70' lang='lat' dir='ltr'><strong>Vident</strong></span> <span class='ocrx_word' id='word_1_35' title='bbox 892 525 1064 570; x_wconf 87' lang='lat' dir='ltr'><strong>autem</strong></span> <span class='ocrx_word' id='word_1_36' title='bbox 1111 515 1297 570; x_wconf 88' lang='lat' dir='ltr'><strong>Simon</strong></span> <span class='ocrx_word' id='word_1_37' title='bbox 1332 515 1472 585; x_wconf 79' lang='lat' dir='ltr'><strong>quod</strong></span> <span class='ocrx_word' id='word_1_38' title='bbox 1501 531 1594 586; x_wconf 82' lang='lat' dir='ltr'><strong>per</strong></span> <span class='ocrx_word' id='word_1_39' title='bbox 1635 516 1850 586; x_wconf 86' lang='lat' dir='ltr'><strong>imposi-</strong></span> 
     </span>
    </p>
   </div>
   <div class='ocr_carea' id='block_1_6' title="bbox 251 605 1840 683">
    <p class='ocr_par' dir='ltr' id='par_1_6' title="bbox 251 605 1840 683">
     <span class='ocr_line' id='line_1_6' title="bbox 251 605 1840 683; baseline -0.003 -19"><span class='ocrx_word' id='word_1_40' title='bbox 251 612 445 666; x_wconf 78' lang='lat' dir='ltr'><strong>tionem</strong></span> <span class='ocrx_word' id='word_1_41' title='bbox 464 623 716 661; x_wconf 69' lang='lat' dir='ltr'><strong>manuum</strong></span> <span class='ocrx_word' id='word_1_42' title='bbox 743 606 1094 664; x_wconf 72' lang='lat' dir='ltr'><strong>apostolorum</strong></span> <span class='ocrx_word' id='word_1_43' title='bbox 1118 607 1335 661; x_wconf 84' lang='lat' dir='ltr'><strong>daretur</strong></span> <span class='ocrx_word' id='word_1_44' title='bbox 1352 605 1584 678; x_wconf 76' lang='lat' dir='ltr'><strong>Spiritus</strong></span> <span class='ocrx_word' id='word_1_45' title='bbox 1606 617 1840 683; x_wconf 83' lang='lat' dir='ltr'><strong>sanctus.</strong></span> 
     </span>
    </p>
   </div>
   <div class='ocr_carea' id='block_1_7' title="bbox 249 694 1843 768">
    <p class='ocr_par' dir='ltr' id='par_1_7' title="bbox 249 694 1843 768">
     <span class='ocr_line' id='line_1_7' title="bbox 249 694 1843 768; baseline -0.002 -14"><span class='ocrx_word' id='word_1_46' title='bbox 249 698 481 768; x_wconf 87' lang='lat' dir='ltr'><strong>Propter</strong></span> <span class='ocrx_word' id='word_1_47' title='bbox 506 699 612 752; x_wconf 90' lang='lat' dir='ltr'><strong>hoc</strong></span> <span class='ocrx_word' id='word_1_48' title='bbox 660 697 921 752; x_wconf 85' lang='lat' dir='ltr'><strong>Dominus</strong></span> <span class='ocrx_word' id='word_1_49' title='bbox 949 697 1065 766; x_wconf 89' lang='lat' dir='ltr'><strong>ipse</strong></span> <span class='ocrx_word' id='word_1_50' title='bbox 1099 694 1258 752; x_wconf 68' lang='lat' dir='ltr'><strong>Iesus</strong></span> <span class='ocrx_word' id='word_1_51' title='bbox 1288 696 1554 766; x_wconf 76' lang='lat' dir='ltr'><strong>Spiritum</strong></span> <span class='ocrx_word' id='word_1_52' title='bbox 1597 706 1843 753; x_wconf 85' lang='lat' dir='ltr'><strong>sanctum</strong></span> 
     </span>
    </p>
   </div>
   <div class='ocr_carea' id='block_1_8' title="bbox 253 789 1840 859">
    <p class='ocr_par' dir='ltr' id='par_1_8' title="bbox 253 789 1840 859">
     <span class='ocr_line' id='line_1_8' title="bbox 253 789 1840 859; baseline -0.003 -12"><span class='ocrx_word' id='word_1_53' title='bbox 253 804 361 848; x_wconf 90' lang='lat' dir='ltr'><strong>non</strong></span> <span class='ocrx_word' id='word_1_54' title='bbox 389 789 564 845; x_wconf 80' lang='lat' dir='ltr'><strong>solum</strong></span> <span class='ocrx_word' id='word_1_55' title='bbox 607 789 752 844; x_wconf 86' lang='lat' dir='ltr'><strong>dedit</strong></span> <span class='ocrx_word' id='word_1_56' title='bbox 780 797 838 842; x_wconf 90' lang='lat' dir='ltr'><strong>ut</strong></span> <span class='ocrx_word' id='word_1_57' title='bbox 867 790 1036 854; x_wconf 83' lang='lat' dir='ltr'><strong>Deus,</strong></span> <span class='ocrx_word' id='word_1_58' title='bbox 1085 790 1180 844; x_wconf 88' lang='lat' dir='ltr'><strong>sed</strong></span> <span class='ocrx_word' id='word_1_59' title='bbox 1222 799 1278 845; x_wconf 90' lang='lat' dir='ltr'><strong>et</strong></span> <span class='ocrx_word' id='word_1_60' title='bbox 1321 791 1530 859; x_wconf 85' lang='lat' dir='ltr'><strong>accepit</strong></span> <span class='ocrx_word' id='word_1_61' title='bbox 1559 799 1620 844; x_wconf 93' lang='lat' dir='ltr'><strong>ut</strong></span> <span class='ocrx_word' id='word_1_62' title='bbox 1657 791 1840 844; x_wconf 89' lang='lat' dir='ltr'><strong>homo.</strong></span> 
     </span>
    </p>
   </div>
   <div class='ocr_carea' id='block_1_9' title="bbox 249 880 1844 952">
    <p class='ocr_par' dir='ltr' id='par_1_9' title="bbox 249 880 1844 952">
     <span class='ocr_line' id='line_1_9' title="bbox 249 880 1844 952; baseline 0 -16"><span class='ocrx_word' id='word_1_63' title='bbox 249 883 545 952; x_wconf 86' lang='lat' dir='ltr'><strong>Propterea</strong></span> <span class='ocrx_word' id='word_1_64' title='bbox 573 881 776 936; x_wconf 87' lang='lat' dir='ltr'><strong>dictum</strong></span> <span class='ocrx_word' id='word_1_65' title='bbox 800 889 914 935; x_wconf 90' lang='lat' dir='ltr'><strong>est:</strong></span> <span class='ocrx_word' id='word_1_66' title='bbox 953 880 1148 935; x_wconf 81' lang='lat' dir='ltr'><strong>Plenus</strong></span> <span class='ocrx_word' id='word_1_67' title='bbox 1169 883 1360 951; x_wconf 81' lang='lat' dir='ltr'><strong>gratia.</strong></span> <span class='ocrx_word' id='word_1_68' title='bbox 1401 881 1468 934; x_wconf 86' lang='lat' dir='ltr'><strong>Et</strong></span> <span class='ocrx_word' id='word_1_69' title='bbox 1505 881 1844 936; x_wconf 79' lang='lat' dir='ltr'><strong>manifestius</strong></span> 
     </span>
    </p>
   </div>
   <div class='ocr_carea' id='block_1_10' title="bbox 251 971 1846 1044">
    <p class='ocr_par' dir='ltr' id='par_1_10' title="bbox 251 971 1846 1044">
     <span class='ocr_line' id='line_1_10' title="bbox 251 971 1846 1044; baseline -0.001 -16"><span class='ocrx_word' id='word_1_70' title='bbox 251 975 320 1028; x_wconf 84' lang='lat' dir='ltr'><strong>de</strong></span> <span class='ocrx_word' id='word_1_71' title='bbox 349 972 442 1027; x_wconf 90' lang='lat' dir='ltr'><strong>illo</strong></span> <span class='ocrx_word' id='word_1_72' title='bbox 467 971 731 1040; x_wconf 91' lang='lat' dir='ltr'><strong>scriptum</strong></span> <span class='ocrx_word' id='word_1_73' title='bbox 752 979 836 1025; x_wconf 89' lang='lat' dir='ltr'><strong>est</strong></span> <span class='ocrx_word' id='word_1_74' title='bbox 858 973 910 1026; x_wconf 92' lang='lat' dir='ltr'><strong>in</strong></span> <span class='ocrx_word' id='word_1_75' title='bbox 939 972 1165 1027; x_wconf 79' lang='lat' dir='ltr'><strong>Actibus</strong></span> <span class='ocrx_word' id='word_1_76' title='bbox 1190 973 1560 1042; x_wconf 81' lang='lat' dir='ltr'><strong>apostolorum</strong></span> <span class='ocrx_word' id='word_1_77' title='bbox 1589 974 1713 1044; x_wconf 90' lang='lat' dir='ltr'><strong>quia</strong></span> <span class='ocrx_word' id='word_1_78' title='bbox 1752 990 1846 1026; x_wconf 87' lang='lat' dir='ltr'><strong>un-</strong></span> 
     </span>
    </p>
   </div>
   <div class='ocr_carea' id='block_1_11' title="bbox 249 1060 1845 1134">
    <p class='ocr_par' dir='ltr' id='par_1_11' title="bbox 249 1060 1845 1134">
     <span class='ocr_line' id='line_1_11' title="bbox 249 1060 1845 1134; baseline -0.001 -16"><span class='ocrx_word' id='word_1_79' title='bbox 249 1065 330 1118; x_wconf 79' lang='lat' dir='ltr'><strong>an&#39;t</strong></span> <span class='ocrx_word' id='word_1_80' title='bbox 359 1078 478 1117; x_wconf 85' lang='lat' dir='ltr'><strong>eum</strong></span> <span class='ocrx_word' id='word_1_81' title='bbox 506 1061 647 1116; x_wconf 88' lang='lat' dir='ltr'><strong>Deus</strong></span> <span class='ocrx_word' id='word_1_82' title='bbox 671 1061 736 1115; x_wconf 84' lang='lat' dir='ltr'><strong>de</strong></span> <span class='ocrx_word' id='word_1_83' title='bbox 768 1060 972 1131; x_wconf 80' lang='lat' dir='ltr'><strong>Spiritu</strong></span> <span class='ocrx_word' id='word_1_84' title='bbox 991 1072 1192 1116; x_wconf 71' lang='lat' dir='ltr'><strong>sumta.</strong></span> <span class='ocrx_word' id='word_1_85' title='bbox 1222 1062 1337 1118; x_wconf 87' lang='lat' dir='ltr'><strong>Non</strong></span> <span class='ocrx_word' id='word_1_86' title='bbox 1361 1063 1547 1134; x_wconf 87' lang='lat' dir='ltr'><strong>utique</strong></span> <span class='ocrx_word' id='word_1_87' title='bbox 1571 1063 1692 1118; x_wconf 91' lang='lat' dir='ltr'><strong>oleo</strong></span> <span class='ocrx_word' id='word_1_88' title='bbox 1715 1063 1845 1117; x_wconf 82' lang='lat' dir='ltr'><strong>visi-</strong></span> 
     </span>
    </p>
   </div>
   <div class='ocr_carea' id='block_1_12' title="bbox 251 1154 1842 1224">
    <p class='ocr_par' dir='ltr' id='par_1_12' title="bbox 251 1154 1842 1224">
     <span class='ocr_line' id='line_1_12' title="bbox 251 1154 1842 1224; baseline -0.001 -12"><span class='ocrx_word' id='word_1_89' title='bbox 251 1156 366 1218; x_wconf 90' lang='lat' dir='ltr'><strong>bili,</strong></span> <span class='ocrx_word' id='word_1_90' title='bbox 395 1154 491 1210; x_wconf 88' lang='lat' dir='ltr'><strong>sed</strong></span> <span class='ocrx_word' id='word_1_91' title='bbox 521 1155 661 1209; x_wconf 92' lang='lat' dir='ltr'><strong>dono</strong></span> <span class='ocrx_word' id='word_1_92' title='bbox 685 1154 892 1224; x_wconf 65' lang='lat' dir='ltr'><strong>gratim,</strong></span> <span class='ocrx_word' id='word_1_93' title='bbox 933 1156 1075 1222; x_wconf 85' lang='lat' dir='ltr'><strong>quod</strong></span> <span class='ocrx_word' id='word_1_94' title='bbox 1108 1155 1305 1209; x_wconf 89' lang='lat' dir='ltr'><strong>visibili</strong></span> <span class='ocrx_word' id='word_1_95' title='bbox 1354 1155 1696 1224; x_wconf 84' lang='lat' dir='ltr'><strong>significatur</strong></span> <span class='ocrx_word' id='word_1_96' title='bbox 1736 1171 1842 1210; x_wconf 92' lang='lat' dir='ltr'><strong>un-</strong></span> 
     </span>
    </p>
   </div>
   <div class='ocr_carea' id='block_1_13' title="bbox 252 1243 1843 1315">
    <p class='ocr_par' dir='ltr' id='par_1_13' title="bbox 252 1243 1843 1315">
     <span class='ocr_line' id='line_1_13' title="bbox 252 1243 1843 1315; baseline 0.001 -16"><span class='ocrx_word' id='word_1_97' title='bbox 252 1251 455 1315; x_wconf 81' lang='lat' dir='ltr'><strong>guento</strong></span> <span class='ocrx_word' id='word_1_98' title='bbox 482 1257 590 1312; x_wconf 89' lang='lat' dir='ltr'><strong>quo</strong></span> <span class='ocrx_word' id='word_1_99' title='bbox 612 1243 916 1312; x_wconf 80' lang='lat' dir='ltr'><strong>baptizatos</strong></span> <span class='ocrx_word' id='word_1_100' title='bbox 943 1245 1096 1315; x_wconf 82' lang='lat' dir='ltr'><strong>ungit</strong></span> <span class='ocrx_word' id='word_1_101' title='bbox 1124 1245 1384 1300; x_wconf 84' lang='lat' dir='ltr'><strong>Ecclesia.</strong></span> <span class='ocrx_word' id='word_1_102' title='bbox 1417 1245 1527 1302; x_wconf 82' lang='lat' dir='ltr'><strong>Nec</strong></span> <span class='ocrx_word' id='word_1_103' title='bbox 1553 1261 1684 1301; x_wconf 90' lang='lat' dir='ltr'><strong>sane</strong></span> <span class='ocrx_word' id='word_1_104' title='bbox 1713 1255 1843 1301; x_wconf 91' lang='lat' dir='ltr'><strong>tunc</strong></span> 
     </span>
    </p>
   </div>
   <div class='ocr_carea' id='block_1_14' title="bbox 253 1333 1840 1407">
    <p class='ocr_par' dir='ltr' id='par_1_14' title="bbox 253 1333 1840 1407">
     <span class='ocr_line' id='line_1_14' title="bbox 253 1333 1840 1407; baseline 0.001 -18"><span class='ocrx_word' id='word_1_105' title='bbox 253 1343 450 1389; x_wconf 87' lang='lat' dir='ltr'><strong>unctus</strong></span> <span class='ocrx_word' id='word_1_106' title='bbox 475 1333 820 1389; x_wconf 87' lang='lat' dir='ltr'><strong>estChristus</strong></span> <span class='ocrx_word' id='word_1_107' title='bbox 845 1333 1048 1404; x_wconf 86' lang='lat' dir='ltr'><strong>Spiritu</strong></span> <span class='ocrx_word' id='word_1_108' title='bbox 1075 1344 1280 1400; x_wconf 84' lang='lat' dir='ltr'><strong>sancto,</strong></span> <span class='ocrx_word' id='word_1_109' title='bbox 1305 1337 1516 1405; x_wconf 81' lang='lat' dir='ltr'><strong>quando</strong></span> <span class='ocrx_word' id='word_1_110' title='bbox 1537 1352 1700 1407; x_wconf 88' lang='lat' dir='ltr'><strong>super</strong></span> <span class='ocrx_word' id='word_1_111' title='bbox 1717 1352 1840 1390; x_wconf 90' lang='lat' dir='ltr'><strong>eum</strong></span> 
     </span>
    </p>
   </div>
   <div class='ocr_carea' id='block_1_15' title="bbox 254 1423 1842 1496">
    <p class='ocr_par' dir='ltr' id='par_1_15' title="bbox 254 1423 1842 1496">
     <span class='ocr_line' id='line_1_15' title="bbox 254 1423 1842 1496; baseline 0 -16"><span class='ocrx_word' id='word_1_112' title='bbox 254 1424 586 1494; x_wconf 81' lang='lat' dir='ltr'><strong>baptizatum</strong></span> <span class='ocrx_word' id='word_1_113' title='bbox 619 1433 679 1477; x_wconf 90' lang='lat' dir='ltr'><strong>ut</strong></span> <span class='ocrx_word' id='word_1_114' title='bbox 703 1423 949 1478; x_wconf 88' lang='lat' dir='ltr'><strong>columba</strong></span> <span class='ocrx_word' id='word_1_115' title='bbox 978 1424 1255 1480; x_wconf 84' lang='lat' dir='ltr'><strong>descendit</strong></span> <span class='ocrx_word' id='word_1_116' title='bbox 1278 1444 1290 1479; x_wconf 91' lang='lat'>:</span> <span class='ocrx_word' id='word_1_117' title='bbox 1329 1434 1455 1481; x_wconf 91' lang='lat' dir='ltr'><strong>tunc</strong></span> <span class='ocrx_word' id='word_1_118' title='bbox 1477 1428 1622 1480; x_wconf 89' lang='lat' dir='ltr'><strong>enim</strong></span> <span class='ocrx_word' id='word_1_119' title='bbox 1645 1441 1842 1496; x_wconf 88' lang='lat' dir='ltr'><strong>corpus</strong></span> 
     </span>
    </p>
   </div>
   <div class='ocr_carea' id='block_1_16' title="bbox 254 1514 1844 1588">
    <p class='ocr_par' dir='ltr' id='par_1_16' title="bbox 254 1514 1844 1588">
     <span class='ocr_line' id='line_1_16' title="bbox 254 1514 1844 1588; baseline -0.001 -17"><span class='ocrx_word' id='word_1_120' title='bbox 254 1531 434 1579; x_wconf 88' lang='lat' dir='ltr'><strong>suum,</strong></span> <span class='ocrx_word' id='word_1_121' title='bbox 462 1514 515 1569; x_wconf 90' lang='lat' dir='ltr'><strong>id</strong></span> <span class='ocrx_word' id='word_1_122' title='bbox 547 1521 631 1570; x_wconf 83' lang='lat' dir='ltr'><strong>est</strong></span> <span class='ocrx_word' id='word_1_123' title='bbox 670 1515 966 1570; x_wconf 84' lang='lat' dir='ltr'><strong>Ecclesiam</strong></span> <span class='ocrx_word' id='word_1_124' title='bbox 997 1530 1180 1580; x_wconf 88' lang='lat' dir='ltr'><strong>suam,</strong></span> <span class='ocrx_word' id='word_1_125' title='bbox 1225 1516 1572 1588; x_wconf 68' lang='lat' dir='ltr'><strong>praefigurata</strong></span> <span class='ocrx_word' id='word_1_126' title='bbox 1596 1517 1844 1585; x_wconf 85' lang='lat' dir='ltr'><strong>dignatus</strong></span> 
     </span>
    </p>
   </div>
   <div class='ocr_carea' id='block_1_17' title="bbox 255 1602 1841 1675">
    <p class='ocr_par' dir='ltr' id='par_1_17' title="bbox 255 1602 1841 1675">
     <span class='ocr_line' id='line_1_17' title="bbox 255 1602 1841 1675; baseline 0.002 -17"><span class='ocrx_word' id='word_1_127' title='bbox 255 1612 359 1667; x_wconf 90' lang='lat' dir='ltr'><strong>est,</strong></span> <span class='ocrx_word' id='word_1_128' title='bbox 402 1603 456 1658; x_wconf 92' lang='lat' dir='ltr'><strong>in</strong></span> <span class='ocrx_word' id='word_1_129' title='bbox 492 1617 598 1672; x_wconf 92' lang='lat' dir='ltr'><strong>quo</strong></span> <span class='ocrx_word' id='word_1_130' title='bbox 639 1602 908 1670; x_wconf 75' lang='lat' dir='ltr'><strong>praecipue</strong></span> <span class='ocrx_word' id='word_1_131' title='bbox 951 1602 1209 1672; x_wconf 77' lang='lat' dir='ltr'><strong>baptizati</strong></span> <span class='ocrx_word' id='word_1_132' title='bbox 1253 1607 1546 1674; x_wconf 86' lang='lat' dir='ltr'><strong>accipimus</strong></span> <span class='ocrx_word' id='word_1_133' title='bbox 1581 1605 1841 1675; x_wconf 89' lang='lat' dir='ltr'><strong>Spiritum</strong></span> 
     </span>
    </p>
   </div>
   <div class='ocr_carea' id='block_1_18' title="bbox 257 1695 1843 1765">
    <p class='ocr_par' dir='ltr' id='par_1_18' title="bbox 257 1695 1843 1765">
     <span class='ocr_line' id='line_1_18' title="bbox 257 1695 1843 1765; baseline 0.003 -13"><span class='ocrx_word' id='word_1_134' title='bbox 257 1704 504 1752; x_wconf 81' lang='lat' dir='ltr'><strong>sanctum</strong></span> <span class='ocrx_word' id='word_1_135' title='bbox 531 1711 545 1760; x_wconf 92' lang='lat'><strong>;</strong></span> <span class='ocrx_word' id='word_1_136' title='bbox 587 1695 682 1750; x_wconf 86' lang='lat' dir='ltr'><strong>sed</strong></span> <span class='ocrx_word' id='word_1_137' title='bbox 709 1695 812 1750; x_wconf 86' lang='lat' dir='ltr'><strong>ista</strong></span> <span class='ocrx_word' id='word_1_138' title='bbox 832 1696 1059 1765; x_wconf 82' lang='lat' dir='ltr'><strong>mystica</strong></span> <span class='ocrx_word' id='word_1_139' title='bbox 1082 1703 1137 1750; x_wconf 85' lang='lat' dir='ltr'><strong>et</strong></span> <span class='ocrx_word' id='word_1_140' title='bbox 1161 1696 1418 1752; x_wconf 84' lang='lat' dir='ltr'><strong>invisibili</strong></span> <span class='ocrx_word' id='word_1_141' title='bbox 1441 1701 1695 1755; x_wconf 88' lang='lat' dir='ltr'><strong>unctione</strong></span> <span class='ocrx_word' id='word_1_142' title='bbox 1715 1708 1843 1757; x_wconf 87' lang='lat' dir='ltr'><strong>tunc</strong></span> 
     </span>
    </p>
   </div>
   <div class='ocr_carea' id='block_1_19' title="bbox 1950 512 3532 595">
    <p class='ocr_par' dir='ltr' id='par_1_19' title="bbox 1950 512 3532 595">
     <span class='ocr_line' id='line_1_19' title="bbox 1950 512 3532 595; baseline 0.01 -29"><span class='ocrx_word' id='word_1_143' title='bbox 1950 512 2124 582; x_wconf 85' lang='lat' dir='ltr'><strong>plebe,</strong></span> <span class='ocrx_word' id='word_1_144' title='bbox 2149 515 2243 570; x_wconf 83' lang='lat' dir='ltr'><strong>Sed</strong></span> <span class='ocrx_word' id='word_1_145' title='bbox 2292 515 2434 570; x_wconf 91' lang='lat' dir='ltr'><strong>inter</strong></span> <span class='ocrx_word' id='word_1_146' title='bbox 2465 517 2744 586; x_wconf 85' lang='lat' dir='ltr'><strong>episcopos</strong></span> <span class='ocrx_word' id='word_1_147' title='bbox 2787 527 2887 573; x_wconf 90' lang='lat' dir='ltr'><strong>cst.</strong></span> <span class='ocrx_word' id='word_1_148' title='bbox 2939 520 3056 575; x_wconf 91' lang='lat' dir='ltr'><strong>Una</strong></span> <span class='ocrx_word' id='word_1_149' title='bbox 3101 537 3228 590; x_wconf 89' lang='lat' dir='ltr'><strong>pars</strong></span> <span class='ocrx_word' id='word_1_150' title='bbox 3257 525 3532 595; x_wconf 87' lang='lat' dir='ltr'><strong>episcopo-</strong></span> 
     </span>
    </p>
   </div>
   <div class='ocr_carea' id='block_1_20' title="bbox 1952 601 3532 678">
    <p class='ocr_par' dir='ltr' id='par_1_20' title="bbox 1952 601 3532 678">
     <span class='ocr_line' id='line_1_20' title="bbox 1952 601 3532 678; baseline 0.01 -22"><span class='ocrx_word' id='word_1_151' title='bbox 1952 619 2070 657; x_wconf 92' lang='lat' dir='ltr'><strong>rum</strong></span> <span class='ocrx_word' id='word_1_152' title='bbox 2103 604 2232 658; x_wconf 87' lang='lat' dir='ltr'><strong>dicit</strong></span> <span class='ocrx_word' id='word_1_153' title='bbox 2254 601 2576 674; x_wconf 64' lang='lat' dir='ltr'><strong>quod‘Jesus</strong></span> <span class='ocrx_word' id='word_1_154' title='bbox 2597 606 2844 662; x_wconf 76' lang='lat' dir='ltr'><strong>Christus</strong></span> <span class='ocrx_word' id='word_1_155' title='bbox 2868 609 3148 678; x_wconf 83' lang='lat' dir='ltr'><strong>adeptivus</strong></span> <span class='ocrx_word' id='word_1_156' title='bbox 3173 621 3255 666; x_wconf 92' lang='lat' dir='ltr'><strong>est</strong></span> <span class='ocrx_word' id='word_1_157' title='bbox 3286 614 3532 673; x_wconf 87' lang='lat' dir='ltr'><strong>humani-</strong></span> 
     </span>
    </p>
   </div>
   <div class='ocr_carea' id='block_1_21' title="bbox 1951 698 3534 774">
    <p class='ocr_par' dir='ltr' id='par_1_21' title="bbox 1951 698 3534 774">
     <span class='ocr_line' id='line_1_21' title="bbox 1951 698 3534 774; baseline 0.009 -27"><span class='ocrx_word' id='word_1_158' title='bbox 1951 701 2076 757; x_wconf 85' lang='lat' dir='ltr'><strong>tate,</strong></span> <span class='ocrx_word' id='word_1_159' title='bbox 2109 702 2164 748; x_wconf 91' lang='lat' dir='ltr'><strong>et</strong></span> <span class='ocrx_word' id='word_1_160' title='bbox 2194 711 2530 767; x_wconf 87' lang='lat' dir='ltr'><strong>nequaquam</strong></span> <span class='ocrx_word' id='word_1_161' title='bbox 2561 698 2843 767; x_wconf 83' lang='lat' dir='ltr'><strong>adoptivus</strong></span> <span class='ocrx_word' id='word_1_162' title='bbox 2870 699 3169 758; x_wconf 79' lang='lat' dir='ltr'><strong>divinitate.</strong></span> <span class='ocrx_word' id='word_1_163' title='bbox 3197 703 3380 758; x_wconf 86' lang='lat' dir='ltr'><strong>Altera</strong></span> <span class='ocrx_word' id='word_1_164' title='bbox 3406 721 3534 774; x_wconf 86' lang='lat' dir='ltr'><strong>pars</strong></span> 
     </span>
    </p>
   </div>
   <div class='ocr_carea' id='block_1_22' title="bbox 1947 785 3533 858">
    <p class='ocr_par' dir='ltr' id='par_1_22' title="bbox 1947 785 3533 858">
     <span class='ocr_line' id='line_1_22' title="bbox 1947 785 3533 858; baseline 0.008 -21"><span class='ocrx_word' id='word_1_165' title='bbox 1947 785 2116 838; x_wconf 82' lang='lat' dir='ltr'><strong>dicit:</strong></span> <span class='ocrx_word' id='word_1_166' title='bbox 2154 785 2266 841; x_wconf 80' lang='lat' dir='ltr'><strong>Nisi</strong></span> <span class='ocrx_word' id='word_1_167' title='bbox 2302 803 2366 840; x_wconf 80' lang='lat' dir='ltr'><strong>ex</strong></span> <span class='ocrx_word' id='word_1_168' title='bbox 2398 796 2626 858; x_wconf 86' lang='lat' dir='ltr'><strong>utraque</strong></span> <span class='ocrx_word' id='word_1_169' title='bbox 2653 798 2844 844; x_wconf 88' lang='lat' dir='ltr'><strong>natura</strong></span> <span class='ocrx_word' id='word_1_170' title='bbox 2883 791 3076 847; x_wconf 91' lang='lat' dir='ltr'><strong>unicus</strong></span> <span class='ocrx_word' id='word_1_171' title='bbox 3109 801 3191 847; x_wconf 89' lang='lat' dir='ltr'><strong>est</strong></span> <span class='ocrx_word' id='word_1_172' title='bbox 3216 795 3310 849; x_wconf 87' lang='lat' dir='ltr'><strong>Dei</strong></span> <span class='ocrx_word' id='word_1_173' title='bbox 3355 795 3533 851; x_wconf 86' lang='lat' dir='ltr'><strong>Patris</strong></span> 
     </span>
    </p>
   </div>
   <div class='ocr_carea' id='block_1_23' title="bbox 1948 875 3534 952">
    <p class='ocr_par' dir='ltr' id='par_1_23' title="bbox 1948 875 3534 952">
     <span class='ocr_line' id='line_1_23' title="bbox 1948 875 3534 952; baseline 0.008 -25"><span class='ocrx_word' id='word_1_174' title='bbox 1948 875 2114 930; x_wconf 78' lang='lat' dir='ltr'><strong>Filius</strong></span> <span class='ocrx_word' id='word_1_175' title='bbox 2134 878 2397 946; x_wconf 86' lang='lat' dir='ltr'><strong>proprius,</strong></span> <span class='ocrx_word' id='word_1_176' title='bbox 2417 895 2520 933; x_wconf 93' lang='lat' dir='ltr'><strong>non</strong></span> <span class='ocrx_word' id='word_1_177' title='bbox 2545 879 2846 948; x_wconf 84' lang='lat' dir='ltr'><strong>adoptivus,</strong></span> <span class='ocrx_word' id='word_1_178' title='bbox 2876 881 2927 934; x_wconf 90' lang='lat' dir='ltr'><strong>in</strong></span> <span class='ocrx_word' id='word_1_179' title='bbox 2959 888 3164 936; x_wconf 90' lang='lat' dir='ltr'><strong>tantum</strong></span> <span class='ocrx_word' id='word_1_180' title='bbox 3181 884 3450 952; x_wconf 87' lang='lat' dir='ltr'><strong>proprius,</strong></span> <span class='ocrx_word' id='word_1_181' title='bbox 3473 893 3534 939; x_wconf 86' lang='lat' dir='ltr'><strong>ut</strong></span> 
     </span>
    </p>
   </div>
   <div class='ocr_carea' id='block_1_24' title="bbox 1948 965 3532 1040">
    <p class='ocr_par' dir='ltr' id='par_1_24' title="bbox 1948 965 3532 1040">
     <span class='ocr_line' id='line_1_24' title="bbox 1948 965 3532 1040; baseline 0.008 -23"><span class='ocrx_word' id='word_1_182' title='bbox 1948 965 2061 1033; x_wconf 88' lang='lat' dir='ltr'><strong>ipse</strong></span> <span class='ocrx_word' id='word_1_183' title='bbox 2079 966 2150 1019; x_wconf 86' lang='lat' dir='ltr'><strong>sit</strong></span> <span class='ocrx_word' id='word_1_184' title='bbox 2173 967 2263 1022; x_wconf 88' lang='lat' dir='ltr'><strong>Dei</strong></span> <span class='ocrx_word' id='word_1_185' title='bbox 2293 967 2460 1022; x_wconf 83' lang='lat' dir='ltr'><strong>Filius</strong></span> <span class='ocrx_word' id='word_1_186' title='bbox 2481 969 2622 1023; x_wconf 88' lang='lat' dir='ltr'><strong>Deus</strong></span> <span class='ocrx_word' id='word_1_187' title='bbox 2642 986 2834 1036; x_wconf 87' lang='lat' dir='ltr'><strong>verus;</strong></span> <span class='ocrx_word' id='word_1_188' title='bbox 2861 980 2914 1024; x_wconf 90' lang='lat' dir='ltr'><strong>et</strong></span> <span class='ocrx_word' id='word_1_189' title='bbox 2936 971 3047 1040; x_wconf 87' lang='lat' dir='ltr'><strong>ipse</strong></span> <span class='ocrx_word' id='word_1_190' title='bbox 3068 973 3338 1039; x_wconf 86' lang='lat' dir='ltr'><strong>adoretur,</strong></span> <span class='ocrx_word' id='word_1_191' title='bbox 3361 983 3415 1028; x_wconf 91' lang='lat' dir='ltr'><strong>et</strong></span> <span class='ocrx_word' id='word_1_192' title='bbox 3441 989 3532 1029; x_wconf 90' lang='lat' dir='ltr'><strong>co-</strong></span> 
     </span>
    </p>
   </div>
   <div class='ocr_carea' id='block_1_25' title="bbox 1945 1054 3535 1134">
    <p class='ocr_par' dir='ltr' id='par_1_25' title="bbox 1945 1054 3535 1134">
     <span class='ocr_line' id='line_1_25' title="bbox 1945 1054 3535 1134; baseline 0.009 -28"><span class='ocrx_word' id='word_1_193' title='bbox 1945 1054 2104 1117; x_wconf 79' lang='lat' dir='ltr'><strong>latur,</strong></span> <span class='ocrx_word' id='word_1_194' title='bbox 2119 1061 2208 1124; x_wconf 79' lang='lat' dir='ltr'><strong>qui</strong></span> <span class='ocrx_word' id='word_1_195' title='bbox 2223 1058 2322 1112; x_wconf 91' lang='lat' dir='ltr'><strong>sub</strong></span> <span class='ocrx_word' id='word_1_196' title='bbox 2335 1057 2528 1112; x_wconf 88' lang='lat' dir='ltr'><strong>Pontio</strong></span> <span class='ocrx_word' id='word_1_197' title='bbox 2541 1058 2711 1113; x_wconf 88' lang='lat' dir='ltr'><strong>Pilato</strong></span> <span class='ocrx_word' id='word_1_198' title='bbox 2727 1068 2810 1114; x_wconf 89' lang='lat' dir='ltr'><strong>est</strong></span> <span class='ocrx_word' id='word_1_199' title='bbox 2825 1061 3135 1115; x_wconf 80' lang='lat' dir='ltr'><strong>cruciﬁxus.</strong></span> <span class='ocrx_word' id='word_1_200' title='bbox 3157 1061 3280 1116; x_wconf 80' lang='lat' dir='ltr'><strong>Haec</strong></span> <span class='ocrx_word' id='word_1_201' title='bbox 3294 1078 3421 1134; x_wconf 89' lang='lat' dir='ltr'><strong>pars</strong></span> <span class='ocrx_word' id='word_1_202' title='bbox 3433 1078 3535 1122; x_wconf 87' lang='lat' dir='ltr'><strong>nos</strong></span> 
     </span>
    </p>
   </div>
   <div class='ocr_carea' id='block_1_26' title="bbox 1946 1148 3536 1217">
    <p class='ocr_par' dir='ltr' id='par_1_26' title="bbox 1946 1148 3536 1217">
     <span class='ocr_line' id='line_1_26' title="bbox 1946 1148 3536 1217; baseline 0.007 -17"><span class='ocrx_word' id='word_1_203' title='bbox 1946 1161 2148 1211; x_wconf 90' lang='lat' dir='ltr'><strong>sumus,</strong></span> <span class='ocrx_word' id='word_1_204' title='bbox 2175 1148 2226 1201; x_wconf 89' lang='lat' dir='ltr'><strong>id</strong></span> <span class='ocrx_word' id='word_1_205' title='bbox 2253 1159 2336 1203; x_wconf 91' lang='lat' dir='ltr'><strong>est</strong></span> <span class='ocrx_word' id='word_1_206' title='bbox 2355 1149 2605 1205; x_wconf 84' lang='lat' dir='ltr'><strong>Hcterius</strong></span> <span class='ocrx_word' id='word_1_207' title='bbox 2624 1159 2678 1205; x_wconf 91' lang='lat' dir='ltr'><strong>et</strong></span> <span class='ocrx_word' id='word_1_208' title='bbox 2703 1152 2917 1217; x_wconf 90' lang='lat' dir='ltr'><strong>Beatus,</strong></span> <span class='ocrx_word' id='word_1_209' title='bbox 2935 1167 3057 1206; x_wconf 92' lang='lat' dir='ltr'><strong>cum</strong></span> <span class='ocrx_word' id='word_1_210' title='bbox 3087 1154 3296 1209; x_wconf 70' lang='lat' dir='ltr'><strong>eteteris</strong></span> <span class='ocrx_word' id='word_1_211' title='bbox 3318 1155 3392 1208; x_wconf 89' lang='lat' dir='ltr'><strong>ita</strong></span> <span class='ocrx_word' id='word_1_212' title='bbox 3413 1170 3536 1211; x_wconf 87' lang='lat' dir='ltr'><strong>cre-</strong></span> 
     </span>
    </p>
   </div>
   <div class='ocr_carea' id='block_1_27' title="bbox 1945 1238 3534 1302">
    <p class='ocr_par' dir='ltr' id='par_1_27' title="bbox 1945 1238 3534 1302">
     <span class='ocr_line' id='line_1_27' title="bbox 1945 1238 3534 1302; baseline 0.006 -10"><span class='ocrx_word' id='word_1_213' title='bbox 1945 1238 2218 1294; x_wconf 85' lang='lat' dir='ltr'><strong>dentibus.</strong></span> <span class='ocrx_word' id='word_1_214' title='bbox 2240 1239 2523 1295; x_wconf 86' lang='lat' dir='ltr'><strong>Credimus</strong></span> <span class='ocrx_word' id='word_1_215' title='bbox 2543 1250 2689 1296; x_wconf 90' lang='lat' dir='ltr'><strong>certe</strong></span> <span class='ocrx_word' id='word_1_216' title='bbox 2716 1258 2822 1296; x_wconf 90' lang='lat' dir='ltr'><strong>non</strong></span> <span class='ocrx_word' id='word_1_217' title='bbox 2845 1243 3016 1297; x_wconf 89' lang='lat' dir='ltr'><strong>solum</strong></span> <span class='ocrx_word' id='word_1_218' title='bbox 3049 1244 3101 1298; x_wconf 91' lang='lat' dir='ltr'><strong>in</strong></span> <span class='ocrx_word' id='word_1_219' title='bbox 3128 1244 3297 1300; x_wconf 92' lang='lat' dir='ltr'><strong>Deum</strong></span> <span class='ocrx_word' id='word_1_220' title='bbox 3316 1245 3534 1302; x_wconf 87' lang='lat' dir='ltr'><strong>Patrem</strong></span> 
     </span>
    </p>
   </div>
   <div class='ocr_carea' id='block_1_28' title="bbox 1944 1330 3536 1409">
    <p class='ocr_par' dir='ltr' id='par_1_28' title="bbox 1944 1330 3536 1409">
     <span class='ocr_line' id='line_1_28' title="bbox 1944 1330 3536 1409; baseline 0.007 -27"><span class='ocrx_word' id='word_1_221' title='bbox 1944 1330 2386 1399; x_wconf 87' lang='lat' dir='ltr'><strong>omnipotentem,</strong></span> <span class='ocrx_word' id='word_1_222' title='bbox 2403 1333 2495 1386; x_wconf 90' lang='lat' dir='ltr'><strong>sed</strong></span> <span class='ocrx_word' id='word_1_223' title='bbox 2519 1332 2572 1386; x_wconf 92' lang='lat' dir='ltr'><strong>in</strong></span> <span class='ocrx_word' id='word_1_224' title='bbox 2592 1330 2776 1387; x_wconf 87' lang='lat' dir='ltr'><strong>Jesum</strong></span> <span class='ocrx_word' id='word_1_225' title='bbox 2789 1333 3064 1388; x_wconf 88' lang='lat' dir='ltr'><strong>Christum</strong></span> <span class='ocrx_word' id='word_1_226' title='bbox 3079 1335 3274 1391; x_wconf 85' lang='lat' dir='ltr'><strong>Filium</strong></span> <span class='ocrx_word' id='word_1_227' title='bbox 3286 1336 3400 1409; x_wconf 79' lang='lat' dir='ltr'><strong>ejus</strong></span> <span class='ocrx_word' id='word_1_228' title='bbox 3416 1339 3536 1392; x_wconf 87' lang='lat' dir='ltr'><strong>uni-</strong></span> 
     </span>
    </p>
   </div>
   <div class='ocr_carea' id='block_1_29' title="bbox 1944 1419 3536 1496">
    <p class='ocr_par' dir='ltr' id='par_1_29' title="bbox 1944 1419 3536 1496">
     <span class='ocr_line' id='line_1_29' title="bbox 1944 1419 3536 1496; baseline 0.007 -25"><span class='ocrx_word' id='word_1_229' title='bbox 1944 1434 2065 1472; x_wconf 91' lang='lat' dir='ltr'><strong>cum</strong></span> <span class='ocrx_word' id='word_1_230' title='bbox 2087 1419 2256 1473; x_wconf 87' lang='lat' dir='ltr'><strong>Deum</strong></span> <span class='ocrx_word' id='word_1_231' title='bbox 2275 1428 2328 1474; x_wconf 91' lang='lat' dir='ltr'><strong>et</strong></span> <span class='ocrx_word' id='word_1_232' title='bbox 2344 1421 2628 1475; x_wconf 89' lang='lat' dir='ltr'><strong>Dominum</strong></span> <span class='ocrx_word' id='word_1_233' title='bbox 2651 1431 2917 1487; x_wconf 91' lang='lat' dir='ltr'><strong>nostrum,</strong></span> <span class='ocrx_word' id='word_1_234' title='bbox 2937 1423 3026 1493; x_wconf 90' lang='lat' dir='ltr'><strong>qui</strong></span> <span class='ocrx_word' id='word_1_235' title='bbox 3049 1435 3207 1479; x_wconf 90' lang='lat' dir='ltr'><strong>natus</strong></span> <span class='ocrx_word' id='word_1_236' title='bbox 3228 1427 3392 1482; x_wconf 89' lang='lat' dir='ltr'><strong>estde</strong></span> <span class='ocrx_word' id='word_1_237' title='bbox 3413 1428 3536 1496; x_wconf 86' lang='lat' dir='ltr'><strong>Spi-</strong></span> 
     </span>
    </p>
   </div>
   <div class='ocr_carea' id='block_1_30' title="bbox 1945 1509 3531 1582">
    <p class='ocr_par' dir='ltr' id='par_1_30' title="bbox 1945 1509 3531 1582">
     <span class='ocr_line' id='line_1_30' title="bbox 1945 1509 3531 1582; baseline 0.006 -21"><span class='ocrx_word' id='word_1_238' title='bbox 1945 1509 2053 1562; x_wconf 88' lang='lat' dir='ltr'><strong>ritu</strong></span> <span class='ocrx_word' id='word_1_239' title='bbox 2076 1518 2260 1565; x_wconf 87' lang='lat' dir='ltr'><strong>sancto</strong></span> <span class='ocrx_word' id='word_1_240' title='bbox 2280 1518 2334 1563; x_wconf 91' lang='lat' dir='ltr'><strong>et</strong></span> <span class='ocrx_word' id='word_1_241' title='bbox 2355 1511 2521 1565; x_wconf 87' lang='lat' dir='ltr'><strong>Maria</strong></span> <span class='ocrx_word' id='word_1_242' title='bbox 2541 1511 2770 1582; x_wconf 79' lang='lat' dir='ltr'><strong>virgine,</strong></span> <span class='ocrx_word' id='word_1_243' title='bbox 2794 1528 2987 1582; x_wconf 88' lang='lat' dir='ltr'><strong>passus</strong></span> <span class='ocrx_word' id='word_1_244' title='bbox 3009 1516 3107 1569; x_wconf 93' lang='lat' dir='ltr'><strong>sub</strong></span> <span class='ocrx_word' id='word_1_245' title='bbox 3126 1515 3317 1570; x_wconf 87' lang='lat' dir='ltr'><strong>Pontio</strong></span> <span class='ocrx_word' id='word_1_246' title='bbox 3337 1516 3531 1573; x_wconf 90' lang='lat' dir='ltr'><strong>Pilato.</strong></span> 
     </span>
    </p>
   </div>
   <div class='ocr_carea' id='block_1_31' title="bbox 2013 1599 3537 1676">
    <p class='ocr_par' dir='ltr' id='par_1_31' title="bbox 2013 1599 3537 1676">
     <span class='ocr_line' id='line_1_31' title="bbox 2013 1599 3537 1676; baseline 0.007 -24"><span class='ocrx_word' id='word_1_247' title='bbox 2013 1599 2155 1653; x_wconf 83' lang='lat' dir='ltr'><strong>XIV.</strong></span> <span class='ocrx_word' id='word_1_248' title='bbox 2207 1600 2345 1656; x_wconf 88' lang='lat' dir='ltr'><strong>Ecce</strong></span> <span class='ocrx_word' id='word_1_249' title='bbox 2372 1610 2599 1670; x_wconf 89' lang='lat' dir='ltr'><strong>utraque</strong></span> <span class='ocrx_word' id='word_1_250' title='bbox 2637 1603 2772 1658; x_wconf 80' lang='lat' dir='ltr'><strong>fides</strong></span> <span class='ocrx_word' id='word_1_251' title='bbox 2808 1613 2996 1673; x_wconf 89' lang='lat' dir='ltr'><strong>patet:</strong></span> <span class='ocrx_word' id='word_1_252' title='bbox 3029 1607 3121 1660; x_wconf 88' lang='lat' dir='ltr'><strong>sed</strong></span> <span class='ocrx_word' id='word_1_253' title='bbox 3165 1622 3263 1661; x_wconf 90' lang='lat' dir='ltr'><strong>nos</strong></span> <span class='ocrx_word' id='word_1_254' title='bbox 3307 1622 3405 1676; x_wconf 85' lang='lat' dir='ltr'><strong>pro</strong></span> <span class='ocrx_word' id='word_1_255' title='bbox 3435 1608 3537 1664; x_wconf 85' lang='lat' dir='ltr'><strong>hac</strong></span> 
     </span>
    </p>
   </div>
   <div class='ocr_carea' id='block_1_32' title="bbox 1945 1689 3537 1765">
    <p class='ocr_par' dir='ltr' id='par_1_32' title="bbox 1945 1689 3537 1765">
     <span class='ocr_line' id='line_1_32' title="bbox 1945 1689 3537 1765; baseline 0.008 -22"><span class='ocrx_word' id='word_1_256' title='bbox 1945 1689 2050 1744; x_wconf 91' lang='lat' dir='ltr'><strong>fide</strong></span> <span class='ocrx_word' id='word_1_257' title='bbox 2095 1706 2255 1759; x_wconf 90' lang='lat' dir='ltr'><strong>quam</strong></span> <span class='ocrx_word' id='word_1_258' title='bbox 2299 1692 2653 1759; x_wconf 77' lang='lat' dir='ltr'><strong>vindicamus,</strong></span> <span class='ocrx_word' id='word_1_259' title='bbox 2715 1710 2823 1750; x_wconf 90' lang='lat' dir='ltr'><strong>non</strong></span> <span class='ocrx_word' id='word_1_260' title='bbox 2885 1697 3060 1752; x_wconf 90' lang='lat' dir='ltr'><strong>solum</strong></span> <span class='ocrx_word' id='word_1_261' title='bbox 3121 1699 3392 1765; x_wconf 77' lang='lat' dir='ltr'><strong>exsilium,</strong></span> <span class='ocrx_word' id='word_1_262' title='bbox 3443 1701 3537 1756; x_wconf 90' lang='lat' dir='ltr'><strong>sed</strong></span> 
     </span>
    </p>
   </div>
   <div class='ocr_carea' id='block_1_33' title="bbox 263 1779 1846 1860">
    <p class='ocr_par' dir='ltr' id='par_1_33' title="bbox 263 1789 1846 1858">
     <span class='ocr_line' id='line_1_33' title="bbox 263 1789 1846 1858; baseline 0.003 -15"><span class='ocrx_word' id='word_1_263' title='bbox 263 1789 642 1858; x_wconf 88' lang='lat' dir='ltr'><strong>intelligendus</strong></span> <span class='ocrx_word' id='word_1_264' title='bbox 687 1796 771 1842; x_wconf 90' lang='lat' dir='ltr'><strong>est</strong></span> <span class='ocrx_word' id='word_1_265' title='bbox 815 1795 1039 1852; x_wconf 86' lang='lat' dir='ltr'><strong>unctus,</strong></span> <span class='ocrx_word' id='word_1_266' title='bbox 1085 1790 1301 1858; x_wconf 88' lang='lat' dir='ltr'><strong>quando</strong></span> <span class='ocrx_word' id='word_1_267' title='bbox 1330 1791 1562 1846; x_wconf 79' lang='lat' dir='ltr'><strong>Verbum</strong></span> <span class='ocrx_word' id='word_1_268' title='bbox 1594 1793 1687 1848; x_wconf 83' lang='lat' dir='ltr'><strong>Dei</strong></span> <span class='ocrx_word' id='word_1_269' title='bbox 1720 1808 1846 1848; x_wconf 90' lang='lat' dir='ltr'><strong>caro</strong></span> 
     </span>
    </p>
   </div>
   <div class='ocr_carea' id='block_1_34' title="bbox 1951 1779 3540 1860">
    <p class='ocr_par' dir='ltr' id='par_1_34' title="bbox 1951 1779 3540 1855">
     <span class='ocr_line' id='line_1_34' title="bbox 1951 1779 3540 1855; baseline 0.009 -24"><span class='ocrx_word' id='word_1_270' title='bbox 1951 1779 2112 1833; x_wconf 87' lang='lat' dir='ltr'><strong>etiam</strong></span> <span class='ocrx_word' id='word_1_271' title='bbox 2160 1781 2298 1835; x_wconf 91' lang='lat' dir='ltr'><strong>mori</strong></span> <span class='ocrx_word' id='word_1_272' title='bbox 2333 1782 2508 1850; x_wconf 89' lang='lat' dir='ltr'><strong>parati</strong></span> <span class='ocrx_word' id='word_1_273' title='bbox 2556 1798 2763 1838; x_wconf 90' lang='lat' dir='ltr'><strong>sumus.</strong></span> <span class='ocrx_word' id='word_1_274' title='bbox 2808 1784 3119 1855; x_wconf 90' lang='lat' dir='ltr'><strong>Tempestat</strong></span> <span class='ocrx_word' id='word_1_275' title='bbox 3148 1803 3299 1844; x_wconf 89' lang='lat' dir='ltr'><strong>mare</strong></span> <span class='ocrx_word' id='word_1_276' title='bbox 3343 1797 3398 1844; x_wconf 90' lang='lat' dir='ltr'><strong>et</strong></span> <span class='ocrx_word' id='word_1_277' title='bbox 3441 1787 3540 1844; x_wconf 86' lang='lat' dir='ltr'><strong>flu-</strong></span> 
     </span>
    </p>
   </div>
   <div class='ocr_carea' id='block_1_35' title="bbox 262 1879 1848 1948">
    <p class='ocr_par' dir='ltr' id='par_1_35' title="bbox 262 1879 1848 1948">
     <span class='ocr_line' id='line_1_35' title="bbox 262 1879 1848 1948; baseline 0.004 -15"><span class='ocrx_word' id='word_1_278' title='bbox 262 1879 469 1936; x_wconf 73' lang='lat' dir='ltr'><strong>factum</strong></span> <span class='ocrx_word' id='word_1_279' title='bbox 494 1889 598 1942; x_wconf 90' lang='lat' dir='ltr'><strong>est,</strong></span> <span class='ocrx_word' id='word_1_280' title='bbox 632 1879 687 1933; x_wconf 91' lang='lat' dir='ltr'><strong>id</strong></span> <span class='ocrx_word' id='word_1_281' title='bbox 706 1888 806 1941; x_wconf 88' lang='lat' dir='ltr'><strong>est,</strong></span> <span class='ocrx_word' id='word_1_282' title='bbox 838 1880 1055 1948; x_wconf 87' lang='lat' dir='ltr'><strong>quando</strong></span> <span class='ocrx_word' id='word_1_283' title='bbox 1085 1880 1316 1935; x_wconf 84' lang='lat' dir='ltr'><strong>humana</strong></span> <span class='ocrx_word' id='word_1_284' title='bbox 1342 1889 1554 1948; x_wconf 89' lang='lat' dir='ltr'><strong>natura,</strong></span> <span class='ocrx_word' id='word_1_285' title='bbox 1581 1885 1698 1939; x_wconf 89' lang='lat' dir='ltr'><strong>sine</strong></span> <span class='ocrx_word' id='word_1_286' title='bbox 1723 1885 1848 1939; x_wconf 91' lang='lat' dir='ltr'><strong>ullis</strong></span> 
     </span>
    </p>
   </div>
   <div class='ocr_carea' id='block_1_36' title="bbox 260 1971 1849 2043">
    <p class='ocr_par' dir='ltr' id='par_1_36' title="bbox 260 1971 1849 2043">
     <span class='ocr_line' id='line_1_36' title="bbox 260 1971 1849 2043; baseline 0.004 -16"><span class='ocrx_word' id='word_1_287' title='bbox 260 1971 692 2043; x_wconf 65' lang='lat' dir='ltr'><strong>praecedentibus</strong></span> <span class='ocrx_word' id='word_1_288' title='bbox 717 1972 980 2026; x_wconf 91' lang='lat' dir='ltr'><strong>bonorum</strong></span> <span class='ocrx_word' id='word_1_289' title='bbox 1009 1987 1232 2042; x_wconf 89' lang='lat' dir='ltr'><strong>operum</strong></span> <span class='ocrx_word' id='word_1_290' title='bbox 1262 1975 1500 2041; x_wconf 90' lang='lat' dir='ltr'><strong>meritis,</strong></span> <span class='ocrx_word' id='word_1_291' title='bbox 1529 1977 1640 2032; x_wconf 87' lang='lat' dir='ltr'><strong>Deo</strong></span> <span class='ocrx_word' id='word_1_292' title='bbox 1671 1978 1849 2034; x_wconf 86' lang='lat' dir='ltr'><strong>Verbo</strong></span> 
     </span>
    </p>
   </div>
   <div class='ocr_carea' id='block_1_37' title="bbox 260 2061 1848 2131">
    <p class='ocr_par' dir='ltr' id='par_1_37' title="bbox 260 2061 1848 2131">
     <span class='ocr_line' id='line_1_37' title="bbox 260 2061 1848 2131; baseline 0.003 -14"><span class='ocrx_word' id='word_1_293' title='bbox 260 2070 345 2117; x_wconf 84' lang='lat' dir='ltr'><strong>est</strong></span> <span class='ocrx_word' id='word_1_294' title='bbox 375 2062 428 2116; x_wconf 90' lang='lat' dir='ltr'><strong>in</strong></span> <span class='ocrx_word' id='word_1_295' title='bbox 459 2071 615 2116; x_wconf 85' lang='lat' dir='ltr'><strong>utero</strong></span> <span class='ocrx_word' id='word_1_296' title='bbox 639 2061 880 2131; x_wconf 78' lang='lat' dir='ltr'><strong>Virginis</strong></span> <span class='ocrx_word' id='word_1_297' title='bbox 927 2062 1195 2130; x_wconf 88' lang='lat' dir='ltr'><strong>copulata,</strong></span> <span class='ocrx_word' id='word_1_298' title='bbox 1231 2065 1304 2117; x_wconf 90' lang='lat' dir='ltr'><strong>ita</strong></span> <span class='ocrx_word' id='word_1_299' title='bbox 1333 2074 1392 2118; x_wconf 92' lang='lat' dir='ltr'><strong>ut</strong></span> <span class='ocrx_word' id='word_1_300' title='bbox 1429 2082 1550 2120; x_wconf 90' lang='lat' dir='ltr'><strong>cum</strong></span> <span class='ocrx_word' id='word_1_301' title='bbox 1579 2067 1669 2122; x_wconf 88' lang='lat' dir='ltr'><strong>illo</strong></span> <span class='ocrx_word' id='word_1_302' title='bbox 1695 2067 1848 2121; x_wconf 91' lang='lat' dir='ltr'><strong>fieret</strong></span> 
     </span>
    </p>
   </div>
   <div class='ocr_carea' id='block_1_38' title="bbox 235 2150 1850 2228">
    <p class='ocr_par' dir='ltr' id='par_1_38' title="bbox 235 2150 1850 2228">
     <span class='ocr_line' id='line_1_38' title="bbox 235 2150 1850 2228; baseline 0.005 -23"><span class='ocrx_word' id='word_1_303' title='bbox 235 2168 372 2219; x_wconf 76' lang='lat' dir='ltr'><strong>una</strong></span> <span class='ocrx_word' id='word_1_304' title='bbox 402 2166 652 2220; x_wconf 83' lang='lat' dir='ltr'><strong>persona.</strong></span> <span class='ocrx_word' id='word_1_305' title='bbox 690 2150 772 2206; x_wconf 80' lang='grc' dir='ltr'><strong>οι)</strong></span> <span class='ocrx_word' id='word_1_306' title='bbox 799 2153 904 2206; x_wconf 91' lang='lat' dir='ltr'><strong>hoc</strong></span> <span class='ocrx_word' id='word_1_307' title='bbox 927 2167 1050 2205; x_wconf 88' lang='lat' dir='ltr'><strong>eum</strong></span> <span class='ocrx_word' id='word_1_308' title='bbox 1079 2154 1401 2208; x_wconf 86' lang='lat' dir='ltr'><strong>confitemur</strong></span> <span class='ocrx_word' id='word_1_309' title='bbox 1423 2165 1606 2210; x_wconf 91' lang='lat' dir='ltr'><strong>natum</strong></span> <span class='ocrx_word' id='word_1_310' title='bbox 1631 2159 1696 2213; x_wconf 90' lang='lat' dir='ltr'><strong>de</strong></span> <span class='ocrx_word' id='word_1_311' title='bbox 1727 2159 1850 2228; x_wconf 89' lang='lat' dir='ltr'><strong>Spi-</strong></span> 
     </span>
    </p>
   </div>
   <div class='ocr_carea' id='block_1_39' title="bbox 257 2241 1847 2310">
    <p class='ocr_par' dir='ltr' id='par_1_39' title="bbox 257 2241 1847 2310">
     <span class='ocr_line' id='line_1_39' title="bbox 257 2241 1847 2310; baseline 0.004 -14"><span class='ocrx_word' id='word_1_312' title='bbox 257 2243 367 2298; x_wconf 88' lang='lat' dir='ltr'><strong>ritu</strong></span> <span class='ocrx_word' id='word_1_313' title='bbox 399 2249 587 2297; x_wconf 91' lang='lat' dir='ltr'><strong>sancto</strong></span> <span class='ocrx_word' id='word_1_314' title='bbox 607 2248 662 2296; x_wconf 88' lang='lat' dir='ltr'><strong>et</strong></span> <span class='ocrx_word' id='word_1_315' title='bbox 680 2241 888 2310; x_wconf 75' lang='lat' dir='ltr'><strong>virgine</strong></span> <span class='ocrx_word' id='word_1_316' title='bbox 909 2241 1096 2296; x_wconf 88' lang='lat' dir='ltr'><strong>Maria.</strong></span> <span class='ocrx_word' id='word_1_317' title='bbox 1118 2243 1577 2300; x_wconf 81' lang='lat' dir='ltr'><strong>Absurdissimnm</strong></span> <span class='ocrx_word' id='word_1_318' title='bbox 1599 2256 1681 2302; x_wconf 89' lang='lat' dir='ltr'><strong>est</strong></span> <span class='ocrx_word' id='word_1_319' title='bbox 1703 2251 1847 2303; x_wconf 88' lang='lat' dir='ltr'><strong>enim</strong></span> 
     </span>
    </p>
   </div>
   <div class='ocr_carea' id='block_1_40' title="bbox 262 2332 1847 2405">
    <p class='ocr_par' dir='ltr' id='par_1_40' title="bbox 262 2332 1847 2405">
     <span class='ocr_line' id='line_1_40' title="bbox 262 2332 1847 2405; baseline 0.005 -19"><span class='ocrx_word' id='word_1_320' title='bbox 262 2342 323 2388; x_wconf 88' lang='lat' dir='ltr'><strong>ut</strong></span> <span class='ocrx_word' id='word_1_321' title='bbox 357 2334 642 2389; x_wconf 88' lang='lat' dir='ltr'><strong>credamus</strong></span> <span class='ocrx_word' id='word_1_322' title='bbox 669 2347 812 2397; x_wconf 90' lang='lat' dir='ltr'><strong>eum,</strong></span> <span class='ocrx_word' id='word_1_323' title='bbox 855 2349 977 2388; x_wconf 91' lang='lat' dir='ltr'><strong>cum</strong></span> <span class='ocrx_word' id='word_1_324' title='bbox 997 2332 1111 2402; x_wconf 86' lang='lat' dir='ltr'><strong>jam</strong></span> <span class='ocrx_word' id='word_1_325' title='bbox 1141 2335 1359 2405; x_wconf 80' lang='lat' dir='ltr'><strong>triginta</strong></span> <span class='ocrx_word' id='word_1_326' title='bbox 1401 2346 1544 2392; x_wconf 86' lang='lat' dir='ltr'><strong>esset</strong></span> <span class='ocrx_word' id='word_1_327' title='bbox 1583 2355 1847 2395; x_wconf 89' lang='lat' dir='ltr'><strong>annorum</strong></span> 
     </span>
    </p>
   </div>
   <div class='ocr_carea' id='block_1_41' title="bbox 262 2411 1848 2499">
    <p class='ocr_par' dir='ltr' id='par_1_41' title="bbox 262 2411 1848 2499">
     <span class='ocr_line' id='line_1_41' title="bbox 262 2411 1848 2499; baseline 0.004 -21"><span class='ocrx_word' id='word_1_328' title='bbox 262 2424 462 2488; x_wconf 67' lang='lat' dir='ltr'><strong>aetatis,</strong></span> <span class='ocrx_word' id='word_1_329' title='bbox 497 2433 554 2477; x_wconf 88' lang='lat' dir='ltr'><strong>et</strong></span> <span class='ocrx_word' id='word_1_330' title='bbox 586 2439 614 2477; x_wconf 94' lang='lat' dir='ltr'><strong>a</strong></span> <span class='ocrx_word' id='word_1_331' title='bbox 647 2411 852 2478; x_wconf 76' lang='lat' dir='ltr'><strong>Joanne</strong></span> <span class='ocrx_word' id='word_1_332' title='bbox 885 2423 1190 2493; x_wconf 84' lang='lat' dir='ltr'><strong>baptizatus</strong></span> <span class='ocrx_word' id='word_1_333' title='bbox 1213 2434 1325 2490; x_wconf 87' lang='lat' dir='ltr'><strong>est,</strong></span> <span class='ocrx_word' id='word_1_334' title='bbox 1368 2429 1641 2496; x_wconf 88' lang='lat' dir='ltr'><strong>accepisse</strong></span> <span class='ocrx_word' id='word_1_335' title='bbox 1673 2429 1848 2499; x_wconf 90' lang='lat' dir='ltr'><strong>Spiri-</strong></span> 
     </span>
    </p>
   </div>
   <div class='ocr_carea' id='block_1_42' title="bbox 263 2511 1852 2583">
    <p class='ocr_par' dir='ltr' id='par_1_42' title="bbox 263 2511 1852 2583">
     <span class='ocr_line' id='line_1_42' title="bbox 263 2511 1852 2583; baseline 0.003 -15"><span class='ocrx_word' id='word_1_336' title='bbox 263 2523 380 2569; x_wconf 89' lang='lat' dir='ltr'><strong>tum</strong></span> <span class='ocrx_word' id='word_1_337' title='bbox 411 2520 682 2569; x_wconf 87' lang='lat' dir='ltr'><strong>sanctum.</strong></span> <span class='ocrx_word' id='word_1_338' title='bbox 727 2511 832 2567; x_wconf 88' lang='lat' dir='ltr'><strong>Sed</strong></span> <span class='ocrx_word' id='word_1_339' title='bbox 875 2514 1023 2568; x_wconf 83' lang='lat' dir='ltr'><strong>venit</strong></span> <span class='ocrx_word' id='word_1_340' title='bbox 1055 2514 1122 2568; x_wconf 89' lang='lat' dir='ltr'><strong>ad</strong></span> <span class='ocrx_word' id='word_1_341' title='bbox 1148 2515 1413 2583; x_wconf 86' lang='lat' dir='ltr'><strong>baptisma</strong></span> <span class='ocrx_word' id='word_1_342' title='bbox 1441 2515 1664 2572; x_wconf 85' lang='lat' dir='ltr'><strong>Joannis</strong></span> <span class='ocrx_word' id='word_1_343' title='bbox 1710 2519 1852 2573; x_wconf 85' lang='lat' dir='ltr'><strong>sicut</strong></span> 
     </span>
    </p>
   </div>
   <div class='ocr_carea' id='block_1_43' title="bbox 264 2605 1850 2676">
    <p class='ocr_par' dir='ltr' id='par_1_43' title="bbox 264 2605 1850 2676">
     <span class='ocr_line' id='line_1_43' title="bbox 264 2605 1850 2676; baseline 0.001 -14"><span class='ocrx_word' id='word_1_344' title='bbox 264 2607 385 2663; x_wconf 88' lang='lat' dir='ltr'><strong>sine</strong></span> <span class='ocrx_word' id='word_1_345' title='bbox 409 2614 648 2676; x_wconf 84' lang='lat' dir='ltr'><strong>peccato,</strong></span> <span class='ocrx_word' id='word_1_346' title='bbox 676 2605 750 2660; x_wconf 91' lang='lat' dir='ltr'><strong>ita</strong></span> <span class='ocrx_word' id='word_1_347' title='bbox 783 2605 973 2675; x_wconf 88' lang='lat' dir='ltr'><strong>plenus</strong></span> <span class='ocrx_word' id='word_1_348' title='bbox 1008 2605 1214 2675; x_wconf 88' lang='lat' dir='ltr'><strong>Spiritu</strong></span> <span class='ocrx_word' id='word_1_349' title='bbox 1251 2615 1458 2661; x_wconf 89' lang='lat' dir='ltr'><strong>sancto.</strong></span> <span class='ocrx_word' id='word_1_350' title='bbox 1503 2606 1560 2660; x_wconf 88' lang='lat' dir='ltr'><strong>Si</strong></span> <span class='ocrx_word' id='word_1_351' title='bbox 1604 2609 1746 2662; x_wconf 91' lang='lat' dir='ltr'><strong>enim</strong></span> <span class='ocrx_word' id='word_1_352' title='bbox 1784 2610 1850 2664; x_wconf 88' lang='lat' dir='ltr'><strong>de</strong></span> 
     </span>
    </p>
   </div>
   <div class='ocr_carea' id='block_1_44' title="bbox 266 2695 1844 2767">
    <p class='ocr_par' dir='ltr' id='par_1_44' title="bbox 266 2695 1844 2767">
     <span class='ocr_line' id='line_1_44' title="bbox 266 2695 1844 2767; baseline 0.001 -15"><span class='ocrx_word' id='word_1_353' title='bbox 266 2711 426 2752; x_wconf 87' lang='lat' dir='ltr'><strong>servo</strong></span> <span class='ocrx_word' id='word_1_354' title='bbox 454 2710 553 2752; x_wconf 90' lang='lat' dir='ltr'><strong>suo</strong></span> <span class='ocrx_word' id='word_1_355' title='bbox 575 2705 630 2750; x_wconf 90' lang='lat' dir='ltr'><strong>et</strong></span> <span class='ocrx_word' id='word_1_356' title='bbox 651 2709 992 2765; x_wconf 68' lang='lat' dir='ltr'><strong>prazcursore</strong></span> <span class='ocrx_word' id='word_1_357' title='bbox 1020 2695 1190 2765; x_wconf 86' lang='lat' dir='ltr'><strong>ipsius</strong></span> <span class='ocrx_word' id='word_1_358' title='bbox 1215 2695 1422 2750; x_wconf 85' lang='lat' dir='ltr'><strong>Joanne</strong></span> <span class='ocrx_word' id='word_1_359' title='bbox 1445 2697 1704 2767; x_wconf 89' lang='lat' dir='ltr'><strong>scriptum</strong></span> <span class='ocrx_word' id='word_1_360' title='bbox 1734 2707 1844 2753; x_wconf 91' lang='lat' dir='ltr'><strong>est:</strong></span> 
     </span>
    </p>
   </div>
   <div class='ocr_carea' id='block_1_45' title="bbox 267 2783 1845 2857">
    <p class='ocr_par' dir='ltr' id='par_1_45' title="bbox 267 2783 1845 2857">
     <span class='ocr_line' id='line_1_45' title="bbox 267 2783 1845 2857; baseline -0.002 -15"><span class='ocrx_word' id='word_1_361' title='bbox 267 2785 474 2857; x_wconf 77' lang='lat' dir='ltr'><strong>Spiritu</strong></span> <span class='ocrx_word' id='word_1_362' title='bbox 511 2792 691 2841; x_wconf 80' lang='lat' dir='ltr'><strong>sancto</strong></span> <span class='ocrx_word' id='word_1_363' title='bbox 735 2783 1015 2854; x_wconf 81' lang='lat' dir='ltr'><strong>replebitur</strong></span> <span class='ocrx_word' id='word_1_364' title='bbox 1052 2785 1223 2838; x_wconf 80' lang='lat' dir='ltr'><strong>adhuc</strong></span> <span class='ocrx_word' id='word_1_365' title='bbox 1253 2785 1308 2856; x_wconf 80' lang='lat' dir='ltr'><strong>in</strong></span> <span class='ocrx_word' id='word_1_366' title='bbox 1329 2793 1474 2838; x_wconf 87' lang='lat' dir='ltr'><strong>utero</strong></span> <span class='ocrx_word' id='word_1_367' title='bbox 1505 2787 1689 2838; x_wconf 79' lang='lat' dir='ltr'><strong>matris</strong></span> <span class='ocrx_word' id='word_1_368' title='bbox 1719 2802 1845 2849; x_wconf 64' lang='lat' dir='ltr'><strong>suae,</strong></span> 
     </span>
    </p>
   </div>
   <div class='ocr_carea' id='block_1_46' title="bbox 265 2873 1848 2947">
    <p class='ocr_par' dir='ltr' id='par_1_46' title="bbox 265 2873 1848 2947">
     <span class='ocr_line' id='line_1_46' title="bbox 265 2873 1848 2947; baseline -0.001 -17"><span class='ocrx_word' id='word_1_369' title='bbox 265 2877 396 2947; x_wconf 88' lang='lat' dir='ltr'><strong>quia</strong></span> <span class='ocrx_word' id='word_1_370' title='bbox 435 2875 682 2946; x_wconf 85' lang='lat' dir='ltr'><strong>quamvis</strong></span> <span class='ocrx_word' id='word_1_371' title='bbox 719 2874 1017 2930; x_wconf 88' lang='lat' dir='ltr'><strong>seminatus</strong></span> <span class='ocrx_word' id='word_1_372' title='bbox 1059 2889 1090 2927; x_wconf 86' lang='lat' dir='ltr'><strong>a</strong></span> <span class='ocrx_word' id='word_1_373' title='bbox 1135 2882 1307 2943; x_wconf 87' lang='lat' dir='ltr'><strong>patre,</strong></span> <span class='ocrx_word' id='word_1_374' title='bbox 1362 2883 1538 2928; x_wconf 88' lang='lat' dir='ltr'><strong>tamen</strong></span> <span class='ocrx_word' id='word_1_375' title='bbox 1590 2873 1848 2944; x_wconf 85' lang='lat' dir='ltr'><strong>Spiritum</strong></span> 
     </span>
    </p>
   </div>
   <div class='ocr_carea' id='block_1_47' title="bbox 265 2963 1852 3032">
    <p class='ocr_par' dir='ltr' id='par_1_47' title="bbox 265 2963 1852 3032">
     <span class='ocr_line' id='line_1_47' title="bbox 265 2963 1852 3032; baseline -0.003 -10"><span class='ocrx_word' id='word_1_376' title='bbox 265 2973 512 3023; x_wconf 86' lang='lat' dir='ltr'><strong>sanctum</strong></span> <span class='ocrx_word' id='word_1_377' title='bbox 540 2967 594 3020; x_wconf 91' lang='lat' dir='ltr'><strong>in</strong></span> <span class='ocrx_word' id='word_1_378' title='bbox 620 2976 775 3021; x_wconf 81' lang='lat' dir='ltr'><strong>utero</strong></span> <span class='ocrx_word' id='word_1_379' title='bbox 808 2963 1071 3019; x_wconf 88' lang='lat' dir='ltr'><strong>formatus</strong></span> <span class='ocrx_word' id='word_1_380' title='bbox 1105 2965 1340 3032; x_wconf 84' lang='lat' dir='ltr'><strong>accepit,</strong></span> <span class='ocrx_word' id='word_1_381' title='bbox 1385 2965 1511 3032; x_wconf 90' lang='lat' dir='ltr'><strong>quid</strong></span> <span class='ocrx_word' id='word_1_382' title='bbox 1541 2965 1608 3020; x_wconf 89' lang='lat' dir='ltr'><strong>de</strong></span> <span class='ocrx_word' id='word_1_383' title='bbox 1637 2964 1852 3018; x_wconf 87' lang='lat' dir='ltr'><strong>homine</strong></span> 
     </span>
    </p>
   </div>
   <div class='ocr_carea' id='block_1_48' title="bbox 265 3056 1851 3129">
    <p class='ocr_par' dir='ltr' id='par_1_48' title="bbox 265 3056 1851 3129">
     <span class='ocr_line' id='line_1_48' title="bbox 265 3056 1851 3129; baseline -0.003 -12"><span class='ocrx_word' id='word_1_384' title='bbox 265 3059 479 3117; x_wconf 85' lang='lat' dir='ltr'><strong>Christo</strong></span> <span class='ocrx_word' id='word_1_385' title='bbox 501 3059 902 3129; x_wconf 88' lang='lat' dir='ltr'><strong>intelligendum</strong></span> <span class='ocrx_word' id='word_1_386' title='bbox 925 3067 1008 3112; x_wconf 89' lang='lat' dir='ltr'><strong>est</strong></span> <span class='ocrx_word' id='word_1_387' title='bbox 1028 3056 1113 3111; x_wconf 84' lang='lat' dir='ltr'><strong>vel</strong></span> <span class='ocrx_word' id='word_1_388' title='bbox 1135 3058 1482 3122; x_wconf 87' lang='lat' dir='ltr'><strong>credendum,</strong></span> <span class='ocrx_word' id='word_1_389' title='bbox 1499 3057 1652 3128; x_wconf 86' lang='lat' dir='ltr'><strong>cujus</strong></span> <span class='ocrx_word' id='word_1_390' title='bbox 1673 3058 1851 3112; x_wconf 85' lang='lat' dir='ltr'><strong>carnis</strong></span> 
     </span>
    </p>
   </div>
   <div class='ocr_carea' id='block_1_49' title="bbox 267 3148 1695 3222">
    <p class='ocr_par' dir='ltr' id='par_1_49' title="bbox 267 3148 1695 3222">
     <span class='ocr_line' id='line_1_49' title="bbox 267 3148 1695 3222; baseline -0.004 -16"><span class='ocrx_word' id='word_1_391' title='bbox 267 3152 383 3222; x_wconf 88' lang='lat' dir='ltr'><strong>ipsa</strong></span> <span class='ocrx_word' id='word_1_392' title='bbox 411 3149 692 3220; x_wconf 64' lang='lat' dir='ltr'><strong>conceptio</strong></span> <span class='ocrx_word' id='word_1_393' title='bbox 723 3164 827 3203; x_wconf 93' lang='lat' dir='ltr'><strong>non</strong></span> <span class='ocrx_word' id='word_1_394' title='bbox 855 3148 1110 3212; x_wconf 87' lang='lat' dir='ltr'><strong>carnalis,</strong></span> <span class='ocrx_word' id='word_1_395' title='bbox 1139 3149 1233 3202; x_wconf 85' lang='lat' dir='ltr'><strong>sed</strong></span> <span class='ocrx_word' id='word_1_396' title='bbox 1261 3148 1522 3217; x_wconf 89' lang='lat' dir='ltr'><strong>spiritalis</strong></span> <span class='ocrx_word' id='word_1_397' title='bbox 1553 3148 1650 3202; x_wconf 90' lang='lat' dir='ltr'><strong>fuit</strong></span> <span class='ocrx_word' id='word_1_398' title='bbox 1669 3148 1695 3202; x_wconf 67' lang='grc' dir='ltr'><em>’ἒ</em></span> 
     </span>
    </p>
   </div>
   <div class='ocr_carea' id='block_1_50' title="bbox 336 3235 1847 3304">
    <p class='ocr_par' dir='ltr' id='par_1_50' title="bbox 336 3235 1847 3304">
     <span class='ocr_line' id='line_1_50' title="bbox 336 3235 1847 3304; baseline -0.004 -8"><span class='ocrx_word' id='word_1_399' title='bbox 336 3239 470 3296; x_wconf 73' lang='lat' dir='ltr'><strong>XLII.</strong></span> <span class='ocrx_word' id='word_1_400' title='bbox 513 3239 624 3294; x_wconf 79' lang='lat' dir='ltr'><strong>Hoc</strong></span> <span class='ocrx_word' id='word_1_401' title='bbox 679 3245 849 3292; x_wconf 89' lang='lat' dir='ltr'><strong>totum</strong></span> <span class='ocrx_word' id='word_1_402' title='bbox 899 3252 1066 3304; x_wconf 88' lang='lat' dir='ltr'><strong>quare</strong></span> <span class='ocrx_word' id='word_1_403' title='bbox 1115 3235 1366 3299; x_wconf 81' lang='lat' dir='ltr'><strong>diximus,</strong></span> <span class='ocrx_word' id='word_1_404' title='bbox 1401 3237 1503 3292; x_wconf 90' lang='lat' dir='ltr'><strong>nisi</strong></span> <span class='ocrx_word' id='word_1_405' title='bbox 1556 3244 1614 3291; x_wconf 90' lang='lat' dir='ltr'><strong>ut</strong></span> <span class='ocrx_word' id='word_1_406' title='bbox 1664 3236 1847 3291; x_wconf 83' lang='lat' dir='ltr'><strong>Jesum</strong></span> 
     </span>
    </p>
   </div>
   <div class='ocr_carea' id='block_1_51' title="bbox 267 3326 1846 3397">
    <p class='ocr_par' dir='ltr' id='par_1_51' title="bbox 267 3326 1846 3397">
     <span class='ocr_line' id='line_1_51' title="bbox 267 3326 1846 3397; baseline -0.004 -11"><span class='ocrx_word' id='word_1_407' title='bbox 267 3329 536 3386; x_wconf 84' lang='lat' dir='ltr'><strong>Christum</strong></span> <span class='ocrx_word' id='word_1_408' title='bbox 581 3327 675 3397; x_wconf 89' lang='lat' dir='ltr'><strong>qui</strong></span> <span class='ocrx_word' id='word_1_409' title='bbox 710 3327 778 3383; x_wconf 91' lang='lat' dir='ltr'><strong>de</strong></span> <span class='ocrx_word' id='word_1_410' title='bbox 820 3326 1040 3396; x_wconf 75' lang='lat' dir='ltr'><strong>Virgine</strong></span> <span class='ocrx_word' id='word_1_411' title='bbox 1089 3337 1249 3384; x_wconf 87' lang='lat' dir='ltr'><strong>natus</strong></span> <span class='ocrx_word' id='word_1_412' title='bbox 1287 3335 1389 3390; x_wconf 86' lang='lat' dir='ltr'><strong>est,</strong></span> <span class='ocrx_word' id='word_1_413' title='bbox 1427 3343 1615 3383; x_wconf 86' lang='lat' dir='ltr'><strong>verum</strong></span> <span class='ocrx_word' id='word_1_414' title='bbox 1657 3327 1846 3391; x_wconf 87' lang='lat' dir='ltr'><strong>Deum,</strong></span> 
     </span>
    </p>
   </div>
   <div class='ocr_carea' id='block_1_52' title="bbox 268 3418 1849 3489">
    <p class='ocr_par' dir='ltr' id='par_1_52' title="bbox 268 3418 1849 3489">
     <span class='ocr_line' id='line_1_52' title="bbox 268 3418 1849 3489; baseline -0.004 -10"><span class='ocrx_word' id='word_1_415' title='bbox 268 3431 322 3479; x_wconf 90' lang='lat' dir='ltr'><strong>et</strong></span> <span class='ocrx_word' id='word_1_416' title='bbox 351 3435 538 3477; x_wconf 88' lang='lat' dir='ltr'><strong>verum</strong></span> <span class='ocrx_word' id='word_1_417' title='bbox 565 3420 762 3476; x_wconf 88' lang='lat' dir='ltr'><strong>Filium</strong></span> <span class='ocrx_word' id='word_1_418' title='bbox 792 3418 888 3474; x_wconf 89' lang='lat' dir='ltr'><strong>Dei</strong></span> <span class='ocrx_word' id='word_1_419' title='bbox 921 3433 1043 3474; x_wconf 88' lang='lat' dir='ltr'><strong>esse</strong></span> <span class='ocrx_word' id='word_1_420' title='bbox 1066 3421 1344 3489; x_wconf 86' lang='lat' dir='ltr'><strong>proprium</strong></span> <span class='ocrx_word' id='word_1_421' title='bbox 1381 3420 1762 3475; x_wconf 87' lang='lat' dir='ltr'><strong>firmaremus:</strong></span> <span class='ocrx_word' id='word_1_422' title='bbox 1795 3427 1849 3473; x_wconf 91' lang='lat' dir='ltr'><strong>et</strong></span> 
     </span>
    </p>
   </div>
   <div class='ocr_carea' id='block_1_53' title="bbox 268 3510 1850 3584">
    <p class='ocr_par' dir='ltr' id='par_1_53' title="bbox 268 3510 1850 3584">
     <span class='ocr_line' id='line_1_53' title="bbox 268 3510 1850 3584; baseline -0.001 -18"><span class='ocrx_word' id='word_1_423' title='bbox 268 3513 438 3568; x_wconf 86' lang='lat' dir='ltr'><strong>Deum</strong></span> <span class='ocrx_word' id='word_1_424' title='bbox 482 3512 624 3568; x_wconf 89' lang='lat' dir='ltr'><strong>inter</strong></span> <span class='ocrx_word' id='word_1_425' title='bbox 669 3511 815 3574; x_wconf 86' lang='lat' dir='ltr'><strong>deos,</strong></span> <span class='ocrx_word' id='word_1_426' title='bbox 871 3518 926 3565; x_wconf 87' lang='lat' dir='ltr'><strong>et</strong></span> <span class='ocrx_word' id='word_1_427' title='bbox 969 3510 1280 3579; x_wconf 79' lang='lat' dir='ltr'><strong>adoptivum</strong></span> <span class='ocrx_word' id='word_1_428' title='bbox 1319 3526 1441 3564; x_wconf 90' lang='lat' dir='ltr'><strong>cum</strong></span> <span class='ocrx_word' id='word_1_429' title='bbox 1482 3510 1767 3584; x_wconf 59' lang='lat' dir='ltr'><strong>adoptivis,</strong></span> <span class='ocrx_word' id='word_1_430' title='bbox 1795 3519 1850 3564; x_wconf 88' lang='lat' dir='ltr'><strong>et</strong></span> 
     </span>
    </p>
   </div>
   <div class='ocr_carea' id='block_1_54' title="bbox 265 3601 1851 3674">
    <p class='ocr_par' dir='ltr' id='par_1_54' title="bbox 265 3601 1851 3674">
     <span class='ocr_line' id='line_1_54' title="bbox 265 3601 1851 3674; baseline -0.004 -14"><span class='ocrx_word' id='word_1_431' title='bbox 265 3603 548 3674; x_wconf 89' lang='lat' dir='ltr'><strong>parvulum</strong></span> <span class='ocrx_word' id='word_1_432' title='bbox 591 3618 714 3659; x_wconf 89' lang='lat' dir='ltr'><strong>cum</strong></span> <span class='ocrx_word' id='word_1_433' title='bbox 754 3601 1010 3670; x_wconf 85' lang='lat' dir='ltr'><strong>parvulis,</strong></span> <span class='ocrx_word' id='word_1_434' title='bbox 1051 3609 1106 3655; x_wconf 89' lang='lat' dir='ltr'><strong>et</strong></span> <span class='ocrx_word' id='word_1_435' title='bbox 1153 3617 1368 3656; x_wconf 87' lang='lat' dir='ltr'><strong>servum</strong></span> <span class='ocrx_word' id='word_1_436' title='bbox 1409 3617 1534 3656; x_wconf 91' lang='lat' dir='ltr'><strong>cum</strong></span> <span class='ocrx_word' id='word_1_437' title='bbox 1570 3602 1760 3665; x_wconf 87' lang='lat' dir='ltr'><strong>servis,</strong></span> <span class='ocrx_word' id='word_1_438' title='bbox 1791 3608 1851 3654; x_wconf 93' lang='lat' dir='ltr'><strong>ut</strong></span> 
     </span>
    </p>
   </div>
   <div class='ocr_carea' id='block_1_55' title="bbox 268 3689 1852 3768">
    <p class='ocr_par' dir='ltr' id='par_1_55' title="bbox 268 3689 1852 3768">
     <span class='ocr_line' id='line_1_55' title="bbox 268 3689 1852 3768; baseline -0.003 -20"><span class='ocrx_word' id='word_1_439' title='bbox 268 3692 509 3748; x_wconf 63' lang='lat' dir='ltr'><strong>hatretici</strong></span> <span class='ocrx_word' id='word_1_440' title='bbox 563 3691 964 3759; x_wconf 88' lang='lat' dir='ltr'><strong>blasphemant,</strong></span> <span class='ocrx_word' id='word_1_441' title='bbox 1017 3698 1206 3758; x_wconf 88' lang='lat' dir='ltr'><strong>aperta</strong></span> <span class='ocrx_word' id='word_1_442' title='bbox 1256 3689 1433 3744; x_wconf 85' lang='lat' dir='ltr'><strong>fronte</strong></span> <span class='ocrx_word' id='word_1_443' title='bbox 1494 3691 1852 3768; x_wconf 82' lang='lat' dir='ltr'><strong>negaremus?</strong></span> 
     </span>
    </p>
   </div>
   <div class='ocr_carea' id='block_1_56' title="bbox 271 3778 1855 3849">
    <p class='ocr_par' dir='ltr' id='par_1_56' title="bbox 271 3778 1855 3849">
     <span class='ocr_line' id='line_1_56' title="bbox 271 3778 1855 3849; baseline -0.003 -10"><span class='ocrx_word' id='word_1_444' title='bbox 271 3782 491 3839; x_wconf 89' lang='lat' dir='ltr'><strong>Ululant</strong></span> <span class='ocrx_word' id='word_1_445' title='bbox 517 3780 640 3849; x_wconf 90' lang='lat' dir='ltr'><strong>ipsi,</strong></span> <span class='ocrx_word' id='word_1_446' title='bbox 687 3778 1022 3846; x_wconf 86' lang='lat' dir='ltr'><strong>Scripturam</strong></span> <span class='ocrx_word' id='word_1_447' title='bbox 1051 3794 1156 3833; x_wconf 90' lang='lat' dir='ltr'><strong>non</strong></span> <span class='ocrx_word' id='word_1_448' title='bbox 1205 3786 1456 3832; x_wconf 85' lang='lat' dir='ltr'><strong>tractant.</strong></span> <span class='ocrx_word' id='word_1_449' title='bbox 1487 3779 1554 3832; x_wconf 91' lang='lat' dir='ltr'><strong>Et</strong></span> <span class='ocrx_word' id='word_1_450' title='bbox 1583 3779 1708 3848; x_wconf 90' lang='lat' dir='ltr'><strong>quia</strong></span> <span class='ocrx_word' id='word_1_451' title='bbox 1738 3780 1855 3834; x_wconf 90' lang='lat' dir='ltr'><strong>ulu-</strong></span> 
     </span>
    </p>
   </div>
   <div class='ocr_carea' id='block_1_57' title="bbox 261 3868 1853 3938">
    <p class='ocr_par' dir='ltr' id='par_1_57' title="bbox 261 3868 1853 3938">
     <span class='ocr_line' id='line_1_57' title="bbox 261 3868 1853 3938; baseline 0 -12"><span class='ocrx_word' id='word_1_452' title='bbox 261 3871 399 3933; x_wconf 85' lang='lat' dir='ltr'><strong>lant,</strong></span> <span class='ocrx_word' id='word_1_453' title='bbox 439 3868 550 3938; x_wconf 87' lang='lat' dir='ltr'><strong>lupi</strong></span> <span class='ocrx_word' id='word_1_454' title='bbox 585 3876 729 3932; x_wconf 88' lang='lat' dir='ltr'><strong>sunt,</strong></span> <span class='ocrx_word' id='word_1_455' title='bbox 780 3869 834 3922; x_wconf 91' lang='lat' dir='ltr'><strong>in</strong></span> <span class='ocrx_word' id='word_1_456' title='bbox 869 3869 1104 3925; x_wconf 83' lang='lat' dir='ltr'><strong>tenebris</strong></span> <span class='ocrx_word' id='word_1_457' title='bbox 1148 3869 1444 3934; x_wconf 87' lang='lat' dir='ltr'><strong>ambulant,</strong></span> <span class='ocrx_word' id='word_1_458' title='bbox 1482 3871 1536 3924; x_wconf 92' lang='lat' dir='ltr'><strong>id</strong></span> <span class='ocrx_word' id='word_1_459' title='bbox 1571 3879 1672 3937; x_wconf 88' lang='lat' dir='ltr'><strong>est,</strong></span> <span class='ocrx_word' id='word_1_460' title='bbox 1712 3872 1853 3926; x_wconf 89' lang='lat' dir='ltr'><strong>inter</strong></span> 
     </span>
    </p>
   </div>
   <div class='ocr_carea' id='block_1_58' title="bbox 261 3958 1854 4032">
    <p class='ocr_par' dir='ltr' id='par_1_58' title="bbox 261 3958 1854 4032">
     <span class='ocr_line' id='line_1_58' title="bbox 261 3958 1854 4032; baseline 0.001 -16"><span class='ocrx_word' id='word_1_461' title='bbox 261 3964 488 4032; x_wconf 88' lang='lat' dir='ltr'><strong>ignaros</strong></span> <span class='ocrx_word' id='word_1_462' title='bbox 520 3958 854 4028; x_wconf 68' lang='lat' dir='ltr'><strong>praedicant:</strong></span> <span class='ocrx_word' id='word_1_463' title='bbox 892 3959 1151 4016; x_wconf 86' lang='lat' dir='ltr'><strong>obscuras</strong></span> <span class='ocrx_word' id='word_1_464' title='bbox 1179 3969 1233 4014; x_wconf 88' lang='lat' dir='ltr'><strong>et</strong></span> <span class='ocrx_word' id='word_1_465' title='bbox 1272 3959 1630 4016; x_wconf 88' lang='lat' dir='ltr'><strong>distortuosas</strong></span> <span class='ocrx_word' id='word_1_466' title='bbox 1675 3963 1854 4032; x_wconf 86' lang='lat' dir='ltr'><strong>dispu-</strong></span> 
     </span>
    </p>
   </div>
   <div class='ocr_carea' id='block_1_59' title="bbox 260 4050 1852 4126">
    <p class='ocr_par' dir='ltr' id='par_1_59' title="bbox 260 4050 1852 4126">
     <span class='ocr_line' id='line_1_59' title="bbox 260 4050 1852 4126; baseline 0.004 -19"><span class='ocrx_word' id='word_1_467' title='bbox 260 4053 498 4107; x_wconf 88' lang='lat' dir='ltr'><strong>tationes</strong></span> <span class='ocrx_word' id='word_1_468' title='bbox 523 4050 824 4122; x_wconf 79' lang='lat' dir='ltr'><strong>proferunt,</strong></span> <span class='ocrx_word' id='word_1_469' title='bbox 856 4053 1050 4120; x_wconf 89' lang='lat' dir='ltr'><strong>quibus</strong></span> <span class='ocrx_word' id='word_1_470' title='bbox 1081 4054 1296 4124; x_wconf 88' lang='lat' dir='ltr'><strong>ignaros</strong></span> <span class='ocrx_word' id='word_1_471' title='bbox 1333 4056 1622 4126; x_wconf 82' lang='lat' dir='ltr'><strong>decipiunt.</strong></span> <span class='ocrx_word' id='word_1_472' title='bbox 1663 4057 1852 4114; x_wconf 90' lang='lat' dir='ltr'><strong>Pasto-</strong></span> 
     </span>
    </p>
   </div>
   <div class='ocr_carea' id='block_1_60' title="bbox 261 4142 1848 4212">
    <p class='ocr_par' dir='ltr' id='par_1_60' title="bbox 261 4142 1848 4212">
     <span class='ocr_line' id='line_1_60' title="bbox 261 4142 1848 4212; baseline 0.003 -14"><span class='ocrx_word' id='word_1_473' title='bbox 261 4157 354 4199; x_wconf 89' lang='lat' dir='ltr'><strong>res</strong></span> <span class='ocrx_word' id='word_1_474' title='bbox 393 4142 756 4199; x_wconf 88' lang='lat' dir='ltr'><strong>Ecclesiarum</strong></span> <span class='ocrx_word' id='word_1_475' title='bbox 800 4143 1015 4200; x_wconf 88' lang='lat' dir='ltr'><strong>auferre</strong></span> <span class='ocrx_word' id='word_1_476' title='bbox 1063 4155 1348 4212; x_wconf 90' lang='lat' dir='ltr'><strong>conantur,</strong></span> <span class='ocrx_word' id='word_1_477' title='bbox 1377 4155 1437 4200; x_wconf 92' lang='lat' dir='ltr'><strong>ut</strong></span> <span class='ocrx_word' id='word_1_478' title='bbox 1473 4163 1600 4203; x_wconf 90' lang='lat' dir='ltr'><strong>oves</strong></span> <span class='ocrx_word' id='word_1_479' title='bbox 1638 4149 1848 4204; x_wconf 89' lang='lat' dir='ltr'><strong>Domini</strong></span> 
     </span>
    </p>
   </div>
   <div class='ocr_carea' id='block_1_61' title="bbox 260 4231 1848 4302">
    <p class='ocr_par' dir='ltr' id='par_1_61' title="bbox 260 4231 1848 4302">
     <span class='ocr_line' id='line_1_61' title="bbox 260 4231 1848 4302; baseline 0.005 -16"><span class='ocrx_word' id='word_1_480' title='bbox 260 4231 472 4288; x_wconf 80' lang='lat' dir='ltr'><strong>facilius</strong></span> <span class='ocrx_word' id='word_1_481' title='bbox 517 4232 872 4302; x_wconf 79' lang='lat' dir='ltr'><strong>strangulent.</strong></span> <span class='ocrx_word' id='word_1_482' title='bbox 935 4233 1150 4298; x_wconf 81' lang='lat' dir='ltr'><strong>Videte,</strong></span> <span class='ocrx_word' id='word_1_483' title='bbox 1193 4235 1420 4302; x_wconf 80' lang='lat' dir='ltr'><strong>fratres,</strong></span> <span class='ocrx_word' id='word_1_484' title='bbox 1459 4254 1565 4293; x_wconf 89' lang='lat' dir='ltr'><strong>non</strong></span> <span class='ocrx_word' id='word_1_485' title='bbox 1615 4240 1848 4294; x_wconf 85' lang='lat' dir='ltr'><strong>credatis</strong></span> 
     </span>
    </p>
   </div>
   <div class='ocr_carea' id='block_1_62' title="bbox 259 4320 1846 4394">
    <p class='ocr_par' dir='ltr' id='par_1_62' title="bbox 259 4320 1846 4394">
     <span class='ocr_line' id='line_1_62' title="bbox 259 4320 1846 4394; baseline 0.004 -19"><span class='ocrx_word' id='word_1_486' title='bbox 259 4321 358 4385; x_wconf 89' lang='lat' dir='ltr'><strong>eis,</strong></span> <span class='ocrx_word' id='word_1_487' title='bbox 387 4320 640 4390; x_wconf 79' lang='lat' dir='ltr'><strong>expellite</strong></span> <span class='ocrx_word' id='word_1_488' title='bbox 669 4336 764 4376; x_wconf 91' lang='lat' dir='ltr'><strong>eos</strong></span> <span class='ocrx_word' id='word_1_489' title='bbox 794 4336 824 4374; x_wconf 91' lang='lat' dir='ltr'><strong>a</strong></span> <span class='ocrx_word' id='word_1_490' title='bbox 854 4323 1025 4388; x_wconf 85' lang='lat' dir='ltr'><strong>vobis,</strong></span> <span class='ocrx_word' id='word_1_491' title='bbox 1051 4333 1106 4380; x_wconf 88' lang='lat' dir='ltr'><strong>et</strong></span> <span class='ocrx_word' id='word_1_492' title='bbox 1135 4323 1302 4394; x_wconf 71' lang='lat' dir='ltr'><strong>fugite</strong></span> <span class='ocrx_word' id='word_1_493' title='bbox 1323 4341 1432 4385; x_wconf 91' lang='lat' dir='ltr'><strong>eos.</strong></span> <span class='ocrx_word' id='word_1_494' title='bbox 1466 4329 1511 4381; x_wconf 88' lang='lat' dir='ltr'><strong>si</strong></span> <span class='ocrx_word' id='word_1_495' title='bbox 1536 4342 1662 4382; x_wconf 82' lang='lat' dir='ltr'><strong>oves</strong></span> <span class='ocrx_word' id='word_1_496' title='bbox 1693 4329 1846 4393; x_wconf 88' lang='lat' dir='ltr'><strong>estis,</strong></span> 
     </span>
    </p>
   </div>
   <div class='ocr_carea' id='block_1_63' title="bbox 260 4413 1850 4489">
    <p class='ocr_par' dir='ltr' id='par_1_63' title="bbox 260 4413 1850 4489">
     <span class='ocr_line' id='line_1_63' title="bbox 260 4413 1850 4489; baseline 0.004 -23"><span class='ocrx_word' id='word_1_497' title='bbox 260 4413 388 4482; x_wconf 86' lang='lat' dir='ltr'><strong>quia</strong></span> <span class='ocrx_word' id='word_1_498' title='bbox 416 4428 521 4466; x_wconf 93' lang='lat' dir='ltr'><strong>non</strong></span> <span class='ocrx_word' id='word_1_499' title='bbox 549 4413 749 4467; x_wconf 84' lang='lat' dir='ltr'><strong>habent</strong></span> <span class='ocrx_word' id='word_1_500' title='bbox 774 4429 938 4470; x_wconf 87' lang='lat' dir='ltr'><strong>voces</strong></span> <span class='ocrx_word' id='word_1_501' title='bbox 963 4417 1217 4484; x_wconf 89' lang='lat' dir='ltr'><strong>pastoris.</strong></span> <span class='ocrx_word' id='word_1_502' title='bbox 1247 4419 1426 4473; x_wconf 91' lang='lat' dir='ltr'><strong>Bonus</strong></span> <span class='ocrx_word' id='word_1_503' title='bbox 1457 4428 1642 4489; x_wconf 90' lang='lat' dir='ltr'><strong>pastor</strong></span> <span class='ocrx_word' id='word_1_504' title='bbox 1665 4429 1850 4475; x_wconf 87' lang='lat' dir='ltr'><strong>noster</strong></span> 
     </span>
    </p>
   </div>
   <div class='ocr_carea' id='block_1_64' title="bbox 1951 1874 3540 1950">
    <p class='ocr_par' dir='ltr' id='par_1_64' title="bbox 1951 1874 3540 1950">
     <span class='ocr_line' id='line_1_64' title="bbox 1951 1874 3540 1950; baseline 0.005 -24"><span class='ocrx_word' id='word_1_505' title='bbox 1951 1879 2118 1936; x_wconf 88' lang='lat' dir='ltr'><strong>ctuat,</strong></span> <span class='ocrx_word' id='word_1_506' title='bbox 2171 1874 2265 1927; x_wconf 90' lang='lat' dir='ltr'><strong>sed</strong></span> <span class='ocrx_word' id='word_1_507' title='bbox 2313 1874 2559 1930; x_wconf 85' lang='lat' dir='ltr'><strong>navicula</strong></span> <span class='ocrx_word' id='word_1_508' title='bbox 2616 1891 2723 1930; x_wconf 92' lang='lat' dir='ltr'><strong>non</strong></span> <span class='ocrx_word' id='word_1_509' title='bbox 2773 1877 3054 1946; x_wconf 79' lang='lat' dir='ltr'><strong>mergitur,</strong></span> <span class='ocrx_word' id='word_1_510' title='bbox 3097 1882 3222 1950; x_wconf 87' lang='lat' dir='ltr'><strong>quia</strong></span> <span class='ocrx_word' id='word_1_511' title='bbox 3255 1881 3386 1935; x_wconf 85' lang='lat' dir='ltr'><strong>fides</strong></span> <span class='ocrx_word' id='word_1_512' title='bbox 3431 1896 3540 1935; x_wconf 89' lang='lat' dir='ltr'><strong>non</strong></span> 
     </span>
    </p>
   </div>
   <div class='ocr_carea' id='block_1_65' title="bbox 1949 1963 3540 2041">
    <p class='ocr_par' dir='ltr' id='par_1_65' title="bbox 1949 1963 3540 2041">
     <span class='ocr_line' id='line_1_65' title="bbox 1949 1963 3540 2041; baseline 0.005 -25"><span class='ocrx_word' id='word_1_513' title='bbox 1949 1963 2244 2018; x_wconf 90' lang='lat' dir='ltr'><strong>dubitatur.</strong></span> <span class='ocrx_word' id='word_1_514' title='bbox 2298 1965 2640 2020; x_wconf 88' lang='lat' dir='ltr'><strong>Descendunt</strong></span> <span class='ocrx_word' id='word_1_515' title='bbox 2709 1968 3089 2024; x_wconf 63' lang='lat' dir='ltr'><strong>hatretlcorum</strong></span> <span class='ocrx_word' id='word_1_516' title='bbox 3147 1971 3358 2041; x_wconf 83' lang='lat' dir='ltr'><strong>pluviae,</strong></span> <span class='ocrx_word' id='word_1_517' title='bbox 3410 1970 3540 2025; x_wconf 86' lang='lat' dir='ltr'><strong>flant</strong></span> 
     </span>
    </p>
   </div>
   <div class='ocr_carea' id='block_1_66' title="bbox 1948 2057 3542 2128">
    <p class='ocr_par' dir='ltr' id='par_1_66' title="bbox 1948 2057 3542 2128">
     <span class='ocr_line' id='line_1_66' title="bbox 1948 2057 3542 2128; baseline 0.004 -20"><span class='ocrx_word' id='word_1_518' title='bbox 1948 2057 2382 2123; x_wconf 88' lang='lat' dir='ltr'><strong>persecutionum</strong></span> <span class='ocrx_word' id='word_1_519' title='bbox 2452 2058 2620 2122; x_wconf 89' lang='lat' dir='ltr'><strong>venti,</strong></span> <span class='ocrx_word' id='word_1_520' title='bbox 2686 2060 2980 2113; x_wconf 77' lang='lat' dir='ltr'><strong>adveniunt</strong></span> <span class='ocrx_word' id='word_1_521' title='bbox 3041 2060 3298 2128; x_wconf 84' lang='lat' dir='ltr'><strong>ﬂumina,</strong></span> <span class='ocrx_word' id='word_1_522' title='bbox 3352 2063 3404 2118; x_wconf 90' lang='lat' dir='ltr'><strong>id</strong></span> <span class='ocrx_word' id='word_1_523' title='bbox 3458 2071 3542 2117; x_wconf 70' lang='lat' dir='ltr'><strong>est</strong></span> 
     </span>
    </p>
   </div>
   <div class='ocr_carea' id='block_1_67' title="bbox 1952 2146 3540 2207">
    <p class='ocr_par' dir='ltr' id='par_1_67' title="bbox 1952 2146 3540 2207">
     <span class='ocr_line' id='line_1_67' title="bbox 1952 2146 3540 2207; baseline 0.006 -9"><span class='ocrx_word' id='word_1_524' title='bbox 1952 2146 2111 2199; x_wconf 75' lang='lat' dir='ltr'><strong>minae</strong></span> <span class='ocrx_word' id='word_1_525' title='bbox 2141 2157 2195 2199; x_wconf 91' lang='lat' dir='ltr'><strong>et</strong></span> <span class='ocrx_word' id='word_1_526' title='bbox 2229 2155 2466 2202; x_wconf 87' lang='lat' dir='ltr'><strong>terrores</strong></span> <span class='ocrx_word' id='word_1_527' title='bbox 2493 2148 2871 2202; x_wconf 64' lang='lat' dir='ltr'><strong>haereticorum</strong></span> <span class='ocrx_word' id='word_1_528' title='bbox 2904 2167 2918 2203; x_wconf 89' lang='lat'>:</span> <span class='ocrx_word' id='word_1_529' title='bbox 2954 2151 3046 2205; x_wconf 91' lang='lat' dir='ltr'><strong>sed</strong></span> <span class='ocrx_word' id='word_1_530' title='bbox 3071 2152 3263 2207; x_wconf 87' lang='lat' dir='ltr'><strong>domus</strong></span> <span class='ocrx_word' id='word_1_531' title='bbox 3295 2168 3324 2205; x_wconf 89' lang='lat' dir='ltr'><strong>a</strong></span> <span class='ocrx_word' id='word_1_532' title='bbox 3354 2151 3540 2207; x_wconf 86' lang='lat' dir='ltr'><strong>funda-</strong></span> 
     </span>
    </p>
   </div>
   <div class='ocr_carea' id='block_1_68' title="bbox 1949 2235 3540 2308">
    <p class='ocr_par' dir='ltr' id='par_1_68' title="bbox 1949 2235 3540 2308">
     <span class='ocr_line' id='line_1_68' title="bbox 1949 2235 3540 2308; baseline 0.005 -21"><span class='ocrx_word' id='word_1_533' title='bbox 1949 2242 2132 2288; x_wconf 89' lang='lat' dir='ltr'><strong>mento</strong></span> <span class='ocrx_word' id='word_1_534' title='bbox 2156 2249 2263 2289; x_wconf 89' lang='lat' dir='ltr'><strong>non</strong></span> <span class='ocrx_word' id='word_1_535' title='bbox 2286 2235 2616 2300; x_wconf 91' lang='lat' dir='ltr'><strong>dissolvitur,</strong></span> <span class='ocrx_word' id='word_1_536' title='bbox 2660 2252 2780 2307; x_wconf 65' lang='lat' dir='ltr'><strong>quae</strong></span> <span class='ocrx_word' id='word_1_537' title='bbox 2827 2238 2918 2292; x_wconf 91' lang='lat' dir='ltr'><strong>diu</strong></span> <span class='ocrx_word' id='word_1_538' title='bbox 2963 2254 3124 2308; x_wconf 89' lang='lat' dir='ltr'><strong>supra</strong></span> <span class='ocrx_word' id='word_1_539' title='bbox 3173 2240 3540 2296; x_wconf 78' lang='lat' dir='ltr'><strong>firmissimam</strong></span> 
     </span>
    </p>
   </div>
   <div class='ocr_carea' id='block_1_69' title="bbox 1949 2325 3542 2395">
    <p class='ocr_par' dir='ltr' id='par_1_69' title="bbox 1949 2325 3542 2395">
     <span class='ocr_line' id='line_1_69' title="bbox 1949 2325 3542 2395; baseline 0.006 -19"><span class='ocrx_word' id='word_1_540' title='bbox 1949 2331 2156 2394; x_wconf 89' lang='lat' dir='ltr'><strong>petram</strong></span> <span class='ocrx_word' id='word_1_541' title='bbox 2194 2325 2473 2394; x_wconf 90' lang='lat' dir='ltr'><strong>quadratis</strong></span> <span class='ocrx_word' id='word_1_542' title='bbox 2503 2325 2770 2395; x_wconf 89' lang='lat' dir='ltr'><strong>lapidibus</strong></span> <span class='ocrx_word' id='word_1_543' title='bbox 2807 2328 3033 2384; x_wconf 81' lang='lat' dir='ltr'><strong>artificis</strong></span> <span class='ocrx_word' id='word_1_544' title='bbox 3066 2346 3227 2384; x_wconf 89' lang='lat' dir='ltr'><strong>manu</strong></span> <span class='ocrx_word' id='word_1_545' title='bbox 3275 2333 3542 2386; x_wconf 84' lang='lat' dir='ltr'><strong>construi-</strong></span> 
     </span>
    </p>
   </div>
   <div class='ocr_carea' id='block_1_70' title="bbox 1951 2415 3541 2489">
    <p class='ocr_par' dir='ltr' id='par_1_70' title="bbox 1951 2415 3541 2489">
     <span class='ocr_line' id='line_1_70' title="bbox 1951 2415 3541 2489; baseline 0.005 -22"><span class='ocrx_word' id='word_1_546' title='bbox 1951 2422 2057 2468; x_wconf 88' lang='lat' dir='ltr'><strong>tur.</strong></span> <span class='ocrx_word' id='word_1_547' title='bbox 2085 2415 2150 2468; x_wconf 87' lang='lat' dir='ltr'><strong>Et</strong></span> <span class='ocrx_word' id='word_1_548' title='bbox 2167 2416 2283 2469; x_wconf 84' lang='lat' dir='ltr'><strong>licet</strong></span> <span class='ocrx_word' id='word_1_549' title='bbox 2309 2417 2522 2487; x_wconf 81' lang='lat' dir='ltr'><strong>angelus</strong></span> <span class='ocrx_word' id='word_1_550' title='bbox 2548 2418 2611 2471; x_wconf 86' lang='lat' dir='ltr'><strong>de</strong></span> <span class='ocrx_word' id='word_1_551' title='bbox 2636 2419 2760 2473; x_wconf 70' lang='lat' dir='ltr'><strong>creto</strong></span> <span class='ocrx_word' id='word_1_552' title='bbox 2777 2420 2978 2483; x_wconf 79' lang='lat' dir='ltr'><strong>veniat,</strong></span> <span class='ocrx_word' id='word_1_553' title='bbox 3010 2420 3101 2489; x_wconf 91' lang='lat' dir='ltr'><strong>qui</strong></span> <span class='ocrx_word' id='word_1_554' title='bbox 3125 2421 3281 2475; x_wconf 90' lang='lat' dir='ltr'><strong>nobis</strong></span> <span class='ocrx_word' id='word_1_555' title='bbox 3306 2431 3541 2477; x_wconf 87' lang='lat' dir='ltr'><strong>vestram</strong></span> 
     </span>
    </p>
   </div>
   <div class='ocr_carea' id='block_1_71' title="bbox 1949 2504 3542 2580">
    <p class='ocr_par' dir='ltr' id='par_1_71' title="bbox 1949 2504 3542 2580">
     <span class='ocr_line' id='line_1_71' title="bbox 1949 2504 3542 2580; baseline 0.006 -22"><span class='ocrx_word' id='word_1_556' title='bbox 1949 2504 2108 2559; x_wconf 88' lang='lat' dir='ltr'><strong>fidem</strong></span> <span class='ocrx_word' id='word_1_557' title='bbox 2135 2507 2476 2575; x_wconf 87' lang='lat' dir='ltr'><strong>peregrinam</strong></span> <span class='ocrx_word' id='word_1_558' title='bbox 2513 2508 2751 2564; x_wconf 88' lang='lat' dir='ltr'><strong>inserere</strong></span> <span class='ocrx_word' id='word_1_559' title='bbox 2776 2509 3046 2580; x_wconf 80' lang='lat' dir='ltr'><strong>disponat,</strong></span> <span class='ocrx_word' id='word_1_560' title='bbox 3073 2513 3360 2566; x_wconf 87' lang='lat' dir='ltr'><strong>anathema</strong></span> <span class='ocrx_word' id='word_1_561' title='bbox 3385 2513 3542 2568; x_wconf 89' lang='lat' dir='ltr'><strong>nobis</strong></span> 
     </span>
    </p>
   </div>
   <div class='ocr_carea' id='block_1_72' title="bbox 1951 2595 3542 2673">
    <p class='ocr_par' dir='ltr' id='par_1_72' title="bbox 1951 2595 3542 2673">
     <span class='ocr_line' id='line_1_72' title="bbox 1951 2595 3542 2673; baseline 0.007 -28"><span class='ocrx_word' id='word_1_562' title='bbox 1951 2595 2675 2673; x_wconf 12' lang='lat' dir='ltr'><strong>maranathaireputahitur.</strong></span> <span class='ocrx_word' id='word_1_563' title='bbox 2728 2599 2798 2654; x_wconf 87' lang='lat' dir='ltr'><strong>Et</strong></span> <span class='ocrx_word' id='word_1_564' title='bbox 2839 2601 2965 2669; x_wconf 90' lang='lat' dir='ltr'><strong>quia</strong></span> <span class='ocrx_word' id='word_1_565' title='bbox 3018 2601 3099 2673; x_wconf 91' lang='lat' dir='ltr'><strong>(ut</strong></span> <span class='ocrx_word' id='word_1_566' title='bbox 3132 2601 3386 2673; x_wconf 76' lang='lat' dir='ltr'><strong>diximus)</strong></span> <span class='ocrx_word' id='word_1_567' title='bbox 3427 2601 3542 2670; x_wconf 90' lang='lat' dir='ltr'><strong>jam</strong></span> 
     </span>
    </p>
   </div>
   <div class='ocr_carea' id='block_1_73' title="bbox 1950 2672 3543 2757">
    <p class='ocr_par' dir='ltr' id='par_1_73' title="bbox 1950 2672 3543 2757">
     <span class='ocr_line' id='line_1_73' title="bbox 1950 2672 3543 2757; baseline 0.008 -22"><span class='ocrx_word' id='word_1_568' title='bbox 1950 2683 2097 2736; x_wconf 91' lang='lat' dir='ltr'><strong>venti</strong></span> <span class='ocrx_word' id='word_1_569' title='bbox 2125 2692 2179 2737; x_wconf 88' lang='lat' dir='ltr'><strong>et</strong></span> <span class='ocrx_word' id='word_1_570' title='bbox 2207 2672 2426 2739; x_wconf 79' lang='lat' dir='ltr'><strong>flumina</strong></span> <span class='ocrx_word' id='word_1_571' title='bbox 2454 2687 2754 2754; x_wconf 89' lang='lat' dir='ltr'><strong>imminent,</strong></span> <span class='ocrx_word' id='word_1_572' title='bbox 2783 2689 2898 2757; x_wconf 88' lang='lat' dir='ltr'><strong>ipsa</strong></span> <span class='ocrx_word' id='word_1_573' title='bbox 2921 2672 3112 2745; x_wconf 70' lang='lat' dir='ltr'><strong>donius</strong></span> <span class='ocrx_word' id='word_1_574' title='bbox 3135 2672 3396 2747; x_wconf 85' lang='lat' dir='ltr'><strong>radicitus</strong></span> <span class='ocrx_word' id='word_1_575' title='bbox 3417 2693 3543 2746; x_wconf 89' lang='lat' dir='ltr'><strong>sub-</strong></span> 
     </span>
    </p>
   </div>
   <div class='ocr_carea' id='block_1_74' title="bbox 1950 2766 3544 2847">
    <p class='ocr_par' dir='ltr' id='par_1_74' title="bbox 1950 2766 3544 2847">
     <span class='ocr_line' id='line_1_74' title="bbox 1950 2766 3544 2847; baseline 0.004 -18"><span class='ocrx_word' id='word_1_576' title='bbox 1950 2784 2214 2840; x_wconf 88' lang='lat' dir='ltr'><strong>vertetur,</strong></span> <span class='ocrx_word' id='word_1_577' title='bbox 2244 2792 2366 2846; x_wconf 71' lang='lat' dir='ltr'><strong>quae</strong></span> <span class='ocrx_word' id='word_1_578' title='bbox 2401 2793 2564 2847; x_wconf 87' lang='lat' dir='ltr'><strong>supra</strong></span> <span class='ocrx_word' id='word_1_579' title='bbox 2589 2794 2808 2834; x_wconf 87' lang='lat' dir='ltr'><strong>arenam</strong></span> <span class='ocrx_word' id='word_1_580' title='bbox 2841 2780 3062 2835; x_wconf 84' lang='lat' dir='ltr'><strong>fundata</strong></span> <span class='ocrx_word' id='word_1_581' title='bbox 3099 2794 3351 2837; x_wconf 89' lang='lat' dir='ltr'><strong>essenon</strong></span> <span class='ocrx_word' id='word_1_582' title='bbox 3385 2766 3544 2838; x_wconf 48' lang='lat' dir='ltr'><strong>dubi4</strong></span> 
     </span>
    </p>
   </div>
   <div class='ocr_carea' id='block_1_75' title="bbox 1952 2866 3541 2934">
    <p class='ocr_par' dir='ltr' id='par_1_75' title="bbox 1952 2866 3541 2934">
     <span class='ocr_line' id='line_1_75' title="bbox 1952 2866 3541 2934; baseline 0.006 -15"><span class='ocrx_word' id='word_1_583' title='bbox 1952 2873 2117 2920; x_wconf 91' lang='lat' dir='ltr'><strong>tatur.</strong></span> <span class='ocrx_word' id='word_1_584' title='bbox 2148 2866 2287 2933; x_wconf 88' lang='lat' dir='ltr'><strong>Quid</strong></span> <span class='ocrx_word' id='word_1_585' title='bbox 2316 2876 2399 2922; x_wconf 85' lang='lat' dir='ltr'><strong>est</strong></span> <span class='ocrx_word' id='word_1_586' title='bbox 2428 2884 2613 2934; x_wconf 90' lang='lat' dir='ltr'><strong>arena,</strong></span> <span class='ocrx_word' id='word_1_587' title='bbox 2659 2871 2763 2927; x_wconf 91' lang='lat' dir='ltr'><strong>nisi</strong></span> <span class='ocrx_word' id='word_1_588' title='bbox 2801 2872 3070 2928; x_wconf 60' lang='lat' dir='ltr'><strong>haereses?</strong></span> <span class='ocrx_word' id='word_1_589' title='bbox 3113 2874 3179 2926; x_wconf 84' lang='lat' dir='ltr'><strong>Et</strong></span> <span class='ocrx_word' id='word_1_590' title='bbox 3219 2890 3343 2930; x_wconf 89' lang='lat' dir='ltr'><strong>cum</strong></span> <span class='ocrx_word' id='word_1_591' title='bbox 3385 2875 3541 2930; x_wconf 91' lang='lat' dir='ltr'><strong>multi</strong></span> 
     </span>
    </p>
   </div>
   <div class='ocr_carea' id='block_1_76' title="bbox 1952 2958 3542 3036">
    <p class='ocr_par' dir='ltr' id='par_1_76' title="bbox 1952 2958 3542 3036">
     <span class='ocr_line' id='line_1_76' title="bbox 1952 2958 3542 3036; baseline 0.006 -25"><span class='ocrx_word' id='word_1_592' title='bbox 1952 2958 2192 3013; x_wconf 75' lang='lat' dir='ltr'><strong>hzeretici</strong></span> <span class='ocrx_word' id='word_1_593' title='bbox 2213 2959 2338 3025; x_wconf 88' lang='lat' dir='ltr'><strong>sint,</strong></span> <span class='ocrx_word' id='word_1_594' title='bbox 2363 2961 2532 3017; x_wconf 92' lang='lat' dir='ltr'><strong>multa</strong></span> <span class='ocrx_word' id='word_1_595' title='bbox 2556 2963 2720 3016; x_wconf 90' lang='lat' dir='ltr'><strong>etiam</strong></span> <span class='ocrx_word' id='word_1_596' title='bbox 2754 2965 3032 3019; x_wconf 87' lang='lat' dir='ltr'><strong>mendacia</strong></span> <span class='ocrx_word' id='word_1_597' title='bbox 3055 2964 3390 3036; x_wconf 82' lang='lat' dir='ltr'><strong>conﬁngunt,</strong></span> <span class='ocrx_word' id='word_1_598' title='bbox 3414 2966 3542 3036; x_wconf 85' lang='lat' dir='ltr'><strong>quia</strong></span> 
     </span>
    </p>
   </div>
   <div class='ocr_carea' id='block_1_77' title="bbox 1953 3051 3542 3122">
    <p class='ocr_par' dir='ltr' id='par_1_77' title="bbox 1953 3051 3542 3122">
     <span class='ocr_line' id='line_1_77' title="bbox 1953 3051 3542 3122; baseline 0.006 -18"><span class='ocrx_word' id='word_1_599' title='bbox 1953 3051 2214 3108; x_wconf 89' lang='lat' dir='ltr'><strong>adversus</strong></span> <span class='ocrx_word' id='word_1_600' title='bbox 2239 3053 2557 3108; x_wconf 89' lang='lat' dir='ltr'><strong>catholicam</strong></span> <span class='ocrx_word' id='word_1_601' title='bbox 2588 3056 2744 3110; x_wconf 89' lang='lat' dir='ltr'><strong>fidem</strong></span> <span class='ocrx_word' id='word_1_602' title='bbox 2774 3056 2981 3112; x_wconf 76' lang='lat' dir='ltr'><strong>diversa</strong></span> <span class='ocrx_word' id='word_1_603' title='bbox 3005 3057 3261 3122; x_wconf 88' lang='lat' dir='ltr'><strong>sentiunt,</strong></span> <span class='ocrx_word' id='word_1_604' title='bbox 3287 3066 3340 3113; x_wconf 92' lang='lat' dir='ltr'><strong>et</strong></span> <span class='ocrx_word' id='word_1_605' title='bbox 3362 3067 3542 3114; x_wconf 89' lang='lat' dir='ltr'><strong>tamen</strong></span> 
     </span>
    </p>
   </div>
   <div class='ocr_carea' id='block_1_78' title="bbox 1871 3138 3540 3219">
    <p class='ocr_par' dir='ltr' id='par_1_78' title="bbox 1871 3138 3540 3219">
     <span class='ocr_line' id='line_1_78' title="bbox 1871 3138 3540 3219; baseline 0.007 -26"><span class='ocrx_word' id='word_1_606' title='bbox 1871 3152 1922 3217; x_wconf 78' lang='grc' dir='ltr'>ο</span> <span class='ocrx_word' id='word_1_607' title='bbox 1952 3138 2096 3195; x_wconf 91' lang='lat' dir='ltr'><strong>inter</strong></span> <span class='ocrx_word' id='word_1_608' title='bbox 2131 3155 2191 3195; x_wconf 86' lang='lat' dir='ltr'><strong>se</strong></span> <span class='ocrx_word' id='word_1_609' title='bbox 2217 3141 2438 3197; x_wconf 89' lang='lat' dir='ltr'><strong>minime</strong></span> <span class='ocrx_word' id='word_1_610' title='bbox 2472 3147 2803 3201; x_wconf 89' lang='lat' dir='ltr'><strong>concordare</strong></span> <span class='ocrx_word' id='word_1_611' title='bbox 2844 3156 3090 3218; x_wconf 90' lang='lat' dir='ltr'><strong>possunt.</strong></span> <span class='ocrx_word' id='word_1_612' title='bbox 3119 3148 3258 3203; x_wconf 89' lang='lat' dir='ltr'><strong>Ecce</strong></span> <span class='ocrx_word' id='word_1_613' title='bbox 3292 3165 3540 3219; x_wconf 83' lang='lat' dir='ltr'><strong>campum</strong></span> 
     </span>
    </p>
   </div>
   <div class='ocr_carea' id='block_1_79' title="bbox 1952 3231 3593 3303">
    <p class='ocr_par' dir='ltr' id='par_1_79' title="bbox 1952 3231 3593 3303">
     <span class='ocr_line' id='line_1_79' title="bbox 1952 3231 3593 3303; baseline 0.005 -18"><span class='ocrx_word' id='word_1_614' title='bbox 1952 3231 2377 3303; x_wconf 81' lang='lat' dir='ltr'><strong>Scripturarum,</strong></span> <span class='ocrx_word' id='word_1_615' title='bbox 2433 3244 2490 3289; x_wconf 89' lang='lat' dir='ltr'><strong>et</strong></span> <span class='ocrx_word' id='word_1_616' title='bbox 2535 3252 2702 3290; x_wconf 90' lang='lat' dir='ltr'><strong>unum</strong></span> <span class='ocrx_word' id='word_1_617' title='bbox 2757 3235 3054 3302; x_wconf 91' lang='lat' dir='ltr'><strong>Christum,</strong></span> <span class='ocrx_word' id='word_1_618' title='bbox 3101 3245 3156 3292; x_wconf 92' lang='lat' dir='ltr'><strong>et</strong></span> <span class='ocrx_word' id='word_1_619' title='bbox 3187 3247 3367 3292; x_wconf 91' lang='lat' dir='ltr'><strong>tamen</strong></span> <span class='ocrx_word' id='word_1_620' title='bbox 3401 3242 3544 3294; x_wconf 88' lang='lat' dir='ltr'><strong>inter</strong></span> <span class='ocrx_word' id='word_1_621' title='bbox 3585 3249 3593 3256; x_wconf 89' lang='lat'><strong>&#39;</strong></span> 
     </span>
    </p>
   </div>
   <div class='ocr_carea' id='block_1_80' title="bbox 1951 3325 3541 3395">
    <p class='ocr_par' dir='ltr' id='par_1_80' title="bbox 1951 3325 3541 3395">
     <span class='ocr_line' id='line_1_80' title="bbox 1951 3325 3541 3395; baseline 0.004 -18"><span class='ocrx_word' id='word_1_622' title='bbox 1951 3330 2211 3392; x_wconf 90' lang='lat' dir='ltr'><strong>utrasque</strong></span> <span class='ocrx_word' id='word_1_623' title='bbox 2236 3335 2422 3395; x_wconf 89' lang='lat' dir='ltr'><strong>partes</strong></span> <span class='ocrx_word' id='word_1_624' title='bbox 2473 3327 2725 3380; x_wconf 89' lang='lat' dir='ltr'><strong>divisum.</strong></span> <span class='ocrx_word' id='word_1_625' title='bbox 2754 3325 2907 3390; x_wconf 87' lang='lat' dir='ltr'><strong>Pars,</strong></span> <span class='ocrx_word' id='word_1_626' title='bbox 2951 3342 3070 3394; x_wconf 74' lang='lat' dir='ltr'><strong>qua:</strong></span> <span class='ocrx_word' id='word_1_627' title='bbox 3098 3336 3244 3382; x_wconf 88' lang='lat' dir='ltr'><strong>recte</strong></span> <span class='ocrx_word' id='word_1_628' title='bbox 3280 3330 3452 3383; x_wconf 91' lang='lat' dir='ltr'><strong>credit</strong></span> <span class='ocrx_word' id='word_1_629' title='bbox 3488 3331 3541 3383; x_wconf 92' lang='lat' dir='ltr'><strong>in</strong></span> 
     </span>
    </p>
   </div>
   <div class='ocr_carea' id='block_1_81' title="bbox 1942 3412 3542 3490">
    <p class='ocr_par' dir='ltr' id='par_1_81' title="bbox 1942 3412 3542 3490">
     <span class='ocr_line' id='line_1_81' title="bbox 1942 3412 3542 3490; baseline 0.004 -22"><span class='ocrx_word' id='word_1_630' title='bbox 1942 3412 2197 3479; x_wconf 88' lang='lat' dir='ltr'><strong>Christo,</strong></span> <span class='ocrx_word' id='word_1_631' title='bbox 2252 3416 2394 3470; x_wconf 90' lang='lat' dir='ltr'><strong>sicut</strong></span> <span class='ocrx_word' id='word_1_632' title='bbox 2463 3416 2578 3484; x_wconf 90' lang='lat' dir='ltr'><strong>ipse</strong></span> <span class='ocrx_word' id='word_1_633' title='bbox 2638 3417 2756 3470; x_wconf 89' lang='lat' dir='ltr'><strong>ait:</strong></span> <span class='ocrx_word' id='word_1_634' title='bbox 2790 3416 3044 3470; x_wconf 82' lang='lat' dir='ltr'><strong>Flumina</strong></span> <span class='ocrx_word' id='word_1_635' title='bbox 3097 3418 3161 3471; x_wconf 87' lang='lat' dir='ltr'><strong>de</strong></span> <span class='ocrx_word' id='word_1_636' title='bbox 3211 3428 3384 3472; x_wconf 82' lang='lat' dir='ltr'><strong>ventre</strong></span> <span class='ocrx_word' id='word_1_637' title='bbox 3428 3421 3542 3490; x_wconf 85' lang='lat' dir='ltr'><strong>ejus</strong></span> 
     </span>
    </p>
   </div>
   <div class='ocr_carea' id='block_1_82' title="bbox 1949 3504 3542 3573">
    <p class='ocr_par' dir='ltr' id='par_1_82' title="bbox 1949 3504 3542 3573">
     <span class='ocr_line' id='line_1_82' title="bbox 1949 3504 3542 3573; baseline 0.005 -17"><span class='ocrx_word' id='word_1_638' title='bbox 1949 3505 2114 3573; x_wconf 78' lang='lat' dir='ltr'><strong>ﬂuent</strong></span> <span class='ocrx_word' id='word_1_639' title='bbox 2141 3520 2292 3573; x_wconf 69' lang='lat' dir='ltr'><strong>aqum</strong></span> <span class='ocrx_word' id='word_1_640' title='bbox 2326 3504 2471 3556; x_wconf 72' lang='lat' dir='ltr'><strong>vim.</strong></span> <span class='ocrx_word' id='word_1_641' title='bbox 2527 3504 2744 3558; x_wconf 87' lang='lat' dir='ltr'><strong>Etcum</strong></span> <span class='ocrx_word' id='word_1_642' title='bbox 2786 3507 3035 3560; x_wconf 89' lang='lat' dir='ltr'><strong>habuerit</strong></span> <span class='ocrx_word' id='word_1_643' title='bbox 3084 3505 3381 3572; x_wconf 87' lang='lat' dir='ltr'><strong>Christum,</strong></span> <span class='ocrx_word' id='word_1_644' title='bbox 3415 3517 3542 3564; x_wconf 88' lang='lat' dir='ltr'><strong>tunc</strong></span> 
     </span>
    </p>
   </div>
   <div class='ocr_carea' id='block_1_83' title="bbox 1952 3591 3543 3665">
    <p class='ocr_par' dir='ltr' id='par_1_83' title="bbox 1952 3591 3543 3665">
     <span class='ocr_line' id='line_1_83' title="bbox 1952 3591 3543 3665; baseline 0.003 -18"><span class='ocrx_word' id='word_1_645' title='bbox 1952 3592 2172 3647; x_wconf 87' lang='lat' dir='ltr'><strong>habebit</strong></span> <span class='ocrx_word' id='word_1_646' title='bbox 2201 3591 2375 3662; x_wconf 87' lang='lat' dir='ltr'><strong>legem</strong></span> <span class='ocrx_word' id='word_1_647' title='bbox 2401 3602 2455 3646; x_wconf 89' lang='lat' dir='ltr'><strong>et</strong></span> <span class='ocrx_word' id='word_1_648' title='bbox 2481 3593 2852 3662; x_wconf 85' lang='lat' dir='ltr'><strong>Evangelium.</strong></span> <span class='ocrx_word' id='word_1_649' title='bbox 2882 3594 2947 3648; x_wconf 85' lang='lat' dir='ltr'><strong>Et</strong></span> <span class='ocrx_word' id='word_1_650' title='bbox 2990 3610 3116 3664; x_wconf 86' lang='lat' dir='ltr'><strong>pars</strong></span> <span class='ocrx_word' id='word_1_651' title='bbox 3160 3612 3278 3665; x_wconf 68' lang='lat' dir='ltr'><strong>quin</strong></span> <span class='ocrx_word' id='word_1_652' title='bbox 3307 3613 3413 3650; x_wconf 90' lang='lat' dir='ltr'><strong>non</strong></span> <span class='ocrx_word' id='word_1_653' title='bbox 3447 3598 3543 3652; x_wconf 86' lang='lat' dir='ltr'><strong>ha-</strong></span> 
     </span>
    </p>
   </div>
   <div class='ocr_carea' id='block_1_84' title="bbox 1949 3679 3540 3754">
    <p class='ocr_par' dir='ltr' id='par_1_84' title="bbox 1949 3679 3540 3754">
     <span class='ocr_line' id='line_1_84' title="bbox 1949 3679 3540 3754; baseline 0.004 -18"><span class='ocrx_word' id='word_1_654' title='bbox 1949 3681 2130 3736; x_wconf 85' lang='lat' dir='ltr'><strong>buerit</strong></span> <span class='ocrx_word' id='word_1_655' title='bbox 2157 3679 2452 3746; x_wconf 91' lang='lat' dir='ltr'><strong>Christum,</strong></span> <span class='ocrx_word' id='word_1_656' title='bbox 2480 3697 2586 3737; x_wconf 93' lang='lat' dir='ltr'><strong>non</strong></span> <span class='ocrx_word' id='word_1_657' title='bbox 2612 3685 2811 3753; x_wconf 91' lang='lat' dir='ltr'><strong>poterit</strong></span> <span class='ocrx_word' id='word_1_658' title='bbox 2838 3684 2924 3738; x_wconf 90' lang='lat' dir='ltr'><strong>illa</strong></span> <span class='ocrx_word' id='word_1_659' title='bbox 2970 3699 3110 3753; x_wconf 89' lang='lat' dir='ltr'><strong>aqua</strong></span> <span class='ocrx_word' id='word_1_660' title='bbox 3155 3701 3223 3740; x_wconf 81' lang='lat' dir='ltr'><strong>ex</strong></span> <span class='ocrx_word' id='word_1_661' title='bbox 3247 3702 3312 3742; x_wconf 92' lang='lat' dir='ltr'><strong>eo</strong></span> <span class='ocrx_word' id='word_1_662' title='bbox 3353 3687 3540 3754; x_wconf 82' lang='lat' dir='ltr'><strong>ﬂuere,</strong></span> 
     </span>
    </p>
   </div>
   <div class='ocr_carea' id='block_1_85' title="bbox 1950 3770 3544 3848">
    <p class='ocr_par' dir='ltr' id='par_1_85' title="bbox 1950 3770 3544 3848">
     <span class='ocr_line' id='line_1_85' title="bbox 1950 3770 3544 3848; baseline 0.006 -22"><span class='ocrx_word' id='word_1_663' title='bbox 1950 3779 2006 3826; x_wconf 90' lang='lat' dir='ltr'><strong>et</strong></span> <span class='ocrx_word' id='word_1_664' title='bbox 2042 3771 2098 3825; x_wconf 92' lang='lat' dir='ltr'><strong>in</strong></span> <span class='ocrx_word' id='word_1_665' title='bbox 2125 3786 2189 3827; x_wconf 86' lang='lat' dir='ltr'><strong>ea</strong></span> <span class='ocrx_word' id='word_1_666' title='bbox 2216 3770 2436 3827; x_wconf 81' lang='lat' dir='ltr'><strong>ﬂumina</strong></span> <span class='ocrx_word' id='word_1_667' title='bbox 2465 3787 2574 3828; x_wconf 91' lang='lat' dir='ltr'><strong>non</strong></span> <span class='ocrx_word' id='word_1_668' title='bbox 2619 3773 2820 3830; x_wconf 88' lang='lat' dir='ltr'><strong>valebit</strong></span> <span class='ocrx_word' id='word_1_669' title='bbox 2861 3775 3110 3830; x_wconf 85' lang='lat' dir='ltr'><strong>derivare</strong></span> <span class='ocrx_word' id='word_1_670' title='bbox 3157 3774 3277 3848; x_wconf 65' lang='lat' dir='ltr'><strong>quae</strong></span> <span class='ocrx_word' id='word_1_671' title='bbox 3307 3777 3544 3848; x_wconf 89' lang='lat' dir='ltr'><strong>Spiritus</strong></span> 
     </span>
    </p>
   </div>
   <div class='ocr_carea' id='block_1_86' title="bbox 1950 3863 3542 3940">
    <p class='ocr_par' dir='ltr' id='par_1_86' title="bbox 1950 3863 3542 3940">
     <span class='ocr_line' id='line_1_86' title="bbox 1950 3863 3542 3940; baseline 0.004 -22"><span class='ocrx_word' id='word_1_672' title='bbox 1950 3871 2169 3918; x_wconf 88' lang='lat' dir='ltr'><strong>sanctus</strong></span> <span class='ocrx_word' id='word_1_673' title='bbox 2194 3878 2301 3918; x_wconf 89' lang='lat' dir='ltr'><strong>non</strong></span> <span class='ocrx_word' id='word_1_674' title='bbox 2329 3863 2633 3919; x_wconf 86' lang='lat' dir='ltr'><strong>dictaverit.</strong></span> <span class='ocrx_word' id='word_1_675' title='bbox 2683 3863 2789 3921; x_wconf 88' lang='lat' dir='ltr'><strong>Sed</strong></span> <span class='ocrx_word' id='word_1_676' title='bbox 2824 3866 3010 3937; x_wconf 89' lang='lat' dir='ltr'><strong>procul</strong></span> <span class='ocrx_word' id='word_1_677' title='bbox 3060 3867 3224 3923; x_wconf 89' lang='lat' dir='ltr'><strong>dubio</strong></span> <span class='ocrx_word' id='word_1_678' title='bbox 3267 3869 3357 3925; x_wconf 85' lang='lat' dir='ltr'><strong>illa</strong></span> <span class='ocrx_word' id='word_1_679' title='bbox 3404 3886 3542 3940; x_wconf 88' lang='lat' dir='ltr'><strong>aqua</strong></span> 
     </span>
    </p>
   </div>
   <div class='ocr_carea' id='block_1_87' title="bbox 1951 3956 3538 4033">
    <p class='ocr_par' dir='ltr' id='par_1_87' title="bbox 1951 3956 3538 4033">
     <span class='ocr_line' id='line_1_87' title="bbox 1951 3956 3538 4033; baseline 0.005 -24"><span class='ocrx_word' id='word_1_680' title='bbox 1951 3969 2073 4024; x_wconf 66' lang='lat' dir='ltr'><strong>quae</strong></span> <span class='ocrx_word' id='word_1_681' title='bbox 2109 3957 2251 4026; x_wconf 88' lang='lat' dir='ltr'><strong>apud</strong></span> <span class='ocrx_word' id='word_1_682' title='bbox 2303 3956 2649 4012; x_wconf 91' lang='lat' dir='ltr'><strong>Salomonem</strong></span> <span class='ocrx_word' id='word_1_683' title='bbox 2691 3973 2859 4030; x_wconf 86' lang='lat' dir='ltr'><strong>prava</strong></span> <span class='ocrx_word' id='word_1_684' title='bbox 2901 3961 3125 4014; x_wconf 86' lang='lat' dir='ltr'><strong>scientia</strong></span> <span class='ocrx_word' id='word_1_685' title='bbox 3174 3973 3538 4033; x_wconf 90' lang='lat' dir='ltr'><strong>nuncupatur,</strong></span> 
     </span>
    </p>
   </div>
   <div class='ocr_carea' id='block_1_88' title="bbox 1950 4047 3543 4121">
    <p class='ocr_par' dir='ltr' id='par_1_88' title="bbox 1950 4047 3543 4121">
     <span class='ocr_line' id='line_1_88' title="bbox 1950 4047 3543 4121; baseline 0.008 -21"><span class='ocrx_word' id='word_1_686' title='bbox 1950 4062 2050 4116; x_wconf 90' lang='lat' dir='ltr'><strong>per</strong></span> <span class='ocrx_word' id='word_1_687' title='bbox 2076 4047 2378 4113; x_wconf 88' lang='lat' dir='ltr'><strong>mulierem,</strong></span> <span class='ocrx_word' id='word_1_688' title='bbox 2405 4063 2526 4118; x_wconf 71' lang='lat' dir='ltr'><strong>qua:</strong></span> <span class='ocrx_word' id='word_1_689' title='bbox 2550 4058 2735 4121; x_wconf 88' lang='lat' dir='ltr'><strong>typum</strong></span> <span class='ocrx_word' id='word_1_690' title='bbox 2762 4052 3033 4107; x_wconf 84' lang='lat' dir='ltr'><strong>haereseos</strong></span> <span class='ocrx_word' id='word_1_691' title='bbox 3061 4063 3228 4118; x_wconf 88' lang='lat' dir='ltr'><strong>tenet,</strong></span> <span class='ocrx_word' id='word_1_692' title='bbox 3257 4064 3310 4109; x_wconf 91' lang='lat' dir='ltr'><strong>et</strong></span> <span class='ocrx_word' id='word_1_693' title='bbox 3333 4056 3543 4112; x_wconf 78' lang='lat' dir='ltr'><strong>callidis</strong></span> 
     </span>
    </p>
   </div>
   <div class='ocr_carea' id='block_1_89' title="bbox 1951 4138 3542 4216">
    <p class='ocr_par' dir='ltr' id='par_1_89' title="bbox 1951 4138 3542 4216">
     <span class='ocr_line' id='line_1_89' title="bbox 1951 4138 3542 4216; baseline 0.008 -26"><span class='ocrx_word' id='word_1_694' title='bbox 1951 4138 2290 4195; x_wconf 86' lang='lat' dir='ltr'><strong>suasionibus</strong></span> <span class='ocrx_word' id='word_1_695' title='bbox 2319 4139 2611 4206; x_wconf 88' lang='lat' dir='ltr'><strong>blanditur,</strong></span> <span class='ocrx_word' id='word_1_696' title='bbox 2651 4143 2836 4198; x_wconf 89' lang='lat' dir='ltr'><strong>dicens</strong></span> <span class='ocrx_word' id='word_1_697' title='bbox 2860 4158 2874 4197; x_wconf 91' lang='lat'><strong>:</strong></span> <span class='ocrx_word' id='word_1_698' title='bbox 2902 4144 3065 4208; x_wconf 73' lang='lat' dir='ltr'><strong>Aqua:</strong></span> <span class='ocrx_word' id='word_1_699' title='bbox 3102 4146 3309 4216; x_wconf 79' lang='lat' dir='ltr'><strong>furtivw</strong></span> <span class='ocrx_word' id='word_1_700' title='bbox 3338 4147 3542 4203; x_wconf 78' lang='lat' dir='ltr'><strong>dulcio-</strong></span> 
     </span>
    </p>
   </div>
   <div class='ocr_carea' id='block_1_90' title="bbox 1953 4227 3541 4305">
    <p class='ocr_par' dir='ltr' id='par_1_90' title="bbox 1953 4227 3541 4305">
     <span class='ocr_line' id='line_1_90' title="bbox 1953 4227 3541 4305; baseline 0.008 -28"><span class='ocrx_word' id='word_1_701' title='bbox 1953 4241 2032 4278; x_wconf 87' lang='lat' dir='ltr'><strong>res</strong></span> <span class='ocrx_word' id='word_1_702' title='bbox 2065 4237 2184 4281; x_wconf 83' lang='lat' dir='ltr'><strong>sunt</strong></span> <span class='ocrx_word' id='word_1_703' title='bbox 2212 4227 2393 4299; x_wconf 81' lang='lat' dir='ltr'><strong>(Prov.</strong></span> <span class='ocrx_word' id='word_1_704' title='bbox 2422 4246 2500 4295; x_wconf 80' lang='lat' dir='ltr'><strong>lx,</strong></span> <span class='ocrx_word' id='word_1_705' title='bbox 2544 4231 2654 4303; x_wconf 87' lang='grc'><strong>17).</strong></span> <span class='ocrx_word' id='word_1_706' title='bbox 2694 4233 2761 4286; x_wconf 85' lang='grc' dir='ltr'>Ει</span> <span class='ocrx_word' id='word_1_707' title='bbox 2801 4249 2907 4287; x_wconf 90' lang='lat' dir='ltr'><strong>non</strong></span> <span class='ocrx_word' id='word_1_708' title='bbox 2947 4235 3377 4305; x_wconf 83' lang='lat' dir='ltr'><strong>philOSOphando</strong></span> <span class='ocrx_word' id='word_1_709' title='bbox 3404 4239 3541 4292; x_wconf 86' lang='lat' dir='ltr'><strong>scri-</strong></span> 
     </span>
    </p>
   </div>
   <div class='ocr_carea' id='block_1_91' title="bbox 1951 4315 3540 4392">
    <p class='ocr_par' dir='ltr' id='par_1_91' title="bbox 1951 4315 3540 4392">
     <span class='ocr_line' id='line_1_91' title="bbox 1951 4315 3540 4392; baseline 0.007 -23"><span class='ocrx_word' id='word_1_710' title='bbox 1951 4315 2142 4370; x_wconf 85' lang='lat' dir='ltr'><strong>bamus</strong></span> <span class='ocrx_word' id='word_1_711' title='bbox 2169 4320 2414 4375; x_wconf 88' lang='lat' dir='ltr'><strong>obscuris</strong></span> <span class='ocrx_word' id='word_1_712' title='bbox 2449 4323 2807 4387; x_wconf 85' lang='lat' dir='ltr'><strong>sermonibus,</strong></span> <span class='ocrx_word' id='word_1_713' title='bbox 2842 4325 2934 4377; x_wconf 87' lang='lat' dir='ltr'><strong>sed</strong></span> <span class='ocrx_word' id='word_1_714' title='bbox 2964 4325 3298 4392; x_wconf 88' lang='lat' dir='ltr'><strong>simpliciter,</strong></span> <span class='ocrx_word' id='word_1_715' title='bbox 3338 4336 3398 4380; x_wconf 91' lang='lat' dir='ltr'><strong>ut</strong></span> <span class='ocrx_word' id='word_1_716' title='bbox 3423 4343 3540 4382; x_wconf 90' lang='lat' dir='ltr'><strong>om-</strong></span> 
     </span>
    </p>
   </div>
   <div class='ocr_carea' id='block_1_92' title="bbox 1951 4408 3542 4482">
    <p class='ocr_par' dir='ltr' id='par_1_92' title="bbox 1951 4408 3542 4482">
     <span class='ocr_line' id='line_1_92' title="bbox 1951 4408 3542 4482; baseline 0.008 -23"><span class='ocrx_word' id='word_1_717' title='bbox 1951 4421 2048 4460; x_wconf 90' lang='lat' dir='ltr'><strong>nes</strong></span> <span class='ocrx_word' id='word_1_718' title='bbox 2106 4408 2199 4474; x_wconf 85' lang='lat' dir='ltr'><strong>qui</strong></span> <span class='ocrx_word' id='word_1_719' title='bbox 2239 4409 2526 4462; x_wconf 90' lang='lat' dir='ltr'><strong>audierunt</strong></span> <span class='ocrx_word' id='word_1_720' title='bbox 2577 4410 2810 4466; x_wconf 88' lang='lat' dir='ltr'><strong>alterum</strong></span> <span class='ocrx_word' id='word_1_721' title='bbox 2862 4413 3198 4482; x_wconf 82' lang='lat' dir='ltr'><strong>interrogare</strong></span> <span class='ocrx_word' id='word_1_722' title='bbox 3244 4431 3349 4469; x_wconf 89' lang='lat' dir='ltr'><strong>non</strong></span> <span class='ocrx_word' id='word_1_723' title='bbox 3401 4417 3542 4472; x_wconf 83' lang='lat' dir='ltr'><strong>indi-</strong></span> 
     </span>
    </p>
   </div>
   <div class='ocr_carea' id='block_1_93' title="bbox 261 4497 2820 4580">
    <p class='ocr_par' dir='ltr' id='par_1_93' title="bbox 261 4497 2820 4580">
     <span class='ocr_line' id='line_1_93' title="bbox 261 4497 2820 4580; baseline 0.006 -24"><span class='ocrx_word' id='word_1_724' title='bbox 261 4503 420 4557; x_wconf 90' lang='lat' dir='ltr'><strong>nobis</strong></span> <span class='ocrx_word' id='word_1_725' title='bbox 442 4503 576 4558; x_wconf 77' lang='lat' dir='ltr'><strong>dixit</strong></span> <span class='ocrx_word' id='word_1_726' title='bbox 604 4520 617 4556; x_wconf 90' lang='lat'><strong>:</strong></span> <span class='ocrx_word' id='word_1_727' title='bbox 659 4501 844 4557; x_wconf 81' lang='lat' dir='ltr'><strong>Cavete</strong></span> <span class='ocrx_word' id='word_1_728' title='bbox 866 4522 898 4558; x_wconf 88' lang='lat' dir='ltr'><strong>a</strong></span> <span class='ocrx_word' id='word_1_729' title='bbox 934 4506 1412 4578; x_wconf 74' lang='lat' dir='ltr'><strong>pseudoprophetis,</strong></span> <span class='ocrx_word' id='word_1_730' title='bbox 1437 4509 1526 4580; x_wconf 81' lang='lat' dir='ltr'><strong>qui</strong></span> <span class='ocrx_word' id='word_1_731' title='bbox 1552 4510 1758 4564; x_wconf 78' lang='lat' dir='ltr'><strong>veniunt</strong></span> <span class='ocrx_word' id='word_1_732' title='bbox 1779 4509 1848 4562; x_wconf 81' lang='lat' dir='ltr'><strong>ad</strong></span> <span class='ocrx_word' id='word_1_733' title='bbox 1885 4517 1927 4574; x_wconf 88' lang='lat' dir='ltr'><strong>D</strong></span> <span class='ocrx_word' id='word_1_734' title='bbox 1952 4503 2130 4564; x_wconf 62' lang='lat'><strong>803&#39;“:</strong></span> <span class='ocrx_word' id='word_1_735' title='bbox 2161 4497 2256 4549; x_wconf 73' lang='lat' dir='ltr'><strong>sed</strong></span> <span class='ocrx_word' id='word_1_736' title='bbox 2281 4512 2468 4551; x_wconf 69' lang='lat' dir='ltr'><strong>omnes</strong></span> <span class='ocrx_word' id='word_1_737' title='bbox 2499 4499 2820 4570; x_wconf 68' lang='grc' dir='ltr'>ίηῑειιίεθηι·</span> 
     </span>
    </p>
   </div>
   <div class='ocr_carea' id='block_1_94' title="bbox 259 4593 1844 4668">
    <p class='ocr_par' dir='ltr' id='par_1_94' title="bbox 259 4593 1844 4668">
     <span class='ocr_line' id='line_1_94' title="bbox 259 4593 1844 4668; baseline 0.002 -21"><span class='ocrx_word' id='word_1_738' title='bbox 259 4609 348 4647; x_wconf 77' lang='lat' dir='ltr'><strong>vos</strong></span> <span class='ocrx_word' id='word_1_739' title='bbox 373 4593 430 4646; x_wconf 86' lang='lat' dir='ltr'><strong>in</strong></span> <span class='ocrx_word' id='word_1_740' title='bbox 466 4593 778 4650; x_wconf 79' lang='lat' dir='ltr'><strong>uestimentis</strong></span> <span class='ocrx_word' id='word_1_741' title='bbox 816 4594 1008 4659; x_wconf 84' lang='lat' dir='ltr'><strong>ovium,</strong></span> <span class='ocrx_word' id='word_1_742' title='bbox 1045 4596 1354 4652; x_wconf 78' lang='lat' dir='ltr'><strong>intrinsecus</strong></span> <span class='ocrx_word' id='word_1_743' title='bbox 1385 4607 1556 4652; x_wconf 82' lang='lat' dir='ltr'><strong>autem</strong></span> <span class='ocrx_word' id='word_1_744' title='bbox 1587 4608 1706 4652; x_wconf 87' lang='lat' dir='ltr'><strong>sunt</strong></span> <span class='ocrx_word' id='word_1_745' title='bbox 1736 4597 1844 4668; x_wconf 85' lang='lat' dir='ltr'><strong>lupi</strong></span> 
     </span>
    </p>
   </div>
   <div class='ocr_carea' id='block_1_95' title="bbox 261 4682 1844 4756">
    <p class='ocr_par' dir='ltr' id='par_1_95' title="bbox 261 4682 1844 4756">
     <span class='ocr_line' id='line_1_95' title="bbox 261 4682 1844 4756; baseline 0.004 -22"><span class='ocrx_word' id='word_1_746' title='bbox 261 4699 496 4752; x_wconf 87' lang='lat' dir='ltr'><strong>rapaces.</strong></span> <span class='ocrx_word' id='word_1_747' title='bbox 531 4682 718 4738; x_wconf 87' lang='lat' dir='ltr'><strong>Nonne</strong></span> <span class='ocrx_word' id='word_1_748' title='bbox 738 4683 846 4752; x_wconf 91' lang='lat' dir='ltr'><strong>lupi</strong></span> <span class='ocrx_word' id='word_1_749' title='bbox 885 4693 1028 4748; x_wconf 90' lang='lat' dir='ltr'><strong>sunt,</strong></span> <span class='ocrx_word' id='word_1_750' title='bbox 1057 4686 1148 4754; x_wconf 88' lang='lat' dir='ltr'><strong>qui</strong></span> <span class='ocrx_word' id='word_1_751' title='bbox 1185 4687 1336 4742; x_wconf 86' lang='lat' dir='ltr'><strong>vobis</strong></span> <span class='ocrx_word' id='word_1_752' title='bbox 1364 4687 1546 4743; x_wconf 82' lang='lat' dir='ltr'><strong>dicunt</strong></span> <span class='ocrx_word' id='word_1_753' title='bbox 1574 4705 1587 4739; x_wconf 90' lang='lat'>:</span> <span class='ocrx_word' id='word_1_754' title='bbox 1618 4687 1844 4756; x_wconf 82' lang='lat' dir='ltr'><strong>Adopti-</strong></span> 
     </span>
    </p>
   </div>
   <div class='ocr_carea' id='block_1_96' title="bbox 258 4771 1847 4845">
    <p class='ocr_par' dir='ltr' id='par_1_96' title="bbox 258 4771 1847 4845">
     <span class='ocr_line' id='line_1_96' title="bbox 258 4771 1847 4845; baseline 0.004 -22"><span class='ocrx_word' id='word_1_755' title='bbox 258 4788 386 4826; x_wconf 88' lang='lat' dir='ltr'><strong>vum</strong></span> <span class='ocrx_word' id='word_1_756' title='bbox 413 4771 614 4828; x_wconf 89' lang='lat' dir='ltr'><strong>credite</strong></span> <span class='ocrx_word' id='word_1_757' title='bbox 638 4773 821 4828; x_wconf 86' lang='lat' dir='ltr'><strong>Jesum</strong></span> <span class='ocrx_word' id='word_1_758' title='bbox 852 4773 1126 4829; x_wconf 89' lang='lat' dir='ltr'><strong>Christum</strong></span> <span class='ocrx_word' id='word_1_759' title='bbox 1159 4793 1173 4828; x_wconf 90' lang='lat'><strong>:</strong></span> <span class='ocrx_word' id='word_1_760' title='bbox 1211 4784 1266 4831; x_wconf 89' lang='lat' dir='ltr'><strong>et</strong></span> <span class='ocrx_word' id='word_1_761' title='bbox 1295 4777 1386 4845; x_wconf 91' lang='lat' dir='ltr'><strong>qui</strong></span> <span class='ocrx_word' id='word_1_762' title='bbox 1414 4777 1488 4831; x_wconf 90' lang='lat' dir='ltr'><strong>ita</strong></span> <span class='ocrx_word' id='word_1_763' title='bbox 1530 4793 1637 4831; x_wconf 91' lang='lat' dir='ltr'><strong>non</strong></span> <span class='ocrx_word' id='word_1_764' title='bbox 1672 4778 1847 4832; x_wconf 90' lang='lat' dir='ltr'><strong>credi-</strong></span> 
     </span>
    </p>
   </div>
   <div class='ocr_carea' id='block_1_97' title="bbox 259 4864 1844 4935">
    <p class='ocr_par' dir='ltr' id='par_1_97' title="bbox 259 4864 1844 4935">
     <span class='ocr_line' id='line_1_97' title="bbox 259 4864 1844 4935; baseline 0.001 -17"><span class='ocrx_word' id='word_1_765' title='bbox 259 4864 421 4927; x_wconf 85' lang='lat' dir='ltr'><strong>derit,</strong></span> <span class='ocrx_word' id='word_1_766' title='bbox 458 4865 874 4918; x_wconf 76' lang='lat' dir='ltr'><strong>exterminetur?</strong></span> <span class='ocrx_word' id='word_1_767' title='bbox 899 4865 965 4918; x_wconf 88' lang='lat' dir='ltr'><strong>Et</strong></span> <span class='ocrx_word' id='word_1_768' title='bbox 989 4867 1270 4934; x_wconf 89' lang='lat' dir='ltr'><strong>episcopus</strong></span> <span class='ocrx_word' id='word_1_769' title='bbox 1296 4867 1756 4935; x_wconf 89' lang='lat' dir='ltr'><strong>metropolitanus,</strong></span> <span class='ocrx_word' id='word_1_770' title='bbox 1789 4874 1844 4921; x_wconf 90' lang='lat' dir='ltr'><strong>et</strong></span> 
     </span>
    </p>
   </div>
   <div class='ocr_carea' id='block_1_98' title="bbox 257 4954 1839 5023">
    <p class='ocr_par' dir='ltr' id='par_1_98' title="bbox 257 4954 1839 5023">
     <span class='ocr_line' id='line_1_98' title="bbox 257 4954 1839 5023; baseline 0.003 -16"><span class='ocrx_word' id='word_1_771' title='bbox 257 4954 512 5023; x_wconf 85' lang='lat' dir='ltr'><strong>princeps</strong></span> <span class='ocrx_word' id='word_1_772' title='bbox 557 4963 732 5020; x_wconf 63' lang='lat' dir='ltr'><strong>terrae,</strong></span> <span class='ocrx_word' id='word_1_773' title='bbox 765 4954 881 5023; x_wconf 90' lang='lat' dir='ltr'><strong>pari</strong></span> <span class='ocrx_word' id='word_1_774' title='bbox 917 4955 1210 5010; x_wconf 87' lang='lat' dir='ltr'><strong>certamine</strong></span> <span class='ocrx_word' id='word_1_775' title='bbox 1260 4955 1634 5012; x_wconf 65' lang='lat' dir='ltr'><strong>haereticorum</strong></span> <span class='ocrx_word' id='word_1_776' title='bbox 1667 4956 1839 5013; x_wconf 89' lang='lat' dir='ltr'><strong>schis-</strong></span> 
     </span>
    </p>
   </div>
   <div class='ocr_carea' id='block_1_99' title="bbox 257 5045 1844 5118">
    <p class='ocr_par' dir='ltr' id='par_1_99' title="bbox 257 5045 1844 5118">
     <span class='ocr_line' id='line_1_99' title="bbox 257 5045 1844 5118; baseline 0.003 -20"><span class='ocrx_word' id='word_1_777' title='bbox 257 5052 428 5108; x_wconf 85' lang='lat' dir='ltr'><strong>mata,</strong></span> <span class='ocrx_word' id='word_1_778' title='bbox 460 5059 600 5099; x_wconf 89' lang='lat' dir='ltr'><strong>unus</strong></span> <span class='ocrx_word' id='word_1_779' title='bbox 629 5046 777 5100; x_wconf 91' lang='lat' dir='ltr'><strong>verbi</strong></span> <span class='ocrx_word' id='word_1_780' title='bbox 806 5045 1002 5116; x_wconf 87' lang='lat' dir='ltr'><strong>gladio,</strong></span> <span class='ocrx_word' id='word_1_781' title='bbox 1052 5045 1190 5100; x_wconf 87' lang='lat' dir='ltr'><strong>alter</strong></span> <span class='ocrx_word' id='word_1_782' title='bbox 1235 5047 1384 5116; x_wconf 81' lang='lat' dir='ltr'><strong>virga</strong></span> <span class='ocrx_word' id='word_1_783' title='bbox 1439 5047 1716 5118; x_wconf 88' lang='lat' dir='ltr'><strong>regiminis</strong></span> <span class='ocrx_word' id='word_1_784' title='bbox 1762 5049 1844 5103; x_wconf 88' lang='lat' dir='ltr'><strong>ul-</strong></span> 
     </span>
    </p>
   </div>
   <div class='ocr_carea' id='block_1_100' title="bbox 259 5133 1843 5198">
    <p class='ocr_par' dir='ltr' id='par_1_100' title="bbox 259 5133 1843 5198">
     <span class='ocr_line' id='line_1_100' title="bbox 259 5133 1843 5198; baseline 0.003 -10"><span class='ocrx_word' id='word_1_785' title='bbox 259 5134 491 5198; x_wconf 89' lang='lat' dir='ltr'><strong>ciscens,</strong></span> <span class='ocrx_word' id='word_1_786' title='bbox 536 5133 603 5189; x_wconf 90' lang='lat' dir='ltr'><strong>de</strong></span> <span class='ocrx_word' id='word_1_787' title='bbox 629 5142 774 5194; x_wconf 76' lang='lat' dir='ltr'><strong>terra</strong></span> <span class='ocrx_word' id='word_1_788' title='bbox 821 5143 1000 5189; x_wconf 88' lang='lat' dir='ltr'><strong>vestra</strong></span> <span class='ocrx_word' id='word_1_789' title='bbox 1046 5133 1286 5192; x_wconf 90' lang='lat' dir='ltr'><strong>funditus</strong></span> <span class='ocrx_word' id='word_1_790' title='bbox 1314 5135 1664 5192; x_wconf 78' lang='lat' dir='ltr'><strong>auferantur:</strong></span> <span class='ocrx_word' id='word_1_791' title='bbox 1696 5147 1843 5193; x_wconf 88' lang='lat' dir='ltr'><strong>certe</strong></span> 
     </span>
    </p>
   </div>
   <div class='ocr_carea' id='block_1_101' title="bbox 255 5222 1841 5297">
    <p class='ocr_par' dir='ltr' id='par_1_101' title="bbox 255 5222 1841 5297">
     <span class='ocr_line' id='line_1_101' title="bbox 255 5222 1841 5297; baseline 0.004 -20"><span class='ocrx_word' id='word_1_792' title='bbox 255 5222 369 5296; x_wconf 72' lang='lat' dir='ltr'><strong>iam</strong></span> <span class='ocrx_word' id='word_1_793' title='bbox 394 5239 580 5278; x_wconf 87' lang='lat' dir='ltr'><strong>rumor</strong></span> <span class='ocrx_word' id='word_1_794' title='bbox 603 5233 704 5288; x_wconf 90' lang='lat' dir='ltr'><strong>est,</strong></span> <span class='ocrx_word' id='word_1_795' title='bbox 735 5223 848 5294; x_wconf 80' lang='lat' dir='ltr'><strong>jam</strong></span> <span class='ocrx_word' id='word_1_796' title='bbox 874 5223 1017 5279; x_wconf 86' lang='lat' dir='ltr'><strong>fama</strong></span> <span class='ocrx_word' id='word_1_797' title='bbox 1047 5235 1150 5292; x_wconf 90' lang='lat' dir='ltr'><strong>est,</strong></span> <span class='ocrx_word' id='word_1_798' title='bbox 1179 5234 1234 5281; x_wconf 90' lang='lat' dir='ltr'><strong>et</strong></span> <span class='ocrx_word' id='word_1_799' title='bbox 1263 5241 1368 5280; x_wconf 92' lang='lat' dir='ltr'><strong>non</strong></span> <span class='ocrx_word' id='word_1_800' title='bbox 1414 5226 1584 5282; x_wconf 90' lang='lat' dir='ltr'><strong>solum</strong></span> <span class='ocrx_word' id='word_1_801' title='bbox 1607 5243 1705 5297; x_wconf 86' lang='lat' dir='ltr'><strong>per</strong></span> <span class='ocrx_word' id='word_1_802' title='bbox 1739 5228 1841 5283; x_wconf 84' lang='lat' dir='ltr'><strong>As-</strong></span> 
     </span>
    </p>
   </div>
   <div class='ocr_carea' id='block_1_102' title="bbox 259 5316 1840 5391">
    <p class='ocr_par' dir='ltr' id='par_1_102' title="bbox 259 5316 1840 5391">
     <span class='ocr_line' id='line_1_102' title="bbox 259 5316 1840 5391; baseline 0.002 -19"><span class='ocrx_word' id='word_1_803' title='bbox 259 5316 482 5381; x_wconf 80' lang='lat' dir='ltr'><strong>turiam,</strong></span> <span class='ocrx_word' id='word_1_804' title='bbox 511 5317 605 5371; x_wconf 89' lang='lat' dir='ltr'><strong>sed</strong></span> <span class='ocrx_word' id='word_1_805' title='bbox 631 5331 728 5386; x_wconf 90' lang='lat' dir='ltr'><strong>per</strong></span> <span class='ocrx_word' id='word_1_806' title='bbox 751 5324 919 5372; x_wconf 89' lang='lat' dir='ltr'><strong>totam</strong></span> <span class='ocrx_word' id='word_1_807' title='bbox 941 5319 1274 5389; x_wconf 77' lang='lat' dir='ltr'><strong>Hispaniam,</strong></span> <span class='ocrx_word' id='word_1_808' title='bbox 1296 5327 1350 5375; x_wconf 91' lang='lat' dir='ltr'><strong>et</strong></span> <span class='ocrx_word' id='word_1_809' title='bbox 1378 5336 1550 5391; x_wconf 89' lang='lat' dir='ltr'><strong>usque</strong></span> <span class='ocrx_word' id='word_1_810' title='bbox 1574 5323 1642 5377; x_wconf 92' lang='lat' dir='ltr'><strong>ad</strong></span> <span class='ocrx_word' id='word_1_811' title='bbox 1670 5323 1840 5376; x_wconf 88' lang='lat' dir='ltr'><strong>Fran-</strong></span> 
     </span>
    </p>
   </div>
   <div class='ocr_carea' id='block_1_103' title="bbox 257 5407 1846 5480">
    <p class='ocr_par' dir='ltr' id='par_1_103' title="bbox 257 5407 1846 5480">
     <span class='ocr_line' id='line_1_103' title="bbox 257 5407 1846 5480; baseline 0.002 -17"><span class='ocrx_word' id='word_1_812' title='bbox 257 5407 402 5464; x_wconf 82' lang='lat' dir='ltr'><strong>ciam</strong></span> <span class='ocrx_word' id='word_1_813' title='bbox 430 5407 762 5478; x_wconf 84' lang='lat' dir='ltr'><strong>divulgatum</strong></span> <span class='ocrx_word' id='word_1_814' title='bbox 785 5419 888 5474; x_wconf 91' lang='lat' dir='ltr'><strong>est,</strong></span> <span class='ocrx_word' id='word_1_815' title='bbox 923 5411 1068 5479; x_wconf 90' lang='lat' dir='ltr'><strong>quod</strong></span> <span class='ocrx_word' id='word_1_816' title='bbox 1101 5411 1219 5466; x_wconf 80' lang='lat' dir='ltr'><strong>dua:</strong></span> <span class='ocrx_word' id='word_1_817' title='bbox 1252 5412 1576 5480; x_wconf 76' lang='lat' dir='ltr'><strong>qumstiones</strong></span> <span class='ocrx_word' id='word_1_818' title='bbox 1601 5412 1654 5466; x_wconf 91' lang='lat' dir='ltr'><strong>in</strong></span> <span class='ocrx_word' id='word_1_819' title='bbox 1682 5412 1846 5467; x_wconf 81' lang='lat' dir='ltr'><strong>Astu-</strong></span> 
     </span>
    </p>
   </div>
   <div class='ocr_carea' id='block_1_104' title="bbox 260 5497 1840 5570">
    <p class='ocr_par' dir='ltr' id='par_1_104' title="bbox 260 5497 1840 5570">
     <span class='ocr_line' id='line_1_104' title="bbox 260 5497 1840 5570; baseline 0.003 -18"><span class='ocrx_word' id='word_1_820' title='bbox 260 5497 429 5553; x_wconf 90' lang='lat' dir='ltr'><strong>riensi</strong></span> <span class='ocrx_word' id='word_1_821' title='bbox 466 5497 707 5553; x_wconf 85' lang='lat' dir='ltr'><strong>Ecclesia</strong></span> <span class='ocrx_word' id='word_1_822' title='bbox 736 5507 871 5553; x_wconf 66' lang='lat' dir='ltr'><strong>orta:</strong></span> <span class='ocrx_word' id='word_1_823' title='bbox 909 5507 1054 5553; x_wconf 88' lang='lat' dir='ltr'><strong>sunt.</strong></span> <span class='ocrx_word' id='word_1_824' title='bbox 1087 5499 1320 5556; x_wconf 83' lang='lat' dir='ltr'><strong>Etsicut</strong></span> <span class='ocrx_word' id='word_1_825' title='bbox 1355 5502 1473 5556; x_wconf 70' lang='lat' dir='ltr'><strong>dua:</strong></span> <span class='ocrx_word' id='word_1_826' title='bbox 1497 5501 1840 5570; x_wconf 63' lang='lat' dir='ltr'><strong>quaestiones,</strong></span> 
     </span>
    </p>
   </div>
   <div class='ocr_carea' id='block_1_105' title="bbox 261 5589 1840 5664">
    <p class='ocr_par' dir='ltr' id='par_1_105' title="bbox 261 5589 1840 5664">
     <span class='ocr_line' id='line_1_105' title="bbox 261 5589 1840 5664; baseline 0.003 -21"><span class='ocrx_word' id='word_1_827' title='bbox 261 5589 338 5645; x_wconf 90' lang='lat' dir='ltr'><strong>ita</strong></span> <span class='ocrx_word' id='word_1_828' title='bbox 367 5589 475 5646; x_wconf 89' lang='lat' dir='ltr'><strong>duo</strong></span> <span class='ocrx_word' id='word_1_829' title='bbox 498 5591 682 5662; x_wconf 89' lang='lat' dir='ltr'><strong>populi</strong></span> <span class='ocrx_word' id='word_1_830' title='bbox 716 5601 770 5646; x_wconf 91' lang='lat' dir='ltr'><strong>et</strong></span> <span class='ocrx_word' id='word_1_831' title='bbox 796 5591 916 5648; x_wconf 68' lang='lat' dir='ltr'><strong>dure</strong></span> <span class='ocrx_word' id='word_1_832' title='bbox 942 5591 1215 5658; x_wconf 63' lang='lat' dir='ltr'><strong>Ecclesiae,</strong></span> <span class='ocrx_word' id='word_1_833' title='bbox 1243 5607 1349 5647; x_wconf 91' lang='lat' dir='ltr'><strong>una</strong></span> <span class='ocrx_word' id='word_1_834' title='bbox 1373 5607 1501 5664; x_wconf 87' lang='lat' dir='ltr'><strong>pars</strong></span> <span class='ocrx_word' id='word_1_835' title='bbox 1525 5608 1646 5650; x_wconf 92' lang='lat' dir='ltr'><strong>cum</strong></span> <span class='ocrx_word' id='word_1_836' title='bbox 1671 5593 1840 5648; x_wconf 88' lang='lat' dir='ltr'><strong>altera</strong></span> 
     </span>
    </p>
   </div>
   <div class='ocr_carea' id='block_1_106' title="bbox 261 5683 1840 5756">
    <p class='ocr_par' dir='ltr' id='par_1_106' title="bbox 261 5683 1840 5756">
     <span class='ocr_line' id='line_1_106' title="bbox 261 5683 1840 5756; baseline 0.006 -22"><span class='ocrx_word' id='word_1_837' title='bbox 261 5696 360 5750; x_wconf 86' lang='lat' dir='ltr'><strong>pro</strong></span> <span class='ocrx_word' id='word_1_838' title='bbox 410 5699 518 5740; x_wconf 92' lang='lat' dir='ltr'><strong>uno</strong></span> <span class='ocrx_word' id='word_1_839' title='bbox 562 5683 779 5740; x_wconf 87' lang='lat' dir='ltr'><strong>Christo</strong></span> <span class='ocrx_word' id='word_1_840' title='bbox 823 5684 1172 5741; x_wconf 88' lang='lat' dir='ltr'><strong>contendunt.</strong></span> <span class='ocrx_word' id='word_1_841' title='bbox 1222 5683 1389 5756; x_wconf 86' lang='lat' dir='ltr'><strong>Cujus</strong></span> <span class='ocrx_word' id='word_1_842' title='bbox 1430 5687 1564 5744; x_wconf 88' lang='lat' dir='ltr'><strong>fides</strong></span> <span class='ocrx_word' id='word_1_843' title='bbox 1600 5702 1726 5743; x_wconf 91' lang='lat' dir='ltr'><strong>vera</strong></span> <span class='ocrx_word' id='word_1_844' title='bbox 1772 5703 1840 5744; x_wconf 90' lang='lat' dir='ltr'><strong>an</strong></span> 
     </span>
    </p>
   </div>
   <div class='ocr_carea' id='block_1_107' title="bbox 2020 4588 3547 4668">
    <p class='ocr_par' dir='ltr' id='par_1_107' title="bbox 2020 4588 3547 4668">
     <span class='ocr_line' id='line_1_107' title="bbox 2020 4588 3547 4668; baseline 0.009 -26"><span class='ocrx_word' id='word_1_845' title='bbox 2020 4589 2135 4643; x_wconf 79' lang='lat' dir='ltr'><strong>XV.</strong></span> <span class='ocrx_word' id='word_1_846' title='bbox 2174 4588 2244 4642; x_wconf 88' lang='lat' dir='ltr'><strong>Et</strong></span> <span class='ocrx_word' id='word_1_847' title='bbox 2269 4591 2394 4658; x_wconf 88' lang='lat' dir='ltr'><strong>quia</strong></span> <span class='ocrx_word' id='word_1_848' title='bbox 2417 4605 2519 4659; x_wconf 86' lang='lat' dir='ltr'><strong>pro</strong></span> <span class='ocrx_word' id='word_1_849' title='bbox 2549 4592 2652 4646; x_wconf 86' lang='lat' dir='ltr'><strong>fide</strong></span> <span class='ocrx_word' id='word_1_850' title='bbox 2680 4603 2828 4650; x_wconf 90' lang='lat' dir='ltr'><strong>recta</strong></span> <span class='ocrx_word' id='word_1_851' title='bbox 2853 4601 2955 4657; x_wconf 88' lang='lat' dir='ltr'><strong>est,</strong></span> <span class='ocrx_word' id='word_1_852' title='bbox 2992 4609 3096 4649; x_wconf 92' lang='lat' dir='ltr'><strong>non</strong></span> <span class='ocrx_word' id='word_1_853' title='bbox 3122 4606 3316 4652; x_wconf 89' lang='lat' dir='ltr'><strong>ornato</strong></span> <span class='ocrx_word' id='word_1_854' title='bbox 3345 4599 3452 4668; x_wconf 92' lang='lat' dir='ltr'><strong>poli</strong></span> <span class='ocrx_word' id='word_1_855' title='bbox 3469 4608 3547 4656; x_wconf 71' lang='grc' dir='ltr'><strong>ω-</strong></span> 
     </span>
    </p>
   </div>
   <div class='ocr_carea' id='block_1_108' title="bbox 1948 4680 3545 4748">
    <p class='ocr_par' dir='ltr' id='par_1_108' title="bbox 1948 4680 3545 4748">
     <span class='ocr_line' id='line_1_108' title="bbox 1948 4680 3545 4748; baseline 0.009 -17"><span class='ocrx_word' id='word_1_856' title='bbox 1948 4695 2052 4748; x_wconf 88' lang='lat' dir='ltr'><strong>que</strong></span> <span class='ocrx_word' id='word_1_857' title='bbox 2077 4693 2344 4744; x_wconf 87' lang='lat' dir='ltr'><strong>sermone,</strong></span> <span class='ocrx_word' id='word_1_858' title='bbox 2377 4680 2472 4734; x_wconf 89' lang='lat' dir='ltr'><strong>sed</strong></span> <span class='ocrx_word' id='word_1_859' title='bbox 2519 4683 2680 4738; x_wconf 86' lang='lat' dir='ltr'><strong>rebus</strong></span> <span class='ocrx_word' id='word_1_860' title='bbox 2709 4684 3011 4741; x_wconf 86' lang='lat' dir='ltr'><strong>manifestis</strong></span> <span class='ocrx_word' id='word_1_861' title='bbox 3041 4688 3404 4745; x_wconf 86' lang='lat' dir='ltr'><strong>convincenda</strong></span> <span class='ocrx_word' id='word_1_862' title='bbox 3439 4703 3545 4747; x_wconf 77' lang='lat' dir='ltr'><strong>est.</strong></span> 
     </span>
    </p>
   </div>
   <div class='ocr_carea' id='block_1_109' title="bbox 1954 4770 3546 4852">
    <p class='ocr_par' dir='ltr' id='par_1_109' title="bbox 1954 4770 3546 4852">
     <span class='ocr_line' id='line_1_109' title="bbox 1954 4770 3546 4852; baseline 0.009 -30"><span class='ocrx_word' id='word_1_863' title='bbox 1954 4770 2180 4824; x_wconf 83' lang='lat' dir='ltr'><strong>Hauriat</strong></span> <span class='ocrx_word' id='word_1_864' title='bbox 2232 4773 2600 4843; x_wconf 88' lang='lat' dir='ltr'><strong>unusquisque</strong></span> <span class='ocrx_word' id='word_1_865' title='bbox 2662 4785 2909 4830; x_wconf 88' lang='lat' dir='ltr'><strong>nostrum</strong></span> <span class='ocrx_word' id='word_1_866' title='bbox 2959 4795 3126 4850; x_wconf 84' lang='lat' dir='ltr'><strong>aquas</strong></span> <span class='ocrx_word' id='word_1_867' title='bbox 3180 4780 3245 4835; x_wconf 82' lang='lat' dir='ltr'><strong>de</strong></span> <span class='ocrx_word' id='word_1_868' title='bbox 3305 4783 3546 4852; x_wconf 78' lang='lat' dir='ltr'><strong>fontibus</strong></span> 
     </span>
    </p>
   </div>
   <div class='ocr_carea' id='block_1_110' title="bbox 1951 4863 3536 4942">
    <p class='ocr_par' dir='ltr' id='par_1_110' title="bbox 1951 4863 3536 4942">
     <span class='ocr_line' id='line_1_110' title="bbox 1951 4863 3536 4942; baseline 0.008 -25"><span class='ocrx_word' id='word_1_869' title='bbox 1951 4863 2262 4928; x_wconf 63' lang='lat' dir='ltr'><strong>Salvatoris,</strong></span> <span class='ocrx_word' id='word_1_870' title='bbox 2307 4865 2359 4920; x_wconf 92' lang='lat' dir='ltr'><strong>id</strong></span> <span class='ocrx_word' id='word_1_871' title='bbox 2391 4875 2492 4932; x_wconf 89' lang='lat' dir='ltr'><strong>est,</strong></span> <span class='ocrx_word' id='word_1_872' title='bbox 2539 4868 2606 4922; x_wconf 90' lang='lat' dir='ltr'><strong>de</strong></span> <span class='ocrx_word' id='word_1_873' title='bbox 2650 4869 3035 4938; x_wconf 85' lang='lat' dir='ltr'><strong>prophetarum</strong></span> <span class='ocrx_word' id='word_1_874' title='bbox 3080 4879 3135 4927; x_wconf 92' lang='lat' dir='ltr'><strong>et</strong></span> <span class='ocrx_word' id='word_1_875' title='bbox 3171 4874 3536 4942; x_wconf 88' lang='lat' dir='ltr'><strong>apostolorum</strong></span> 
     </span>
    </p>
   </div>
   <div class='ocr_carea' id='block_1_111' title="bbox 1948 4957 3540 5036">
    <p class='ocr_par' dir='ltr' id='par_1_111' title="bbox 1948 4957 3540 5036">
     <span class='ocr_line' id='line_1_111' title="bbox 1948 4957 3540 5036; baseline 0.007 -25"><span class='ocrx_word' id='word_1_876' title='bbox 1948 4957 2229 5012; x_wconf 90' lang='lat' dir='ltr'><strong>doctrinis.</strong></span> <span class='ocrx_word' id='word_1_877' title='bbox 2257 4957 2375 5014; x_wconf 85' lang='lat' dir='ltr'><strong>Non</strong></span> <span class='ocrx_word' id='word_1_878' title='bbox 2405 4960 2507 5014; x_wconf 91' lang='lat' dir='ltr'><strong>sibi</strong></span> <span class='ocrx_word' id='word_1_879' title='bbox 2535 4959 2702 5016; x_wconf 87' lang='lat' dir='ltr'><strong>fodiat</strong></span> <span class='ocrx_word' id='word_1_880' title='bbox 2729 4963 2992 5019; x_wconf 74' lang='lat' dir='ltr'><strong>cisternas</strong></span> <span class='ocrx_word' id='word_1_881' title='bbox 3017 4981 3183 5020; x_wconf 86' lang='lat' dir='ltr'><strong>novas</strong></span> <span class='ocrx_word' id='word_1_882' title='bbox 3209 4983 3220 5018; x_wconf 91' lang='lat'>:</span> <span class='ocrx_word' id='word_1_883' title='bbox 3256 4967 3322 5020; x_wconf 91' lang='lat' dir='ltr'><strong>de</strong></span> <span class='ocrx_word' id='word_1_884' title='bbox 3343 4967 3540 5036; x_wconf 89' lang='lat' dir='ltr'><strong>quibus</strong></span> 
     </span>
    </p>
   </div>
   <div class='ocr_carea' id='block_1_112' title="bbox 1948 5049 3536 5129">
    <p class='ocr_par' dir='ltr' id='par_1_112' title="bbox 1948 5049 3536 5129">
     <span class='ocr_line' id='line_1_112' title="bbox 1948 5049 3536 5129; baseline 0.007 -27"><span class='ocrx_word' id='word_1_885' title='bbox 1948 5049 2206 5104; x_wconf 90' lang='lat' dir='ltr'><strong>Dominus</strong></span> <span class='ocrx_word' id='word_1_886' title='bbox 2250 5066 2350 5119; x_wconf 90' lang='lat' dir='ltr'><strong>per</strong></span> <span class='ocrx_word' id='word_1_887' title='bbox 2403 5053 2722 5121; x_wconf 90' lang='lat' dir='ltr'><strong>prophetam</strong></span> <span class='ocrx_word' id='word_1_888' title='bbox 2771 5054 2902 5108; x_wconf 89' lang='lat' dir='ltr'><strong>dicit</strong></span> <span class='ocrx_word' id='word_1_889' title='bbox 2950 5073 2963 5108; x_wconf 93' lang='lat'><strong>:</strong></span> <span class='ocrx_word' id='word_1_890' title='bbox 3016 5055 3103 5110; x_wconf 71' lang='lat' dir='ltr'><strong>ille</strong></span> <span class='ocrx_word' id='word_1_891' title='bbox 3152 5056 3536 5129; x_wconf 85' lang='lat' dir='ltr'><strong>dereliquerunt</strong></span> 
     </span>
    </p>
   </div>
   <div class='ocr_carea' id='block_1_113' title="bbox 1947 5141 3540 5215">
    <p class='ocr_par' dir='ltr' id='par_1_113' title="bbox 1947 5141 3540 5215">
     <span class='ocr_line' id='line_1_113' title="bbox 1947 5141 3540 5215; baseline 0.01 -22"><span class='ocrx_word' id='word_1_892' title='bbox 1947 5141 2138 5210; x_wconf 77' lang='lat' dir='ltr'><strong>{antem</strong></span> <span class='ocrx_word' id='word_1_893' title='bbox 2168 5158 2317 5212; x_wconf 74' lang='lat' dir='ltr'><strong>aqua:</strong></span> <span class='ocrx_word' id='word_1_894' title='bbox 2345 5145 2470 5197; x_wconf 74' lang='lat' dir='ltr'><strong>vim</strong></span> <span class='ocrx_word' id='word_1_895' title='bbox 2500 5161 2520 5198; x_wconf 88' lang='lat'><strong><em>:</em></strong></span> <span class='ocrx_word' id='word_1_896' title='bbox 2546 5155 2593 5198; x_wconf 78' lang='lat' dir='ltr'><strong>et</strong></span> <span class='ocrx_word' id='word_1_897' title='bbox 2621 5147 2913 5215; x_wconf 74' lang='lat' dir='ltr'><strong>effoderunt</strong></span> <span class='ocrx_word' id='word_1_898' title='bbox 2947 5150 3047 5203; x_wconf 89' lang='lat' dir='ltr'><strong>sibi</strong></span> <span class='ocrx_word' id='word_1_899' title='bbox 3087 5151 3339 5207; x_wconf 84' lang='lat' dir='ltr'><strong>cisternas</strong></span> <span class='ocrx_word' id='word_1_900' title='bbox 3384 5154 3540 5210; x_wconf 85' lang='lat' dir='ltr'><strong>dissi-</strong></span> 
     </span>
    </p>
   </div>
   <div class='ocr_carea' id='block_1_114' title="bbox 1945 5233 3538 5314">
    <p class='ocr_par' dir='ltr' id='par_1_114' title="bbox 1945 5233 3538 5314">
     <span class='ocr_line' id='line_1_114' title="bbox 1945 5233 3538 5314; baseline 0.008 -29"><span class='ocrx_word' id='word_1_901' title='bbox 1945 5241 2118 5303; x_wconf 86' lang='lat' dir='ltr'><strong>patas,</strong></span> <span class='ocrx_word' id='word_1_902' title='bbox 2143 5248 2260 5303; x_wconf 73' lang='lat' dir='ltr'><strong>qua:</strong></span> <span class='ocrx_word' id='word_1_903' title='bbox 2285 5249 2388 5287; x_wconf 89' lang='lat' dir='ltr'><strong>non</strong></span> <span class='ocrx_word' id='word_1_904' title='bbox 2416 5233 2580 5287; x_wconf 79' lang='lat' dir='ltr'><strong>solent</strong></span> <span class='ocrx_word' id='word_1_905' title='bbox 2626 5237 2892 5292; x_wconf 86' lang='lat' dir='ltr'><strong>continere</strong></span> <span class='ocrx_word' id='word_1_906' title='bbox 2939 5255 3145 5309; x_wconf 83' lang='lat' dir='ltr'><strong>aquas:</strong></span> <span class='ocrx_word' id='word_1_907' title='bbox 3175 5242 3301 5309; x_wconf 88' lang='lat' dir='ltr'><strong>quia</strong></span> <span class='ocrx_word' id='word_1_908' title='bbox 3346 5243 3538 5314; x_wconf 76' lang='lat' dir='ltr'><strong>repleta</strong></span> 
     </span>
    </p>
   </div>
   <div class='ocr_carea' id='block_1_115' title="bbox 1947 5323 3536 5404">
    <p class='ocr_par' dir='ltr' id='par_1_115' title="bbox 1947 5323 3536 5404">
     <span class='ocr_line' id='line_1_115' title="bbox 1947 5323 3536 5404; baseline 0.008 -28"><span class='ocrx_word' id='word_1_909' title='bbox 1947 5332 2020 5376; x_wconf 85' lang='lat' dir='ltr'><strong>est</strong></span> <span class='ocrx_word' id='word_1_910' title='bbox 2043 5332 2182 5377; x_wconf 84' lang='lat' dir='ltr'><strong>terra</strong></span> <span class='ocrx_word' id='word_1_911' title='bbox 2210 5324 2429 5377; x_wconf 83' lang='lat' dir='ltr'><strong>scientia</strong></span> <span class='ocrx_word' id='word_1_912' title='bbox 2461 5323 2694 5392; x_wconf 82' lang='lat' dir='ltr'><strong>Domini,</strong></span> <span class='ocrx_word' id='word_1_913' title='bbox 2735 5328 2870 5381; x_wconf 89' lang='lat' dir='ltr'><strong>sicut</strong></span> <span class='ocrx_word' id='word_1_914' title='bbox 2913 5345 3054 5400; x_wconf 85' lang='lat' dir='ltr'><strong>aqua</strong></span> <span class='ocrx_word' id='word_1_915' title='bbox 3101 5333 3265 5386; x_wconf 88' lang='lat' dir='ltr'><strong>maris</strong></span> <span class='ocrx_word' id='word_1_916' title='bbox 3297 5333 3431 5404; x_wconf 81' lang='lat' dir='ltr'><strong>(Jer.</strong></span> <span class='ocrx_word' id='word_1_917' title='bbox 3473 5352 3536 5401; x_wconf 88' lang='grc' dir='ltr'><strong>ιι,</strong></span> 
     </span>
    </p>
   </div>
   <div class='ocr_carea' id='block_1_116' title="bbox 1951 5414 3538 5485">
    <p class='ocr_par' dir='ltr' id='par_1_116' title="bbox 1951 5414 3538 5485">
     <span class='ocr_line' id='line_1_116' title="bbox 1951 5414 3538 5485; baseline 0.009 -18"><span class='ocrx_word' id='word_1_918' title='bbox 1951 5414 2060 5484; x_wconf 80' lang='grc'><strong>15).</strong></span> <span class='ocrx_word' id='word_1_919' title='bbox 2111 5414 2415 5470; x_wconf 89' lang='lat' dir='ltr'><strong>Cisternam</strong></span> <span class='ocrx_word' id='word_1_920' title='bbox 2463 5431 2657 5471; x_wconf 83' lang='lat' dir='ltr'><strong>novam</strong></span> <span class='ocrx_word' id='word_1_921' title='bbox 2702 5417 2920 5485; x_wconf 82' lang='lat' dir='ltr'><strong>fodisse,</strong></span> <span class='ocrx_word' id='word_1_922' title='bbox 2970 5430 3054 5475; x_wconf 87' lang='lat' dir='ltr'><strong>est</strong></span> <span class='ocrx_word' id='word_1_923' title='bbox 3101 5439 3234 5477; x_wconf 87' lang='lat' dir='ltr'><strong>nova</strong></span> <span class='ocrx_word' id='word_1_924' title='bbox 3275 5426 3439 5480; x_wconf 82' lang='lat' dir='ltr'><strong>verba</strong></span> <span class='ocrx_word' id='word_1_925' title='bbox 3470 5427 3538 5482; x_wconf 87' lang='lat' dir='ltr'><strong>de</strong></span> 
     </span>
    </p>
   </div>
   <div class='ocr_carea' id='block_1_117' title="bbox 1949 5507 3537 5589">
    <p class='ocr_par' dir='ltr' id='par_1_117' title="bbox 1949 5507 3537 5589">
     <span class='ocr_line' id='line_1_117' title="bbox 1949 5507 3537 5589; baseline 0.008 -29"><span class='ocrx_word' id='word_1_926' title='bbox 1949 5507 2164 5562; x_wconf 89' lang='lat' dir='ltr'><strong>Christo</strong></span> <span class='ocrx_word' id='word_1_927' title='bbox 2201 5507 2486 5572; x_wconf 85' lang='lat' dir='ltr'><strong>conficere,</strong></span> <span class='ocrx_word' id='word_1_928' title='bbox 2530 5524 2650 5578; x_wconf 82' lang='lat' dir='ltr'><strong>quae</strong></span> <span class='ocrx_word' id='word_1_929' title='bbox 2681 5510 2735 5562; x_wconf 93' lang='lat' dir='ltr'><strong>in</strong></span> <span class='ocrx_word' id='word_1_930' title='bbox 2755 5510 2871 5581; x_wconf 85' lang='lat' dir='ltr'><strong>lege</strong></span> <span class='ocrx_word' id='word_1_931' title='bbox 2916 5520 2972 5565; x_wconf 80' lang='lat' dir='ltr'><strong>et</strong></span> <span class='ocrx_word' id='word_1_932' title='bbox 3016 5513 3307 5586; x_wconf 83' lang='lat' dir='ltr'><strong>Evangelio</strong></span> <span class='ocrx_word' id='word_1_933' title='bbox 3334 5517 3537 5589; x_wconf 90' lang='lat' dir='ltr'><strong>scripta</strong></span> 
     </span>
    </p>
   </div>
   <div class='ocr_carea' id='block_1_118' title="bbox 1948 5598 3538 5675">
    <p class='ocr_par' dir='ltr' id='par_1_118' title="bbox 1948 5598 3538 5675">
     <span class='ocr_line' id='line_1_118' title="bbox 1948 5598 3538 5675; baseline 0.008 -25"><span class='ocrx_word' id='word_1_934' title='bbox 1948 5612 2054 5651; x_wconf 91' lang='lat' dir='ltr'><strong>non</strong></span> <span class='ocrx_word' id='word_1_935' title='bbox 2081 5607 2226 5651; x_wconf 91' lang='lat' dir='ltr'><strong>sunt.</strong></span> <span class='ocrx_word' id='word_1_936' title='bbox 2279 5598 2355 5653; x_wconf 90' lang='lat' dir='ltr'><strong>De</strong></span> <span class='ocrx_word' id='word_1_937' title='bbox 2402 5615 2508 5669; x_wconf 91' lang='lat' dir='ltr'><strong>qua</strong></span> <span class='ocrx_word' id='word_1_938' title='bbox 2554 5601 2790 5654; x_wconf 90' lang='lat' dir='ltr'><strong>cisterna</strong></span> <span class='ocrx_word' id='word_1_939' title='bbox 2829 5603 2884 5656; x_wconf 90' lang='lat' dir='ltr'><strong>in</strong></span> <span class='ocrx_word' id='word_1_940' title='bbox 2929 5603 3220 5675; x_wconf 89' lang='lat' dir='ltr'><strong>Evangelio</strong></span> <span class='ocrx_word' id='word_1_941' title='bbox 3275 5607 3538 5663; x_wconf 87' lang='lat' dir='ltr'><strong>Dominus</strong></span> 
     </span>
    </p>
   </div>
   <div class='ocr_carea' id='block_1_119' title="bbox 1946 5691 3536 5767">
    <p class='ocr_par' dir='ltr' id='par_1_119' title="bbox 1946 5691 3536 5767">
     <span class='ocr_line' id='line_1_119' title="bbox 1946 5691 3536 5767; baseline 0.004 -21"><span class='ocrx_word' id='word_1_942' title='bbox 1946 5699 2334 5746; x_wconf 85' lang='lat' dir='ltr'><strong>commemorat</strong></span> <span class='ocrx_word' id='word_1_943' title='bbox 2361 5691 2427 5746; x_wconf 90' lang='lat' dir='ltr'><strong>de</strong></span> <span class='ocrx_word' id='word_1_944' title='bbox 2459 5691 2635 5747; x_wconf 81' lang='lat' dir='ltr'><strong>villico</strong></span> <span class='ocrx_word' id='word_1_945' title='bbox 2673 5691 2993 5763; x_wconf 88' lang='lat' dir='ltr'><strong>iniquitatis,</strong></span> <span class='ocrx_word' id='word_1_946' title='bbox 3037 5697 3129 5767; x_wconf 89' lang='lat' dir='ltr'><strong>qui</strong></span> <span class='ocrx_word' id='word_1_947' title='bbox 3176 5697 3251 5754; x_wconf 89' lang='lat' dir='ltr'><strong>ait</strong></span> <span class='ocrx_word' id='word_1_948' title='bbox 3285 5718 3297 5754; x_wconf 91' lang='lat'>:</span> <span class='ocrx_word' id='word_1_949' title='bbox 3329 5699 3536 5754; x_wconf 79' lang='lat' dir='ltr'><strong>Fodere</strong></span> 
     </span>
    </p>
   </div>
  </div>
