  <div class='ocr_page' id='page_1' title='image "/cluster/home/n/w/nwhite01/storage/ocr_20150623/96/hvd.32044052819901/457.png"; bbox 0 0 3992 6176; ppageno 0'>
   <div class='ocr_carea' id='block_1_1' title="bbox 1062 196 1101 212">
    <p class='ocr_par' dir='ltr' id='par_1_1' title="bbox 1062 196 1101 212">
     <span class='ocr_line' id='line_1_1' title="bbox 1062 196 1101 212; baseline 0 0"><span class='ocrx_word' id='word_1_1' title='bbox 1062 196 1101 212; x_wconf 54' lang='grc' dir='ltr'><strong>θ’</strong></span> 
     </span>
    </p>
   </div>
   <div class='ocr_carea' id='block_1_2' title="bbox 433 265 538 321">
    <p class='ocr_par' dir='ltr' id='par_1_2' title="bbox 433 265 538 321">
     <span class='ocr_line' id='line_1_2' title="bbox 433 265 538 321; baseline -0.019 0"><span class='ocrx_word' id='word_1_2' title='bbox 433 265 538 321; x_wconf 79' lang='lat'><strong>905</strong></span> 
     </span>
    </p>
   </div>
   <div class='ocr_carea' id='block_1_3' title="bbox 1287 255 2909 324">
    <p class='ocr_par' dir='ltr' id='par_1_3' title="bbox 1287 255 2909 324">
     <span class='ocr_line' id='line_1_3' title="bbox 1287 255 2909 324; baseline -0.002 -12"><span class='ocrx_word' id='word_1_3' title='bbox 1287 258 1690 323; x_wconf 75' lang='lat' dir='ltr'><strong>ELIPANDUS,</strong></span> <span class='ocrx_word' id='word_1_4' title='bbox 1729 256 1953 324; x_wconf 79' lang='lat' dir='ltr'><strong>FELIX,</strong></span> <span class='ocrx_word' id='word_1_5' title='bbox 1997 257 2346 315; x_wconf 82' lang='lat' dir='ltr'><strong>HETERIUS</strong></span> <span class='ocrx_word' id='word_1_6' title='bbox 2382 257 2470 313; x_wconf 85' lang='lat' dir='ltr'><strong>ET</strong></span> <span class='ocrx_word' id='word_1_7' title='bbox 2511 257 2569 312; x_wconf 88' lang='lat' dir='ltr'><strong>S.</strong></span> <span class='ocrx_word' id='word_1_8' title='bbox 2614 255 2909 314; x_wconf 79' lang='lat' dir='ltr'><strong>BEATUS.</strong></span> 
     </span>
    </p>
   </div>
   <div class='ocr_carea' id='block_1_4' title="bbox 3598 256 3698 319">
    <p class='ocr_par' dir='ltr' id='par_1_4' title="bbox 3598 256 3698 319">
     <span class='ocr_line' id='line_1_4' title="bbox 3598 256 3698 319; baseline 0 0"><span class='ocrx_word' id='word_1_9' title='bbox 3598 256 3698 319; x_wconf 59' lang='lat'><strong>90$</strong></span> 
     </span>
    </p>
   </div>
   <div class='ocr_carea' id='block_1_5' title="bbox 431 368 3701 442">
    <p class='ocr_par' dir='ltr' id='par_1_5' title="bbox 431 368 3701 442">
     <span class='ocr_line' id='line_1_5' title="bbox 431 368 3701 442; baseline 0 -11"><span class='ocrx_word' id='word_1_10' title='bbox 431 392 539 434; x_wconf 83' lang='lat' dir='ltr'><strong>non</strong></span> <span class='ocrx_word' id='word_1_11' title='bbox 570 375 734 435; x_wconf 72' lang='lat' dir='ltr'><strong>valeo,</strong></span> <span class='ocrx_word' id='word_1_12' title='bbox 777 369 1070 426; x_wconf 81' lang='lat' dir='ltr'><strong>mendicare</strong></span> <span class='ocrx_word' id='word_1_13' title='bbox 1122 369 1362 424; x_wconf 78' lang='lat' dir='ltr'><strong>erubesco</strong></span> <span class='ocrx_word' id='word_1_14' title='bbox 1411 370 1562 441; x_wconf 85' lang='lat' dir='ltr'><strong>(Luc.</strong></span> <span class='ocrx_word' id='word_1_15' title='bbox 1618 386 1730 437; x_wconf 80' lang='lat' dir='ltr'><strong>xvi,</strong></span> <span class='ocrx_word' id='word_1_16' title='bbox 1778 370 1856 442; x_wconf 83' lang='lat'><strong>&#39;5).</strong></span> <span class='ocrx_word' id='word_1_17' title='bbox 1907 370 2016 427; x_wconf 90' lang='lat' dir='ltr'><strong>Iste</strong></span> <span class='ocrx_word' id='word_1_18' title='bbox 2043 376 2091 433; x_wconf 82' lang='grc' dir='ltr'><strong>Α</strong></span> <span class='ocrx_word' id='word_1_19' title='bbox 2119 378 2174 424; x_wconf 89' lang='lat' dir='ltr'><strong>et</strong></span> <span class='ocrx_word' id='word_1_20' title='bbox 2197 369 2354 439; x_wconf 86' lang='lat' dir='ltr'><strong>panis</strong></span> <span class='ocrx_word' id='word_1_21' title='bbox 2387 377 2472 425; x_wconf 92' lang='lat' dir='ltr'><strong>est</strong></span> <span class='ocrx_word' id='word_1_22' title='bbox 2496 369 2552 424; x_wconf 93' lang='lat' dir='ltr'><strong>in</strong></span> <span class='ocrx_word' id='word_1_23' title='bbox 2584 368 2869 424; x_wconf 74' lang='lat' dir='ltr'><strong>divinitate</strong></span> <span class='ocrx_word' id='word_1_24' title='bbox 2915 369 3165 434; x_wconf 74' lang='lat' dir='ltr'><strong>fortibus,</strong></span> <span class='ocrx_word' id='word_1_25' title='bbox 3203 381 3259 426; x_wconf 89' lang='lat' dir='ltr'><strong>et</strong></span> <span class='ocrx_word' id='word_1_26' title='bbox 3309 372 3393 428; x_wconf 91' lang='lat' dir='ltr'><strong>lac</strong></span> <span class='ocrx_word' id='word_1_27' title='bbox 3426 374 3484 428; x_wconf 87' lang='lat' dir='ltr'><strong>in</strong></span> <span class='ocrx_word' id='word_1_28' title='bbox 3515 375 3701 432; x_wconf 66' lang='lat' dir='ltr'><strong>humao</strong></span> 
     </span>
    </p>
   </div>
   <div class='ocr_carea' id='block_1_6' title="bbox 430 457 2022 532">
    <p class='ocr_par' dir='ltr' id='par_1_6' title="bbox 430 457 2022 532">
     <span class='ocr_line' id='line_1_6' title="bbox 430 457 2022 532; baseline -0.003 -12"><span class='ocrx_word' id='word_1_29' title='bbox 430 464 646 520; x_wconf 79' lang='lat' dir='ltr'><strong>villicus</strong></span> <span class='ocrx_word' id='word_1_30' title='bbox 692 457 990 530; x_wconf 74' lang='lat' dir='ltr'><strong>iniquitatis</strong></span> <span class='ocrx_word' id='word_1_31' title='bbox 1039 457 1234 512; x_wconf 81' lang='lat' dir='ltr'><strong>Saulus</strong></span> <span class='ocrx_word' id='word_1_32' title='bbox 1277 466 1415 525; x_wconf 87' lang='lat' dir='ltr'><strong>erat,</strong></span> <span class='ocrx_word' id='word_1_33' title='bbox 1442 462 1533 531; x_wconf 90' lang='lat' dir='ltr'><strong>qui</strong></span> <span class='ocrx_word' id='word_1_34' title='bbox 1589 470 1776 532; x_wconf 90' lang='lat' dir='ltr'><strong>postea</strong></span> <span class='ocrx_word' id='word_1_35' title='bbox 1812 461 2022 516; x_wconf 85' lang='lat' dir='ltr'>Paulus</span> 
     </span>
    </p>
   </div>
   <div class='ocr_carea' id='block_1_7' title="bbox 433 547 2024 626">
    <p class='ocr_par' dir='ltr' id='par_1_7' title="bbox 433 547 2024 626">
     <span class='ocr_line' id='line_1_7' title="bbox 433 547 2024 626; baseline -0.002 -17"><span class='ocrx_word' id='word_1_36' title='bbox 433 552 708 626; x_wconf 77' lang='lat' dir='ltr'><strong>apostolus</strong></span> <span class='ocrx_word' id='word_1_37' title='bbox 762 549 937 603; x_wconf 82' lang='lat' dir='ltr'><strong>factus</strong></span> <span class='ocrx_word' id='word_1_38' title='bbox 971 555 1071 605; x_wconf 89' lang='lat' dir='ltr'><strong>est.</strong></span> <span class='ocrx_word' id='word_1_39' title='bbox 1129 547 1356 616; x_wconf 85' lang='lat' dir='ltr'><strong>Quando</strong></span> <span class='ocrx_word' id='word_1_40' title='bbox 1407 550 1603 607; x_wconf 81' lang='lat' dir='ltr'>Saulus</span> <span class='ocrx_word' id='word_1_41' title='bbox 1658 560 1796 618; x_wconf 90' lang='lat' dir='ltr'><strong>erat,</strong></span> <span class='ocrx_word' id='word_1_42' title='bbox 1848 551 2024 607; x_wconf 87' lang='lat' dir='ltr'><strong>elatus</strong></span> 
     </span>
    </p>
   </div>
   <div class='ocr_carea' id='block_1_8' title="bbox 434 638 2025 712">
    <p class='ocr_par' dir='ltr' id='par_1_8' title="bbox 434 638 2025 712">
     <span class='ocr_line' id='line_1_8' title="bbox 434 638 2025 712; baseline -0.002 -14"><span class='ocrx_word' id='word_1_43' title='bbox 434 650 553 699; x_wconf 91' lang='lat' dir='ltr'><strong>erat</strong></span> <span class='ocrx_word' id='word_1_44' title='bbox 594 650 647 695; x_wconf 90' lang='lat' dir='ltr'><strong>et</strong></span> <span class='ocrx_word' id='word_1_45' title='bbox 698 640 990 710; x_wconf 87' lang='lat' dir='ltr'><strong>superbus,</strong></span> <span class='ocrx_word' id='word_1_46' title='bbox 1047 647 1102 693; x_wconf 90' lang='lat' dir='ltr'><strong>et</strong></span> <span class='ocrx_word' id='word_1_47' title='bbox 1154 638 1488 709; x_wconf 77' lang='lat' dir='ltr'><strong>gloriabatur</strong></span> <span class='ocrx_word' id='word_1_48' title='bbox 1541 641 1608 696; x_wconf 91' lang='lat' dir='ltr'><strong>de</strong></span> <span class='ocrx_word' id='word_1_49' title='bbox 1663 641 1780 712; x_wconf 87' lang='lat' dir='ltr'><strong>lege</strong></span> <span class='ocrx_word' id='word_1_50' title='bbox 1830 648 1887 698; x_wconf 91' lang='lat' dir='ltr'><strong>et</strong></span> <span class='ocrx_word' id='word_1_51' title='bbox 1937 656 2025 696; x_wconf 90' lang='lat' dir='ltr'><strong>sa-</strong></span> 
     </span>
    </p>
   </div>
   <div class='ocr_carea' id='block_1_9' title="bbox 431 730 2024 806">
    <p class='ocr_par' dir='ltr' id='par_1_9' title="bbox 431 730 2024 806">
     <span class='ocr_line' id='line_1_9' title="bbox 431 730 2024 806; baseline -0.001 -18"><span class='ocrx_word' id='word_1_52' title='bbox 431 734 634 806; x_wconf 90' lang='lat' dir='ltr'><strong>pientia</strong></span> <span class='ocrx_word' id='word_1_53' title='bbox 681 731 1083 802; x_wconf 88' lang='lat' dir='ltr'><strong>Scripturarum</strong></span> <span class='ocrx_word' id='word_1_54' title='bbox 1113 744 1128 784; x_wconf 90' lang='lat'><strong>:</strong></span> <span class='ocrx_word' id='word_1_55' title='bbox 1161 743 1217 785; x_wconf 89' lang='lat' dir='ltr'><strong>et</strong></span> <span class='ocrx_word' id='word_1_56' title='bbox 1242 730 1312 785; x_wconf 90' lang='lat' dir='ltr'><strong>ad</strong></span> <span class='ocrx_word' id='word_1_57' title='bbox 1362 733 1516 803; x_wconf 90' lang='lat' dir='ltr'><strong>pedes</strong></span> <span class='ocrx_word' id='word_1_58' title='bbox 1555 731 1893 799; x_wconf 84' lang='lat' dir='ltr'><strong>Camalielis,</strong></span> <span class='ocrx_word' id='word_1_59' title='bbox 1931 733 2024 802; x_wconf 87' lang='lat' dir='ltr'><strong>qui</strong></span> 
     </span>
    </p>
   </div>
   <div class='ocr_carea' id='block_1_10' title="bbox 432 822 2027 895">
    <p class='ocr_par' dir='ltr' id='par_1_10' title="bbox 432 822 2027 895">
     <span class='ocr_line' id='line_1_10' title="bbox 432 822 2027 895; baseline -0.002 -14"><span class='ocrx_word' id='word_1_60' title='bbox 432 840 497 882; x_wconf 89' lang='lat' dir='ltr'><strong>eo</strong></span> <span class='ocrx_word' id='word_1_61' title='bbox 532 834 773 894; x_wconf 89' lang='lat' dir='ltr'><strong>tempore</strong></span> <span class='ocrx_word' id='word_1_62' title='bbox 795 822 1155 894; x_wconf 92' lang='lat' dir='ltr'><strong>peritissimus</strong></span> <span class='ocrx_word' id='word_1_63' title='bbox 1180 830 1299 877; x_wconf 90' lang='lat' dir='ltr'><strong>erat</strong></span> <span class='ocrx_word' id='word_1_64' title='bbox 1337 823 1392 878; x_wconf 92' lang='lat' dir='ltr'><strong>in</strong></span> <span class='ocrx_word' id='word_1_65' title='bbox 1420 822 1555 892; x_wconf 90' lang='lat' dir='ltr'><strong>lege,</strong></span> <span class='ocrx_word' id='word_1_66' title='bbox 1591 822 1924 895; x_wconf 76' lang='lat' dir='ltr'><strong>gloriabatur</strong></span> <span class='ocrx_word' id='word_1_67' title='bbox 1966 838 2027 878; x_wconf 91' lang='lat' dir='ltr'><strong>se</strong></span> 
     </span>
    </p>
   </div>
   <div class='ocr_carea' id='block_1_11' title="bbox 433 914 2027 985">
    <p class='ocr_par' dir='ltr' id='par_1_11' title="bbox 433 914 2027 985">
     <span class='ocr_line' id='line_1_11' title="bbox 433 914 2027 985; baseline 0 -15"><span class='ocrx_word' id='word_1_68' title='bbox 433 917 647 972; x_wconf 85' lang='lat' dir='ltr'><strong>litteras</strong></span> <span class='ocrx_word' id='word_1_69' title='bbox 679 914 959 979; x_wconf 89' lang='lat' dir='ltr'><strong>didicisse;</strong></span> <span class='ocrx_word' id='word_1_70' title='bbox 989 921 1043 967; x_wconf 89' lang='lat' dir='ltr'><strong>et</strong></span> <span class='ocrx_word' id='word_1_71' title='bbox 1076 914 1145 969; x_wconf 93' lang='lat' dir='ltr'><strong>ob</strong></span> <span class='ocrx_word' id='word_1_72' title='bbox 1173 914 1277 971; x_wconf 92' lang='lat' dir='ltr'><strong>hoc</strong></span> <span class='ocrx_word' id='word_1_73' title='bbox 1299 915 1725 983; x_wconf 85' lang='lat' dir='ltr'><strong>persequebatur</strong></span> <span class='ocrx_word' id='word_1_74' title='bbox 1757 914 2027 985; x_wconf 84' lang='lat' dir='ltr'><strong>apostolos</strong></span> 
     </span>
    </p>
   </div>
   <div class='ocr_carea' id='block_1_12' title="bbox 435 1004 2023 1075">
    <p class='ocr_par' dir='ltr' id='par_1_12' title="bbox 435 1004 2023 1075">
     <span class='ocr_line' id='line_1_12' title="bbox 435 1004 2023 1075; baseline -0.002 -13"><span class='ocrx_word' id='word_1_75' title='bbox 435 1006 656 1068; x_wconf 87' lang='lat' dir='ltr'><strong>Christi,</strong></span> <span class='ocrx_word' id='word_1_76' title='bbox 697 1005 880 1059; x_wconf 90' lang='lat' dir='ltr'><strong>dicens</strong></span> <span class='ocrx_word' id='word_1_77' title='bbox 901 1004 1113 1059; x_wconf 84' lang='lat' dir='ltr'><strong>nescire</strong></span> <span class='ocrx_word' id='word_1_78' title='bbox 1154 1019 1250 1060; x_wconf 88' lang='lat' dir='ltr'><strong>eos</strong></span> <span class='ocrx_word' id='word_1_79' title='bbox 1289 1005 1463 1075; x_wconf 89' lang='lat' dir='ltr'><strong>legem</strong></span> <span class='ocrx_word' id='word_1_80' title='bbox 1510 1012 1567 1060; x_wconf 92' lang='lat' dir='ltr'><strong>et</strong></span> <span class='ocrx_word' id='word_1_81' title='bbox 1618 1006 1851 1061; x_wconf 89' lang='lat' dir='ltr'><strong>rusticos</strong></span> <span class='ocrx_word' id='word_1_82' title='bbox 1882 1019 2023 1063; x_wconf 85' lang='lat' dir='ltr'><strong>esse.</strong></span> 
     </span>
    </p>
   </div>
   <div class='ocr_carea' id='block_1_13' title="bbox 433 1095 2030 1167">
    <p class='ocr_par' dir='ltr' id='par_1_13' title="bbox 433 1095 2030 1167">
     <span class='ocr_line' id='line_1_13' title="bbox 433 1095 2030 1167; baseline -0.001 -15"><span class='ocrx_word' id='word_1_83' title='bbox 433 1097 791 1165; x_wconf 90' lang='lat' dir='ltr'><strong>Quamobrem</strong></span> <span class='ocrx_word' id='word_1_84' title='bbox 828 1095 1004 1152; x_wconf 89' lang='lat' dir='ltr'><strong>adhuc</strong></span> <span class='ocrx_word' id='word_1_85' title='bbox 1042 1097 1313 1167; x_wconf 86' lang='lat' dir='ltr'><strong>suspirans</strong></span> <span class='ocrx_word' id='word_1_86' title='bbox 1355 1098 1527 1152; x_wconf 90' lang='lat' dir='ltr'><strong>minas</strong></span> <span class='ocrx_word' id='word_1_87' title='bbox 1567 1106 1616 1151; x_wconf 88' lang='lat' dir='ltr'><strong>et</strong></span> <span class='ocrx_word' id='word_1_88' title='bbox 1648 1096 1935 1152; x_wconf 84' lang='lat' dir='ltr'><strong>homicidia</strong></span> <span class='ocrx_word' id='word_1_89' title='bbox 1973 1097 2030 1151; x_wconf 86' lang='lat' dir='ltr'><strong>in</strong></span> 
     </span>
    </p>
   </div>
   <div class='ocr_carea' id='block_1_14' title="bbox 434 1185 2029 1258">
    <p class='ocr_par' dir='ltr' id='par_1_14' title="bbox 434 1185 2029 1258">
     <span class='ocr_line' id='line_1_14' title="bbox 434 1185 2029 1258; baseline 0.001 -18"><span class='ocrx_word' id='word_1_90' title='bbox 434 1185 719 1257; x_wconf 86' lang='lat' dir='ltr'><strong>discipulos</strong></span> <span class='ocrx_word' id='word_1_91' title='bbox 750 1186 986 1253; x_wconf 84' lang='lat' dir='ltr'><strong>Domini,</strong></span> <span class='ocrx_word' id='word_1_92' title='bbox 1012 1187 1227 1240; x_wconf 87' lang='lat' dir='ltr'><strong>accessit</strong></span> <span class='ocrx_word' id='word_1_93' title='bbox 1255 1187 1324 1240; x_wconf 92' lang='lat' dir='ltr'><strong>ad</strong></span> <span class='ocrx_word' id='word_1_94' title='bbox 1351 1186 1675 1241; x_wconf 77' lang='lat' dir='ltr'><strong>sacerdotem</strong></span> <span class='ocrx_word' id='word_1_95' title='bbox 1711 1196 1760 1241; x_wconf 92' lang='lat' dir='ltr'><strong>et</strong></span> <span class='ocrx_word' id='word_1_96' title='bbox 1783 1187 1930 1258; x_wconf 79' lang='lat' dir='ltr'><strong>petiit</strong></span> <span class='ocrx_word' id='word_1_97' title='bbox 1963 1186 2029 1241; x_wconf 90' lang='lat' dir='ltr'><strong>ab</strong></span> 
     </span>
    </p>
   </div>
   <div class='ocr_carea' id='block_1_15' title="bbox 435 1277 2030 1350">
    <p class='ocr_par' dir='ltr' id='par_1_15' title="bbox 435 1277 2030 1350">
     <span class='ocr_line' id='line_1_15' title="bbox 435 1277 2030 1350; baseline -0.001 -16"><span class='ocrx_word' id='word_1_98' title='bbox 435 1297 495 1334; x_wconf 91' lang='lat' dir='ltr'><strong>eo</strong></span> <span class='ocrx_word' id='word_1_99' title='bbox 521 1278 767 1350; x_wconf 80' lang='lat' dir='ltr'><strong>epistolas</strong></span> <span class='ocrx_word' id='word_1_100' title='bbox 796 1280 852 1333; x_wconf 89' lang='lat' dir='ltr'><strong>in</strong></span> <span class='ocrx_word' id='word_1_101' title='bbox 890 1277 1211 1332; x_wconf 86' lang='lat' dir='ltr'><strong>Damascum</strong></span> <span class='ocrx_word' id='word_1_102' title='bbox 1261 1278 1331 1332; x_wconf 90' lang='lat' dir='ltr'><strong>ad</strong></span> <span class='ocrx_word' id='word_1_103' title='bbox 1370 1294 1686 1349; x_wconf 80' lang='lat' dir='ltr'><strong>synagogas,</strong></span> <span class='ocrx_word' id='word_1_104' title='bbox 1737 1288 1793 1333; x_wconf 85' lang='lat' dir='ltr'><strong>ut</strong></span> <span class='ocrx_word' id='word_1_105' title='bbox 1827 1280 1874 1333; x_wconf 93' lang='lat' dir='ltr'><strong>si</strong></span> <span class='ocrx_word' id='word_1_106' title='bbox 1899 1295 2030 1350; x_wconf 80' lang='lat' dir='ltr'><strong>quos</strong></span> 
     </span>
    </p>
   </div>
   <div class='ocr_carea' id='block_1_16' title="bbox 436 1367 2035 1442">
    <p class='ocr_par' dir='ltr' id='par_1_16' title="bbox 436 1367 2035 1442">
     <span class='ocr_line' id='line_1_16' title="bbox 436 1367 2035 1442; baseline 0.001 -19"><span class='ocrx_word' id='word_1_107' title='bbox 436 1371 686 1425; x_wconf 84' lang='lat' dir='ltr'><strong>inveniret</strong></span> <span class='ocrx_word' id='word_1_108' title='bbox 720 1371 810 1442; x_wconf 90' lang='lat' dir='ltr'><strong>qui</strong></span> <span class='ocrx_word' id='word_1_109' title='bbox 831 1379 1000 1424; x_wconf 91' lang='lat' dir='ltr'><strong>essent</strong></span> <span class='ocrx_word' id='word_1_110' title='bbox 1043 1367 1107 1423; x_wconf 90' lang='lat' dir='ltr'><strong>de</strong></span> <span class='ocrx_word' id='word_1_111' title='bbox 1131 1370 1231 1425; x_wconf 88' lang='lat' dir='ltr'><strong>hac</strong></span> <span class='ocrx_word' id='word_1_112' title='bbox 1260 1370 1341 1423; x_wconf 81' lang='lat' dir='ltr'><strong>via</strong></span> <span class='ocrx_word' id='word_1_113' title='bbox 1379 1370 1513 1424; x_wconf 83' lang='lat' dir='ltr'><strong>uiros</strong></span> <span class='ocrx_word' id='word_1_114' title='bbox 1546 1386 1609 1423; x_wconf 90' lang='lat' dir='ltr'><strong>ac</strong></span> <span class='ocrx_word' id='word_1_115' title='bbox 1635 1369 1897 1437; x_wconf 84' lang='lat' dir='ltr'><strong>mulieres,</strong></span> <span class='ocrx_word' id='word_1_116' title='bbox 1921 1371 2035 1425; x_wconf 82' lang='lat' dir='ltr'><strong>uin-</strong></span> 
     </span>
    </p>
   </div>
   <div class='ocr_carea' id='block_1_17' title="bbox 435 1458 2031 1531">
    <p class='ocr_par' dir='ltr' id='par_1_17' title="bbox 435 1458 2031 1531">
     <span class='ocr_line' id='line_1_17' title="bbox 435 1458 2031 1531; baseline 0.001 -17"><span class='ocrx_word' id='word_1_117' title='bbox 435 1469 546 1514; x_wconf 89' lang='lat' dir='ltr'><strong>ctos</strong></span> <span class='ocrx_word' id='word_1_118' title='bbox 572 1459 875 1531; x_wconf 83' lang='lat' dir='ltr'><strong>perduceret</strong></span> <span class='ocrx_word' id='word_1_119' title='bbox 911 1459 967 1512; x_wconf 87' lang='lat' dir='ltr'><strong>in</strong></span> <span class='ocrx_word' id='word_1_120' title='bbox 1008 1458 1304 1513; x_wconf 85' lang='lat' dir='ltr'><strong>Ierusalem</strong></span> <span class='ocrx_word' id='word_1_121' title='bbox 1346 1458 1483 1530; x_wconf 83' lang='lat' dir='ltr'><strong>(Act.</strong></span> <span class='ocrx_word' id='word_1_122' title='bbox 1529 1476 1606 1526; x_wconf 80' lang='grc' dir='ltr'><em>ιιι,</em></span> <span class='ocrx_word' id='word_1_123' title='bbox 1641 1459 1718 1523; x_wconf 73' lang='lat'><strong>2).</strong></span> <span class='ocrx_word' id='word_1_124' title='bbox 1760 1459 1862 1526; x_wconf 88' lang='lat' dir='ltr'><strong>Qui</strong></span> <span class='ocrx_word' id='word_1_125' title='bbox 1908 1475 2031 1515; x_wconf 88' lang='lat' dir='ltr'><strong>cum</strong></span> 
     </span>
    </p>
   </div>
   <div class='ocr_carea' id='block_1_18' title="bbox 435 1550 2034 1622">
    <p class='ocr_par' dir='ltr' id='par_1_18' title="bbox 435 1550 2034 1622">
     <span class='ocr_line' id='line_1_18' title="bbox 435 1550 2034 1622; baseline 0.001 -15"><span class='ocrx_word' id='word_1_126' title='bbox 435 1552 692 1621; x_wconf 73' lang='lat' dir='ltr'><strong>cmpissct</strong></span> <span class='ocrx_word' id='word_1_127' title='bbox 719 1552 1001 1606; x_wconf 84' lang='lat' dir='ltr'><strong>credentes</strong></span> <span class='ocrx_word' id='word_1_128' title='bbox 1026 1567 1080 1604; x_wconf 82' lang='grc' dir='ltr'><strong>ιιι</strong></span> <span class='ocrx_word' id='word_1_129' title='bbox 1105 1550 1381 1606; x_wconf 80' lang='lat' dir='ltr'><strong>Christum</strong></span> <span class='ocrx_word' id='word_1_130' title='bbox 1416 1552 1689 1622; x_wconf 88' lang='lat' dir='ltr'><strong>persequi,</strong></span> <span class='ocrx_word' id='word_1_131' title='bbox 1728 1551 1914 1620; x_wconf 78' lang='lat' dir='ltr'><strong>ligare,</strong></span> <span class='ocrx_word' id='word_1_132' title='bbox 1942 1567 2034 1607; x_wconf 91' lang='lat' dir='ltr'><strong>oc-</strong></span> 
     </span>
    </p>
   </div>
   <div class='ocr_carea' id='block_1_19' title="bbox 436 1639 2028 1711">
    <p class='ocr_par' dir='ltr' id='par_1_19' title="bbox 436 1639 2028 1711">
     <span class='ocr_line' id='line_1_19' title="bbox 436 1639 2028 1711; baseline 0 -15"><span class='ocrx_word' id='word_1_133' title='bbox 436 1639 641 1707; x_wconf 86' lang='lat' dir='ltr'><strong>cidere,</strong></span> <span class='ocrx_word' id='word_1_134' title='bbox 699 1648 754 1695; x_wconf 91' lang='lat' dir='ltr'><strong>et</strong></span> <span class='ocrx_word' id='word_1_135' title='bbox 805 1655 1021 1696; x_wconf 90' lang='lat' dir='ltr'><strong>omnem</strong></span> <span class='ocrx_word' id='word_1_136' title='bbox 1070 1640 1163 1695; x_wconf 91' lang='lat' dir='ltr'><strong>Dei</strong></span> <span class='ocrx_word' id='word_1_137' title='bbox 1205 1641 1287 1697; x_wconf 90' lang='lat' dir='ltr'><strong>sui</strong></span> <span class='ocrx_word' id='word_1_138' title='bbox 1334 1641 1600 1711; x_wconf 86' lang='lat' dir='ltr'><strong>dissipare</strong></span> <span class='ocrx_word' id='word_1_139' title='bbox 1647 1641 2028 1706; x_wconf 79' lang='lat' dir='ltr'><strong>substantiam,</strong></span> 
     </span>
    </p>
   </div>
   <div class='ocr_carea' id='block_1_20' title="bbox 2120 458 3701 532">
    <p class='ocr_par' dir='ltr' id='par_1_20' title="bbox 2120 458 3701 532">
     <span class='ocr_line' id='line_1_20' title="bbox 2120 458 3701 532; baseline 0.006 -18"><span class='ocrx_word' id='word_1_140' title='bbox 2120 460 2295 516; x_wconf 75' lang='lat' dir='ltr'><strong>nitate.</strong></span> <span class='ocrx_word' id='word_1_141' title='bbox 2320 458 2575 528; x_wconf 82' lang='lat' dir='ltr'><strong>parvulis,</strong></span> <span class='ocrx_word' id='word_1_142' title='bbox 2606 460 2739 528; x_wconf 90' lang='lat' dir='ltr'><strong>quid</strong></span> <span class='ocrx_word' id='word_1_143' title='bbox 2758 460 2845 515; x_wconf 87' lang='lat' dir='ltr'><strong>cui</strong></span> <span class='ocrx_word' id='word_1_144' title='bbox 2868 458 3149 525; x_wconf 89' lang='lat' dir='ltr'><strong>debeatur,</strong></span> <span class='ocrx_word' id='word_1_145' title='bbox 3190 470 3376 532; x_wconf 85' lang='lat' dir='ltr'><strong>aptum</strong></span> <span class='ocrx_word' id='word_1_146' title='bbox 3399 464 3582 521; x_wconf 86' lang='lat' dir='ltr'><strong>cibum</strong></span> <span class='ocrx_word' id='word_1_147' title='bbox 3609 470 3701 523; x_wconf 85' lang='lat' dir='ltr'><strong>mi-</strong></span> 
     </span>
    </p>
   </div>
   <div class='ocr_carea' id='block_1_21' title="bbox 2121 549 3705 622">
    <p class='ocr_par' dir='ltr' id='par_1_21' title="bbox 2121 549 3705 622">
     <span class='ocr_line' id='line_1_21' title="bbox 2121 549 3705 622; baseline 0.007 -19"><span class='ocrx_word' id='word_1_148' title='bbox 2121 549 2356 605; x_wconf 85' lang='lat' dir='ltr'><strong>nistrare</strong></span> <span class='ocrx_word' id='word_1_149' title='bbox 2382 558 2735 619; x_wconf 87' lang='lat' dir='ltr'><strong>utrorumque</strong></span> <span class='ocrx_word' id='word_1_150' title='bbox 2762 550 2888 605; x_wconf 84' lang='lat' dir='ltr'><strong>ﬁliis</strong></span> <span class='ocrx_word' id='word_1_151' title='bbox 2912 566 3021 607; x_wconf 87' lang='lat' dir='ltr'><strong>non</strong></span> <span class='ocrx_word' id='word_1_152' title='bbox 3049 567 3328 622; x_wconf 78' lang='lat' dir='ltr'><strong>negemus,</strong></span> <span class='ocrx_word' id='word_1_153' title='bbox 3371 562 3434 609; x_wconf 90' lang='lat' dir='ltr'><strong>ut</strong></span> <span class='ocrx_word' id='word_1_154' title='bbox 3479 555 3612 614; x_wconf 77' lang='lat' dir='ltr'><strong>illud</strong></span> <span class='ocrx_word' id='word_1_155' title='bbox 3651 557 3705 613; x_wconf 81' lang='lat' dir='ltr'><strong>in</strong></span> 
     </span>
    </p>
   </div>
   <div class='ocr_carea' id='block_1_22' title="bbox 2121 637 3701 714">
    <p class='ocr_par' dir='ltr' id='par_1_22' title="bbox 2121 637 3701 714">
     <span class='ocr_line' id='line_1_22' title="bbox 2121 637 3701 714; baseline 0.002 -19"><span class='ocrx_word' id='word_1_156' title='bbox 2121 639 2277 713; x_wconf 80' lang='lat' dir='ltr'><strong>nobis</strong></span> <span class='ocrx_word' id='word_1_157' title='bbox 2304 637 2637 708; x_wconf 84' lang='lat' dir='ltr'><strong>compleatur</strong></span> <span class='ocrx_word' id='word_1_158' title='bbox 2667 640 2813 708; x_wconf 87' lang='lat' dir='ltr'><strong>quod</strong></span> <span class='ocrx_word' id='word_1_159' title='bbox 2839 640 3098 696; x_wconf 88' lang='lat' dir='ltr'><strong>Dominus</strong></span> <span class='ocrx_word' id='word_1_160' title='bbox 3129 641 3184 696; x_wconf 87' lang='lat' dir='ltr'><strong>in</strong></span> <span class='ocrx_word' id='word_1_161' title='bbox 3207 642 3503 714; x_wconf 86' lang='lat' dir='ltr'><strong>Evangelio</strong></span> <span class='ocrx_word' id='word_1_162' title='bbox 3532 646 3663 701; x_wconf 80' lang='lat' dir='ltr'><strong>dicit</strong></span> <span class='ocrx_word' id='word_1_163' title='bbox 3688 662 3701 698; x_wconf 89' lang='lat'><strong>:</strong></span> 
     </span>
    </p>
   </div>
   <div class='ocr_carea' id='block_1_23' title="bbox 2125 728 3709 805">
    <p class='ocr_par' dir='ltr' id='par_1_23' title="bbox 2125 728 3709 805">
     <span class='ocr_line' id='line_1_23' title="bbox 2125 728 3709 805; baseline 0.008 -24"><span class='ocrx_word' id='word_1_164' title='bbox 2125 728 2278 794; x_wconf 79' lang='lat' dir='ltr'><strong>Quis,</strong></span> <span class='ocrx_word' id='word_1_165' title='bbox 2303 738 2480 799; x_wconf 80' lang='lat' dir='ltr'><strong>putas,</strong></span> <span class='ocrx_word' id='word_1_166' title='bbox 2512 738 2588 783; x_wconf 87' lang='lat' dir='ltr'><strong>est</strong></span> <span class='ocrx_word' id='word_1_167' title='bbox 2622 729 2798 800; x_wconf 77' lang='lat' dir='ltr'><strong>fidelis</strong></span> <span class='ocrx_word' id='word_1_168' title='bbox 2838 747 3019 786; x_wconf 81' lang='lat' dir='ltr'><strong>servus</strong></span> <span class='ocrx_word' id='word_1_169' title='bbox 3045 740 3096 786; x_wconf 88' lang='lat' dir='ltr'><strong>et</strong></span> <span class='ocrx_word' id='word_1_170' title='bbox 3135 734 3387 804; x_wconf 79' lang='lat' dir='ltr'><strong>prudens,</strong></span> <span class='ocrx_word' id='word_1_171' title='bbox 3414 751 3566 805; x_wconf 77' lang='lat' dir='ltr'><strong>quem</strong></span> <span class='ocrx_word' id='word_1_172' title='bbox 3595 753 3709 793; x_wconf 79' lang='lat' dir='ltr'><strong>con-</strong></span> 
     </span>
    </p>
   </div>
   <div class='ocr_carea' id='block_1_24' title="bbox 2123 820 3707 892">
    <p class='ocr_par' dir='ltr' id='par_1_24' title="bbox 2123 820 3707 892">
     <span class='ocr_line' id='line_1_24' title="bbox 2123 820 3707 892; baseline 0.006 -19"><span class='ocrx_word' id='word_1_173' title='bbox 2123 820 2291 874; x_wconf 84' lang='lat' dir='ltr'><strong>stituit</strong></span> <span class='ocrx_word' id='word_1_174' title='bbox 2320 820 2577 877; x_wconf 80' lang='lat' dir='ltr'><strong>Dominus</strong></span> <span class='ocrx_word' id='word_1_175' title='bbox 2603 838 2759 892; x_wconf 86' lang='lat' dir='ltr'><strong>super</strong></span> <span class='ocrx_word' id='word_1_176' title='bbox 2797 822 3060 892; x_wconf 77' lang='lat' dir='ltr'><strong>familiam</strong></span> <span class='ocrx_word' id='word_1_177' title='bbox 3106 841 3277 889; x_wconf 87' lang='lat' dir='ltr'><strong>suam,</strong></span> <span class='ocrx_word' id='word_1_178' title='bbox 3322 836 3379 879; x_wconf 89' lang='lat' dir='ltr'><strong>ut</strong></span> <span class='ocrx_word' id='word_1_179' title='bbox 3404 827 3490 880; x_wconf 88' lang='lat' dir='ltr'><strong>det</strong></span> <span class='ocrx_word' id='word_1_180' title='bbox 3515 827 3622 883; x_wconf 84' lang='lat' dir='ltr'><strong>illis</strong></span> <span class='ocrx_word' id='word_1_181' title='bbox 3640 846 3707 883; x_wconf 83' lang='lat' dir='ltr'><strong>et-</strong></span> 
     </span>
    </p>
   </div>
   <div class='ocr_carea' id='block_1_25' title="bbox 2125 909 3711 985">
    <p class='ocr_par' dir='ltr' id='par_1_25' title="bbox 2125 909 3711 985">
     <span class='ocr_line' id='line_1_25' title="bbox 2125 909 3711 985; baseline 0.006 -22"><span class='ocrx_word' id='word_1_182' title='bbox 2125 909 2246 963; x_wconf 87' lang='lat' dir='ltr'><strong>bum</strong></span> <span class='ocrx_word' id='word_1_183' title='bbox 2284 909 2340 964; x_wconf 90' lang='lat' dir='ltr'><strong>in</strong></span> <span class='ocrx_word' id='word_1_184' title='bbox 2385 912 2657 983; x_wconf 77' lang='lat' dir='ltr'><strong>tempore?</strong></span> <span class='ocrx_word' id='word_1_185' title='bbox 2702 912 3052 980; x_wconf 83' lang='lat' dir='ltr'><strong>Dispensator</strong></span> <span class='ocrx_word' id='word_1_186' title='bbox 3086 915 3345 984; x_wconf 86' lang='lat' dir='ltr'><strong>prudens,</strong></span> <span class='ocrx_word' id='word_1_187' title='bbox 3380 926 3571 985; x_wconf 86' lang='lat' dir='ltr'><strong>pastor</strong></span> <span class='ocrx_word' id='word_1_188' title='bbox 3613 918 3711 974; x_wconf 78' lang='lat' dir='ltr'><strong>Ec-</strong></span> 
     </span>
    </p>
   </div>
   <div class='ocr_carea' id='block_1_26' title="bbox 2127 1000 3715 1075">
    <p class='ocr_par' dir='ltr' id='par_1_26' title="bbox 2127 1000 3715 1075">
     <span class='ocr_line' id='line_1_26' title="bbox 2127 1000 3715 1075; baseline 0.004 -20"><span class='ocrx_word' id='word_1_189' title='bbox 2127 1000 2304 1056; x_wconf 59' lang='lat' dir='ltr'><strong>clesiae</strong></span> <span class='ocrx_word' id='word_1_190' title='bbox 2326 1040 2343 1067; x_wconf 94' lang='lat'><strong>,</strong></span> <span class='ocrx_word' id='word_1_191' title='bbox 2403 1002 2697 1072; x_wconf 85' lang='lat' dir='ltr'><strong>unicuique</strong></span> <span class='ocrx_word' id='word_1_192' title='bbox 2737 1002 2920 1058; x_wconf 88' lang='lat' dir='ltr'><strong>cibum</strong></span> <span class='ocrx_word' id='word_1_193' title='bbox 2972 1018 3072 1059; x_wconf 91' lang='lat' dir='ltr'><strong>suo</strong></span> <span class='ocrx_word' id='word_1_194' title='bbox 3125 1012 3370 1075; x_wconf 87' lang='lat' dir='ltr'><strong>tempore</strong></span> <span class='ocrx_word' id='word_1_195' title='bbox 3416 1007 3540 1073; x_wconf 89' lang='lat' dir='ltr'><strong>dat,</strong></span> <span class='ocrx_word' id='word_1_196' title='bbox 3593 1022 3715 1062; x_wconf 81' lang='lat' dir='ltr'><strong>cum</strong></span> 
     </span>
    </p>
   </div>
   <div class='ocr_carea' id='block_1_27' title="bbox 2127 1092 3706 1167">
    <p class='ocr_par' dir='ltr' id='par_1_27' title="bbox 2127 1092 3706 1167">
     <span class='ocr_line' id='line_1_27' title="bbox 2127 1092 3706 1167; baseline 0.007 -22"><span class='ocrx_word' id='word_1_197' title='bbox 2127 1093 2351 1147; x_wconf 79' lang='lat' dir='ltr'><strong>verbum</strong></span> <span class='ocrx_word' id='word_1_198' title='bbox 2374 1092 2772 1163; x_wconf 79' lang='lat' dir='ltr'><strong>przedicationis</strong></span> <span class='ocrx_word' id='word_1_199' title='bbox 2793 1094 2874 1149; x_wconf 90' lang='lat' dir='ltr'><strong>sic</strong></span> <span class='ocrx_word' id='word_1_200' title='bbox 2898 1095 3176 1165; x_wconf 86' lang='lat' dir='ltr'><strong>dispensat</strong></span> <span class='ocrx_word' id='word_1_201' title='bbox 3196 1097 3443 1167; x_wconf 74' lang='lat' dir='ltr'><strong>singulis,</strong></span> <span class='ocrx_word' id='word_1_202' title='bbox 3470 1106 3531 1152; x_wconf 91' lang='lat' dir='ltr'><strong>ut</strong></span> <span class='ocrx_word' id='word_1_203' title='bbox 3550 1098 3706 1156; x_wconf 85' lang='lat' dir='ltr'><strong>liben-</strong></span> 
     </span>
    </p>
   </div>
   <div class='ocr_carea' id='block_1_28' title="bbox 2130 1185 3713 1261">
    <p class='ocr_par' dir='ltr' id='par_1_28' title="bbox 2130 1185 3713 1261">
     <span class='ocr_line' id='line_1_28' title="bbox 2130 1185 3713 1261; baseline 0.004 -21"><span class='ocrx_word' id='word_1_204' title='bbox 2130 1191 2215 1240; x_wconf 88' lang='lat' dir='ltr'><strong>ter</strong></span> <span class='ocrx_word' id='word_1_205' title='bbox 2245 1185 2519 1254; x_wconf 91' lang='lat' dir='ltr'><strong>accipiens</strong></span> <span class='ocrx_word' id='word_1_206' title='bbox 2543 1185 2723 1241; x_wconf 85' lang='lat' dir='ltr'><strong>anima</strong></span> <span class='ocrx_word' id='word_1_207' title='bbox 2752 1200 2948 1257; x_wconf 85' lang='lat' dir='ltr'><strong>capere</strong></span> <span class='ocrx_word' id='word_1_208' title='bbox 2996 1195 3053 1241; x_wconf 90' lang='lat' dir='ltr'><strong>et</strong></span> <span class='ocrx_word' id='word_1_209' title='bbox 3092 1196 3314 1258; x_wconf 85' lang='lat' dir='ltr'><strong>portare</strong></span> <span class='ocrx_word' id='word_1_210' title='bbox 3360 1190 3536 1259; x_wconf 80' lang='lat' dir='ltr'><strong>possit</strong></span> <span class='ocrx_word' id='word_1_211' title='bbox 3578 1192 3713 1261; x_wconf 87' lang='lat' dir='ltr'><strong>quod</strong></span> 
     </span>
    </p>
   </div>
   <div class='ocr_carea' id='block_1_29' title="bbox 2130 1274 3716 1350">
    <p class='ocr_par' dir='ltr' id='par_1_29' title="bbox 2130 1274 3716 1350">
     <span class='ocr_line' id='line_1_29' title="bbox 2130 1274 3716 1350; baseline 0.004 -21"><span class='ocrx_word' id='word_1_212' title='bbox 2130 1274 2380 1331; x_wconf 87' lang='lat' dir='ltr'><strong>dederit:</strong></span> <span class='ocrx_word' id='word_1_213' title='bbox 2409 1289 2479 1331; x_wconf 91' lang='lat' dir='ltr'><strong>ne</strong></span> <span class='ocrx_word' id='word_1_214' title='bbox 2505 1275 2687 1348; x_wconf 81' lang='lat' dir='ltr'><strong>(quod</strong></span> <span class='ocrx_word' id='word_1_215' title='bbox 2708 1276 2871 1349; x_wconf 88' lang='lat' dir='ltr'><strong>absit)</strong></span> <span class='ocrx_word' id='word_1_216' title='bbox 2906 1284 3089 1333; x_wconf 90' lang='lat' dir='ltr'><strong>mente</strong></span> <span class='ocrx_word' id='word_1_217' title='bbox 3126 1277 3353 1349; x_wconf 87' lang='lat' dir='ltr'><strong>parvulo</strong></span> <span class='ocrx_word' id='word_1_218' title='bbox 3393 1278 3523 1334; x_wconf 90' lang='lat' dir='ltr'><strong>dum</strong></span> <span class='ocrx_word' id='word_1_219' title='bbox 3566 1282 3716 1350; x_wconf 88' lang='lat' dir='ltr'><strong>panis</strong></span> 
     </span>
    </p>
   </div>
   <div class='ocr_carea' id='block_1_30' title="bbox 2131 1365 3714 1441">
    <p class='ocr_par' dir='ltr' id='par_1_30' title="bbox 2131 1365 3714 1441">
     <span class='ocr_line' id='line_1_30' title="bbox 2131 1365 3714 1441; baseline 0.003 -20"><span class='ocrx_word' id='word_1_220' title='bbox 2131 1365 2300 1422; x_wconf 90' lang='lat' dir='ltr'><strong>durus</strong></span> <span class='ocrx_word' id='word_1_221' title='bbox 2333 1367 2387 1421; x_wconf 94' lang='lat' dir='ltr'><strong>in</strong></span> <span class='ocrx_word' id='word_1_222' title='bbox 2411 1382 2493 1432; x_wconf 90' lang='lat' dir='ltr'><strong>os,</strong></span> <span class='ocrx_word' id='word_1_223' title='bbox 2530 1368 2585 1422; x_wconf 90' lang='lat' dir='ltr'><strong>id</strong></span> <span class='ocrx_word' id='word_1_224' title='bbox 2617 1377 2701 1424; x_wconf 90' lang='lat' dir='ltr'><strong>est</strong></span> <span class='ocrx_word' id='word_1_225' title='bbox 2728 1369 2783 1423; x_wconf 89' lang='lat' dir='ltr'><strong>in</strong></span> <span class='ocrx_word' id='word_1_226' title='bbox 2828 1369 3117 1435; x_wconf 89' lang='lat' dir='ltr'><strong>locutione,</strong></span> <span class='ocrx_word' id='word_1_227' title='bbox 3161 1369 3306 1441; x_wconf 90' lang='lat' dir='ltr'><strong>quod</strong></span> <span class='ocrx_word' id='word_1_228' title='bbox 3340 1380 3425 1425; x_wconf 90' lang='lat' dir='ltr'><strong>est</strong></span> <span class='ocrx_word' id='word_1_229' title='bbox 3445 1371 3714 1436; x_wconf 70' lang='lat' dir='ltr'><strong>divinitas,</strong></span> 
     </span>
    </p>
   </div>
   <div class='ocr_carea' id='block_1_31' title="bbox 2132 1457 3717 1527">
    <p class='ocr_par' dir='ltr' id='par_1_31' title="bbox 2132 1457 3717 1527">
     <span class='ocr_line' id='line_1_31' title="bbox 2132 1457 3717 1527; baseline 0.005 -17"><span class='ocrx_word' id='word_1_230' title='bbox 2132 1457 2383 1524; x_wconf 87' lang='lat' dir='ltr'><strong>mittitur,</strong></span> <span class='ocrx_word' id='word_1_231' title='bbox 2417 1458 2533 1524; x_wconf 83' lang='lat' dir='ltr'><strong>sine</strong></span> <span class='ocrx_word' id='word_1_232' title='bbox 2562 1459 2904 1516; x_wconf 87' lang='lat' dir='ltr'><strong>trituratione</strong></span> <span class='ocrx_word' id='word_1_233' title='bbox 2932 1461 3195 1527; x_wconf 89' lang='lat' dir='ltr'><strong>dentium,</strong></span> <span class='ocrx_word' id='word_1_234' title='bbox 3222 1461 3534 1517; x_wconf 77' lang='lat' dir='ltr'><strong>suﬂ&#39;ocetur.</strong></span> <span class='ocrx_word' id='word_1_235' title='bbox 3559 1462 3717 1518; x_wconf 81' lang='lat' dir='ltr'><strong>Lacte</strong></span> 
     </span>
    </p>
   </div>
   <div class='ocr_carea' id='block_1_32' title="bbox 2132 1548 3716 1619">
    <p class='ocr_par' dir='ltr' id='par_1_32' title="bbox 2132 1548 3716 1619">
     <span class='ocr_line' id='line_1_32' title="bbox 2132 1548 3716 1619; baseline 0.003 -18"><span class='ocrx_word' id='word_1_236' title='bbox 2132 1562 2263 1619; x_wconf 90' lang='lat' dir='ltr'><strong>ergo</strong></span> <span class='ocrx_word' id='word_1_237' title='bbox 2307 1548 2485 1603; x_wconf 88' lang='lat' dir='ltr'><strong>alendi</strong></span> <span class='ocrx_word' id='word_1_238' title='bbox 2537 1559 2682 1615; x_wconf 90' lang='lat' dir='ltr'><strong>sunt,</strong></span> <span class='ocrx_word' id='word_1_239' title='bbox 2732 1551 2785 1606; x_wconf 91' lang='lat' dir='ltr'><strong>id</strong></span> <span class='ocrx_word' id='word_1_240' title='bbox 2827 1559 2934 1617; x_wconf 85' lang='lat' dir='ltr'><strong>est,</strong></span> <span class='ocrx_word' id='word_1_241' title='bbox 2964 1552 3190 1607; x_wconf 84' lang='lat' dir='ltr'><strong>credant</strong></span> <span class='ocrx_word' id='word_1_242' title='bbox 3214 1566 3339 1607; x_wconf 91' lang='lat' dir='ltr'><strong>eum</strong></span> <span class='ocrx_word' id='word_1_243' title='bbox 3379 1567 3500 1608; x_wconf 84' lang='lat' dir='ltr'><strong>esse</strong></span> <span class='ocrx_word' id='word_1_244' title='bbox 3524 1552 3716 1607; x_wconf 77' lang='lat' dir='ltr'><strong>Filium</strong></span> 
     </span>
    </p>
   </div>
   <div class='ocr_carea' id='block_1_33' title="bbox 2134 1638 3716 1712">
    <p class='ocr_par' dir='ltr' id='par_1_33' title="bbox 2134 1638 3716 1712">
     <span class='ocr_line' id='line_1_33' title="bbox 2134 1638 3716 1712; baseline 0.003 -20"><span class='ocrx_word' id='word_1_245' title='bbox 2134 1638 2230 1693; x_wconf 89' lang='lat' dir='ltr'><strong>Dei</strong></span> <span class='ocrx_word' id='word_1_246' title='bbox 2257 1639 2555 1709; x_wconf 88' lang='lat' dir='ltr'><strong>proprium,</strong></span> <span class='ocrx_word' id='word_1_247' title='bbox 2593 1655 2699 1696; x_wconf 88' lang='lat' dir='ltr'><strong>non</strong></span> <span class='ocrx_word' id='word_1_248' title='bbox 2736 1641 3044 1712; x_wconf 84' lang='lat' dir='ltr'><strong>adeptivum</strong></span> <span class='ocrx_word' id='word_1_249' title='bbox 3070 1660 3082 1694; x_wconf 91' lang='lat'>:</span> <span class='ocrx_word' id='word_1_250' title='bbox 3113 1642 3280 1696; x_wconf 90' lang='lat' dir='ltr'><strong>Deum</strong></span> <span class='ocrx_word' id='word_1_251' title='bbox 3312 1657 3515 1706; x_wconf 87' lang='lat' dir='ltr'><strong>verum,</strong></span> <span class='ocrx_word' id='word_1_252' title='bbox 3556 1657 3716 1712; x_wconf 86' lang='lat' dir='ltr'><strong>quem</strong></span> 
     </span>
    </p>
   </div>
   <div class='ocr_carea' id='block_1_34' title="bbox 438 1714 3717 1805">
    <p class='ocr_par' dir='ltr' id='par_1_34' title="bbox 438 1714 3717 1805">
     <span class='ocr_line' id='line_1_34' title="bbox 438 1714 3717 1805; baseline -0 -18"><span class='ocrx_word' id='word_1_253' title='bbox 438 1741 723 1803; x_wconf 83' lang='lat' dir='ltr'><strong>correptus</strong></span> <span class='ocrx_word' id='word_1_254' title='bbox 748 1748 778 1786; x_wconf 88' lang='lat' dir='ltr'><strong>a</strong></span> <span class='ocrx_word' id='word_1_255' title='bbox 806 1732 1033 1788; x_wconf 91' lang='lat' dir='ltr'><strong>Domino</strong></span> <span class='ocrx_word' id='word_1_256' title='bbox 1069 1741 1172 1787; x_wconf 88' lang='lat' dir='ltr'><strong>est.</strong></span> <span class='ocrx_word' id='word_1_257' title='bbox 1203 1732 1386 1799; x_wconf 88' lang='lat' dir='ltr'><strong>Saule,</strong></span> <span class='ocrx_word' id='word_1_258' title='bbox 1418 1732 1599 1798; x_wconf 88' lang='lat' dir='ltr'><strong>Saule,</strong></span> <span class='ocrx_word' id='word_1_259' title='bbox 1633 1734 1761 1805; x_wconf 89' lang='lat' dir='ltr'><strong>quid</strong></span> <span class='ocrx_word' id='word_1_260' title='bbox 1802 1751 1883 1788; x_wconf 89' lang='lat' dir='ltr'><strong>me</strong></span> <span class='ocrx_word' id='word_1_261' title='bbox 1915 1751 2031 1805; x_wconf 84' lang='lat' dir='ltr'><strong>per-</strong></span> <span class='ocrx_word' id='word_1_262' title='bbox 2065 1714 2109 1773; x_wconf 74' lang='grc' dir='ltr'><strong>Β</strong></span> <span class='ocrx_word' id='word_1_263' title='bbox 2135 1727 2305 1784; x_wconf 74' lang='grc' dir='ltr'><em>ιιιιάςεί</em></span> <span class='ocrx_word' id='word_1_264' title='bbox 2355 1729 2760 1786; x_wconf 78' lang='lat' dir='ltr'><strong>cruciﬁserunt.</strong></span> <span class='ocrx_word' id='word_1_265' title='bbox 2817 1731 2933 1802; x_wconf 90' lang='lat' dir='ltr'><strong>Ipse</strong></span> <span class='ocrx_word' id='word_1_266' title='bbox 2979 1739 3066 1787; x_wconf 90' lang='lat' dir='ltr'><strong>est</strong></span> <span class='ocrx_word' id='word_1_267' title='bbox 3114 1747 3276 1787; x_wconf 85' lang='lat' dir='ltr'><strong>verus</strong></span> <span class='ocrx_word' id='word_1_268' title='bbox 3311 1733 3468 1798; x_wconf 86' lang='lat' dir='ltr'><strong>Deus,</strong></span> <span class='ocrx_word' id='word_1_269' title='bbox 3502 1742 3557 1787; x_wconf 89' lang='lat' dir='ltr'><strong>et</strong></span> <span class='ocrx_word' id='word_1_270' title='bbox 3605 1734 3717 1786; x_wconf 87' lang='lat' dir='ltr'><strong>vita</strong></span> 
     </span>
    </p>
   </div>
   <div class='ocr_carea' id='block_1_35' title="bbox 439 1825 2031 1896">
    <p class='ocr_par' dir='ltr' id='par_1_35' title="bbox 439 1825 2031 1896">
     <span class='ocr_line' id='line_1_35' title="bbox 439 1825 2031 1896; baseline 0 -17"><span class='ocrx_word' id='word_1_271' title='bbox 439 1825 708 1896; x_wconf 83' lang='lat' dir='ltr'><strong>sequeris?</strong></span> <span class='ocrx_word' id='word_1_272' title='bbox 735 1825 938 1878; x_wconf 90' lang='lat' dir='ltr'><strong>Durum</strong></span> <span class='ocrx_word' id='word_1_273' title='bbox 975 1836 1047 1879; x_wconf 90' lang='lat' dir='ltr'><strong>est</strong></span> <span class='ocrx_word' id='word_1_274' title='bbox 1073 1826 1165 1879; x_wconf 87' lang='lat' dir='ltr'><strong>tibi</strong></span> <span class='ocrx_word' id='word_1_275' title='bbox 1206 1837 1385 1880; x_wconf 90' lang='lat' dir='ltr'><strong>contra</strong></span> <span class='ocrx_word' id='word_1_276' title='bbox 1424 1826 1693 1881; x_wconf 76' lang='lat' dir='ltr'><strong>simulam</strong></span> <span class='ocrx_word' id='word_1_277' title='bbox 1739 1826 2031 1881; x_wconf 86' lang='lat' dir='ltr'><strong>calcitrarc.</strong></span> 
     </span>
    </p>
   </div>
   <div class='ocr_carea' id='block_1_36' title="bbox 442 1914 2039 1986">
    <p class='ocr_par' dir='ltr' id='par_1_36' title="bbox 442 1914 2039 1986">
     <span class='ocr_line' id='line_1_36' title="bbox 442 1914 2039 1986; baseline 0.001 -19"><span class='ocrx_word' id='word_1_278' title='bbox 442 1915 696 1984; x_wconf 88' lang='lat' dir='ltr'><strong>Dixitque</strong></span> <span class='ocrx_word' id='word_1_279' title='bbox 722 1916 775 1968; x_wconf 88' lang='lat' dir='ltr'><strong>in</strong></span> <span class='ocrx_word' id='word_1_280' title='bbox 804 1915 966 1969; x_wconf 90' lang='lat' dir='ltr'><strong>corde</strong></span> <span class='ocrx_word' id='word_1_281' title='bbox 1008 1930 1152 1969; x_wconf 89' lang='lat' dir='ltr'><strong>suo:</strong></span> <span class='ocrx_word' id='word_1_282' title='bbox 1194 1914 1335 1982; x_wconf 90' lang='lat' dir='ltr'><strong>Quid</strong></span> <span class='ocrx_word' id='word_1_283' title='bbox 1382 1915 1601 1981; x_wconf 76' lang='lat' dir='ltr'><strong>faciam,</strong></span> <span class='ocrx_word' id='word_1_284' title='bbox 1643 1916 1735 1986; x_wconf 92' lang='lat' dir='ltr'><strong>qui</strong></span> <span class='ocrx_word' id='word_1_285' title='bbox 1778 1915 2039 1985; x_wconf 90' lang='lat' dir='ltr'><strong>magister</strong></span> 
     </span>
    </p>
   </div>
   <div class='ocr_carea' id='block_1_37' title="bbox 443 2004 2039 2076">
    <p class='ocr_par' dir='ltr' id='par_1_37' title="bbox 443 2004 2039 2076">
     <span class='ocr_line' id='line_1_37' title="bbox 443 2004 2039 2076; baseline 0.001 -18"><span class='ocrx_word' id='word_1_286' title='bbox 443 2004 519 2059; x_wconf 82' lang='lat' dir='ltr'><strong>l‘ui</strong></span> <span class='ocrx_word' id='word_1_287' title='bbox 556 2014 609 2059; x_wconf 89' lang='lat' dir='ltr'><strong>et</strong></span> <span class='ocrx_word' id='word_1_288' title='bbox 648 2005 878 2069; x_wconf 75' lang='lat' dir='ltr'><strong>villicus,</strong></span> <span class='ocrx_word' id='word_1_289' title='bbox 917 2021 1082 2074; x_wconf 88' lang='lat' dir='ltr'><strong>cogor</strong></span> <span class='ocrx_word' id='word_1_290' title='bbox 1122 2020 1242 2059; x_wconf 86' lang='lat' dir='ltr'><strong>esse</strong></span> <span class='ocrx_word' id='word_1_291' title='bbox 1289 2007 1584 2076; x_wconf 85' lang='lat' dir='ltr'><strong>discipulus</strong></span> <span class='ocrx_word' id='word_1_292' title='bbox 1630 2017 1684 2061; x_wconf 83' lang='lat' dir='ltr'><strong>et</strong></span> <span class='ocrx_word' id='word_1_293' title='bbox 1723 2006 2039 2076; x_wconf 83' lang='lat' dir='ltr'><strong>cperarius?</strong></span> 
     </span>
    </p>
   </div>
   <div class='ocr_carea' id='block_1_38' title="bbox 442 2092 2040 2161">
    <p class='ocr_par' dir='ltr' id='par_1_38' title="bbox 442 2092 2040 2161">
     <span class='ocr_line' id='line_1_38' title="bbox 442 2092 2040 2161; baseline 0 -13"><span class='ocrx_word' id='word_1_294' title='bbox 442 2092 653 2149; x_wconf 82' lang='lat' dir='ltr'><strong>Fodere</strong></span> <span class='ocrx_word' id='word_1_295' title='bbox 673 2113 778 2150; x_wconf 89' lang='lat' dir='ltr'><strong>non</strong></span> <span class='ocrx_word' id='word_1_296' title='bbox 806 2093 971 2149; x_wconf 80' lang='lat' dir='ltr'><strong>valeo.</strong></span> <span class='ocrx_word' id='word_1_297' title='bbox 1000 2095 1139 2161; x_wconf 89' lang='lat' dir='ltr'><strong>Quid</strong></span> <span class='ocrx_word' id='word_1_298' title='bbox 1169 2095 1321 2159; x_wconf 78' lang='lat' dir='ltr'><strong>dixit,</strong></span> <span class='ocrx_word' id='word_1_299' title='bbox 1360 2094 1564 2149; x_wconf 77' lang='lat' dir='ltr'><strong>Fodere</strong></span> <span class='ocrx_word' id='word_1_300' title='bbox 1602 2112 1707 2152; x_wconf 88' lang='lat' dir='ltr'><strong>non</strong></span> <span class='ocrx_word' id='word_1_301' title='bbox 1753 2095 1937 2149; x_wconf 82' lang='lat' dir='ltr'><strong>valeo?</strong></span> <span class='ocrx_word' id='word_1_302' title='bbox 1959 2094 2040 2149; x_wconf 78' lang='lat' dir='ltr'><strong>Ac</strong></span> 
     </span>
    </p>
   </div>
   <div class='ocr_carea' id='block_1_39' title="bbox 443 2183 2038 2255">
    <p class='ocr_par' dir='ltr' id='par_1_39' title="bbox 443 2183 2038 2255">
     <span class='ocr_line' id='line_1_39' title="bbox 443 2183 2038 2255; baseline -0.001 -16"><span class='ocrx_word' id='word_1_303' title='bbox 443 2186 489 2239; x_wconf 89' lang='lat' dir='ltr'><strong>si</strong></span> <span class='ocrx_word' id='word_1_304' title='bbox 539 2196 726 2255; x_wconf 82' lang='lat' dir='ltr'><strong>aperte</strong></span> <span class='ocrx_word' id='word_1_305' title='bbox 767 2183 972 2239; x_wconf 88' lang='lat' dir='ltr'><strong>diceret</strong></span> <span class='ocrx_word' id='word_1_306' title='bbox 1020 2202 1033 2237; x_wconf 88' lang='lat'>:</span> <span class='ocrx_word' id='word_1_307' title='bbox 1090 2200 1197 2239; x_wconf 90' lang='lat' dir='ltr'><strong>non</strong></span> <span class='ocrx_word' id='word_1_308' title='bbox 1245 2201 1464 2254; x_wconf 90' lang='lat' dir='ltr'><strong>possum</strong></span> <span class='ocrx_word' id='word_1_309' title='bbox 1516 2200 1679 2254; x_wconf 88' lang='lat' dir='ltr'><strong>supra</strong></span> <span class='ocrx_word' id='word_1_310' title='bbox 1713 2185 2038 2254; x_wconf 82' lang='lat' dir='ltr'><strong>prophetare</strong></span> 
     </span>
    </p>
   </div>
   <div class='ocr_carea' id='block_1_40' title="bbox 443 2278 2036 2347">
    <p class='ocr_par' dir='ltr' id='par_1_40' title="bbox 443 2278 2036 2347">
     <span class='ocr_line' id='line_1_40' title="bbox 443 2278 2036 2347; baseline -0.001 -16"><span class='ocrx_word' id='word_1_311' title='bbox 443 2293 606 2347; x_wconf 88' lang='lat' dir='ltr'><strong>quam</strong></span> <span class='ocrx_word' id='word_1_312' title='bbox 648 2280 1027 2347; x_wconf 82' lang='lat' dir='ltr'><strong>prophetatum</strong></span> <span class='ocrx_word' id='word_1_313' title='bbox 1056 2284 1158 2332; x_wconf 90' lang='lat' dir='ltr'><strong>est.</strong></span> <span class='ocrx_word' id='word_1_314' title='bbox 1202 2278 1321 2333; x_wconf 86' lang='lat' dir='ltr'><strong>Non</strong></span> <span class='ocrx_word' id='word_1_315' title='bbox 1352 2293 1572 2346; x_wconf 88' lang='lat' dir='ltr'><strong>possum</strong></span> <span class='ocrx_word' id='word_1_316' title='bbox 1612 2292 1813 2333; x_wconf 86' lang='lat' dir='ltr'><strong>novum</strong></span> <span class='ocrx_word' id='word_1_317' title='bbox 1844 2278 2036 2347; x_wconf 88' lang='lat' dir='ltr'><strong>dogma</strong></span> 
     </span>
    </p>
   </div>
   <div class='ocr_carea' id='block_1_41' title="bbox 444 2365 2039 2438">
    <p class='ocr_par' dir='ltr' id='par_1_41' title="bbox 444 2365 2039 2438">
     <span class='ocr_line' id='line_1_41' title="bbox 444 2365 2039 2438; baseline 0 -17"><span class='ocrx_word' id='word_1_318' title='bbox 444 2382 786 2437; x_wconf 86' lang='lat' dir='ltr'><strong>componere,</strong></span> <span class='ocrx_word' id='word_1_319' title='bbox 818 2367 943 2436; x_wconf 87' lang='lat' dir='ltr'><strong>quia</strong></span> <span class='ocrx_word' id='word_1_320' title='bbox 973 2382 1035 2421; x_wconf 89' lang='lat' dir='ltr'><strong>ea</strong></span> <span class='ocrx_word' id='word_1_321' title='bbox 1071 2383 1190 2436; x_wconf 71' lang='lat' dir='ltr'><strong>qua:</strong></span> <span class='ocrx_word' id='word_1_322' title='bbox 1218 2368 1495 2438; x_wconf 69' lang='lat' dir='ltr'><strong>propheta:</strong></span> <span class='ocrx_word' id='word_1_323' title='bbox 1521 2368 1767 2422; x_wconf 78' lang='lat' dir='ltr'><strong>dixerant</strong></span> <span class='ocrx_word' id='word_1_324' title='bbox 1787 2365 1901 2435; x_wconf 81' lang='lat' dir='ltr'><strong>jam</strong></span> <span class='ocrx_word' id='word_1_325' title='bbox 1923 2383 2039 2421; x_wconf 89' lang='lat' dir='ltr'><strong>om-</strong></span> 
     </span>
    </p>
   </div>
   <div class='ocr_carea' id='block_1_42' title="bbox 444 2458 2041 2528">
    <p class='ocr_par' dir='ltr' id='par_1_42' title="bbox 444 2458 2041 2528">
     <span class='ocr_line' id='line_1_42' title="bbox 444 2458 2041 2528; baseline 0.001 -15"><span class='ocrx_word' id='word_1_326' title='bbox 444 2458 533 2513; x_wconf 89' lang='lat' dir='ltr'><strong>nia</strong></span> <span class='ocrx_word' id='word_1_327' title='bbox 563 2460 615 2512; x_wconf 92' lang='lat' dir='ltr'><strong>in</strong></span> <span class='ocrx_word' id='word_1_328' title='bbox 654 2458 871 2513; x_wconf 88' lang='lat' dir='ltr'><strong>Christo</strong></span> <span class='ocrx_word' id='word_1_329' title='bbox 913 2459 1180 2528; x_wconf 89' lang='lat' dir='ltr'><strong>completa</strong></span> <span class='ocrx_word' id='word_1_330' title='bbox 1219 2469 1394 2514; x_wconf 89' lang='lat' dir='ltr'><strong>erant.</strong></span> <span class='ocrx_word' id='word_1_331' title='bbox 1424 2459 1545 2515; x_wconf 88' lang='lat' dir='ltr'><strong>Jam</strong></span> <span class='ocrx_word' id='word_1_332' title='bbox 1580 2468 1932 2516; x_wconf 83' lang='lat' dir='ltr'><strong>cessaverant</strong></span> <span class='ocrx_word' id='word_1_333' title='bbox 1956 2460 2041 2515; x_wconf 70' lang='lat' dir='ltr'><strong>lea:</strong></span> 
     </span>
    </p>
   </div>
   <div class='ocr_carea' id='block_1_43' title="bbox 444 2547 2039 2621">
    <p class='ocr_par' dir='ltr' id='par_1_43' title="bbox 444 2547 2039 2621">
     <span class='ocr_line' id='line_1_43' title="bbox 444 2547 2039 2621; baseline 0.003 -20"><span class='ocrx_word' id='word_1_334' title='bbox 444 2557 492 2601; x_wconf 90' lang='lat' dir='ltr'><strong>et</strong></span> <span class='ocrx_word' id='word_1_335' title='bbox 520 2547 784 2618; x_wconf 74' lang='lat' dir='ltr'><strong>prophetae</strong></span> <span class='ocrx_word' id='word_1_336' title='bbox 816 2566 975 2620; x_wconf 87' lang='lat' dir='ltr'><strong>usque</strong></span> <span class='ocrx_word' id='word_1_337' title='bbox 1004 2550 1073 2602; x_wconf 89' lang='lat' dir='ltr'><strong>ad</strong></span> <span class='ocrx_word' id='word_1_338' title='bbox 1115 2550 1377 2605; x_wconf 86' lang='lat' dir='ltr'><strong>Joannem</strong></span> <span class='ocrx_word' id='word_1_339' title='bbox 1414 2551 1732 2621; x_wconf 88' lang='lat' dir='ltr'><strong>Baptistam.</strong></span> <span class='ocrx_word' id='word_1_340' title='bbox 1782 2552 1890 2608; x_wconf 88' lang='lat' dir='ltr'><strong>Sed</strong></span> <span class='ocrx_word' id='word_1_341' title='bbox 1931 2568 2039 2607; x_wconf 90' lang='lat' dir='ltr'><strong>non</strong></span> 
     </span>
    </p>
   </div>
   <div class='ocr_carea' id='block_1_44' title="bbox 444 2637 2044 2713">
    <p class='ocr_par' dir='ltr' id='par_1_44' title="bbox 444 2637 2044 2713">
     <span class='ocr_line' id='line_1_44' title="bbox 444 2637 2044 2713; baseline 0.001 -20"><span class='ocrx_word' id='word_1_342' title='bbox 444 2646 566 2695; x_wconf 84' lang='lat' dir='ltr'><strong>crat</strong></span> <span class='ocrx_word' id='word_1_343' title='bbox 593 2637 826 2694; x_wconf 80' lang='lat' dir='ltr'><strong>Joannes</strong></span> <span class='ocrx_word' id='word_1_344' title='bbox 870 2642 1258 2711; x_wconf 85' lang='lat' dir='ltr'><strong>prophetarum</strong></span> <span class='ocrx_word' id='word_1_345' title='bbox 1308 2640 1431 2696; x_wconf 83' lang='lat' dir='ltr'><strong>linis</strong></span> <span class='ocrx_word' id='word_1_346' title='bbox 1469 2650 1524 2696; x_wconf 91' lang='lat' dir='ltr'><strong>et</strong></span> <span class='ocrx_word' id='word_1_347' title='bbox 1557 2642 1715 2713; x_wconf 84' lang='lat' dir='ltr'><strong>legis,</strong></span> <span class='ocrx_word' id='word_1_348' title='bbox 1762 2642 1856 2698; x_wconf 87' lang='lat' dir='ltr'><strong>sed</strong></span> <span class='ocrx_word' id='word_1_349' title='bbox 1884 2640 2044 2696; x_wconf 85' lang='lat' dir='ltr'><strong>Chri-</strong></span> 
     </span>
    </p>
   </div>
   <div class='ocr_carea' id='block_1_45' title="bbox 446 2729 2042 2802">
    <p class='ocr_par' dir='ltr' id='par_1_45' title="bbox 446 2729 2042 2802">
     <span class='ocr_line' id='line_1_45' title="bbox 446 2729 2042 2802; baseline 0.002 -19"><span class='ocrx_word' id='word_1_350' title='bbox 446 2739 584 2796; x_wconf 89' lang='lat' dir='ltr'><strong>stus,</strong></span> <span class='ocrx_word' id='word_1_351' title='bbox 640 2729 778 2785; x_wconf 85' lang='lat' dir='ltr'><strong>sicut</strong></span> <span class='ocrx_word' id='word_1_352' title='bbox 817 2732 934 2801; x_wconf 86' lang='lat' dir='ltr'><strong>ipse</strong></span> <span class='ocrx_word' id='word_1_353' title='bbox 979 2731 1271 2802; x_wconf 84' lang='lat' dir='ltr'><strong>Apostolus</strong></span> <span class='ocrx_word' id='word_1_354' title='bbox 1317 2732 1395 2785; x_wconf 91' lang='lat' dir='ltr'><strong>ait</strong></span> <span class='ocrx_word' id='word_1_355' title='bbox 1442 2748 1455 2785; x_wconf 88' lang='lat'><strong>:</strong></span> <span class='ocrx_word' id='word_1_356' title='bbox 1501 2730 1654 2787; x_wconf 81' lang='lat' dir='ltr'><strong>Finis</strong></span> <span class='ocrx_word' id='word_1_357' title='bbox 1692 2742 1868 2786; x_wconf 84' lang='lat' dir='ltr'><strong>autem</strong></span> <span class='ocrx_word' id='word_1_358' title='bbox 1914 2730 2042 2802; x_wconf 75' lang='lat' dir='ltr'><strong>legis</strong></span> 
     </span>
    </p>
   </div>
   <div class='ocr_carea' id='block_1_46' title="bbox 448 2819 1543 2890">
    <p class='ocr_par' dir='ltr' id='par_1_46' title="bbox 448 2819 1543 2890">
     <span class='ocr_line' id='line_1_46' title="bbox 448 2819 1543 2890; baseline 0 -16"><span class='ocrx_word' id='word_1_359' title='bbox 448 2819 707 2887; x_wconf 85' lang='lat' dir='ltr'><strong>Christus,</strong></span> <span class='ocrx_word' id='word_1_360' title='bbox 735 2821 804 2874; x_wconf 89' lang='lat' dir='ltr'><strong>ad</strong></span> <span class='ocrx_word' id='word_1_361' title='bbox 822 2821 1092 2890; x_wconf 84' lang='lat' dir='ltr'><strong>justitiam</strong></span> <span class='ocrx_word' id='word_1_362' title='bbox 1123 2823 1265 2875; x_wconf 88' lang='lat' dir='ltr'><strong>omni</strong></span> <span class='ocrx_word' id='word_1_363' title='bbox 1293 2821 1543 2877; x_wconf 87' lang='lat' dir='ltr'><strong>credenti.</strong></span> 
     </span>
    </p>
   </div>
   <div class='ocr_carea' id='block_1_47' title="bbox 520 2910 2043 2980">
    <p class='ocr_par' dir='ltr' id='par_1_47' title="bbox 520 2910 2043 2980">
     <span class='ocr_line' id='line_1_47' title="bbox 520 2910 2043 2980; baseline -0.001 -15"><span class='ocrx_word' id='word_1_364' title='bbox 520 2911 656 2965; x_wconf 80' lang='lat' dir='ltr'><strong>XVI.</strong></span> <span class='ocrx_word' id='word_1_365' title='bbox 704 2910 936 2975; x_wconf 87' lang='lat' dir='ltr'><strong>Fodere,</strong></span> <span class='ocrx_word' id='word_1_366' title='bbox 972 2911 1175 2980; x_wconf 86' lang='lat' dir='ltr'><strong>inquit,</strong></span> <span class='ocrx_word' id='word_1_367' title='bbox 1227 2929 1331 2966; x_wconf 91' lang='lat' dir='ltr'><strong>non</strong></span> <span class='ocrx_word' id='word_1_368' title='bbox 1377 2911 1542 2977; x_wconf 88' lang='lat' dir='ltr'><strong>valeo,</strong></span> <span class='ocrx_word' id='word_1_369' title='bbox 1589 2912 1884 2966; x_wconf 87' lang='lat' dir='ltr'><strong>mendicare</strong></span> <span class='ocrx_word' id='word_1_370' title='bbox 1927 2928 2043 2965; x_wconf 86' lang='lat' dir='ltr'><strong>eru-</strong></span> 
     </span>
    </p>
   </div>
   <div class='ocr_carea' id='block_1_48' title="bbox 449 3002 2041 3073">
    <p class='ocr_par' dir='ltr' id='par_1_48' title="bbox 449 3002 2041 3073">
     <span class='ocr_line' id='line_1_48' title="bbox 449 3002 2041 3073; baseline -0.001 -15"><span class='ocrx_word' id='word_1_371' title='bbox 449 3004 617 3058; x_wconf 83' lang='lat' dir='ltr'><strong>besco.</strong></span> <span class='ocrx_word' id='word_1_372' title='bbox 672 3002 752 3057; x_wconf 87' lang='lat' dir='ltr'><strong>Ac</strong></span> <span class='ocrx_word' id='word_1_373' title='bbox 797 3003 842 3057; x_wconf 88' lang='lat' dir='ltr'><strong>si</strong></span> <span class='ocrx_word' id='word_1_374' title='bbox 897 3003 1102 3058; x_wconf 85' lang='lat' dir='ltr'><strong>diceret</strong></span> <span class='ocrx_word' id='word_1_375' title='bbox 1141 3022 1153 3055; x_wconf 91' lang='lat'><strong>:</strong></span> <span class='ocrx_word' id='word_1_376' title='bbox 1201 3003 1271 3059; x_wconf 90' lang='lat' dir='ltr'><strong>Ut</strong></span> <span class='ocrx_word' id='word_1_377' title='bbox 1312 3004 1404 3073; x_wconf 92' lang='lat' dir='ltr'><strong>qui</strong></span> <span class='ocrx_word' id='word_1_378' title='bbox 1453 3004 1643 3059; x_wconf 84' lang='lat' dir='ltr'><strong>doctor</strong></span> <span class='ocrx_word' id='word_1_379' title='bbox 1686 3003 1894 3057; x_wconf 80' lang='lat' dir='ltr'><strong>fueram</strong></span> <span class='ocrx_word' id='word_1_380' title='bbox 1946 3003 2041 3058; x_wconf 85' lang='lat' dir='ltr'><strong>Ju-</strong></span> 
     </span>
    </p>
   </div>
   <div class='ocr_carea' id='block_1_49' title="bbox 452 3186 2046 3257">
    <p class='ocr_par' dir='ltr' id='par_1_49' title="bbox 452 3186 2046 3257">
     <span class='ocr_line' id='line_1_49' title="bbox 452 3186 2046 3257; baseline 0 -16"><span class='ocrx_word' id='word_1_381' title='bbox 452 3204 482 3241; x_wconf 90' lang='lat' dir='ltr'><strong>a</strong></span> <span class='ocrx_word' id='word_1_382' title='bbox 511 3187 773 3257; x_wconf 88' lang='lat' dir='ltr'><strong>discipulo</strong></span> <span class='ocrx_word' id='word_1_383' title='bbox 798 3186 1028 3252; x_wconf 74' lang='lat' dir='ltr'><strong>Anania,</strong></span> <span class='ocrx_word' id='word_1_384' title='bbox 1059 3188 1247 3242; x_wconf 91' lang='lat' dir='ltr'><strong>salutis</strong></span> <span class='ocrx_word' id='word_1_385' title='bbox 1271 3194 1326 3242; x_wconf 90' lang='lat' dir='ltr'><strong>et</strong></span> <span class='ocrx_word' id='word_1_386' title='bbox 1353 3187 1477 3244; x_wconf 83' lang='lat' dir='ltr'><strong>ﬁdei</strong></span> <span class='ocrx_word' id='word_1_387' title='bbox 1502 3189 1811 3244; x_wconf 87' lang='lat' dir='ltr'><strong>mendicare</strong></span> <span class='ocrx_word' id='word_1_388' title='bbox 1842 3188 2046 3244; x_wconf 85' lang='lat' dir='ltr'><strong>doctri-</strong></span> 
     </span>
    </p>
   </div>
   <div class='ocr_carea' id='block_1_50' title="bbox 453 3277 2044 3349">
    <p class='ocr_par' dir='ltr' id='par_1_50' title="bbox 453 3277 2044 3349">
     <span class='ocr_line' id='line_1_50' title="bbox 453 3277 2044 3349; baseline -0.002 -16"><span class='ocrx_word' id='word_1_389' title='bbox 453 3294 579 3333; x_wconf 89' lang='lat' dir='ltr'><strong>nam</strong></span> <span class='ocrx_word' id='word_1_390' title='bbox 605 3280 618 3332; x_wconf 92' lang='lat'><strong>!</strong></span> <span class='ocrx_word' id='word_1_391' title='bbox 651 3277 977 3349; x_wconf 86' lang='lat' dir='ltr'><strong>Aperiamus</strong></span> <span class='ocrx_word' id='word_1_392' title='bbox 1003 3277 1207 3343; x_wconf 90' lang='lat' dir='ltr'><strong>oculos,</strong></span> <span class='ocrx_word' id='word_1_393' title='bbox 1233 3285 1287 3333; x_wconf 89' lang='lat' dir='ltr'><strong>et</strong></span> <span class='ocrx_word' id='word_1_394' title='bbox 1313 3278 1590 3335; x_wconf 83' lang='lat' dir='ltr'><strong>videamus</strong></span> <span class='ocrx_word' id='word_1_395' title='bbox 1611 3278 1834 3334; x_wconf 90' lang='lat' dir='ltr'><strong>Saulum</strong></span> <span class='ocrx_word' id='word_1_396' title='bbox 1859 3277 2044 3346; x_wconf 87' lang='lat' dir='ltr'><strong>lupum</strong></span> 
     </span>
    </p>
   </div>
   <div class='ocr_carea' id='block_1_51' title="bbox 455 3369 2043 3441">
    <p class='ocr_par' dir='ltr' id='par_1_51' title="bbox 455 3369 2043 3441">
     <span class='ocr_line' id='line_1_51' title="bbox 455 3369 2043 3441; baseline 0 -18"><span class='ocrx_word' id='word_1_397' title='bbox 455 3369 678 3425; x_wconf 65' lang='lat' dir='ltr'><strong>Ananiae</strong></span> <span class='ocrx_word' id='word_1_398' title='bbox 700 3370 789 3424; x_wconf 89' lang='lat' dir='ltr'><strong>ovi</strong></span> <span class='ocrx_word' id='word_1_399' title='bbox 818 3369 1137 3425; x_wconf 89' lang='lat' dir='ltr'><strong>submittere</strong></span> <span class='ocrx_word' id='word_1_400' title='bbox 1161 3378 1343 3441; x_wconf 88' lang='lat' dir='ltr'><strong>caput.</strong></span> <span class='ocrx_word' id='word_1_401' title='bbox 1375 3370 1667 3425; x_wconf 84' lang='lat' dir='ltr'><strong>Videamus</strong></span> <span class='ocrx_word' id='word_1_402' title='bbox 1695 3369 1965 3425; x_wconf 87' lang='lat' dir='ltr'><strong>eruditum</strong></span> <span class='ocrx_word' id='word_1_403' title='bbox 1989 3370 2043 3424; x_wconf 93' lang='lat' dir='ltr'><strong>in</strong></span> 
     </span>
    </p>
   </div>
   <div class='ocr_carea' id='block_1_52' title="bbox 456 3461 2048 3535">
    <p class='ocr_par' dir='ltr' id='par_1_52' title="bbox 456 3461 2048 3535">
     <span class='ocr_line' id='line_1_52' title="bbox 456 3461 2048 3535; baseline -0.001 -17"><span class='ocrx_word' id='word_1_404' title='bbox 456 3463 575 3535; x_wconf 86' lang='lat' dir='ltr'><strong>lege</strong></span> <span class='ocrx_word' id='word_1_405' title='bbox 601 3479 632 3517; x_wconf 92' lang='lat' dir='ltr'><strong>a</strong></span> <span class='ocrx_word' id='word_1_406' title='bbox 661 3463 883 3519; x_wconf 88' lang='lat' dir='ltr'><strong>rusticis</strong></span> <span class='ocrx_word' id='word_1_407' title='bbox 906 3463 1154 3534; x_wconf 86' lang='lat' dir='ltr'><strong>accipere</strong></span> <span class='ocrx_word' id='word_1_408' title='bbox 1178 3463 1481 3518; x_wconf 88' lang='lat' dir='ltr'><strong>doctrinam</strong></span> <span class='ocrx_word' id='word_1_409' title='bbox 1507 3463 1715 3518; x_wconf 90' lang='lat' dir='ltr'><strong>salutis.</strong></span> <span class='ocrx_word' id='word_1_410' title='bbox 1738 3462 1883 3519; x_wconf 85' lang='lat' dir='ltr'><strong>Nihil</strong></span> <span class='ocrx_word' id='word_1_411' title='bbox 1910 3461 2048 3517; x_wconf 84' lang='lat' dir='ltr'><strong>scie-</strong></span> 
     </span>
    </p>
   </div>
   <div class='ocr_carea' id='block_1_53' title="bbox 457 3554 2048 3626">
    <p class='ocr_par' dir='ltr' id='par_1_53' title="bbox 457 3554 2048 3626">
     <span class='ocr_line' id='line_1_53' title="bbox 457 3554 2048 3626; baseline -0.003 -15"><span class='ocrx_word' id='word_1_412' title='bbox 457 3558 551 3612; x_wconf 86' lang='lat' dir='ltr'><strong>bat</strong></span> <span class='ocrx_word' id='word_1_413' title='bbox 571 3554 767 3610; x_wconf 88' lang='lat' dir='ltr'><strong>Saulus</strong></span> <span class='ocrx_word' id='word_1_414' title='bbox 790 3554 846 3609; x_wconf 90' lang='lat' dir='ltr'><strong>in</strong></span> <span class='ocrx_word' id='word_1_415' title='bbox 875 3555 1012 3626; x_wconf 85' lang='lat' dir='ltr'><strong>lege,</strong></span> <span class='ocrx_word' id='word_1_416' title='bbox 1048 3570 1210 3625; x_wconf 87' lang='lat' dir='ltr'><strong>quam</strong></span> <span class='ocrx_word' id='word_1_417' title='bbox 1236 3555 1302 3610; x_wconf 89' lang='lat' dir='ltr'><strong>de</strong></span> <span class='ocrx_word' id='word_1_418' title='bbox 1325 3557 1458 3609; x_wconf 67' lang='lat' dir='ltr'><strong>lerat</strong></span> <span class='ocrx_word' id='word_1_419' title='bbox 1482 3554 1641 3619; x_wconf 84' lang='lat' dir='ltr'><strong>Deus,</strong></span> <span class='ocrx_word' id='word_1_420' title='bbox 1660 3554 1754 3623; x_wconf 86' lang='lat' dir='ltr'><strong>qui</strong></span> <span class='ocrx_word' id='word_1_421' title='bbox 1772 3554 2048 3609; x_wconf 86' lang='lat' dir='ltr'><strong>Christum</strong></span> 
     </span>
    </p>
   </div>
   <div class='ocr_carea' id='block_1_54' title="bbox 457 3644 2048 3715">
    <p class='ocr_par' dir='ltr' id='par_1_54' title="bbox 457 3644 2048 3715">
     <span class='ocr_line' id='line_1_54' title="bbox 457 3644 2048 3715; baseline -0.001 -16"><span class='ocrx_word' id='word_1_422' title='bbox 457 3645 903 3715; x_wconf 87' lang='lat' dir='ltr'><strong>persequebatur,</strong></span> <span class='ocrx_word' id='word_1_423' title='bbox 942 3644 1035 3714; x_wconf 90' lang='lat' dir='ltr'><strong>qui</strong></span> <span class='ocrx_word' id='word_1_424' title='bbox 1088 3644 1309 3700; x_wconf 87' lang='lat' dir='ltr'><strong>dederat</strong></span> <span class='ocrx_word' id='word_1_425' title='bbox 1367 3644 1540 3715; x_wconf 87' lang='lat' dir='ltr'><strong>ipsam</strong></span> <span class='ocrx_word' id='word_1_426' title='bbox 1584 3645 1776 3715; x_wconf 88' lang='lat' dir='ltr'><strong>legem.</strong></span> <span class='ocrx_word' id='word_1_427' title='bbox 1824 3644 2048 3700; x_wconf 86' lang='lat' dir='ltr'><strong>Omnem</strong></span> 
     </span>
    </p>
   </div>
   <div class='ocr_carea' id='block_1_55' title="bbox 461 3733 2050 3805">
    <p class='ocr_par' dir='ltr' id='par_1_55' title="bbox 461 3733 2050 3805">
     <span class='ocr_line' id='line_1_55' title="bbox 461 3733 2050 3805; baseline -0.001 -16"><span class='ocrx_word' id='word_1_428' title='bbox 461 3736 633 3805; x_wconf 88' lang='lat' dir='ltr'><strong>legem</strong></span> <span class='ocrx_word' id='word_1_429' title='bbox 663 3734 906 3790; x_wconf 83' lang='lat' dir='ltr'><strong>sciebant</strong></span> <span class='ocrx_word' id='word_1_430' title='bbox 950 3734 1179 3803; x_wconf 86' lang='lat' dir='ltr'><strong>apostoli</strong></span> <span class='ocrx_word' id='word_1_431' title='bbox 1208 3734 1415 3800; x_wconf 87' lang='lat' dir='ltr'><strong>rustici,</strong></span> <span class='ocrx_word' id='word_1_432' title='bbox 1449 3734 1543 3804; x_wconf 84' lang='lat' dir='ltr'><strong>qui</strong></span> <span class='ocrx_word' id='word_1_433' title='bbox 1571 3733 1846 3790; x_wconf 89' lang='lat' dir='ltr'><strong>Christum</strong></span> <span class='ocrx_word' id='word_1_434' title='bbox 1882 3733 2050 3788; x_wconf 88' lang='lat' dir='ltr'><strong>Deum</strong></span> 
     </span>
    </p>
   </div>
   <div class='ocr_carea' id='block_1_56' title="bbox 459 3826 2048 3898">
    <p class='ocr_par' dir='ltr' id='par_1_56' title="bbox 459 3826 2048 3898">
     <span class='ocr_line' id='line_1_56' title="bbox 459 3826 2048 3898; baseline -0.001 -16"><span class='ocrx_word' id='word_1_435' title='bbox 459 3828 725 3894; x_wconf 86' lang='lat' dir='ltr'><strong>sciebant,</strong></span> <span class='ocrx_word' id='word_1_436' title='bbox 762 3828 856 3897; x_wconf 91' lang='lat' dir='ltr'><strong>qui</strong></span> <span class='ocrx_word' id='word_1_437' title='bbox 882 3826 1375 3896; x_wconf 78' lang='lat' dir='ltr'><strong>compleveratjam</strong></span> <span class='ocrx_word' id='word_1_438' title='bbox 1400 3827 1571 3897; x_wconf 85' lang='lat' dir='ltr'><strong>legem</strong></span> <span class='ocrx_word' id='word_1_439' title='bbox 1601 3842 1765 3898; x_wconf 86' lang='lat' dir='ltr'><strong>quam</strong></span> <span class='ocrx_word' id='word_1_440' title='bbox 1789 3828 2048 3882; x_wconf 86' lang='lat' dir='ltr'><strong>dederat:</strong></span> 
     </span>
    </p>
   </div>
   <div class='ocr_carea' id='block_1_57' title="bbox 464 3919 2054 3990">
    <p class='ocr_par' dir='ltr' id='par_1_57' title="bbox 464 3919 2054 3990">
     <span class='ocr_line' id='line_1_57' title="bbox 464 3919 2054 3990; baseline -0.001 -16"><span class='ocrx_word' id='word_1_441' title='bbox 464 3920 593 3990; x_wconf 90' lang='lat' dir='ltr'><strong>quia</strong></span> <span class='ocrx_word' id='word_1_442' title='bbox 625 3919 803 3974; x_wconf 93' lang='lat' dir='ltr'><strong>nullus</strong></span> <span class='ocrx_word' id='word_1_443' title='bbox 830 3919 1108 3974; x_wconf 90' lang='lat' dir='ltr'><strong>hominum</strong></span> <span class='ocrx_word' id='word_1_444' title='bbox 1134 3928 1384 3990; x_wconf 87' lang='lat' dir='ltr'><strong>potuerat</strong></span> <span class='ocrx_word' id='word_1_445' title='bbox 1416 3920 1712 3989; x_wconf 88' lang='lat' dir='ltr'><strong>adimplere</strong></span> <span class='ocrx_word' id='word_1_446' title='bbox 1730 3920 1921 3990; x_wconf 86' lang='lat' dir='ltr'><strong>legem,</strong></span> <span class='ocrx_word' id='word_1_447' title='bbox 1950 3920 2054 3975; x_wconf 91' lang='lat' dir='ltr'><strong>nisi</strong></span> 
     </span>
    </p>
   </div>
   <div class='ocr_carea' id='block_1_58' title="bbox 424 4010 2057 4081">
    <p class='ocr_par' dir='ltr' id='par_1_58' title="bbox 424 4010 2057 4081">
     <span class='ocr_line' id='line_1_58' title="bbox 424 4010 2057 4081; baseline -0.002 -12"><span class='ocrx_word' id='word_1_448' title='bbox 424 4023 428 4026; x_wconf 76' lang='lat'><em>‘</em></span> <span class='ocrx_word' id='word_1_449' title='bbox 466 4013 614 4069; x_wconf 88' lang='lat' dir='ltr'><strong>solus</strong></span> <span class='ocrx_word' id='word_1_450' title='bbox 638 4012 886 4067; x_wconf 89' lang='lat' dir='ltr'><strong>Christus</strong></span> <span class='ocrx_word' id='word_1_451' title='bbox 915 4010 1008 4080; x_wconf 90' lang='lat' dir='ltr'><strong>qui</strong></span> <span class='ocrx_word' id='word_1_452' title='bbox 1041 4026 1161 4066; x_wconf 91' lang='lat' dir='ltr'><strong>eam</strong></span> <span class='ocrx_word' id='word_1_453' title='bbox 1192 4010 1433 4076; x_wconf 86' lang='lat' dir='ltr'><strong>dederat,</strong></span> <span class='ocrx_word' id='word_1_454' title='bbox 1463 4012 1604 4066; x_wconf 88' lang='lat' dir='ltr'><strong>sicut</strong></span> <span class='ocrx_word' id='word_1_455' title='bbox 1632 4013 1747 4081; x_wconf 81' lang='lat' dir='ltr'><strong>ipse</strong></span> <span class='ocrx_word' id='word_1_456' title='bbox 1784 4013 1861 4066; x_wconf 90' lang='lat' dir='ltr'><strong>ait</strong></span> <span class='ocrx_word' id='word_1_457' title='bbox 1887 4031 1901 4066; x_wconf 87' lang='lat'><strong>:</strong></span> <span class='ocrx_word' id='word_1_458' title='bbox 1932 4011 2057 4066; x_wconf 89' lang='lat' dir='ltr'><strong>Non</strong></span> 
     </span>
    </p>
   </div>
   <div class='ocr_carea' id='block_1_59' title="bbox 466 4100 2059 4173">
    <p class='ocr_par' dir='ltr' id='par_1_59' title="bbox 466 4100 2059 4173">
     <span class='ocr_line' id='line_1_59' title="bbox 466 4100 2059 4173; baseline 0 -16"><span class='ocrx_word' id='word_1_459' title='bbox 466 4103 578 4157; x_wconf 80' lang='lat' dir='ltr'><strong>veni</strong></span> <span class='ocrx_word' id='word_1_460' title='bbox 607 4101 770 4173; x_wconf 87' lang='lat' dir='ltr'><strong>legem</strong></span> <span class='ocrx_word' id='word_1_461' title='bbox 811 4100 1023 4165; x_wconf 79' lang='lat' dir='ltr'><strong>solvere,</strong></span> <span class='ocrx_word' id='word_1_462' title='bbox 1048 4100 1139 4155; x_wconf 86' lang='lat' dir='ltr'><strong>sed</strong></span> <span class='ocrx_word' id='word_1_463' title='bbox 1164 4100 1470 4172; x_wconf 89' lang='lat' dir='ltr'><strong>adimplere.</strong></span> <span class='ocrx_word' id='word_1_464' title='bbox 1500 4101 1655 4169; x_wconf 90' lang='lat' dir='ltr'><strong>Quod</strong></span> <span class='ocrx_word' id='word_1_465' title='bbox 1694 4103 1739 4157; x_wconf 89' lang='lat' dir='ltr'><strong>si</strong></span> <span class='ocrx_word' id='word_1_466' title='bbox 1776 4102 2059 4171; x_wconf 60' lang='lat' dir='ltr'><strong>quaesieris</strong></span> 
     </span>
    </p>
   </div>
   <div class='ocr_carea' id='block_1_60' title="bbox 466 4192 2057 4266">
    <p class='ocr_par' dir='ltr' id='par_1_60' title="bbox 466 4192 2057 4266">
     <span class='ocr_line' id='line_1_60' title="bbox 466 4192 2057 4266; baseline -0.001 -16"><span class='ocrx_word' id='word_1_467' title='bbox 466 4209 635 4266; x_wconf 88' lang='lat' dir='ltr'><strong>quare</strong></span> <span class='ocrx_word' id='word_1_468' title='bbox 674 4202 897 4250; x_wconf 80' lang='lat' dir='ltr'><strong>vocetur</strong></span> <span class='ocrx_word' id='word_1_469' title='bbox 932 4192 1134 4248; x_wconf 71' lang='lat' dir='ltr'><strong>villicus</strong></span> <span class='ocrx_word' id='word_1_470' title='bbox 1172 4193 1466 4263; x_wconf 86' lang='lat' dir='ltr'><strong>iniquitatis</strong></span> <span class='ocrx_word' id='word_1_471' title='bbox 1512 4195 1568 4248; x_wconf 90' lang='lat' dir='ltr'><strong>in</strong></span> <span class='ocrx_word' id='word_1_472' title='bbox 1613 4194 1750 4266; x_wconf 88' lang='lat' dir='ltr'><strong>lege,</strong></span> <span class='ocrx_word' id='word_1_473' title='bbox 1801 4209 1923 4264; x_wconf 71' lang='lat' dir='ltr'><strong>qua:</strong></span> <span class='ocrx_word' id='word_1_474' title='bbox 1962 4195 2057 4251; x_wconf 87' lang='lat' dir='ltr'><strong>Dei</strong></span> 
     </span>
    </p>
   </div>
   <div class='ocr_carea' id='block_1_61' title="bbox 467 4285 2054 4351">
    <p class='ocr_par' dir='ltr' id='par_1_61' title="bbox 467 4285 2054 4351">
     <span class='ocr_line' id='line_1_61' title="bbox 467 4285 2054 4351; baseline -0.003 -7"><span class='ocrx_word' id='word_1_475' title='bbox 467 4296 572 4351; x_wconf 87' lang='lat' dir='ltr'><strong>est,</strong></span> <span class='ocrx_word' id='word_1_476' title='bbox 591 4288 870 4343; x_wconf 85' lang='lat' dir='ltr'><strong>dicamus:</strong></span> <span class='ocrx_word' id='word_1_477' title='bbox 898 4294 1045 4341; x_wconf 86' lang='lat' dir='ltr'><strong>recte</strong></span> <span class='ocrx_word' id='word_1_478' title='bbox 1066 4285 1320 4339; x_wconf 88' lang='lat' dir='ltr'><strong>credebat</strong></span> <span class='ocrx_word' id='word_1_479' title='bbox 1344 4285 1397 4339; x_wconf 91' lang='lat' dir='ltr'><strong>in</strong></span> <span class='ocrx_word' id='word_1_480' title='bbox 1423 4285 1659 4351; x_wconf 90' lang='lat' dir='ltr'><strong>Patrem,</strong></span> <span class='ocrx_word' id='word_1_481' title='bbox 1678 4285 1886 4341; x_wconf 90' lang='lat' dir='ltr'><strong>villicus</strong></span> <span class='ocrx_word' id='word_1_482' title='bbox 1906 4295 2054 4351; x_wconf 88' lang='lat' dir='ltr'><strong>erat;</strong></span> 
     </span>
    </p>
   </div>
   <div class='ocr_carea' id='block_1_62' title="bbox 469 4375 2059 4446">
    <p class='ocr_par' dir='ltr' id='par_1_62' title="bbox 469 4375 2059 4446">
     <span class='ocr_line' id='line_1_62' title="bbox 469 4375 2059 4446; baseline -0.001 -13"><span class='ocrx_word' id='word_1_483' title='bbox 469 4375 667 4434; x_wconf 88' lang='lat' dir='ltr'><strong>Filium</strong></span> <span class='ocrx_word' id='word_1_484' title='bbox 707 4376 1151 4446; x_wconf 85' lang='lat' dir='ltr'><strong>persequebatur,</strong></span> <span class='ocrx_word' id='word_1_485' title='bbox 1199 4375 1413 4445; x_wconf 90' lang='lat' dir='ltr'><strong>iniquus</strong></span> <span class='ocrx_word' id='word_1_486' title='bbox 1457 4384 1594 4432; x_wconf 89' lang='lat' dir='ltr'><strong>erat.</strong></span> <span class='ocrx_word' id='word_1_487' title='bbox 1624 4376 1847 4431; x_wconf 76' lang='lat' dir='ltr'><strong>Villicus</strong></span> <span class='ocrx_word' id='word_1_488' title='bbox 1878 4388 2059 4432; x_wconf 89' lang='lat' dir='ltr'><strong>autem</strong></span> 
     </span>
    </p>
   </div>
   <div class='ocr_carea' id='block_1_63' title="bbox 472 4466 2060 4537">
    <p class='ocr_par' dir='ltr' id='par_1_63' title="bbox 472 4466 2060 4537">
     <span class='ocr_line' id='line_1_63' title="bbox 472 4466 2060 4537; baseline 0.001 -14"><span class='ocrx_word' id='word_1_489' title='bbox 472 4467 671 4524; x_wconf 86' lang='lat' dir='ltr'><strong>dicitur</strong></span> <span class='ocrx_word' id='word_1_490' title='bbox 712 4467 945 4537; x_wconf 64' lang='lat' dir='ltr'><strong>propria:</strong></span> <span class='ocrx_word' id='word_1_491' title='bbox 992 4466 1129 4521; x_wconf 75' lang='lat' dir='ltr'><strong>villa:</strong></span> <span class='ocrx_word' id='word_1_492' title='bbox 1176 4467 1533 4537; x_wconf 85' lang='lat' dir='ltr'><strong>gubernator,</strong></span> <span class='ocrx_word' id='word_1_493' title='bbox 1587 4470 1729 4524; x_wconf 87' lang='lat' dir='ltr'><strong>unde</strong></span> <span class='ocrx_word' id='word_1_494' title='bbox 1770 4478 1824 4523; x_wconf 91' lang='lat' dir='ltr'><strong>et</strong></span> <span class='ocrx_word' id='word_1_495' title='bbox 1866 4485 1898 4524; x_wconf 91' lang='lat' dir='ltr'><strong>a</strong></span> <span class='ocrx_word' id='word_1_496' title='bbox 1937 4471 2060 4525; x_wconf 88' lang='lat' dir='ltr'><strong>villa</strong></span> 
     </span>
    </p>
   </div>
   <div class='ocr_carea' id='block_1_64' title="bbox 473 4560 2064 4634">
    <p class='ocr_par' dir='ltr' id='par_1_64' title="bbox 473 4560 2064 4634">
     <span class='ocr_line' id='line_1_64' title="bbox 473 4560 2064 4634; baseline 0.001 -16"><span class='ocrx_word' id='word_1_497' title='bbox 473 4562 684 4618; x_wconf 80' lang='lat' dir='ltr'><strong>villicus</strong></span> <span class='ocrx_word' id='word_1_498' title='bbox 710 4575 906 4616; x_wconf 89' lang='lat' dir='ltr'><strong>nomen</strong></span> <span class='ocrx_word' id='word_1_499' title='bbox 933 4561 1162 4630; x_wconf 88' lang='lat' dir='ltr'><strong>accepit.</strong></span> <span class='ocrx_word' id='word_1_500' title='bbox 1190 4560 1290 4627; x_wconf 92' lang='lat' dir='ltr'><strong>Qui</strong></span> <span class='ocrx_word' id='word_1_501' title='bbox 1316 4561 1381 4615; x_wconf 89' lang='lat' dir='ltr'><strong>de</strong></span> <span class='ocrx_word' id='word_1_502' title='bbox 1408 4560 1572 4619; x_wconf 89' lang='lat' dir='ltr'><strong>Saulo</strong></span> <span class='ocrx_word' id='word_1_503' title='bbox 1592 4563 1735 4619; x_wconf 90' lang='lat' dir='ltr'><strong>elato</strong></span> <span class='ocrx_word' id='word_1_504' title='bbox 1755 4572 1810 4617; x_wconf 90' lang='lat' dir='ltr'><strong>et</strong></span> <span class='ocrx_word' id='word_1_505' title='bbox 1833 4565 2064 4634; x_wconf 86' lang='lat' dir='ltr'><strong>superbo</strong></span> 
     </span>
    </p>
   </div>
   <div class='ocr_carea' id='block_1_65' title="bbox 473 4638 2065 4722">
    <p class='ocr_par' dir='ltr' id='par_1_65' title="bbox 473 4638 2065 4722">
     <span class='ocr_line' id='line_1_65' title="bbox 473 4638 2065 4722; baseline -0.001 -9"><span class='ocrx_word' id='word_1_506' title='bbox 473 4658 648 4713; x_wconf 82' lang='lat' dir='ltr'><strong>Iactus</strong></span> <span class='ocrx_word' id='word_1_507' title='bbox 684 4661 767 4710; x_wconf 90' lang='lat' dir='ltr'><strong>est</strong></span> <span class='ocrx_word' id='word_1_508' title='bbox 807 4654 1025 4709; x_wconf 89' lang='lat' dir='ltr'><strong>humilis</strong></span> <span class='ocrx_word' id='word_1_509' title='bbox 1067 4655 1285 4722; x_wconf 80' lang='lat' dir='ltr'><strong>Paulus,</strong></span> <span class='ocrx_word' id='word_1_510' title='bbox 1324 4674 1414 4711; x_wconf 82' lang='lat' dir='ltr'><strong>vas</strong></span> <span class='ocrx_word' id='word_1_511' title='bbox 1442 4638 1707 4713; x_wconf 81' lang='lat' dir='ltr'><strong>electionis</strong></span> <span class='ocrx_word' id='word_1_512' title='bbox 1738 4658 1963 4721; x_wconf 86' lang='lat' dir='ltr'><strong>Christi,</strong></span> <span class='ocrx_word' id='word_1_513' title='bbox 1996 4658 2065 4711; x_wconf 88' lang='lat' dir='ltr'><strong>ad</strong></span> 
     </span>
    </p>
   </div>
   <div class='ocr_carea' id='block_1_66' title="bbox 474 4746 2067 4820">
    <p class='ocr_par' dir='ltr' id='par_1_66' title="bbox 474 4746 2067 4820">
     <span class='ocr_line' id='line_1_66' title="bbox 474 4746 2067 4820; baseline 0.001 -17"><span class='ocrx_word' id='word_1_514' title='bbox 474 4763 627 4804; x_wconf 86' lang='lat' dir='ltr'><strong>omne</strong></span> <span class='ocrx_word' id='word_1_515' title='bbox 660 4763 789 4817; x_wconf 83' lang='lat' dir='ltr'><strong>opus</strong></span> <span class='ocrx_word' id='word_1_516' title='bbox 837 4746 1028 4801; x_wconf 88' lang='lat' dir='ltr'><strong>bonum</strong></span> <span class='ocrx_word' id='word_1_517' title='bbox 1073 4757 1291 4818; x_wconf 86' lang='lat' dir='ltr'><strong>paratus</strong></span> <span class='ocrx_word' id='word_1_518' title='bbox 1322 4765 1341 4802; x_wconf 91' lang='lat'><strong><em>:</em></strong></span> <span class='ocrx_word' id='word_1_519' title='bbox 1371 4749 1462 4817; x_wconf 89' lang='lat' dir='ltr'><strong>qui</strong></span> <span class='ocrx_word' id='word_1_520' title='bbox 1505 4765 1613 4804; x_wconf 90' lang='lat' dir='ltr'><strong>non</strong></span> <span class='ocrx_word' id='word_1_521' title='bbox 1651 4757 1797 4805; x_wconf 90' lang='lat' dir='ltr'><strong>esset</strong></span> <span class='ocrx_word' id='word_1_522' title='bbox 1830 4751 2067 4820; x_wconf 78' lang='lat' dir='ltr'><strong>discipu-</strong></span> 
     </span>
    </p>
   </div>
   <div class='ocr_carea' id='block_1_67' title="bbox 475 4839 2066 4909">
    <p class='ocr_par' dir='ltr' id='par_1_67' title="bbox 475 4839 2066 4909">
     <span class='ocr_line' id='line_1_67' title="bbox 475 4839 2066 4909; baseline 0 -13"><span class='ocrx_word' id='word_1_523' title='bbox 475 4840 580 4906; x_wconf 91' lang='lat' dir='ltr'><strong>lus,</strong></span> <span class='ocrx_word' id='word_1_524' title='bbox 629 4840 733 4895; x_wconf 84' lang='lat' dir='ltr'><strong>nisi</strong></span> <span class='ocrx_word' id='word_1_525' title='bbox 784 4839 1047 4909; x_wconf 90' lang='lat' dir='ltr'><strong>discipulo</strong></span> <span class='ocrx_word' id='word_1_526' title='bbox 1078 4840 1279 4895; x_wconf 87' lang='lat' dir='ltr'><strong>rustico</strong></span> <span class='ocrx_word' id='word_1_527' title='bbox 1322 4841 1665 4895; x_wconf 88' lang='lat' dir='ltr'><strong>submitteret</strong></span> <span class='ocrx_word' id='word_1_528' title='bbox 1703 4842 1921 4896; x_wconf 90' lang='lat' dir='ltr'><strong>collum.</strong></span> <span class='ocrx_word' id='word_1_529' title='bbox 1965 4842 2066 4909; x_wconf 85' lang='lat' dir='ltr'><strong>Qui</strong></span> 
     </span>
    </p>
   </div>
   <div class='ocr_carea' id='block_1_68' title="bbox 475 4930 2067 5001">
    <p class='ocr_par' dir='ltr' id='par_1_68' title="bbox 475 4930 2067 5001">
     <span class='ocr_line' id='line_1_68' title="bbox 475 4930 2067 5001; baseline 0.001 -14"><span class='ocrx_word' id='word_1_530' title='bbox 475 4933 640 4987; x_wconf 78' lang='lat' dir='ltr'><strong>etiam</strong></span> <span class='ocrx_word' id='word_1_531' title='bbox 674 4948 781 4987; x_wconf 91' lang='lat' dir='ltr'><strong>non</strong></span> <span class='ocrx_word' id='word_1_532' title='bbox 826 4931 991 4985; x_wconf 89' lang='lat' dir='ltr'><strong>valuit</strong></span> <span class='ocrx_word' id='word_1_533' title='bbox 1039 4932 1332 4986; x_wconf 88' lang='lat' dir='ltr'><strong>cisternam</strong></span> <span class='ocrx_word' id='word_1_534' title='bbox 1382 4930 1567 4987; x_wconf 80' lang='lat' dir='ltr'><strong>fodere</strong></span> <span class='ocrx_word' id='word_1_535' title='bbox 1600 4950 1815 5000; x_wconf 87' lang='lat' dir='ltr'><strong>novam,</strong></span> <span class='ocrx_word' id='word_1_536' title='bbox 1863 4935 1917 4989; x_wconf 88' lang='lat' dir='ltr'><strong>id</strong></span> <span class='ocrx_word' id='word_1_537' title='bbox 1962 4943 2067 5001; x_wconf 90' lang='lat' dir='ltr'><strong>est,</strong></span> 
     </span>
    </p>
   </div>
   <div class='ocr_carea' id='block_1_69' title="bbox 480 5021 2067 5094">
    <p class='ocr_par' dir='ltr' id='par_1_69' title="bbox 480 5021 2067 5094">
     <span class='ocr_line' id='line_1_69' title="bbox 480 5021 2067 5094; baseline 0.003 -19"><span class='ocrx_word' id='word_1_538' title='bbox 480 5021 649 5093; x_wconf 84' lang='lat' dir='ltr'><strong>legem</strong></span> <span class='ocrx_word' id='word_1_539' title='bbox 685 5036 1010 5092; x_wconf 88' lang='lat' dir='ltr'><strong>componere</strong></span> <span class='ocrx_word' id='word_1_540' title='bbox 1038 5037 1261 5087; x_wconf 89' lang='lat' dir='ltr'><strong>novam;</strong></span> <span class='ocrx_word' id='word_1_541' title='bbox 1292 5021 1384 5077; x_wconf 88' lang='lat' dir='ltr'><strong>sed</strong></span> <span class='ocrx_word' id='word_1_542' title='bbox 1419 5022 1562 5078; x_wconf 84' lang='lat' dir='ltr'><strong>illam</strong></span> <span class='ocrx_word' id='word_1_543' title='bbox 1588 5041 1708 5094; x_wconf 62' lang='lat' dir='ltr'><strong>quae</strong></span> <span class='ocrx_word' id='word_1_544' title='bbox 1733 5024 1899 5080; x_wconf 79' lang='lat' dir='ltr'><strong>Iodita</strong></span> <span class='ocrx_word' id='word_1_545' title='bbox 1930 5035 2067 5090; x_wconf 87' lang='lat' dir='ltr'><strong>erat,</strong></span> 
     </span>
    </p>
   </div>
   <div class='ocr_carea' id='block_1_70' title="bbox 479 5112 2070 5189">
    <p class='ocr_par' dir='ltr' id='par_1_70' title="bbox 479 5112 2070 5189">
     <span class='ocr_line' id='line_1_70' title="bbox 479 5112 2070 5189; baseline 0.003 -23"><span class='ocrx_word' id='word_1_546' title='bbox 479 5115 691 5183; x_wconf 85' lang='lat' dir='ltr'><strong>aperuit</strong></span> <span class='ocrx_word' id='word_1_547' title='bbox 720 5114 872 5182; x_wconf 31' lang='lat' dir='ltr'><strong>etoin</strong></span> <span class='ocrx_word' id='word_1_548' title='bbox 905 5112 1126 5168; x_wconf 79' lang='lat' dir='ltr'><strong>Ilulnina</strong></span> <span class='ocrx_word' id='word_1_549' title='bbox 1167 5114 1452 5182; x_wconf 88' lang='lat' dir='ltr'><strong>derivavit,</strong></span> <span class='ocrx_word' id='word_1_550' title='bbox 1496 5116 1551 5172; x_wconf 88' lang='lat' dir='ltr'><strong>id</strong></span> <span class='ocrx_word' id='word_1_551' title='bbox 1581 5126 1685 5181; x_wconf 87' lang='lat' dir='ltr'><strong>est,</strong></span> <span class='ocrx_word' id='word_1_552' title='bbox 1720 5118 1864 5173; x_wconf 81' lang='lat' dir='ltr'><strong>illam</strong></span> <span class='ocrx_word' id='word_1_553' title='bbox 1902 5118 2070 5189; x_wconf 82' lang='lat' dir='ltr'><strong>legem</strong></span> 
     </span>
    </p>
   </div>
   <div class='ocr_carea' id='block_1_71' title="bbox 480 5204 2076 5278">
    <p class='ocr_par' dir='ltr' id='par_1_71' title="bbox 480 5204 2076 5278">
     <span class='ocr_line' id='line_1_71' title="bbox 480 5204 2076 5278; baseline 0.001 -19"><span class='ocrx_word' id='word_1_554' title='bbox 480 5221 602 5275; x_wconf 69' lang='lat' dir='ltr'><strong>quas</strong></span> <span class='ocrx_word' id='word_1_555' title='bbox 630 5206 696 5259; x_wconf 90' lang='lat' dir='ltr'><strong>de</strong></span> <span class='ocrx_word' id='word_1_556' title='bbox 723 5204 939 5261; x_wconf 90' lang='lat' dir='ltr'><strong>Christo</strong></span> <span class='ocrx_word' id='word_1_557' title='bbox 982 5214 1121 5272; x_wconf 87' lang='lat' dir='ltr'><strong>erat,</strong></span> <span class='ocrx_word' id='word_1_558' title='bbox 1161 5208 1374 5277; x_wconf 87' lang='lat' dir='ltr'><strong>aperuit</strong></span> <span class='ocrx_word' id='word_1_559' title='bbox 1400 5215 1455 5262; x_wconf 90' lang='lat' dir='ltr'><strong>et</strong></span> <span class='ocrx_word' id='word_1_560' title='bbox 1501 5209 1807 5278; x_wconf 81' lang='lat' dir='ltr'><strong>explanavit</strong></span> <span class='ocrx_word' id='word_1_561' title='bbox 1839 5222 1856 5263; x_wconf 91' lang='lat'><strong>:</strong></span> <span class='ocrx_word' id='word_1_562' title='bbox 1900 5220 1957 5263; x_wconf 88' lang='lat' dir='ltr'><strong>et</strong></span> <span class='ocrx_word' id='word_1_563' title='bbox 1992 5217 2076 5261; x_wconf 92' lang='lat' dir='ltr'><strong>to-</strong></span> 
     </span>
    </p>
   </div>
   <div class='ocr_carea' id='block_1_72' title="bbox 484 5295 2074 5369">
    <p class='ocr_par' dir='ltr' id='par_1_72' title="bbox 484 5295 2074 5369">
     <span class='ocr_line' id='line_1_72' title="bbox 484 5295 2074 5369; baseline 0.003 -21"><span class='ocrx_word' id='word_1_564' title='bbox 484 5304 597 5349; x_wconf 88' lang='lat' dir='ltr'><strong>tum</strong></span> <span class='ocrx_word' id='word_1_565' title='bbox 654 5295 910 5350; x_wconf 89' lang='lat' dir='ltr'><strong>mundum</strong></span> <span class='ocrx_word' id='word_1_566' title='bbox 943 5296 995 5349; x_wconf 91' lang='lat' dir='ltr'><strong>in</strong></span> <span class='ocrx_word' id='word_1_567' title='bbox 1026 5297 1278 5365; x_wconf 88' lang='lat' dir='ltr'><strong>gentibus</strong></span> <span class='ocrx_word' id='word_1_568' title='bbox 1319 5297 1533 5353; x_wconf 88' lang='lat' dir='ltr'><strong>aridum</strong></span> <span class='ocrx_word' id='word_1_569' title='bbox 1584 5299 1822 5363; x_wconf 84' lang='lat' dir='ltr'><strong>satiavit,</strong></span> <span class='ocrx_word' id='word_1_570' title='bbox 1859 5298 2074 5369; x_wconf 90' lang='lat' dir='ltr'><strong>quando</strong></span> 
     </span>
    </p>
   </div>
   <div class='ocr_carea' id='block_1_73' title="bbox 485 5383 1791 5457">
    <p class='ocr_par' dir='ltr' id='par_1_73' title="bbox 485 5383 1791 5457">
     <span class='ocr_line' id='line_1_73' title="bbox 485 5383 1791 5457; baseline 0.002 -19"><span class='ocrx_word' id='word_1_571' title='bbox 485 5383 761 5438; x_wconf 90' lang='lat' dir='ltr'><strong>Christum</strong></span> <span class='ocrx_word' id='word_1_572' title='bbox 800 5384 907 5438; x_wconf 92' lang='lat' dir='ltr'><strong>illis</strong></span> <span class='ocrx_word' id='word_1_573' title='bbox 936 5385 1031 5438; x_wconf 92' lang='lat' dir='ltr'><strong>Dei</strong></span> <span class='ocrx_word' id='word_1_574' title='bbox 1058 5384 1253 5439; x_wconf 83' lang='lat' dir='ltr'><strong>Filium</strong></span> <span class='ocrx_word' id='word_1_575' title='bbox 1286 5400 1613 5457; x_wconf 89' lang='lat' dir='ltr'><strong>cognoscere</strong></span> <span class='ocrx_word' id='word_1_576' title='bbox 1642 5388 1791 5442; x_wconf 81' lang='lat' dir='ltr'><strong>fecit.</strong></span> 
     </span>
    </p>
   </div>
   <div class='ocr_carea' id='block_1_74' title="bbox 562 5472 2078 5547">
    <p class='ocr_par' dir='ltr' id='par_1_74' title="bbox 562 5472 2078 5547">
     <span class='ocr_line' id='line_1_74' title="bbox 562 5472 2078 5547; baseline 0.004 -20"><span class='ocrx_word' id='word_1_577' title='bbox 562 5472 722 5530; x_wconf 80' lang='lat' dir='ltr'><strong>XVII.</strong></span> <span class='ocrx_word' id='word_1_578' title='bbox 762 5475 889 5530; x_wconf 68' lang='grc' dir='ltr'><strong>ΙΙωο</strong></span> <span class='ocrx_word' id='word_1_579' title='bbox 923 5477 1170 5547; x_wconf 81' lang='lat' dir='ltr'><strong>exempla</strong></span> <span class='ocrx_word' id='word_1_580' title='bbox 1200 5492 1299 5532; x_wconf 90' lang='lat' dir='ltr'><strong>nos</strong></span> <span class='ocrx_word' id='word_1_581' title='bbox 1330 5478 1484 5547; x_wconf 90' lang='lat' dir='ltr'><strong>sequi</strong></span> <span class='ocrx_word' id='word_1_582' title='bbox 1524 5486 1757 5547; x_wconf 90' lang='lat' dir='ltr'><strong>oportet.</strong></span> <span class='ocrx_word' id='word_1_583' title='bbox 1786 5478 1904 5535; x_wconf 91' lang='lat' dir='ltr'><strong>Non</strong></span> <span class='ocrx_word' id='word_1_584' title='bbox 1947 5494 2078 5534; x_wconf 90' lang='lat' dir='ltr'><strong>con-</strong></span> 
     </span>
    </p>
   </div>
   <div class='ocr_carea' id='block_1_75' title="bbox 489 5565 2079 5638">
    <p class='ocr_par' dir='ltr' id='par_1_75' title="bbox 489 5565 2079 5638">
     <span class='ocr_line' id='line_1_75' title="bbox 489 5565 2079 5638; baseline 0.002 -16"><span class='ocrx_word' id='word_1_585' title='bbox 489 5565 759 5635; x_wconf 83' lang='lat' dir='ltr'><strong>ﬁngamus</strong></span> <span class='ocrx_word' id='word_1_586' title='bbox 782 5566 848 5620; x_wconf 90' lang='lat' dir='ltr'><strong>de</strong></span> <span class='ocrx_word' id='word_1_587' title='bbox 874 5575 1081 5629; x_wconf 90' lang='lat' dir='ltr'><strong>nostro,</strong></span> <span class='ocrx_word' id='word_1_588' title='bbox 1111 5567 1207 5621; x_wconf 87' lang='lat' dir='ltr'><strong>sed</strong></span> <span class='ocrx_word' id='word_1_589' title='bbox 1237 5566 1325 5619; x_wconf 89' lang='lat' dir='ltr'><strong>illa</strong></span> <span class='ocrx_word' id='word_1_590' title='bbox 1351 5567 1702 5637; x_wconf 80' lang='lat' dir='ltr'><strong>explanemus</strong></span> <span class='ocrx_word' id='word_1_591' title='bbox 1727 5585 1848 5638; x_wconf 69' lang='lat' dir='ltr'><strong>quas</strong></span> <span class='ocrx_word' id='word_1_592' title='bbox 1883 5570 1935 5624; x_wconf 90' lang='lat' dir='ltr'><strong>in</strong></span> <span class='ocrx_word' id='word_1_593' title='bbox 1961 5571 2079 5637; x_wconf 81' lang='lat' dir='ltr'><strong>lege</strong></span> 
     </span>
    </p>
   </div>
   <div class='ocr_carea' id='block_1_76' title="bbox 490 5653 2080 5724">
    <p class='ocr_par' dir='ltr' id='par_1_76' title="bbox 490 5653 2080 5724">
     <span class='ocr_line' id='line_1_76' title="bbox 490 5653 2080 5724; baseline 0.003 -14"><span class='ocrx_word' id='word_1_594' title='bbox 490 5664 548 5714; x_wconf 86' lang='lat' dir='ltr'><strong>et</strong></span> <span class='ocrx_word' id='word_1_595' title='bbox 574 5653 867 5724; x_wconf 74' lang='lat' dir='ltr'><strong>Evangelia</strong></span> <span class='ocrx_word' id='word_1_596' title='bbox 909 5655 1109 5721; x_wconf 88' lang='lat' dir='ltr'><strong>scripta</strong></span> <span class='ocrx_word' id='word_1_597' title='bbox 1144 5663 1289 5708; x_wconf 90' lang='lat' dir='ltr'><strong>sunt.</strong></span> <span class='ocrx_word' id='word_1_598' title='bbox 1340 5655 1405 5707; x_wconf 86' lang='lat' dir='ltr'><strong>Et</strong></span> <span class='ocrx_word' id='word_1_599' title='bbox 1435 5657 1561 5724; x_wconf 88' lang='lat' dir='ltr'><strong>quia</strong></span> <span class='ocrx_word' id='word_1_600' title='bbox 1598 5656 1848 5713; x_wconf 87' lang='lat' dir='ltr'><strong>Christus</strong></span> <span class='ocrx_word' id='word_1_601' title='bbox 1897 5670 2080 5715; x_wconf 86' lang='lat' dir='ltr'><strong>uoster</strong></span> 
     </span>
    </p>
   </div>
   <div class='ocr_carea' id='block_1_77' title="bbox 2135 1819 3717 1893">
    <p class='ocr_par' dir='ltr' id='par_1_77' title="bbox 2135 1819 3717 1893">
     <span class='ocr_line' id='line_1_77' title="bbox 2135 1819 3717 1893; baseline 0.001 -18"><span class='ocrx_word' id='word_1_602' title='bbox 2135 1832 2358 1885; x_wconf 64' lang='lat' dir='ltr'><strong>aeterna,</strong></span> <span class='ocrx_word' id='word_1_603' title='bbox 2385 1819 2592 1876; x_wconf 83' lang='lat' dir='ltr'><strong>Joanne</strong></span> <span class='ocrx_word' id='word_1_604' title='bbox 2619 1822 2860 1892; x_wconf 88' lang='lat' dir='ltr'><strong>apostolo</strong></span> <span class='ocrx_word' id='word_1_605' title='bbox 2888 1830 3198 1889; x_wconf 88' lang='lat' dir='ltr'><strong>attestante,</strong></span> <span class='ocrx_word' id='word_1_606' title='bbox 3239 1825 3335 1893; x_wconf 92' lang='lat' dir='ltr'><strong>qui</strong></span> <span class='ocrx_word' id='word_1_607' title='bbox 3368 1824 3438 1878; x_wconf 89' lang='lat' dir='ltr'><strong>ait</strong></span> <span class='ocrx_word' id='word_1_608' title='bbox 3467 1842 3484 1877; x_wconf 73' lang='grc' dir='ltr'>ί</span> <span class='ocrx_word' id='word_1_609' title='bbox 3513 1823 3717 1879; x_wconf 79' lang='lat' dir='ltr'><strong>Scimus</strong></span> 
     </span>
    </p>
   </div>
   <div class='ocr_carea' id='block_1_78' title="bbox 2133 1911 3715 1982">
    <p class='ocr_par' dir='ltr' id='par_1_78' title="bbox 2133 1911 3715 1982">
     <span class='ocr_line' id='line_1_78' title="bbox 2133 1911 3715 1982; baseline 0.004 -18"><span class='ocrx_word' id='word_1_610' title='bbox 2133 1914 2380 1981; x_wconf 82' lang='lat' dir='ltr'><strong>quoniam</strong></span> <span class='ocrx_word' id='word_1_611' title='bbox 2417 1911 2592 1967; x_wconf 82' lang='lat' dir='ltr'><strong>Filius</strong></span> <span class='ocrx_word' id='word_1_612' title='bbox 2619 1913 2718 1968; x_wconf 87' lang='lat' dir='ltr'><strong>Dei</strong></span> <span class='ocrx_word' id='word_1_613' title='bbox 2747 1916 2903 1980; x_wconf 83' lang='lat' dir='ltr'><strong>venit,</strong></span> <span class='ocrx_word' id='word_1_614' title='bbox 2930 1924 2980 1970; x_wconf 92' lang='lat' dir='ltr'><strong>et</strong></span> <span class='ocrx_word' id='word_1_615' title='bbox 3021 1915 3163 1969; x_wconf 88' lang='lat' dir='ltr'><strong>dedit</strong></span> <span class='ocrx_word' id='word_1_616' title='bbox 3191 1916 3339 1970; x_wconf 88' lang='lat' dir='ltr'><strong>nobis</strong></span> <span class='ocrx_word' id='word_1_617' title='bbox 3384 1916 3715 1982; x_wconf 67' lang='lat' dir='ltr'><strong>intellectum,</strong></span> 
     </span>
    </p>
   </div>
   <div class='ocr_carea' id='block_1_79' title="bbox 2135 1996 3717 2078">
    <p class='ocr_par' dir='ltr' id='par_1_79' title="bbox 2135 1996 3717 2078">
     <span class='ocr_line' id='line_1_79' title="bbox 2135 1996 3717 2078; baseline 0.004 -24"><span class='ocrx_word' id='word_1_618' title='bbox 2135 2012 2191 2055; x_wconf 92' lang='lat' dir='ltr'><strong>ut</strong></span> <span class='ocrx_word' id='word_1_619' title='bbox 2225 2018 2599 2072; x_wconf 86' lang='lat' dir='ltr'><strong>cognoscamus</strong></span> <span class='ocrx_word' id='word_1_620' title='bbox 2639 2022 2814 2059; x_wconf 80' lang='lat' dir='ltr'><strong>verum</strong></span> <span class='ocrx_word' id='word_1_621' title='bbox 2852 2005 3040 2071; x_wconf 92' lang='lat' dir='ltr'><strong>Deum,</strong></span> <span class='ocrx_word' id='word_1_622' title='bbox 3088 2016 3137 2060; x_wconf 87' lang='lat' dir='ltr'><strong>et</strong></span> <span class='ocrx_word' id='word_1_623' title='bbox 3170 2008 3334 2061; x_wconf 88' lang='lat' dir='ltr'><strong>simus</strong></span> <span class='ocrx_word' id='word_1_624' title='bbox 3379 2008 3438 2060; x_wconf 90' lang='lat' dir='ltr'><strong>in</strong></span> <span class='ocrx_word' id='word_1_625' title='bbox 3472 2024 3595 2061; x_wconf 72' lang='lat' dir='ltr'><strong>vero</strong></span> <span class='ocrx_word' id='word_1_626' title='bbox 3615 1996 3717 2078; x_wconf 59' lang='lat' dir='ltr'><strong>flio</strong></span> 
     </span>
    </p>
   </div>
   <div class='ocr_carea' id='block_1_80' title="bbox 2135 2092 3717 2161">
    <p class='ocr_par' dir='ltr' id='par_1_80' title="bbox 2135 2092 3717 2161">
     <span class='ocr_line' id='line_1_80' title="bbox 2135 2092 3717 2161; baseline 0.004 -16"><span class='ocrx_word' id='word_1_627' title='bbox 2135 2092 2249 2161; x_wconf 86' lang='lat' dir='ltr'><strong>ejus</strong></span> <span class='ocrx_word' id='word_1_628' title='bbox 2289 2093 2515 2149; x_wconf 79' lang='lat' dir='ltr'><strong>Christo.</strong></span> <span class='ocrx_word' id='word_1_629' title='bbox 2548 2094 2652 2149; x_wconf 81' lang='lat' dir='ltr'><strong>Hic</strong></span> <span class='ocrx_word' id='word_1_630' title='bbox 2675 2104 2748 2149; x_wconf 87' lang='lat' dir='ltr'><strong>est</strong></span> <span class='ocrx_word' id='word_1_631' title='bbox 2778 2112 2925 2151; x_wconf 84' lang='lat' dir='ltr'><strong>verus</strong></span> <span class='ocrx_word' id='word_1_632' title='bbox 2965 2096 3106 2150; x_wconf 82' lang='lat' dir='ltr'><strong>Deus</strong></span> <span class='ocrx_word' id='word_1_633' title='bbox 3131 2107 3178 2151; x_wconf 90' lang='lat' dir='ltr'><strong>et</strong></span> <span class='ocrx_word' id='word_1_634' title='bbox 3216 2099 3319 2151; x_wconf 79' lang='lat' dir='ltr'><strong>vita</strong></span> <span class='ocrx_word' id='word_1_635' title='bbox 3345 2107 3564 2153; x_wconf 76' lang='lat' dir='ltr'><strong>a&#39;terna.</strong></span> <span class='ocrx_word' id='word_1_636' title='bbox 3594 2098 3717 2152; x_wconf 83' lang='lat' dir='ltr'><strong>Pau-</strong></span> 
     </span>
    </p>
   </div>
   <div class='ocr_carea' id='block_1_81' title="bbox 2139 2183 3715 2257">
    <p class='ocr_par' dir='ltr' id='par_1_81' title="bbox 2139 2183 3715 2257">
     <span class='ocr_line' id='line_1_81' title="bbox 2139 2183 3715 2257; baseline 0.004 -21"><span class='ocrx_word' id='word_1_637' title='bbox 2139 2183 2222 2237; x_wconf 92' lang='lat' dir='ltr'><strong>lus</strong></span> <span class='ocrx_word' id='word_1_638' title='bbox 2249 2183 2524 2252; x_wconf 89' lang='lat' dir='ltr'><strong>apostolus</strong></span> <span class='ocrx_word' id='word_1_639' title='bbox 2547 2184 2615 2239; x_wconf 90' lang='lat' dir='ltr'><strong>ad</strong></span> <span class='ocrx_word' id='word_1_640' title='bbox 2642 2184 2915 2240; x_wconf 80' lang='lat' dir='ltr'><strong>Romanos</strong></span> <span class='ocrx_word' id='word_1_641' title='bbox 2961 2186 3037 2239; x_wconf 86' lang='lat' dir='ltr'><strong>ait</strong></span> <span class='ocrx_word' id='word_1_642' title='bbox 3074 2203 3087 2215; x_wconf 65' lang='grc' dir='ltr'><strong>ε</strong></span> <span class='ocrx_word' id='word_1_643' title='bbox 3134 2185 3197 2241; x_wconf 90' lang='lat' dir='ltr'><strong>Si</strong></span> <span class='ocrx_word' id='word_1_644' title='bbox 3236 2186 3378 2241; x_wconf 87' lang='lat' dir='ltr'><strong>Deus</strong></span> <span class='ocrx_word' id='word_1_645' title='bbox 3415 2204 3514 2257; x_wconf 90' lang='lat' dir='ltr'><strong>pro</strong></span> <span class='ocrx_word' id='word_1_646' title='bbox 3561 2189 3715 2252; x_wconf 78' lang='lat' dir='ltr'><strong>nobis,</strong></span> 
     </span>
    </p>
   </div>
   <div class='ocr_carea' id='block_1_82' title="bbox 2136 2276 3717 2349">
    <p class='ocr_par' dir='ltr' id='par_1_82' title="bbox 2136 2276 3717 2349">
     <span class='ocr_line' id='line_1_82' title="bbox 2136 2276 3717 2349; baseline 0.003 -20"><span class='ocrx_word' id='word_1_647' title='bbox 2136 2276 2255 2346; x_wconf 87' lang='lat' dir='ltr'><strong>quis</strong></span> <span class='ocrx_word' id='word_1_648' title='bbox 2301 2286 2484 2330; x_wconf 89' lang='lat' dir='ltr'><strong>contra</strong></span> <span class='ocrx_word' id='word_1_649' title='bbox 2538 2278 2670 2331; x_wconf 80' lang='lat' dir='ltr'><strong>nos?</strong></span> <span class='ocrx_word' id='word_1_650' title='bbox 2724 2276 2827 2343; x_wconf 83' lang='lat' dir='ltr'><strong>Qui</strong></span> <span class='ocrx_word' id='word_1_651' title='bbox 2853 2279 3010 2332; x_wconf 87' lang='lat' dir='ltr'><strong>etiam</strong></span> <span class='ocrx_word' id='word_1_652' title='bbox 3054 2279 3265 2349; x_wconf 88' lang='lat' dir='ltr'><strong>proprio</strong></span> <span class='ocrx_word' id='word_1_653' title='bbox 3311 2277 3457 2332; x_wconf 83' lang='lat' dir='ltr'><strong>Filio</strong></span> <span class='ocrx_word' id='word_1_654' title='bbox 3492 2297 3590 2334; x_wconf 86' lang='lat' dir='ltr'><strong>suo</strong></span> <span class='ocrx_word' id='word_1_655' title='bbox 3626 2297 3717 2334; x_wconf 83' lang='lat' dir='ltr'><strong>non</strong></span> 
     </span>
    </p>
   </div>
   <div class='ocr_carea' id='block_1_83' title="bbox 2137 2368 3720 2439">
    <p class='ocr_par' dir='ltr' id='par_1_83' title="bbox 2137 2368 3720 2439">
     <span class='ocr_line' id='line_1_83' title="bbox 2137 2368 3720 2439; baseline 0.002 -19"><span class='ocrx_word' id='word_1_656' title='bbox 2137 2368 2402 2438; x_wconf 87' lang='lat' dir='ltr'><strong>pepercit:</strong></span> <span class='ocrx_word' id='word_1_657' title='bbox 2429 2368 2519 2423; x_wconf 88' lang='lat' dir='ltr'><strong>sed</strong></span> <span class='ocrx_word' id='word_1_658' title='bbox 2539 2385 2634 2439; x_wconf 85' lang='lat' dir='ltr'><strong>pro</strong></span> <span class='ocrx_word' id='word_1_659' title='bbox 2667 2368 2813 2423; x_wconf 90' lang='lat' dir='ltr'><strong>nobis</strong></span> <span class='ocrx_word' id='word_1_660' title='bbox 2859 2370 3097 2423; x_wconf 86' lang='lat' dir='ltr'><strong>omnibus</strong></span> <span class='ocrx_word' id='word_1_661' title='bbox 3123 2369 3342 2422; x_wconf 85' lang='lat' dir='ltr'><strong>tradidit</strong></span> <span class='ocrx_word' id='word_1_662' title='bbox 3381 2369 3557 2423; x_wconf 87' lang='lat' dir='ltr'><strong>illum.</strong></span> <span class='ocrx_word' id='word_1_663' title='bbox 3583 2370 3720 2434; x_wconf 73' lang='grc' dir='ltr'><strong>Ωιο-</strong></span> 
     </span>
    </p>
   </div>
   <div class='ocr_carea' id='block_1_84' title="bbox 2139 2460 3721 2517">
    <p class='ocr_par' dir='ltr' id='par_1_84' title="bbox 2139 2460 3721 2517">
     <span class='ocr_line' id='line_1_84' title="bbox 2139 2460 3721 2517; baseline 0.003 -5"><span class='ocrx_word' id='word_1_664' title='bbox 2139 2460 2293 2512; x_wconf 89' lang='lat' dir='ltr'><strong>modo</strong></span> <span class='ocrx_word' id='word_1_665' title='bbox 2324 2475 2430 2513; x_wconf 88' lang='lat' dir='ltr'><strong>non</strong></span> <span class='ocrx_word' id='word_1_666' title='bbox 2457 2461 2615 2514; x_wconf 86' lang='lat' dir='ltr'><strong>etiam</strong></span> <span class='ocrx_word' id='word_1_667' title='bbox 2651 2478 2771 2514; x_wconf 88' lang='lat' dir='ltr'><strong>cum</strong></span> <span class='ocrx_word' id='word_1_668' title='bbox 2796 2460 2889 2515; x_wconf 88' lang='lat' dir='ltr'><strong>illo</strong></span> <span class='ocrx_word' id='word_1_669' title='bbox 2929 2462 3103 2515; x_wconf 82' lang='lat' dir='ltr'><strong>omnia</strong></span> <span class='ocrx_word' id='word_1_670' title='bbox 3140 2462 3287 2515; x_wconf 88' lang='lat' dir='ltr'><strong>nobis</strong></span> <span class='ocrx_word' id='word_1_671' title='bbox 3317 2462 3577 2517; x_wconf 78' lang='lat' dir='ltr'><strong>donabit?</strong></span> <span class='ocrx_word' id='word_1_672' title='bbox 3600 2462 3721 2517; x_wconf 85' lang='lat' dir='ltr'><strong>Item</strong></span> 
     </span>
    </p>
   </div>
   <div class='ocr_carea' id='block_1_85' title="bbox 2140 2550 3723 2624">
    <p class='ocr_par' dir='ltr' id='par_1_85' title="bbox 2140 2550 3723 2624">
     <span class='ocr_line' id='line_1_85' title="bbox 2140 2550 3723 2624; baseline 0.003 -19"><span class='ocrx_word' id='word_1_673' title='bbox 2140 2551 2270 2606; x_wconf 84' lang='lat' dir='ltr'><strong>ibid.</strong></span> <span class='ocrx_word' id='word_1_674' title='bbox 2303 2568 2315 2603; x_wconf 94' lang='lat'>:</span> <span class='ocrx_word' id='word_1_675' title='bbox 2357 2550 2594 2616; x_wconf 84' lang='lat' dir='ltr'><strong>Quorum</strong></span> <span class='ocrx_word' id='word_1_676' title='bbox 2621 2562 2815 2621; x_wconf 88' lang='lat' dir='ltr'><strong>patres,</strong></span> <span class='ocrx_word' id='word_1_677' title='bbox 2846 2570 2911 2609; x_wconf 71' lang='lat' dir='ltr'><strong>ea:</strong></span> <span class='ocrx_word' id='word_1_678' title='bbox 2945 2554 3132 2624; x_wconf 86' lang='lat' dir='ltr'><strong>quibus</strong></span> <span class='ocrx_word' id='word_1_679' title='bbox 3162 2553 3400 2609; x_wconf 85' lang='lat' dir='ltr'><strong>Christus</strong></span> <span class='ocrx_word' id='word_1_680' title='bbox 3446 2557 3723 2610; x_wconf 75' lang='lat' dir='ltr'><strong>secundum</strong></span> 
     </span>
    </p>
   </div>
   <div class='ocr_carea' id='block_1_86' title="bbox 2140 2642 3723 2715">
    <p class='ocr_par' dir='ltr' id='par_1_86' title="bbox 2140 2642 3723 2715">
     <span class='ocr_line' id='line_1_86' title="bbox 2140 2642 3723 2715; baseline 0.005 -22"><span class='ocrx_word' id='word_1_681' title='bbox 2140 2658 2370 2707; x_wconf 84' lang='lat' dir='ltr'><strong>carnem,</strong></span> <span class='ocrx_word' id='word_1_682' title='bbox 2399 2642 2490 2713; x_wconf 87' lang='lat' dir='ltr'><strong>qui</strong></span> <span class='ocrx_word' id='word_1_683' title='bbox 2518 2652 2593 2697; x_wconf 87' lang='lat' dir='ltr'><strong>est</strong></span> <span class='ocrx_word' id='word_1_684' title='bbox 2618 2659 2773 2715; x_wconf 78' lang='lat' dir='ltr'><strong>super</strong></span> <span class='ocrx_word' id='word_1_685' title='bbox 2797 2646 2975 2698; x_wconf 88' lang='lat' dir='ltr'><strong>omnia</strong></span> <span class='ocrx_word' id='word_1_686' title='bbox 3022 2645 3164 2699; x_wconf 88' lang='lat' dir='ltr'><strong>Deus</strong></span> <span class='ocrx_word' id='word_1_687' title='bbox 3193 2646 3494 2700; x_wconf 76' lang='lat' dir='ltr'><strong>benedictus</strong></span> <span class='ocrx_word' id='word_1_688' title='bbox 3536 2648 3591 2700; x_wconf 90' lang='lat' dir='ltr'><strong>in</strong></span> <span class='ocrx_word' id='word_1_689' title='bbox 3630 2663 3723 2701; x_wconf 76' lang='lat' dir='ltr'><strong>ue-</strong></span> 
     </span>
    </p>
   </div>
   <div class='ocr_carea' id='block_1_87' title="bbox 2140 2732 3726 2811">
    <p class='ocr_par' dir='ltr' id='par_1_87' title="bbox 2140 2732 3726 2811">
     <span class='ocr_line' id='line_1_87' title="bbox 2140 2732 3726 2811; baseline 0.006 -25"><span class='ocrx_word' id='word_1_690' title='bbox 2140 2732 2279 2788; x_wconf 88' lang='lat' dir='ltr'><strong>cula.</strong></span> <span class='ocrx_word' id='word_1_691' title='bbox 2309 2734 2375 2789; x_wconf 85' lang='lat' dir='ltr'><strong>Et</strong></span> <span class='ocrx_word' id='word_1_692' title='bbox 2403 2736 2516 2804; x_wconf 89' lang='lat' dir='ltr'><strong>ipse</strong></span> <span class='ocrx_word' id='word_1_693' title='bbox 2546 2736 2887 2811; x_wconf 89' lang='lat' dir='ltr'><strong>Dominusin</strong></span> <span class='ocrx_word' id='word_1_694' title='bbox 2922 2737 3215 2807; x_wconf 84' lang='lat' dir='ltr'><strong>Evangelio</strong></span> <span class='ocrx_word' id='word_1_695' title='bbox 3243 2753 3389 2794; x_wconf 64' lang='lat' dir='ltr'><strong>caeco</strong></span> <span class='ocrx_word' id='word_1_696' title='bbox 3428 2738 3726 2795; x_wconf 86' lang='lat' dir='ltr'><strong>illuminato</strong></span> 
     </span>
    </p>
   </div>
   <div class='ocr_carea' id='block_1_88' title="bbox 2142 2822 3726 2893">
    <p class='ocr_par' dir='ltr' id='par_1_88' title="bbox 2142 2822 3726 2893">
     <span class='ocr_line' id='line_1_88' title="bbox 2142 2822 3726 2893; baseline 0.004 -17"><span class='ocrx_word' id='word_1_697' title='bbox 2142 2822 2323 2879; x_wconf 78' lang='lat' dir='ltr'><strong>dixit:</strong></span> <span class='ocrx_word' id='word_1_698' title='bbox 2354 2823 2430 2877; x_wconf 70' lang='lat' dir='ltr'><strong>’l&#39;u</strong></span> <span class='ocrx_word' id='word_1_699' title='bbox 2465 2825 2634 2879; x_wconf 87' lang='lat' dir='ltr'><strong>credis</strong></span> <span class='ocrx_word' id='word_1_700' title='bbox 2673 2826 2727 2879; x_wconf 90' lang='lat' dir='ltr'><strong>in</strong></span> <span class='ocrx_word' id='word_1_701' title='bbox 2764 2824 2963 2880; x_wconf 87' lang='lat' dir='ltr'><strong>Filium</strong></span> <span class='ocrx_word' id='word_1_702' title='bbox 2995 2826 3131 2881; x_wconf 75' lang='lat' dir='ltr'><strong>Dei?</strong></span> <span class='ocrx_word' id='word_1_703' title='bbox 3159 2826 3227 2881; x_wconf 85' lang='lat' dir='ltr'><strong>Et</strong></span> <span class='ocrx_word' id='word_1_704' title='bbox 3249 2828 3429 2883; x_wconf 75' lang='lat' dir='ltr'><strong>dixit:</strong></span> <span class='ocrx_word' id='word_1_705' title='bbox 3464 2827 3597 2893; x_wconf 82' lang='lat' dir='ltr'><strong>Quis</strong></span> <span class='ocrx_word' id='word_1_706' title='bbox 3634 2839 3726 2892; x_wconf 87' lang='lat' dir='ltr'><strong>est,</strong></span> 
     </span>
    </p>
   </div>
   <div class='ocr_carea' id='block_1_89' title="bbox 2142 2912 3728 2988">
    <p class='ocr_par' dir='ltr' id='par_1_89' title="bbox 2142 2912 3728 2988">
     <span class='ocr_line' id='line_1_89' title="bbox 2142 2912 3728 2988; baseline 0.004 -23"><span class='ocrx_word' id='word_1_707' title='bbox 2142 2912 2382 2978; x_wconf 87' lang='lat' dir='ltr'><strong>Domine,</strong></span> <span class='ocrx_word' id='word_1_708' title='bbox 2413 2923 2468 2966; x_wconf 91' lang='lat' dir='ltr'><strong>ut</strong></span> <span class='ocrx_word' id='word_1_709' title='bbox 2496 2915 2707 2969; x_wconf 89' lang='lat' dir='ltr'><strong>credam</strong></span> <span class='ocrx_word' id='word_1_710' title='bbox 2744 2917 2799 2969; x_wconf 90' lang='lat' dir='ltr'><strong>in</strong></span> <span class='ocrx_word' id='word_1_711' title='bbox 2840 2917 2997 2970; x_wconf 80' lang='lat' dir='ltr'><strong>eum?</strong></span> <span class='ocrx_word' id='word_1_712' title='bbox 3032 2916 3318 2988; x_wconf 88' lang='lat' dir='ltr'><strong>Respondit</strong></span> <span class='ocrx_word' id='word_1_713' title='bbox 3342 2918 3567 2972; x_wconf 82' lang='lat' dir='ltr'><strong>eiIesus</strong></span> <span class='ocrx_word' id='word_1_714' title='bbox 3606 2934 3626 2971; x_wconf 90' lang='lat'><strong><em>:</em></strong></span> <span class='ocrx_word' id='word_1_715' title='bbox 3663 2917 3728 2972; x_wconf 81' lang='lat' dir='ltr'><strong>Et</strong></span> 
     </span>
    </p>
   </div>
   <div class='ocr_carea' id='block_1_90' title="bbox 2091 3003 3729 3075">
    <p class='ocr_par' dir='ltr' id='par_1_90' title="bbox 2091 3003 3729 3075">
     <span class='ocr_line' id='line_1_90' title="bbox 2091 3003 3729 3075; baseline 0.003 -19"><span class='ocrx_word' id='word_1_716' title='bbox 2091 3056 2110 3075; x_wconf 60' lang='grc'><strong>,</strong></span> <span class='ocrx_word' id='word_1_717' title='bbox 2144 3003 2321 3057; x_wconf 84' lang='lat' dir='ltr'><strong>vidisti</strong></span> <span class='ocrx_word' id='word_1_718' title='bbox 2363 3020 2502 3068; x_wconf 88' lang='lat' dir='ltr'><strong>eum,</strong></span> <span class='ocrx_word' id='word_1_719' title='bbox 2544 3015 2593 3059; x_wconf 90' lang='lat' dir='ltr'><strong>et</strong></span> <span class='ocrx_word' id='word_1_720' title='bbox 2634 3007 2721 3075; x_wconf 85' lang='lat' dir='ltr'><strong>qui</strong></span> <span class='ocrx_word' id='word_1_721' title='bbox 2767 3005 3000 3075; x_wconf 82' lang='lat' dir='ltr'><strong>loquitur</strong></span> <span class='ocrx_word' id='word_1_722' title='bbox 3026 3017 3216 3073; x_wconf 87' lang='lat' dir='ltr'><strong>tecum,</strong></span> <span class='ocrx_word' id='word_1_723' title='bbox 3242 3008 3352 3075; x_wconf 87' lang='lat' dir='ltr'><strong>ipse</strong></span> <span class='ocrx_word' id='word_1_724' title='bbox 3390 3018 3486 3063; x_wconf 91' lang='lat' dir='ltr'><strong>est.</strong></span> <span class='ocrx_word' id='word_1_725' title='bbox 3527 3008 3656 3063; x_wconf 87' lang='lat' dir='ltr'><strong>Item</strong></span> <span class='ocrx_word' id='word_1_726' title='bbox 3679 3009 3729 3062; x_wconf 91' lang='lat' dir='ltr'><strong>in</strong></span> 
     </span>
    </p>
   </div>
   <div class='ocr_carea' id='block_1_91' title="bbox 450 3022 3295 3167">
    <p class='ocr_par' dir='ltr' id='par_1_91' title="bbox 450 3022 3295 3167">
     <span class='ocr_line' id='line_1_91' title="bbox 450 3022 3295 3079; baseline 0.001 -21"><span class='ocrx_word' id='word_1_727' title='bbox 450 3022 617 3058; x_wconf 68' lang='grc'><strong><em>08860.</em></strong></span> <span class='ocrx_word' id='word_1_728' title='bbox 672 3022 752 3057; x_wconf 78' lang='lat' dir='ltr'><strong>AC</strong></span> <span class='ocrx_word' id='word_1_729' title='bbox 797 3022 842 3057; x_wconf 87' lang='lat' dir='ltr'><strong>SI</strong></span> <span class='ocrx_word' id='word_1_730' title='bbox 897 3022 1102 3058; x_wconf 77' lang='lat' dir='ltr'><strong>eiceret</strong></span> <span class='ocrx_word' id='word_1_731' title='bbox 1141 3022 1153 3055; x_wconf 76' lang='grc' dir='ltr'>ζ</span> <span class='ocrx_word' id='word_1_732' title='bbox 1205 3022 1271 3059; x_wconf 85' lang='grc' dir='ltr'><em>υι</em></span> <span class='ocrx_word' id='word_1_733' title='bbox 1312 3022 1404 3073; x_wconf 74' lang='grc' dir='ltr'><strong>(ιω</strong></span> <span class='ocrx_word' id='word_1_734' title='bbox 1453 3022 1643 3059; x_wconf 79' lang='grc' dir='ltr'>(100ιοῖ</span> <span class='ocrx_word' id='word_1_735' title='bbox 1686 3022 1894 3057; x_wconf 84' lang='lat' dir='ltr'><strong>tuet‘um</strong></span> <span class='ocrx_word' id='word_1_736' title='bbox 1946 3022 2041 3058; x_wconf 76' lang='lat' dir='ltr'><strong>Ju-</strong></span> <span class='ocrx_word' id='word_1_737' title='bbox 2091 3056 2110 3075; x_wconf 43' lang='grc' dir='ltr'><strong>η</strong></span> <span class='ocrx_word' id='word_1_738' title='bbox 2144 3022 2321 3057; x_wconf 83' lang='lat' dir='ltr'><strong>vtatsu</strong></span> <span class='ocrx_word' id='word_1_739' title='bbox 2363 3022 2502 3068; x_wconf 87' lang='lat' dir='ltr'><strong>eum,</strong></span> <span class='ocrx_word' id='word_1_740' title='bbox 2544 3022 2593 3059; x_wconf 74' lang='grc' dir='ltr'><strong>ει</strong></span> <span class='ocrx_word' id='word_1_741' title='bbox 2634 3022 2721 3076; x_wconf 73' lang='lat' dir='ltr'><strong>qui</strong></span> <span class='ocrx_word' id='word_1_742' title='bbox 2767 3022 3000 3077; x_wconf 75' lang='grc' dir='ltr'><em>ιοφιιιιιν</em></span> <span class='ocrx_word' id='word_1_743' title='bbox 3026 3022 3216 3073; x_wconf 86' lang='lat' dir='ltr'><strong>tecum,</strong></span> <span class='ocrx_word' id='word_1_744' title='bbox 3242 3023 3295 3079; x_wconf 77' lang='grc' dir='ltr'><strong>ψ</strong></span> 
     </span>
     <span class='ocr_line' id='line_1_92' title="bbox 450 3060 3295 3167; baseline 0.001 -16"><span class='ocrx_word' id='word_1_745' title='bbox 450 3097 710 3156; x_wconf 74' lang='lat' dir='ltr'><strong>(imorum.</strong></span> <span class='ocrx_word' id='word_1_746' title='bbox 736 3111 901 3166; x_wconf 92' lang='lat' dir='ltr'><strong>cogor</strong></span> <span class='ocrx_word' id='word_1_747' title='bbox 928 3096 997 3151; x_wconf 92' lang='lat' dir='ltr'><strong>ab</strong></span> <span class='ocrx_word' id='word_1_748' title='bbox 1036 3096 1296 3167; x_wconf 90' lang='lat' dir='ltr'><strong>apostolis</strong></span> <span class='ocrx_word' id='word_1_749' title='bbox 1323 3095 1541 3151; x_wconf 90' lang='lat' dir='ltr'><strong>rusticis</strong></span> <span class='ocrx_word' id='word_1_750' title='bbox 1566 3105 1622 3150; x_wconf 88' lang='lat' dir='ltr'><strong>et</strong></span> <span class='ocrx_word' id='word_1_751' title='bbox 1659 3095 1960 3164; x_wconf 87' lang='lat' dir='ltr'><strong>egentibus,</strong></span> <span class='ocrx_word' id='word_1_752' title='bbox 1987 3103 2043 3148; x_wconf 86' lang='lat' dir='ltr'><strong>et</strong></span> <span class='ocrx_word' id='word_1_753' title='bbox 2067 3060 2112 3115; x_wconf 56' lang='lat' dir='ltr'><strong>L</strong></span> <span class='ocrx_word' id='word_1_754' title='bbox 2146 3094 2439 3165; x_wconf 82' lang='lat' dir='ltr'><strong>Evangelio</strong></span> <span class='ocrx_word' id='word_1_755' title='bbox 2497 3098 2793 3153; x_wconf 89' lang='lat' dir='ltr'><strong>secundum</strong></span> <span class='ocrx_word' id='word_1_756' title='bbox 2840 3096 3101 3155; x_wconf 84' lang='lat' dir='ltr'><strong>Joannem</strong></span> <span class='ocrx_word' id='word_1_757' title='bbox 3122 3137 3138 3165; x_wconf 93' lang='lat'><strong>,</strong></span> <span class='ocrx_word' id='word_1_758' title='bbox 3190 3115 3295 3167; x_wconf 91' lang='lat' dir='ltr'><strong>qua</strong></span> 
     </span>
    </p>
   </div>
   <div class='ocr_carea' id='block_1_92' title="bbox 2146 3094 3731 3170">
    <p class='ocr_par' dir='ltr' id='par_1_92' title="bbox 2146 3094 3731 3170">
     <span class='ocr_line' id='line_1_93' title="bbox 2146 3094 3731 3170; baseline 0.003 -21"><span class='ocrx_word' id='word_1_759' title='bbox 2146 3094 2439 3165; x_wconf 81' lang='lat' dir='ltr'><strong>Evangelio</strong></span> <span class='ocrx_word' id='word_1_760' title='bbox 2497 3098 2793 3153; x_wconf 88' lang='lat' dir='ltr'><strong>secundum</strong></span> <span class='ocrx_word' id='word_1_761' title='bbox 2840 3096 3138 3165; x_wconf 88' lang='lat' dir='ltr'><strong>Joannem,</strong></span> <span class='ocrx_word' id='word_1_762' title='bbox 3190 3100 3406 3170; x_wconf 90' lang='lat' dir='ltr'><strong>quando</strong></span> <span class='ocrx_word' id='word_1_763' title='bbox 3467 3100 3731 3155; x_wconf 83' lang='lat' dir='ltr'><strong>Lazarum</strong></span> 
     </span>
    </p>
   </div>
   <div class='ocr_carea' id='block_1_93' title="bbox 2147 3183 3730 3251">
    <p class='ocr_par' dir='ltr' id='par_1_93' title="bbox 2147 3183 3730 3251">
     <span class='ocr_line' id='line_1_94' title="bbox 2147 3183 3730 3251; baseline 0.003 -14"><span class='ocrx_word' id='word_1_764' title='bbox 2147 3183 2509 3240; x_wconf 84' lang='lat' dir='ltr'><strong>suscitaturus</strong></span> <span class='ocrx_word' id='word_1_765' title='bbox 2544 3186 2713 3251; x_wconf 84' lang='lat' dir='ltr'><strong>venit,</strong></span> <span class='ocrx_word' id='word_1_766' title='bbox 2741 3186 2875 3241; x_wconf 69' lang='lat' dir='ltr'><strong>dixit</strong></span> <span class='ocrx_word' id='word_1_767' title='bbox 2905 3185 3117 3241; x_wconf 74' lang='lat' dir='ltr'><strong>Martha</strong></span> <span class='ocrx_word' id='word_1_768' title='bbox 3142 3187 3211 3241; x_wconf 88' lang='lat' dir='ltr'><strong>ad</strong></span> <span class='ocrx_word' id='word_1_769' title='bbox 3241 3187 3423 3241; x_wconf 87' lang='lat' dir='ltr'><strong>Iesum</strong></span> <span class='ocrx_word' id='word_1_770' title='bbox 3447 3204 3467 3241; x_wconf 93' lang='lat'><em>:</em></span> <span class='ocrx_word' id='word_1_771' title='bbox 3493 3187 3730 3251; x_wconf 75' lang='lat' dir='ltr'><strong>Domine,</strong></span> 
     </span>
    </p>
   </div>
   <div class='ocr_carea' id='block_1_94' title="bbox 2145 3278 3734 3350">
    <p class='ocr_par' dir='ltr' id='par_1_94' title="bbox 2145 3278 3734 3350">
     <span class='ocr_line' id='line_1_95' title="bbox 2145 3278 3734 3350; baseline 0.001 -18"><span class='ocrx_word' id='word_1_772' title='bbox 2145 3281 2193 3333; x_wconf 90' lang='lat' dir='ltr'><strong>si</strong></span> <span class='ocrx_word' id='word_1_773' title='bbox 2216 3278 2405 3348; x_wconf 79' lang='lat' dir='ltr'><strong>fuisses</strong></span> <span class='ocrx_word' id='word_1_774' title='bbox 2431 3280 2536 3344; x_wconf 83' lang='lat' dir='ltr'><strong>hic,</strong></span> <span class='ocrx_word' id='word_1_775' title='bbox 2573 3279 2740 3349; x_wconf 78' lang='lat' dir='ltr'><strong>frater</strong></span> <span class='ocrx_word' id='word_1_776' title='bbox 2767 3296 2913 3334; x_wconf 86' lang='lat' dir='ltr'><strong>meus</strong></span> <span class='ocrx_word' id='word_1_777' title='bbox 2938 3296 3044 3334; x_wconf 88' lang='lat' dir='ltr'><strong>non</strong></span> <span class='ocrx_word' id='word_1_778' title='bbox 3078 3280 3261 3350; x_wconf 82' lang='lat' dir='ltr'><strong>fuisset</strong></span> <span class='ocrx_word' id='word_1_779' title='bbox 3299 3290 3559 3335; x_wconf 88' lang='lat' dir='ltr'><strong>mortuus.</strong></span> <span class='ocrx_word' id='word_1_780' title='bbox 3592 3279 3734 3334; x_wconf 67' lang='lat' dir='ltr'><strong>Dixit</strong></span> 
     </span>
    </p>
   </div>
   <div class='ocr_carea' id='block_1_95' title="bbox 2146 3367 3735 3440">
    <p class='ocr_par' dir='ltr' id='par_1_95' title="bbox 2146 3367 3735 3440">
     <span class='ocr_line' id='line_1_96' title="bbox 2146 3367 3735 3440; baseline -0.002 -14"><span class='ocrx_word' id='word_1_781' title='bbox 2146 3369 2227 3426; x_wconf 89' lang='lat' dir='ltr'><strong>illi</strong></span> <span class='ocrx_word' id='word_1_782' title='bbox 2268 3371 2465 3426; x_wconf 87' lang='lat' dir='ltr'><strong>Iesus:</strong></span> <span class='ocrx_word' id='word_1_783' title='bbox 2499 3367 2749 3440; x_wconf 84' lang='lat' dir='ltr'><strong>Resurget</strong></span> <span class='ocrx_word' id='word_1_784' title='bbox 2798 3369 2964 3440; x_wconf 82' lang='lat' dir='ltr'><strong>frater</strong></span> <span class='ocrx_word' id='word_1_785' title='bbox 3005 3378 3148 3423; x_wconf 82' lang='lat' dir='ltr'><strong>tuus.</strong></span> <span class='ocrx_word' id='word_1_786' title='bbox 3200 3368 3340 3423; x_wconf 85' lang='lat' dir='ltr'><strong>Dicit</strong></span> <span class='ocrx_word' id='word_1_787' title='bbox 3379 3370 3428 3423; x_wconf 91' lang='lat' dir='ltr'><strong>ei</strong></span> <span class='ocrx_word' id='word_1_788' title='bbox 3476 3368 3688 3423; x_wconf 68' lang='lat' dir='ltr'><strong>Martha</strong></span> <span class='ocrx_word' id='word_1_789' title='bbox 3715 3384 3735 3423; x_wconf 90' lang='lat'><strong><em>:</em></strong></span> 
     </span>
    </p>
   </div>
   <div class='ocr_carea' id='block_1_96' title="bbox 2152 3460 3733 3532">
    <p class='ocr_par' dir='ltr' id='par_1_96' title="bbox 2152 3460 3733 3532">
     <span class='ocr_line' id='line_1_97' title="bbox 2152 3460 3733 3532; baseline -0.002 -15"><span class='ocrx_word' id='word_1_790' title='bbox 2152 3460 2276 3517; x_wconf 85' lang='lat' dir='ltr'><strong>Scio</strong></span> <span class='ocrx_word' id='word_1_791' title='bbox 2306 3462 2432 3532; x_wconf 88' lang='lat' dir='ltr'><strong>quia</strong></span> <span class='ocrx_word' id='word_1_792' title='bbox 2458 3461 2772 3532; x_wconf 82' lang='lat' dir='ltr'><strong>resurgetin</strong></span> <span class='ocrx_word' id='word_1_793' title='bbox 2806 3462 3200 3526; x_wconf 83' lang='lat' dir='ltr'><strong>resurrectione,</strong></span> <span class='ocrx_word' id='word_1_794' title='bbox 3236 3462 3292 3514; x_wconf 89' lang='lat' dir='ltr'><strong>in</strong></span> <span class='ocrx_word' id='word_1_795' title='bbox 3327 3461 3609 3515; x_wconf 75' lang='lat' dir='ltr'><strong>novissimo</strong></span> <span class='ocrx_word' id='word_1_796' title='bbox 3631 3462 3733 3514; x_wconf 79' lang='lat' dir='ltr'><strong>die.</strong></span> 
     </span>
    </p>
   </div>
   <div class='ocr_carea' id='block_1_97' title="bbox 2152 3550 3738 3623">
    <p class='ocr_par' dir='ltr' id='par_1_97' title="bbox 2152 3550 3738 3623">
     <span class='ocr_line' id='line_1_98' title="bbox 2152 3550 3738 3623; baseline -0.001 -16"><span class='ocrx_word' id='word_1_797' title='bbox 2152 3553 2291 3609; x_wconf 84' lang='lat' dir='ltr'><strong>Dicit</strong></span> <span class='ocrx_word' id='word_1_798' title='bbox 2335 3553 2416 3607; x_wconf 89' lang='lat' dir='ltr'><strong>illi</strong></span> <span class='ocrx_word' id='word_1_799' title='bbox 2450 3554 2606 3609; x_wconf 92' lang='lat' dir='ltr'><strong>Iesus</strong></span> <span class='ocrx_word' id='word_1_800' title='bbox 2648 3569 2667 3607; x_wconf 91' lang='lat'><strong><em>:</em></strong></span> <span class='ocrx_word' id='word_1_801' title='bbox 2702 3552 2817 3623; x_wconf 86' lang='lat' dir='ltr'><strong>Ego</strong></span> <span class='ocrx_word' id='word_1_802' title='bbox 2863 3568 2979 3607; x_wconf 85' lang='lat' dir='ltr'><strong>sum</strong></span> <span class='ocrx_word' id='word_1_803' title='bbox 3011 3553 3320 3607; x_wconf 84' lang='lat' dir='ltr'><strong>resurrectio</strong></span> <span class='ocrx_word' id='word_1_804' title='bbox 3359 3562 3408 3607; x_wconf 87' lang='lat' dir='ltr'><strong>et</strong></span> <span class='ocrx_word' id='word_1_805' title='bbox 3459 3553 3584 3606; x_wconf 78' lang='lat' dir='ltr'><strong>vita.</strong></span> <span class='ocrx_word' id='word_1_806' title='bbox 3636 3550 3738 3617; x_wconf 82' lang='lat' dir='ltr'><strong>Qui</strong></span> 
     </span>
    </p>
   </div>
   <div class='ocr_carea' id='block_1_98' title="bbox 2152 3644 3738 3715">
    <p class='ocr_par' dir='ltr' id='par_1_98' title="bbox 2152 3644 3738 3715">
     <span class='ocr_line' id='line_1_99' title="bbox 2152 3644 3738 3715; baseline -0.003 -14"><span class='ocrx_word' id='word_1_807' title='bbox 2152 3647 2314 3701; x_wconf 88' lang='lat' dir='ltr'><strong>credit</strong></span> <span class='ocrx_word' id='word_1_808' title='bbox 2336 3647 2391 3701; x_wconf 90' lang='lat' dir='ltr'><strong>in</strong></span> <span class='ocrx_word' id='word_1_809' title='bbox 2418 3663 2516 3709; x_wconf 89' lang='lat' dir='ltr'><strong>me,</strong></span> <span class='ocrx_word' id='word_1_810' title='bbox 2540 3655 2589 3701; x_wconf 90' lang='lat' dir='ltr'><strong>et</strong></span> <span class='ocrx_word' id='word_1_811' title='bbox 2614 3647 2659 3700; x_wconf 91' lang='lat' dir='ltr'><strong>si</strong></span> <span class='ocrx_word' id='word_1_812' title='bbox 2684 3654 2921 3700; x_wconf 88' lang='lat' dir='ltr'><strong>mortuus</strong></span> <span class='ocrx_word' id='word_1_813' title='bbox 2946 3644 3124 3715; x_wconf 76' lang='lat' dir='ltr'><strong>fuerit,</strong></span> <span class='ocrx_word' id='word_1_814' title='bbox 3155 3645 3282 3699; x_wconf 74' lang='lat' dir='ltr'><strong>uiuet</strong></span> <span class='ocrx_word' id='word_1_815' title='bbox 3308 3661 3326 3699; x_wconf 90' lang='lat'><strong><em>:</em></strong></span> <span class='ocrx_word' id='word_1_816' title='bbox 3358 3653 3409 3698; x_wconf 87' lang='lat' dir='ltr'><strong>et</strong></span> <span class='ocrx_word' id='word_1_817' title='bbox 3446 3645 3615 3698; x_wconf 88' lang='lat' dir='ltr'><strong>omnis</strong></span> <span class='ocrx_word' id='word_1_818' title='bbox 3649 3644 3738 3714; x_wconf 85' lang='lat' dir='ltr'><strong>qui</strong></span> 
     </span>
    </p>
   </div>
   <div class='ocr_carea' id='block_1_99' title="bbox 2154 3720 3739 3801">
    <p class='ocr_par' dir='ltr' id='par_1_99' title="bbox 2154 3720 3739 3801">
     <span class='ocr_line' id='line_1_100' title="bbox 2154 3720 3739 3801; baseline -0.001 -12"><span class='ocrx_word' id='word_1_819' title='bbox 2154 3720 2272 3791; x_wconf 77' lang='lat' dir='ltr'><strong>vivit</strong></span> <span class='ocrx_word' id='word_1_820' title='bbox 2300 3745 2349 3790; x_wconf 89' lang='lat' dir='ltr'><strong>et</strong></span> <span class='ocrx_word' id='word_1_821' title='bbox 2370 3736 2534 3791; x_wconf 86' lang='lat' dir='ltr'><strong>credit</strong></span> <span class='ocrx_word' id='word_1_822' title='bbox 2560 3736 2615 3790; x_wconf 90' lang='lat' dir='ltr'><strong>in</strong></span> <span class='ocrx_word' id='word_1_823' title='bbox 2647 3751 2749 3801; x_wconf 87' lang='lat' dir='ltr'><strong>me,</strong></span> <span class='ocrx_word' id='word_1_824' title='bbox 2774 3750 2879 3789; x_wconf 88' lang='lat' dir='ltr'><strong>non</strong></span> <span class='ocrx_word' id='word_1_825' title='bbox 2908 3735 3160 3789; x_wconf 89' lang='lat' dir='ltr'><strong>morietur</strong></span> <span class='ocrx_word' id='word_1_826' title='bbox 3177 3734 3233 3788; x_wconf 88' lang='lat' dir='ltr'><strong>in</strong></span> <span class='ocrx_word' id='word_1_827' title='bbox 3259 3744 3531 3789; x_wconf 73' lang='lat' dir='ltr'><strong>wternum.</strong></span> <span class='ocrx_word' id='word_1_828' title='bbox 3560 3733 3739 3789; x_wconf 85' lang='lat' dir='ltr'><strong>Credis</strong></span> 
     </span>
    </p>
   </div>
   <div class='ocr_carea' id='block_1_100' title="bbox 2154 3824 3741 3897">
    <p class='ocr_par' dir='ltr' id='par_1_100' title="bbox 2154 3824 3741 3897">
     <span class='ocr_line' id='line_1_101' title="bbox 2154 3824 3741 3897; baseline -0.003 -15"><span class='ocrx_word' id='word_1_829' title='bbox 2154 3830 2290 3882; x_wconf 85' lang='lat' dir='ltr'><strong>hoc?</strong></span> <span class='ocrx_word' id='word_1_830' title='bbox 2318 3828 2386 3882; x_wconf 84' lang='lat' dir='ltr'><strong>Et</strong></span> <span class='ocrx_word' id='word_1_831' title='bbox 2414 3829 2488 3881; x_wconf 90' lang='lat' dir='ltr'><strong>ait</strong></span> <span class='ocrx_word' id='word_1_832' title='bbox 2515 3827 2595 3881; x_wconf 91' lang='lat' dir='ltr'><strong>illi</strong></span> <span class='ocrx_word' id='word_1_833' title='bbox 2642 3826 2857 3880; x_wconf 72' lang='lat' dir='ltr'><strong>Martha</strong></span> <span class='ocrx_word' id='word_1_834' title='bbox 2885 3841 2904 3880; x_wconf 91' lang='lat'><strong><em>:</em></strong></span> <span class='ocrx_word' id='word_1_835' title='bbox 2935 3824 3144 3897; x_wconf 87' lang='lat' dir='ltr'><strong>Utique,</strong></span> <span class='ocrx_word' id='word_1_836' title='bbox 3176 3824 3418 3880; x_wconf 86' lang='lat' dir='ltr'><strong>Domine.</strong></span> <span class='ocrx_word' id='word_1_837' title='bbox 3466 3824 3583 3896; x_wconf 84' lang='lat' dir='ltr'><strong>Ego</strong></span> <span class='ocrx_word' id='word_1_838' title='bbox 3626 3842 3741 3878; x_wconf 83' lang='lat' dir='ltr'><strong>cre-</strong></span> 
     </span>
    </p>
   </div>
   <div class='ocr_carea' id='block_1_101' title="bbox 2156 3915 3741 3990">
    <p class='ocr_par' dir='ltr' id='par_1_101' title="bbox 2156 3915 3741 3990">
     <span class='ocr_line' id='line_1_102' title="bbox 2156 3915 3741 3990; baseline -0.003 -16"><span class='ocrx_word' id='word_1_839' title='bbox 2156 3920 2267 3974; x_wconf 86' lang='lat' dir='ltr'><strong>didi</strong></span> <span class='ocrx_word' id='word_1_840' title='bbox 2301 3921 2426 3990; x_wconf 89' lang='lat' dir='ltr'><strong>quia</strong></span> <span class='ocrx_word' id='word_1_841' title='bbox 2480 3928 2538 3973; x_wconf 88' lang='lat' dir='ltr'><strong>tu</strong></span> <span class='ocrx_word' id='word_1_842' title='bbox 2595 3935 2649 3973; x_wconf 93' lang='lat' dir='ltr'><strong>es</strong></span> <span class='ocrx_word' id='word_1_843' title='bbox 2683 3916 2921 3973; x_wconf 81' lang='lat' dir='ltr'><strong>Christus</strong></span> <span class='ocrx_word' id='word_1_844' title='bbox 2969 3915 3142 3971; x_wconf 85' lang='lat' dir='ltr'><strong>Filius</strong></span> <span class='ocrx_word' id='word_1_845' title='bbox 3194 3916 3309 3983; x_wconf 90' lang='lat' dir='ltr'><strong>Dei,</strong></span> <span class='ocrx_word' id='word_1_846' title='bbox 3361 3918 3451 3989; x_wconf 88' lang='lat' dir='ltr'><strong>qui</strong></span> <span class='ocrx_word' id='word_1_847' title='bbox 3501 3917 3559 3971; x_wconf 87' lang='lat' dir='ltr'><strong>in</strong></span> <span class='ocrx_word' id='word_1_848' title='bbox 3607 3917 3741 3971; x_wconf 73' lang='lat' dir='ltr'><strong>hunc</strong></span> 
     </span>
    </p>
   </div>
   <div class='ocr_carea' id='block_1_102' title="bbox 2158 4012 2638 4066">
    <p class='ocr_par' dir='ltr' id='par_1_102' title="bbox 2158 4012 2638 4066">
     <span class='ocr_line' id='line_1_103' title="bbox 2158 4012 2638 4066; baseline -0.002 -1"><span class='ocrx_word' id='word_1_849' title='bbox 2158 4012 2412 4066; x_wconf 87' lang='lat' dir='ltr'><strong>mundum</strong></span> <span class='ocrx_word' id='word_1_850' title='bbox 2434 4012 2638 4066; x_wconf 80' lang='lat' dir='ltr'><strong>uenisti.</strong></span> 
     </span>
    </p>
   </div>
   <div class='ocr_carea' id='block_1_103' title="bbox 2228 4099 3741 4174">
    <p class='ocr_par' dir='ltr' id='par_1_103' title="bbox 2228 4099 3741 4174">
     <span class='ocr_line' id='line_1_104' title="bbox 2228 4099 3741 4174; baseline -0.004 -16"><span class='ocrx_word' id='word_1_851' title='bbox 2228 4103 2411 4158; x_wconf 73' lang='lat' dir='ltr'><strong>XVIII.</strong></span> <span class='ocrx_word' id='word_1_852' title='bbox 2447 4104 2562 4158; x_wconf 88' lang='lat' dir='ltr'><strong>Non</strong></span> <span class='ocrx_word' id='word_1_853' title='bbox 2607 4103 2866 4159; x_wconf 89' lang='lat' dir='ltr'><strong>debemus</strong></span> <span class='ocrx_word' id='word_1_854' title='bbox 2918 4117 3049 4174; x_wconf 90' lang='lat' dir='ltr'><strong>ergo</strong></span> <span class='ocrx_word' id='word_1_855' title='bbox 3076 4100 3323 4157; x_wconf 90' lang='lat' dir='ltr'><strong>dubitare</strong></span> <span class='ocrx_word' id='word_1_856' title='bbox 3364 4099 3433 4154; x_wconf 88' lang='lat' dir='ltr'><strong>de</strong></span> <span class='ocrx_word' id='word_1_857' title='bbox 3469 4114 3538 4154; x_wconf 85' lang='lat' dir='ltr'><strong>eo</strong></span> <span class='ocrx_word' id='word_1_858' title='bbox 3585 4112 3741 4167; x_wconf 89' lang='lat' dir='ltr'><strong>quem</strong></span> 
     </span>
    </p>
   </div>
   <div class='ocr_carea' id='block_1_104' title="bbox 2159 4190 3741 4263">
    <p class='ocr_par' dir='ltr' id='par_1_104' title="bbox 2159 4190 3741 4263">
     <span class='ocr_line' id='line_1_105' title="bbox 2159 4190 3741 4263; baseline -0.003 -15"><span class='ocrx_word' id='word_1_859' title='bbox 2159 4193 2329 4249; x_wconf 64' lang='lat' dir='ltr'><strong>Judaei</strong></span> <span class='ocrx_word' id='word_1_860' title='bbox 2370 4195 2774 4258; x_wconf 81' lang='lat' dir='ltr'><strong>crucilixerunt,</strong></span> <span class='ocrx_word' id='word_1_861' title='bbox 2803 4194 2947 4263; x_wconf 90' lang='lat' dir='ltr'><strong>quod</strong></span> <span class='ocrx_word' id='word_1_862' title='bbox 2975 4193 3090 4261; x_wconf 89' lang='lat' dir='ltr'><strong>ipse</strong></span> <span class='ocrx_word' id='word_1_863' title='bbox 3121 4191 3192 4247; x_wconf 90' lang='lat' dir='ltr'><strong>sit</strong></span> <span class='ocrx_word' id='word_1_864' title='bbox 3234 4204 3397 4245; x_wconf 88' lang='lat' dir='ltr'><strong>verus</strong></span> <span class='ocrx_word' id='word_1_865' title='bbox 3436 4190 3609 4245; x_wconf 84' lang='lat' dir='ltr'><strong>Filius</strong></span> <span class='ocrx_word' id='word_1_866' title='bbox 3648 4190 3741 4245; x_wconf 87' lang='lat' dir='ltr'><strong>Dei</strong></span> 
     </span>
    </p>
   </div>
   <div class='ocr_carea' id='block_1_105' title="bbox 2159 4282 3747 4358">
    <p class='ocr_par' dir='ltr' id='par_1_105' title="bbox 2159 4282 3747 4358">
     <span class='ocr_line' id='line_1_106' title="bbox 2159 4282 3747 4358; baseline -0.003 -16"><span class='ocrx_word' id='word_1_867' title='bbox 2159 4288 2428 4358; x_wconf 85' lang='lat' dir='ltr'><strong>proprius,</strong></span> <span class='ocrx_word' id='word_1_868' title='bbox 2467 4302 2573 4343; x_wconf 88' lang='lat' dir='ltr'><strong>non</strong></span> <span class='ocrx_word' id='word_1_869' title='bbox 2603 4288 2886 4357; x_wconf 87' lang='lat' dir='ltr'><strong>adoptivus</strong></span> <span class='ocrx_word' id='word_1_870' title='bbox 2914 4305 2928 4341; x_wconf 90' lang='lat'>:</span> <span class='ocrx_word' id='word_1_871' title='bbox 2959 4286 3054 4341; x_wconf 91' lang='lat' dir='ltr'><strong>sed</strong></span> <span class='ocrx_word' id='word_1_872' title='bbox 3083 4287 3276 4341; x_wconf 87' lang='lat' dir='ltr'><strong>unicus</strong></span> <span class='ocrx_word' id='word_1_873' title='bbox 3319 4284 3416 4339; x_wconf 91' lang='lat' dir='ltr'><strong>Dei</strong></span> <span class='ocrx_word' id='word_1_874' title='bbox 3454 4283 3633 4340; x_wconf 85' lang='lat' dir='ltr'><strong>Patris</strong></span> <span class='ocrx_word' id='word_1_875' title='bbox 3660 4282 3747 4337; x_wconf 83' lang='lat' dir='ltr'><strong>Fi-</strong></span> 
     </span>
    </p>
   </div>
   <div class='ocr_carea' id='block_1_106' title="bbox 2166 4374 3743 4441">
    <p class='ocr_par' dir='ltr' id='par_1_106' title="bbox 2166 4374 3743 4441">
     <span class='ocr_line' id='line_1_107' title="bbox 2166 4374 3743 4441; baseline -0.004 -8"><span class='ocrx_word' id='word_1_876' title='bbox 2166 4380 2288 4441; x_wconf 89' lang='lat' dir='ltr'><strong>lius,</strong></span> <span class='ocrx_word' id='word_1_877' title='bbox 2328 4379 2470 4432; x_wconf 89' lang='lat' dir='ltr'><strong>Deus</strong></span> <span class='ocrx_word' id='word_1_878' title='bbox 2508 4393 2669 4432; x_wconf 88' lang='lat' dir='ltr'><strong>verus</strong></span> <span class='ocrx_word' id='word_1_879' title='bbox 2707 4385 2763 4433; x_wconf 91' lang='lat' dir='ltr'><strong>et</strong></span> <span class='ocrx_word' id='word_1_880' title='bbox 2804 4378 2915 4431; x_wconf 88' lang='lat' dir='ltr'><strong>vita</strong></span> <span class='ocrx_word' id='word_1_881' title='bbox 2954 4384 3175 4432; x_wconf 62' lang='lat' dir='ltr'><strong>aeterna.</strong></span> <span class='ocrx_word' id='word_1_882' title='bbox 3206 4374 3505 4431; x_wconf 88' lang='lat' dir='ltr'><strong>Credamus</strong></span> <span class='ocrx_word' id='word_1_883' title='bbox 3543 4374 3598 4429; x_wconf 92' lang='lat' dir='ltr'><strong>in</strong></span> <span class='ocrx_word' id='word_1_884' title='bbox 3624 4389 3743 4428; x_wconf 88' lang='lat' dir='ltr'><strong>eum</strong></span> 
     </span>
    </p>
   </div>
   <div class='ocr_carea' id='block_1_107' title="bbox 2169 4466 3743 4541">
    <p class='ocr_par' dir='ltr' id='par_1_107' title="bbox 2169 4466 3743 4541">
     <span class='ocr_line' id='line_1_108' title="bbox 2169 4466 3743 4541; baseline -0.001 -16"><span class='ocrx_word' id='word_1_885' title='bbox 2169 4480 2279 4525; x_wconf 90' lang='lat' dir='ltr'><strong>tam</strong></span> <span class='ocrx_word' id='word_1_886' title='bbox 2308 4472 2515 4541; x_wconf 88' lang='lat' dir='ltr'><strong>parvuli</strong></span> <span class='ocrx_word' id='word_1_887' title='bbox 2539 4486 2700 4540; x_wconf 90' lang='lat' dir='ltr'><strong>quam</strong></span> <span class='ocrx_word' id='word_1_888' title='bbox 2721 4484 2894 4533; x_wconf 89' lang='lat' dir='ltr'><strong>senes,</strong></span> <span class='ocrx_word' id='word_1_889' title='bbox 2920 4477 3030 4525; x_wconf 88' lang='lat' dir='ltr'><strong>tam</strong></span> <span class='ocrx_word' id='word_1_890' title='bbox 3054 4468 3243 4523; x_wconf 85' lang='lat' dir='ltr'><strong>rustici</strong></span> <span class='ocrx_word' id='word_1_891' title='bbox 3264 4482 3429 4538; x_wconf 89' lang='lat' dir='ltr'><strong>quam</strong></span> <span class='ocrx_word' id='word_1_892' title='bbox 3452 4466 3743 4536; x_wconf 82' lang='lat' dir='ltr'><strong>sapientes.</strong></span> 
     </span>
    </p>
   </div>
   <div class='ocr_carea' id='block_1_108' title="bbox 2167 4556 3743 4631">
    <p class='ocr_par' dir='ltr' id='par_1_108' title="bbox 2167 4556 3743 4631">
     <span class='ocr_line' id='line_1_109' title="bbox 2167 4556 3743 4631; baseline -0.005 -15"><span class='ocrx_word' id='word_1_893' title='bbox 2167 4573 2276 4616; x_wconf 90' lang='lat' dir='ltr'><strong>tam</strong></span> <span class='ocrx_word' id='word_1_894' title='bbox 2303 4576 2568 4631; x_wconf 87' lang='lat' dir='ltr'><strong>pauperes</strong></span> <span class='ocrx_word' id='word_1_895' title='bbox 2590 4576 2752 4630; x_wconf 86' lang='lat' dir='ltr'><strong>quam</strong></span> <span class='ocrx_word' id='word_1_896' title='bbox 2789 4560 3005 4625; x_wconf 83' lang='lat' dir='ltr'><strong>divites,</strong></span> <span class='ocrx_word' id='word_1_897' title='bbox 3037 4568 3145 4614; x_wconf 88' lang='lat' dir='ltr'><strong>tam</strong></span> <span class='ocrx_word' id='word_1_898' title='bbox 3171 4559 3275 4614; x_wconf 88' lang='lat' dir='ltr'><strong>viri</strong></span> <span class='ocrx_word' id='word_1_899' title='bbox 3298 4574 3459 4630; x_wconf 88' lang='lat' dir='ltr'><strong>quam</strong></span> <span class='ocrx_word' id='word_1_900' title='bbox 3485 4556 3699 4613; x_wconf 77' lang='lat' dir='ltr'><strong>femina:</strong></span> <span class='ocrx_word' id='word_1_901' title='bbox 3731 4574 3743 4608; x_wconf 93' lang='lat'>:</span> 
     </span>
    </p>
   </div>
   <div class='ocr_carea' id='block_1_109' title="bbox 2166 4649 3748 4721">
    <p class='ocr_par' dir='ltr' id='par_1_109' title="bbox 2166 4649 3748 4721">
     <span class='ocr_line' id='line_1_110' title="bbox 2166 4649 3748 4721; baseline -0.004 -16"><span class='ocrx_word' id='word_1_902' title='bbox 2166 4660 2276 4705; x_wconf 90' lang='lat' dir='ltr'><strong>tam</strong></span> <span class='ocrx_word' id='word_1_903' title='bbox 2310 4652 2479 4705; x_wconf 87' lang='lat' dir='ltr'><strong>omnis</strong></span> <span class='ocrx_word' id='word_1_904' title='bbox 2526 4651 2838 4721; x_wconf 77' lang='lat' dir='ltr'><strong>omninoque</strong></span> <span class='ocrx_word' id='word_1_905' title='bbox 2884 4664 3048 4705; x_wconf 81' lang='lat' dir='ltr'><strong>sexus</strong></span> <span class='ocrx_word' id='word_1_906' title='bbox 3092 4649 3392 4704; x_wconf 88' lang='lat' dir='ltr'><strong>moriamur</strong></span> <span class='ocrx_word' id='word_1_907' title='bbox 3442 4663 3544 4718; x_wconf 91' lang='lat' dir='ltr'><strong>pro</strong></span> <span class='ocrx_word' id='word_1_908' title='bbox 3588 4663 3655 4703; x_wconf 88' lang='lat' dir='ltr'><strong>eo</strong></span> <span class='ocrx_word' id='word_1_909' title='bbox 3694 4654 3748 4700; x_wconf 90' lang='lat' dir='ltr'><strong>ut</strong></span> 
     </span>
    </p>
   </div>
   <div class='ocr_carea' id='block_1_110' title="bbox 2168 4740 3745 4801">
    <p class='ocr_par' dir='ltr' id='par_1_110' title="bbox 2168 4740 3745 4801">
     <span class='ocr_line' id='line_1_111' title="bbox 2168 4740 3745 4801; baseline -0.002 -5"><span class='ocrx_word' id='word_1_910' title='bbox 2168 4743 2412 4797; x_wconf 88' lang='lat' dir='ltr'><strong>vivamus</strong></span> <span class='ocrx_word' id='word_1_911' title='bbox 2467 4743 2523 4796; x_wconf 87' lang='lat' dir='ltr'><strong>in</strong></span> <span class='ocrx_word' id='word_1_912' title='bbox 2574 4757 2658 4797; x_wconf 89' lang='lat' dir='ltr'><strong>eo.</strong></span> <span class='ocrx_word' id='word_1_913' title='bbox 2711 4742 3014 4797; x_wconf 83' lang='lat' dir='ltr'><strong>Adoremus</strong></span> <span class='ocrx_word' id='word_1_914' title='bbox 3069 4757 3192 4796; x_wconf 88' lang='lat' dir='ltr'><strong>eum</strong></span> <span class='ocrx_word' id='word_1_915' title='bbox 3236 4742 3353 4797; x_wconf 84' lang='lat' dir='ltr'><strong>sine</strong></span> <span class='ocrx_word' id='word_1_916' title='bbox 3393 4740 3745 4801; x_wconf 80' lang='lat' dir='ltr'><strong>dubitatione,</strong></span> 
     </span>
    </p>
   </div>
   <div class='ocr_carea' id='block_1_111' title="bbox 2168 4828 3750 4902">
    <p class='ocr_par' dir='ltr' id='par_1_111' title="bbox 2168 4828 3750 4902">
     <span class='ocr_line' id='line_1_112' title="bbox 2168 4828 3750 4902; baseline -0.002 -16"><span class='ocrx_word' id='word_1_917' title='bbox 2168 4833 2295 4902; x_wconf 87' lang='lat' dir='ltr'><strong>quia</strong></span> <span class='ocrx_word' id='word_1_918' title='bbox 2321 4848 2428 4886; x_wconf 88' lang='lat' dir='ltr'><strong>non</strong></span> <span class='ocrx_word' id='word_1_919' title='bbox 2456 4839 2540 4887; x_wconf 88' lang='lat' dir='ltr'><strong>est</strong></span> <span class='ocrx_word' id='word_1_920' title='bbox 2566 4832 2706 4887; x_wconf 86' lang='lat' dir='ltr'><strong>alter</strong></span> <span class='ocrx_word' id='word_1_921' title='bbox 2729 4832 2874 4887; x_wconf 90' lang='lat' dir='ltr'><strong>Deus</strong></span> <span class='ocrx_word' id='word_1_922' title='bbox 2899 4839 3096 4901; x_wconf 64' lang='lat' dir='ltr'><strong>praeter</strong></span> <span class='ocrx_word' id='word_1_923' title='bbox 3133 4845 3277 4896; x_wconf 90' lang='lat' dir='ltr'><strong>eum,</strong></span> <span class='ocrx_word' id='word_1_924' title='bbox 3305 4831 3571 4900; x_wconf 81' lang='lat' dir='ltr'><strong>propheta</strong></span> <span class='ocrx_word' id='word_1_925' title='bbox 3597 4828 3750 4885; x_wconf 82' lang='lat' dir='ltr'><strong>Iere-</strong></span> 
     </span>
    </p>
   </div>
   <div class='ocr_carea' id='block_1_112' title="bbox 2171 4922 3752 4993">
    <p class='ocr_par' dir='ltr' id='par_1_112' title="bbox 2171 4922 3752 4993">
     <span class='ocr_line' id='line_1_113' title="bbox 2171 4922 3752 4993; baseline -0.003 -14"><span class='ocrx_word' id='word_1_926' title='bbox 2171 4925 2277 4979; x_wconf 88' lang='lat' dir='ltr'><strong>mia</strong></span> <span class='ocrx_word' id='word_1_927' title='bbox 2311 4932 2563 4988; x_wconf 79' lang='lat' dir='ltr'><strong>testante,</strong></span> <span class='ocrx_word' id='word_1_928' title='bbox 2592 4925 2685 4993; x_wconf 86' lang='lat' dir='ltr'><strong>qui</strong></span> <span class='ocrx_word' id='word_1_929' title='bbox 2726 4925 2803 4979; x_wconf 88' lang='lat' dir='ltr'><strong>ait</strong></span> <span class='ocrx_word' id='word_1_930' title='bbox 2832 4939 2847 4978; x_wconf 91' lang='lat'><strong>:</strong></span> <span class='ocrx_word' id='word_1_931' title='bbox 2883 4922 2986 4977; x_wconf 81' lang='lat' dir='ltr'><strong>Hic</strong></span> <span class='ocrx_word' id='word_1_932' title='bbox 3030 4923 3174 4978; x_wconf 87' lang='lat' dir='ltr'><strong>Deus</strong></span> <span class='ocrx_word' id='word_1_933' title='bbox 3202 4932 3403 4987; x_wconf 87' lang='lat' dir='ltr'><strong>noster,</strong></span> <span class='ocrx_word' id='word_1_934' title='bbox 3442 4933 3492 4977; x_wconf 87' lang='lat' dir='ltr'><strong>et</strong></span> <span class='ocrx_word' id='word_1_935' title='bbox 3527 4939 3631 4976; x_wconf 83' lang='lat' dir='ltr'><strong>non</strong></span> <span class='ocrx_word' id='word_1_936' title='bbox 3676 4932 3752 4975; x_wconf 86' lang='lat' dir='ltr'><strong>est</strong></span> 
     </span>
    </p>
   </div>
   <div class='ocr_carea' id='block_1_113' title="bbox 2171 5015 3752 5086">
    <p class='ocr_par' dir='ltr' id='par_1_113' title="bbox 2171 5015 3752 5086">
     <span class='ocr_line' id='line_1_114' title="bbox 2171 5015 3752 5086; baseline -0.001 -17"><span class='ocrx_word' id='word_1_937' title='bbox 2171 5016 2307 5070; x_wconf 88' lang='lat' dir='ltr'><strong>alius</strong></span> <span class='ocrx_word' id='word_1_938' title='bbox 2337 5016 2477 5070; x_wconf 89' lang='lat' dir='ltr'><strong>Deus</strong></span> <span class='ocrx_word' id='word_1_939' title='bbox 2504 5025 2694 5086; x_wconf 69' lang='lat' dir='ltr'><strong>pra&#39;ter</strong></span> <span class='ocrx_word' id='word_1_940' title='bbox 2718 5031 2837 5069; x_wconf 85' lang='lat' dir='ltr'><strong>eum</strong></span> <span class='ocrx_word' id='word_1_941' title='bbox 2886 5030 2905 5068; x_wconf 91' lang='lat'><strong><em>:</em></strong></span> <span class='ocrx_word' id='word_1_942' title='bbox 2949 5016 3039 5086; x_wconf 89' lang='lat' dir='ltr'><strong>qui</strong></span> <span class='ocrx_word' id='word_1_943' title='bbox 3080 5015 3344 5069; x_wconf 79' lang='lat' dir='ltr'><strong>adinvenit</strong></span> <span class='ocrx_word' id='word_1_944' title='bbox 3376 5032 3582 5069; x_wconf 86' lang='lat' dir='ltr'><strong>omnem</strong></span> <span class='ocrx_word' id='word_1_945' title='bbox 3618 5017 3752 5070; x_wconf 77' lang='lat' dir='ltr'><strong>viam</strong></span> 
     </span>
    </p>
   </div>
   <div class='ocr_carea' id='block_1_114' title="bbox 2170 5105 3755 5179">
    <p class='ocr_par' dir='ltr' id='par_1_114' title="bbox 2170 5105 3755 5179">
     <span class='ocr_line' id='line_1_115' title="bbox 2170 5105 3755 5179; baseline -0.001 -18"><span class='ocrx_word' id='word_1_946' title='bbox 2170 5108 2462 5179; x_wconf 69' lang='lat' dir='ltr'><strong>prudentia:</strong></span> <span class='ocrx_word' id='word_1_947' title='bbox 2487 5124 2505 5161; x_wconf 89' lang='lat'><strong><em>:</em></strong></span> <span class='ocrx_word' id='word_1_948' title='bbox 2543 5117 2591 5161; x_wconf 85' lang='lat' dir='ltr'><strong>et</strong></span> <span class='ocrx_word' id='word_1_949' title='bbox 2624 5107 2767 5160; x_wconf 88' lang='lat' dir='ltr'><strong>dedit</strong></span> <span class='ocrx_word' id='word_1_950' title='bbox 2804 5123 2920 5161; x_wconf 82' lang='lat' dir='ltr'><strong>eam</strong></span> <span class='ocrx_word' id='word_1_951' title='bbox 2961 5106 3126 5161; x_wconf 86' lang='lat' dir='ltr'><strong>Iacob</strong></span> <span class='ocrx_word' id='word_1_952' title='bbox 3162 5123 3322 5177; x_wconf 88' lang='lat' dir='ltr'><strong>puero</strong></span> <span class='ocrx_word' id='word_1_953' title='bbox 3359 5123 3477 5172; x_wconf 87' lang='lat' dir='ltr'><strong>suo,</strong></span> <span class='ocrx_word' id='word_1_954' title='bbox 3509 5117 3556 5160; x_wconf 89' lang='lat' dir='ltr'><strong>et</strong></span> <span class='ocrx_word' id='word_1_955' title='bbox 3587 5105 3755 5161; x_wconf 82' lang='lat' dir='ltr'><strong>Israel</strong></span> 
     </span>
    </p>
   </div>
   <div class='ocr_carea' id='block_1_115' title="bbox 2173 5196 3759 5260">
    <p class='ocr_par' dir='ltr' id='par_1_115' title="bbox 2173 5196 3759 5260">
     <span class='ocr_line' id='line_1_116' title="bbox 2173 5196 3759 5260; baseline -0.001 -9"><span class='ocrx_word' id='word_1_956' title='bbox 2173 5197 2358 5252; x_wconf 85' lang='lat' dir='ltr'><strong>dilecto</strong></span> <span class='ocrx_word' id='word_1_957' title='bbox 2379 5214 2495 5252; x_wconf 87' lang='lat' dir='ltr'><strong>suo.</strong></span> <span class='ocrx_word' id='word_1_958' title='bbox 2523 5197 2649 5251; x_wconf 87' lang='lat' dir='ltr'><strong>Post</strong></span> <span class='ocrx_word' id='word_1_959' title='bbox 2677 5197 2787 5251; x_wconf 63' lang='lat' dir='ltr'><strong>hate</strong></span> <span class='ocrx_word' id='word_1_960' title='bbox 2817 5197 2873 5250; x_wconf 86' lang='lat' dir='ltr'><strong>in</strong></span> <span class='ocrx_word' id='word_1_961' title='bbox 2901 5197 3054 5251; x_wconf 87' lang='lat' dir='ltr'><strong>terris</strong></span> <span class='ocrx_word' id='word_1_962' title='bbox 3080 5197 3218 5251; x_wconf 83' lang='lat' dir='ltr'><strong>visus</strong></span> <span class='ocrx_word' id='word_1_963' title='bbox 3246 5205 3337 5260; x_wconf 84' lang='lat' dir='ltr'><strong>est,</strong></span> <span class='ocrx_word' id='word_1_964' title='bbox 3371 5205 3420 5250; x_wconf 91' lang='lat' dir='ltr'><strong>et</strong></span> <span class='ocrx_word' id='word_1_965' title='bbox 3451 5213 3570 5250; x_wconf 88' lang='lat' dir='ltr'><strong>cum</strong></span> <span class='ocrx_word' id='word_1_966' title='bbox 3589 5196 3759 5250; x_wconf 81' lang='lat' dir='ltr'><strong>homi-</strong></span> 
     </span>
    </p>
   </div>
   <div class='ocr_carea' id='block_1_116' title="bbox 2175 5288 3424 5361">
    <p class='ocr_par' dir='ltr' id='par_1_116' title="bbox 2175 5288 3424 5361">
     <span class='ocr_line' id='line_1_117' title="bbox 2175 5288 3424 5361; baseline 0 -18"><span class='ocrx_word' id='word_1_967' title='bbox 2175 5291 2325 5344; x_wconf 89' lang='lat' dir='ltr'><strong>nibus</strong></span> <span class='ocrx_word' id='word_1_968' title='bbox 2347 5298 2677 5343; x_wconf 85' lang='lat' dir='ltr'><strong>conuersatus</strong></span> <span class='ocrx_word' id='word_1_969' title='bbox 2705 5298 2777 5343; x_wconf 91' lang='lat' dir='ltr'><strong>est</strong></span> <span class='ocrx_word' id='word_1_970' title='bbox 2810 5288 3065 5359; x_wconf 86' lang='lat' dir='ltr'><strong>(Baruch.</strong></span> <span class='ocrx_word' id='word_1_971' title='bbox 3100 5305 3182 5353; x_wconf 85' lang='grc' dir='ltr'><em>ιιι,</em></span> <span class='ocrx_word' id='word_1_972' title='bbox 3215 5288 3424 5361; x_wconf 76' lang='lat'><strong>56-38).</strong></span> 
     </span>
    </p>
   </div>
   <div class='ocr_carea' id='block_1_117' title="bbox 2249 5379 3758 5453">
    <p class='ocr_par' dir='ltr' id='par_1_117' title="bbox 2249 5379 3758 5453">
     <span class='ocr_line' id='line_1_118' title="bbox 2249 5379 3758 5453; baseline 0.001 -18"><span class='ocrx_word' id='word_1_973' title='bbox 2249 5380 2388 5435; x_wconf 78' lang='lat' dir='ltr'><strong>XIX.</strong></span> <span class='ocrx_word' id='word_1_974' title='bbox 2428 5380 2553 5453; x_wconf 79' lang='lat' dir='ltr'><strong>_l\&#39;on</strong></span> <span class='ocrx_word' id='word_1_975' title='bbox 2601 5393 2731 5449; x_wconf 87' lang='lat' dir='ltr'><strong>ergo</strong></span> <span class='ocrx_word' id='word_1_976' title='bbox 2773 5394 3087 5449; x_wconf 90' lang='lat' dir='ltr'><strong>separamus</strong></span> <span class='ocrx_word' id='word_1_977' title='bbox 3141 5379 3353 5435; x_wconf 86' lang='lat' dir='ltr'><strong>Patrem</strong></span> <span class='ocrx_word' id='word_1_978' title='bbox 3398 5388 3455 5435; x_wconf 91' lang='lat' dir='ltr'><strong>et</strong></span> <span class='ocrx_word' id='word_1_979' title='bbox 3496 5382 3758 5451; x_wconf 87' lang='lat' dir='ltr'><strong>Spiritum</strong></span> 
     </span>
    </p>
   </div>
   <div class='ocr_carea' id='block_1_118' title="bbox 2176 5472 3757 5539">
    <p class='ocr_par' dir='ltr' id='par_1_118' title="bbox 2176 5472 3757 5539">
     <span class='ocr_line' id='line_1_119' title="bbox 2176 5472 3757 5539; baseline -0.004 -6"><span class='ocrx_word' id='word_1_980' title='bbox 2176 5485 2422 5534; x_wconf 83' lang='lat' dir='ltr'><strong>sanctum</strong></span> <span class='ocrx_word' id='word_1_981' title='bbox 2445 5492 2474 5529; x_wconf 89' lang='lat' dir='ltr'><strong>a</strong></span> <span class='ocrx_word' id='word_1_982' title='bbox 2494 5473 2654 5539; x_wconf 84' lang='lat' dir='ltr'><strong>Filio,</strong></span> <span class='ocrx_word' id='word_1_983' title='bbox 2686 5489 2808 5528; x_wconf 90' lang='lat' dir='ltr'><strong>cum</strong></span> <span class='ocrx_word' id='word_1_984' title='bbox 2843 5473 3017 5528; x_wconf 90' lang='lat' dir='ltr'><strong>solum</strong></span> <span class='ocrx_word' id='word_1_985' title='bbox 3047 5472 3243 5528; x_wconf 83' lang='lat' dir='ltr'><strong>Filium</strong></span> <span class='ocrx_word' id='word_1_986' title='bbox 3287 5474 3520 5530; x_wconf 82' lang='lat' dir='ltr'><strong>dicimus</strong></span> <span class='ocrx_word' id='word_1_987' title='bbox 3567 5475 3757 5529; x_wconf 87' lang='lat' dir='ltr'><strong>Deum.</strong></span> 
     </span>
    </p>
   </div>
   <div class='ocr_carea' id='block_1_119' title="bbox 2176 5563 3764 5622">
    <p class='ocr_par' dir='ltr' id='par_1_119' title="bbox 2176 5563 3764 5622">
     <span class='ocr_line' id='line_1_120' title="bbox 2176 5563 3764 5622; baseline -0.003 0"><span class='ocrx_word' id='word_1_988' title='bbox 2176 5568 2339 5622; x_wconf 86' lang='lat' dir='ltr'><strong>Pater</strong></span> <span class='ocrx_word' id='word_1_989' title='bbox 2374 5574 2430 5620; x_wconf 90' lang='lat' dir='ltr'><strong>et</strong></span> <span class='ocrx_word' id='word_1_990' title='bbox 2457 5564 2627 5619; x_wconf 88' lang='lat' dir='ltr'><strong>Filius</strong></span> <span class='ocrx_word' id='word_1_991' title='bbox 2669 5564 2829 5618; x_wconf 88' lang='lat' dir='ltr'><strong>ambo</strong></span> <span class='ocrx_word' id='word_1_992' title='bbox 2857 5563 3017 5619; x_wconf 90' lang='lat' dir='ltr'><strong>simul</strong></span> <span class='ocrx_word' id='word_1_993' title='bbox 3049 5580 3189 5620; x_wconf 86' lang='lat' dir='ltr'><strong>unus</strong></span> <span class='ocrx_word' id='word_1_994' title='bbox 3230 5565 3391 5621; x_wconf 89' lang='lat' dir='ltr'><strong>Deus.</strong></span> <span class='ocrx_word' id='word_1_995' title='bbox 3441 5563 3558 5621; x_wconf 86' lang='lat' dir='ltr'><strong>Non</strong></span> <span class='ocrx_word' id='word_1_996' title='bbox 3600 5565 3764 5621; x_wconf 87' lang='lat' dir='ltr'><strong>Pater</strong></span> 
     </span>
    </p>
   </div>
   <div class='ocr_carea' id='block_1_120' title="bbox 2176 5654 3805 5721">
    <p class='ocr_par' dir='ltr' id='par_1_120' title="bbox 2176 5654 3805 5721">
     <span class='ocr_line' id='line_1_121' title="bbox 2176 5654 3805 5721; baseline -0.002 -6"><span class='ocrx_word' id='word_1_997' title='bbox 2176 5659 2338 5716; x_wconf 89' lang='lat' dir='ltr'><strong>ambo</strong></span> <span class='ocrx_word' id='word_1_998' title='bbox 2364 5656 2522 5711; x_wconf 89' lang='lat' dir='ltr'><strong>simul</strong></span> <span class='ocrx_word' id='word_1_999' title='bbox 2551 5662 2696 5721; x_wconf 89' lang='lat' dir='ltr'><strong>sunt,</strong></span> <span class='ocrx_word' id='word_1_1000' title='bbox 2723 5669 2828 5709; x_wconf 89' lang='lat' dir='ltr'><strong>non</strong></span> <span class='ocrx_word' id='word_1_1001' title='bbox 2856 5654 3023 5710; x_wconf 82' lang='lat' dir='ltr'><strong>Filius</strong></span> <span class='ocrx_word' id='word_1_1002' title='bbox 3051 5656 3211 5711; x_wconf 86' lang='lat' dir='ltr'><strong>ambo</strong></span> <span class='ocrx_word' id='word_1_1003' title='bbox 3236 5656 3396 5711; x_wconf 89' lang='lat' dir='ltr'><strong>simul</strong></span> <span class='ocrx_word' id='word_1_1004' title='bbox 3427 5666 3573 5711; x_wconf 90' lang='lat' dir='ltr'><strong>sunt.</strong></span> <span class='ocrx_word' id='word_1_1005' title='bbox 3604 5656 3763 5711; x_wconf 85' lang='lat' dir='ltr'><strong>Solus</strong></span> <span class='ocrx_word' id='word_1_1006' title='bbox 3802 5676 3805 5679; x_wconf 94' lang='grc'>·</span> 
     </span>
    </p>
   </div>
  </div>
