3992 6176
195 325 208 330 “
280 327 385 381 903

944 319 1219 376 ΙΙΕΤΕΒΠ
1261 317 1345 372 ΕΤ
1388 315 1444 369 S.
1484 315 1684 369 BEATI
1722 316 1813 368 AD
1854 311 2248 392 EI.IP.~_\NDU.\I
2287 310 2502 364 EPIST.
2543 340 2610 348 —
2649 310 2774 362 LIII.
2807 311 2847 362 I.

3404 309 3510 364 906

280 438 334 492 in
358 436 447 491 illa
470 448 676 490 summa
704 431 964 488 Trinitate
987 431 1145 484 Pater
1166 437 1368 482 tantum
1389 427 1547 496 Pater
1568 433 1649 479 est
1675 425 1727 477 in
1752 438 1846 478 sua
1875 425 1922 482 Α
1952 423 2107 477 fidem
2153 430 2354 475 rectam
2390 420 2567 472 habet.
2626 419 2766 472 Nihil
2813 435 2941 489 ergo
2986 422 3232 492 intelligit
3281 424 3373 493 qui
3410 442 3518 481 non

279 540 530 595 persona.
546 523 692 578 solus
707 522 875 576 Filius
894 521 944 574 in
963 535 1056 574 sua
1078 532 1306 587 persona
1328 525 1532 570 tantum
1555 515 1722 569 Filius
1747 523 1845 575 est,

282 615 430 670 solus
455 613 506 671 in
529 627 623 668 sua
649 625 876 680 persona
899 608 1130 676 Spiritus
1151 615 1368 662 sanctus
1393 613 1598 658 tantum
1623 604 1854 671 Spiritus

283 713 504 762 sanctus
530 711 633 758 est.
666 703 734 757 Et
763 702 883 756 ideo
912 715 1011 754 nec
1046 698 1261 752 Patrem
1282 696 1474 752 Filium
1497 695 1852 755 nominamus,

283 812 385 852 nec
401 795 581 849 Patris
594 807 786 847 nomen
807 791 941 845 Filio
960 789 1299 857 imponimus,
1317 802 1414 841 nec
1437 785 1656 854 Spiritui
1673 791 1857 838 sancto

286 900 484 942 nomen
509 885 685 938 Patris
707 892 798 936 aut
828 881 950 935 Filii
971 880 1219 935 dicimus.
1243 878 1309 930 Et
1336 876 1459 930 inde
1481 890 1606 928 vere
1623 875 1860 928 Trinitas

285 985 392 1038 est,
415 975 540 1043 quia
565 988 664 1028 nec
675 972 836 1026 Pater
855 979 1013 1023 natus
1027 977 1128 1032 est,
1145 983 1244 1022 nec
1263 966 1496 1034 Spiritus
1513 973 1749 1027 sanctus,
1768 964 1862 1018 sed

287 1065 438 1121 solus
462 1065 646 1118 Filius.
677 1062 787 1116 Nec
810 1061 976 1116 Filius
1003 1059 1204 1130 genuit,
1234 1073 1332 1113 nec
1357 1057 1588 1126 Spiritus
1621 1067 1859 1119 sanctus,

292 1153 389 1207 sed
416 1153 560 1207 solus
583 1151 758 1206 Pater.
781 1149 961 1218 Neque
987 1149 1148 1202 Pater
1173 1163 1204 1201 a
1232 1147 1438 1202 duobus
1463 1147 1745 1215 processit,
1773 1154 1864 1199 aut

289 1243 484 1306 Filius,
515 1241 608 1296 sed
633 1250 837 1295 tantum
857 1240 1090 1309 Spiritus
1117 1247 1353 1293 sanctus.
1379 1238 1456 1292 Ac
1473 1253 1569 1306 per
1593 1238 1695 1291 hoc
1721 1235 1866 1290 solus

293 1331 455 1388 Pater
501 1332 640 1384 Deus
681 1345 710 1382 a
754 1330 900 1384 nullo
932 1330 1039 1382 Deo
1082 1337 1185 1392 est,
1230 1327 1323 1381 sed
1351 1343 1381 1380 a
1407 1342 1484 1380 se.
1517 1326 1684 1379 Filius
1728 1326 1866 1379 Deus

295 1431 400 1486 est,
445 1422 582 1476 sicut
627 1420 804 1482 Pater,
845 1421 937 1474 sed
971 1435 1004 1473 a
1041 1419 1198 1472 Patre
1241 1424 1324 1472 est
1371 1417 1530 1479 Deus,
1574 1432 1677 1471 non
1719 1431 1752 1468 a
1786 1431 1863 1469 se.

297 1511 533 1581 Spiritus
553 1525 764 1579 quoque
785 1518 1000 1562 sanctus
1015 1509 1155 1562 Deus
1172 1515 1273 1570 est,
1289 1508 1426 1560 sicut
1441 1505 1601 1558 Pater
1615 1514 1668 1558 et
1682 1504 1864 1566 Filius,

297 1603 395 1658 sed
418 1617 448 1653 a
473 1600 629 1654 Patre
647 1609 703 1654 et
727 1599 862 1654 Filio
883 1600 1023 1653 Deus
1048 1607 1150 1662 est,
1166 1613 1272 1652 non
1300 1613 1330 1650 a
1360 1611 1436 1650 se.
1470 1595 1627 1650 Solus
1651 1596 1811 1648 Pater
1839 1611 1869 1647 a

298 1705 360 1748 se
382 1690 546 1744 Deus:
572 1689 626 1742 hi
643 1703 769 1742 vero
791 1689 892 1742 duo
912 1688 978 1741 ab
993 1702 1098 1740 uno
1119 1695 1243 1740 sunt
1263 1687 1423 1749 Deus,
1441 1686 1491 1739 id
1511 1695 1591 1739 est
1616 1701 1645 1738 a
1668 1685 1824 1739 Patre
1853 1703 1864 1737 :

299 1795 366 1836 ac
396 1795 491 1848 per
522 1780 626 1834 hoc
653 1787 706 1834 et
735 1779 894 1832 Pater
919 1779 1077 1843 Deus,
1108 1786 1163 1832 et
1186 1778 1352 1832 Filius
1375 1778 1534 1840 Deus,
1562 1786 1615 1830 et
1638 1776 1870 1845 Spiritus
1901 1753 1946 1813 Β
1975 1769 2198 1823 rendum
2245 1783 2372 1822 vero
2424 1783 2584 1836 super
2632 1769 2732 1822 hoc
2769 1768 2932 1820 etiam
2978 1768 3108 1822 illud
3146 1770 3323 1824 dicere

301 1882 523 1932 sanctus
551 1872 690 1926 Deus
714 1885 728 1922 :
759 1879 812 1924 et
834 1886 938 1924 non
964 1878 1075 1924 tres
1103 1869 1194 1930 dii,
1224 1869 1315 1923 sed
1337 1885 1474 1922 unus
1507 1870 1664 1930 Deus,
1694 1867 1869 1930 Pater,

304 1970 360 2016 et
389 1961 584 2024 Filius,
601 1970 655 2014 et
683 1960 916 2030 Spiritus
952 1968 1188 2014 sanctus.
1236 1959 1304 2012 Et
1342 1959 1460 2012 ideo
1487 1974 1606 2012 cum
1645 1958 1874 2012 dicimus

305 2054 362 2111 in
409 2051 702 2120 Scripturis
733 2069 745 2103 :
780 2050 939 2105 Solus
985 2050 1230 2104 Christus
1257 2048 1425 2101 Filius
1469 2048 1562 2100 Dei
1613 2057 1772 2101 natus
1809 2049 1874 2102 de

304 2143 544 2209 Virgine,
595 2148 649 2195 et
695 2142 869 2210 ipsum
917 2138 1298 2198 cruciﬁxerunt
1335 2136 1525 2199 Judaei,
1562 2144 1617 2188 et
1655 2136 1766 2204 ipse
1795 2142 1877 2188 est

306 2247 487 2293 verus,
520 2240 576 2291 et
613 2247 720 2286 non
769 2239 851 2286 est
878 2230 1014 2284 alter
1065 2229 1204 2283 Deus
1247 2235 1444 2296 praeter
1492 2241 1634 2288 eum,
1691 2239 1877 2279 verum

307 2323 565 2385 dicimus,
627 2322 753 2392 quia
812 2336 918 2375 non
981 2328 1064 2374 est
1114 2319 1250 2372 alter
1286 2317 1426 2371 Deus
1487 2325 1681 2383 praeter
1731 2331 1874 2370 eum.

309 2414 448 2481 Quia
492 2416 652 2469 Pater
694 2416 833 2469 Deus
869 2423 951 2468 est
980 2414 1316 2480 omnipotens
1354 2421 1408 2464 et
1444 2409 1589 2464 solus
1631 2409 1732 2462 sibi
1771 2406 1882 2461 suf-

311 2505 425 2559 ﬁcit
467 2506 519 2560 in
572 2521 666 2559 sua
715 2519 963 2573 persona.
1008 2503 1074 2556 Et
1111 2501 1343 2570 Spiritus
1388 2508 1604 2552 sanctus
1634 2499 1774 2551 Deus
1801 2505 1884 2550 est

312 2595 681 2662 omnipotens,
737 2600 790 2646 et
850 2592 994 2646 solus
1051 2591 1152 2645 sibi
1200 2588 1470 2644 sufliciens
1512 2589 1564 2640 in
1615 2602 1710 2640 sua
1766 2600 1885 2653 per-

313 2697 467 2743 sona.
513 2682 579 2736 Et
617 2682 670 2736 hi
725 2691 837 2736 tres
879 2697 982 2736 non
1034 2687 1158 2734 sunt
1208 2688 1317 2733 tres
1340 2679 1412 2732 dii
1461 2677 1883 2744 omnipotentes,

315 2773 413 2828 sed
449 2788 588 2832 unus
643 2773 785 2828 Deus
825 2773 1188 2840 omnipotens,
1247 2769 1425 2828 Pater,
1481 2775 1536 2820 et
1585 2766 1778 2829 Filius,
1834 2774 1890 2820 et

319 2857 554 2927 Spiritus
581 2866 816 2914 sanctus.
848 2857 914 2910 Et
945 2858 1062 2911 ideo
1101 2855 1245 2910 solus
1283 2852 1477 2907 sutlieit
1523 2853 1680 2906 Pater
1726 2852 1886 2915 Deus,

323 2951 447 3020 quia
472 2950 708 3019 separari
738 2965 767 3003 a
789 2949 925 3004 Filio
952 2957 1006 3003 et
1034 2948 1234 3016 Spiritu
1262 2953 1450 3001 sancto
1471 2960 1575 2998 non
1600 2951 1794 3012 potest.
1828 2945 1893 2998 Et

321 3039 470 3098 solus
498 3038 691 3098 sufﬁcit
718 3038 966 3096 Christus
999 3037 1166 3091 Filius
1195 3036 1286 3090 Dei
1315 3036 1475 3098 Deus,
1505 3035 1628 3103 quia
1651 3034 1889 3103 separari

322 3144 354 3182 a
393 3127 550 3186 Patre
592 3138 646 3184 et
700 3129 902 3198 Spiritu
949 3135 1134 3184 sancto
1177 3142 1280 3181 non
1308 3134 1503 3195 potest.
1545 3125 1702 3180 Solus
1730 3126 1891 3180 etiam

327 3217 522 3273 sullicit
549 3218 778 3287 Spiritus
822 3227 1056 3281 sanctus,
1104 3218 1228 3287 quia
1271 3217 1509 3286 separari
1558 3231 1588 3268 a
1630 3214 1789 3268 Patre
1842 3221 1896 3267 et

327 3303 464 3358 Filio
488 3320 593 3360 non
618 3312 811 3373 potest,
839 3305 964 3374 quia
993 3304 1151 3360 simul
1181 3312 1290 3360 tres
1319 3318 1454 3359 unus
1482 3303 1642 3356 Deus.

399 3393 515 3448 XX.
553 3394 907 3460 Quamobrem
938 3411 1042 3452 non
1069 3395 1323 3449 debemus
1348 3395 1590 3448 dubitare
1616 3391 1893 3446 Christum

329 3481 521 3544 Filium
551 3485 665 3548 Dei,
709 3499 868 3553 quem
908 3484 1076 3540 Judaei
1120 3485 1524 3547 crueiﬂxerunt,
1563 3498 1680 3538 esse
1708 3497 1896 3536 verum

331 3572 497 3626 Deum
527 3615 542 3638 ,
595 3581 648 3628 et
697 3590 803 3631 non
838 3589 958 3630 esse
1007 3574 1232 3630 alterum
1291 3575 1455 3630 Deum
1504 3580 1700 3640 praeter
1751 3585 1894 3624 eum.

329 3662 622 3723 Credamus
664 3664 716 3724 in
747 3679 901 3728 eum,
933 3673 986 3718 et
1015 3665 1302 3720 adoremus
1327 3678 1448 3717 eum
1472 3703 1487 3725 ,
1533 3663 1658 3729 quia
1687 3676 1791 3714 non
1818 3668 1900 3714 est

329 3751 470 3804 alter
515 3753 819 3814 adorandus
865 3761 1062 3820 praeter
1106 3769 1249 3806 eum.
1301 3753 1439 3808 Ecce
1476 3766 1666 3820 panem
1706 3759 1760 3805 et
1818 3751 1902 3806 lac

331 3841 688 3909 protulimus,
737 3844 966 3910 accipiat
1012 3844 1131 3911 quis
1184 3852 1439 3912 quantum
1491 3843 1650 3896 valet.
1695 3842 1759 3896 Et
1799 3844 1903 3897 hoc

334 3928 546 3989 Domini
575 3938 657 3985 est
699 3931 840 3998 quod
872 3932 1098 3988 dicimus
1147 3950 1159 3984 :
1209 3948 1333 3986 nam
1383 3933 1472 4001 qui
1517 3932 1743 3988 dicimus
1772 3933 1903 3986 nihil

333 4033 538 4082 sumus,
574 4017 665 4079 sed
709 4019 774 4076 de
801 4035 908 4087 quo
943 4021 1199 4086 dicimus,
1241 4039 1458 4091 magnus
1490 4032 1584 4086 est,
1627 4033 1672 4075 et
1713 4038 1903 4090 magna

334 4113 496 4174 uirtus
521 4111 634 4180 ejus
661 4126 679 4164 :
704 4120 750 4164 et
775 4113 1040 4181 sapientite
1060 4113 1172 4181 ejus
1193 4129 1297 4166 non
1320 4123 1391 4165 est
1415 4129 1676 4167 numerus.
1702 4113 1905 4166 Tantus

337 4218 401 4263 ac
433 4201 554 4260 talis
579 4209 681 4265 est,
711 4210 771 4256 ut
796 4215 894 4256 nec
920 4205 984 4257 de
1007 4215 1070 4255 eo
1096 4204 1360 4272 possimus
1385 4203 1581 4266 dicere,
1617 4219 1717 4257 nec
1745 4203 1811 4257 de
1839 4217 1904 4256 eo

338 4292 556 4349 omnino
599 4302 795 4347 tacere.
849 4292 955 4347 Sed
1007 4300 1352 4346 tamencum
1404 4293 1474 4346 sit
1508 4292 1900 4356 inenarrabilis,

1951 513 2138 574 credit,
2173 513 2382 566 dicente
2415 510 2673 578 propheta
2703 524 2716 561 :
2751 509 2870 564 Nisi
2907 509 3261 577 credideritis,
3307 531 3410 569 non
3439 516 3522 570 in-

1953 601 2209 671 telligetis.
2269 602 2408 670 Ergo
2443 601 2493 654 in
2533 600 2726 654 divinis
2774 602 2932 656 rebus
2977 602 3109 658 fides
3150 607 3524 663 tantummodo

1954 693 2114 755 adsit,
2151 701 2205 746 et
2230 691 2374 746 nulla
2401 689 2624 758 quaestio
2651 690 2966 744 remanebit.
2994 689 3148 756 Quod
3176 695 3220 746 si
3257 693 3526 754 discutere

1957 781 2209 843 volueris,
2237 789 2290 834 et
2305 780 2563 834 rationem
2578 779 2642 832 de
2656 779 2764 834 Deo
2777 787 2829 832 et
2844 780 3059 836 homine
3069 780 3246 837 facere
3261 799 3526 852 prtesum-

1958 871 2148 940 pseris,
2177 871 2432 924 continuo
2460 869 2511 922 in
2541 869 2733 938 laqueo
2775 872 3089 940 perditionis
3116 873 3472 945 immergeris.

2031 960 2169 1014 XXI.
2212 960 2320 1014 Nos
2347 974 2474 1028 ergo
2505 960 2760 1019 debemus
2788 960 2967 1016 dicere
3009 977 3023 1014 :
3076 963 3227 1022 Illum
3271 965 3439 1024 Deum
3475 975 3530 1020 et

1961 1050 2121 1104 istum
2149 1050 2418 1104 hominem
2446 1065 2610 1104 unum
2648 1050 2906 1104 habemus
2937 1058 2992 1106 et
3019 1052 3308 1108 adoramus
3338 1055 3527 1119 Deum,

1957 1155 2084 1194 cum
2113 1139 2270 1194 Patre
2312 1148 2366 1193 et
2399 1139 2605 1207 Spiritu
2633 1151 2820 1194 sancto
2865 1155 3029 1194 unum
3071 1140 3260 1205 Deum,
3295 1158 3400 1203 non
3434 1145 3531 1198 ho-

1964 1230 2190 1292 minem,
2220 1237 2467 1298 quartam
2496 1229 2895 1283 iutroducentes
2922 1246 3205 1298 personam
3231 1249 3245 1296 ;
3291 1234 3382 1287 sed
3409 1249 3532 1288 cum

1965 1320 2078 1387 ipsa
2125 1334 2287 1373 carne
2329 1319 2546 1386 propria
2589 1335 2752 1372 unum
2803 1320 3088 1374 adoremus
3131 1320 3404 1376 Christum
3448 1323 3537 1376 Fi-

1967 1408 2098 1462 lium
2149 1409 2243 1462 Dei
2275 1408 2441 1462 Deum
2467 1448 2480 1472 ,
2514 1405 2671 1474 juxta
2701 1407 2952 1476 Ephesini
2985 1409 3194 1463 concilii
3231 1427 3370 1466 verte
3413 1413 3537 1467 ﬁdei

1969 1499 2342 1552 documentum
2369 1537 2382 1560 ,
2430 1512 2549 1565 quae
2575 1497 2650 1549 ait
2681 1511 2694 1549 :
2733 1516 2748 1546 ι
2781 1497 3044 1552 Cavemus
3072 1508 3249 1552 autem
3289 1499 3355 1553 de
3383 1499 3539 1554 Chri-

1969 1595 2052 1641 sto
2094 1587 2270 1642 dicere
2317 1601 2331 1639 :
2388 1587 2612 1654 Propter
2659 1594 3020 1640 assumentem
3061 1600 3290 1640 veneror
3332 1603 3538 1641 assum~

1971 1686 2142 1746 ptum,
2165 1685 2217 1730 et
2239 1685 2457 1746 propter
2484 1677 2802 1732 invisibilcm
2830 1678 2994 1732 adoro
3023 1679 3305 1732 visibilem.
3345 1699 3363 1729 ι
3401 1678 3539 1734 Hor-

3368 1770 3542 1826 :sls

1972 1859 2063 1926 qui
2098 1866 2375 1924 susceptus
2425 1865 2508 1911 est
2559 1872 2678 1910 cum
2718 1872 2783 1911 eo
2829 1857 2918 1924 qui
2972 1858 3204 1926 suscepit
3249 1874 3356 1912 non
3408 1875 3545 1913 nuu-

1972 1957 2198 2017 cupatur
2225 1949 2384 2002 Deus.
2423 1969 2440 1998 ι
2480 1947 2580 2013 Qui
2610 1949 2750 2001 enim
2795 1949 2908 2002 lucc
2937 1950 3085 2014 dicit,
3127 1951 3315 2004 dividit
3349 1951 3546 2006 iterum

1975 2040 2027 2092 in
2055 2039 2189 2094 duos
2220 2039 2466 2094 Christos
2509 2055 2631 2093 eum
2660 2040 2750 2108 qui
2799 2056 2939 2094 unus
2976 2049 3060 2094 est
3105 2056 3119 2093 :
3173 2050 3228 2096 et
3271 2043 3547 2098 hominem

1975 2148 2214 2188 seorsum
2256 2135 2307 2187 in
2363 2142 2590 2202 partem,
2641 2142 2696 2188 et
2751 2134 2916 2188 Deum
2955 2134 3206 2190 similiter
3244 2135 3298 2190 in
3341 2142 3548 2202 partem

1975 2224 2326 2278 constituens.
2366 2224 2652 2278 Evidenter
2687 2223 2831 2278 enim
2871 2224 3098 2293 denegat
3134 2225 3416 2288 unitatem,
3466 2240 3552 2278 se-

1977 2317 2210 2372 cundum
2237 2333 2399 2387 quam
2424 2333 2530 2372 non
2573 2317 2710 2371 alter
2739 2332 2862 2371 cum
2890 2316 3059 2370 altero
3084 2317 3419 2380 coadoratur,
3460 2325 3552 2370 aut

1979 2419 2389 2477 conuncupatur.
2432 2407 2538 2462 Sed
2557 2424 2700 2464 unus
2731 2407 3044 2476 intelligitur
3089 2407 3337 2462 Christus
3366 2406 3549 2470 Jesus,

1983 2501 2150 2554 Filius
2187 2501 2282 2555 Dei
2324 2500 2666 2569 unigenitus,
2719 2515 2825 2552 una
2869 2498 3130 2553 servitute
3169 2514 3292 2554 cum
3335 2498 3553 2567 propria

1983 2607 2146 2646 carne
2174 2593 2528 2646 venerandus.
2567 2591 2692 2644 llaec
2718 2589 2848 2644 fides
2869 2589 3030 2658 primi
3059 2588 3317 2656 Ephesini
3339 2587 3556 2642 concilii

1984 2692 2086 2746 est,
2111 2683 2254 2752 quod
2293 2692 2348 2736 et
2377 2690 2555 2737 textus
2583 2680 2820 2751 Symboli
2847 2681 3057 2750 probat.
3104 2679 3241 2745 Quid
3270 2694 3398 2748 ergo
3433 2693 3559 2747 pos-

1988 2788 2107 2826 sum
2144 2771 2322 2827 facere
2350 2779 2528 2827 mente
2560 2771 2816 2841 parvulis,
2863 2771 2908 2824 si
2939 2770 3007 2824 ab
3033 2769 3135 2824 ista
3167 2769 3375 2823 unitate
3411 2768 3557 2831 ﬁdei,

1991 2878 2086 2918 vos
2119 2863 2412 2925 audientes,
2441 2861 2782 2924 recesserint,
2811 2868 2864 2914 et
2891 2875 3057 2914 unum
3087 2858 3361 2914 Christum
3387 2867 3442 2912 et
3469 2873 3558 2913 se-

1993 2956 2225 3010 cundum
2260 2954 2591 3010 divinitatem
2627 2954 2922 3022 proprium,
2963 2960 3018 3006 et
3047 2952 3340 3005 secundum
3370 2950 3561 3004 huma-

1984 3047 2222 3108 nitatem
2259 3045 2564 3114 adoptivum
2610 3043 2837 3115 confessi
2881 3041 3114 3097 fuerint?
3141 3029 3279 3107 Quid
3307 3056 3436 3109 ergo
3462 3055 3565 3094 nos

1996 3137 2271 3198 faciemus,
2309 3135 2399 3202 qui
2429 3149 2522 3189 eos
2551 3133 2896 3202 apostolicam
2948 3131 3104 3188 (idem
3153 3140 3338 3184 tenere
3379 3130 3564 3185 docui-

1993 3241 2146 3284 mus,
2202 3241 2324 3278 cum
2374 3233 2431 3277 et
2481 3224 2580 3293 ipsi
2632 3238 2662 3276 a
2707 3237 2842 3292 puro
2890 3221 3027 3275 lacte
3063 3222 3252 3274 matris
3289 3211 3562 3281 Ecclesia),

1995 3317 2126 3386 legis
2170 3325 2224 3369 et
2265 3315 2540 3382 Evangelii
2573 3322 2822 3381 sugentes
2865 3313 3053 3374 ubera,
3099 3311 3208 3365 Deo
3252 3311 3564 3369 miserante,

1992 3406 2064 3459 ad
2117 3405 2345 3458 solidum
2391 3403 2582 3457 divina:
2627 3403 2907 3455 Trinitatis
2957 3402 3135 3456 cibum
3175 3401 3565 3470 pervenimus?

1998 3496 2292 3563 Surgamus
2319 3508 2446 3561 ergo
2475 3508 2597 3546 cum
2640 3492 2769 3560 ipsis
2812 3493 3087 3562 apostolis,
3123 3501 3178 3548 et
3207 3493 3328 3548 ﬁdei
3368 3502 3569 3548 nostra:

1997 3581 2296 3651 symbolum
2323 3621 2337 3642 ,
2392 3596 2553 3649 quem
2600 3581 2931 3634 tradiderunt
2979 3582 3135 3636 nobis
3159 3622 3174 3646 ,
3225 3582 3376 3636 brevi
3421 3597 3567 3637 com-

1998 3671 2193 3740 pendio
2255 3669 2583 3729 recitemns,
2643 3670 2948 3740 quicunque
3012 3687 3177 3725 unum
3239 3671 3564 3732 Dominum.

2000 3776 2161 3816 unam
2217 3759 2403 3822 tidem,
2439 3774 2603 3813 unum
2641 3759 2904 3827 baptisma
2945 3761 3204 3814 habemus
3239 3776 3254 3813 :
3291 3768 3348 3814 et
3384 3760 3563 3826 ﬁdem,

2001 3855 2056 3909 in
2087 3869 2191 3922 qua
2235 3851 2490 3921 baptizati
2520 3866 2724 3913 sumus,
2773 3851 2826 3906 in
2870 3852 2970 3906 hac
2994 3852 3349 3920 perversitate
3381 3859 3436 3906 et
3468 3853 3570 3906 du-

2003 3943 2240 4014 plicitate
2265 3941 2636 3995 haereticorum
2661 3955 2766 3994 non
2787 3955 3060 4010 negemus.
3095 3938 3200 3995 Sed
3226 3939 3367 3994 sicut
3407 3939 3572 3996 corde

2003 4031 2288 4094 credimus,
2329 4043 2423 4084 ore
2470 4029 2686 4098 proprio
2732 4029 3070 4098 proferamus
3110 4028 3342 4098 publice,
3394 4038 3450 4085 et
3489 4030 3572 4084 di-

2003 4137 2188 4176 camus
2220 4136 2234 4174 2

2073 4210 2235 4266 XXII.
2277 4209 2442 4264 Credo
2480 4209 2538 4263 in
2578 4208 2739 4262 Deum
2789 4209 3000 4263 Patrem
3043 4211 3460 4279 omnipotentem.
3503 4210 3572 4264 Et

2003 4301 2264 4358 inlesum
2302 4299 2564 4354 Christum
2608 4299 2806 4354 Filium
2841 4300 2955 4368 ejus
3009 4301 3252 4362 unicum,
3303 4299 3468 4354 Deum
3526 4310 3576 4353 et

340 4395 446 4434 non
479 4382 651 4442 debet,
675 4395 792 4437 esse
838 4381 1164 4450 ignorabilis.
1217 4382 1354 4435 Dicit
1393 4382 1534 4436 enim
1576 4381 1849 4451 Scriptura
1885 4398 1898 4436 :
1934 4415 1982 4474 υ
2009 4390 2286 4442 Dominum
2312 4399 2564 4448 nostrum,
2594 4388 2681 4455 qui
2711 4398 2863 4442 natus
2886 4397 2962 4440 est
2993 4386 3062 4440 de
3089 4385 3290 4455 Spiritu
3313 4395 3492 4440 sancto
3526 4395 3576 4439 et

341 4468 739 4524 Generationem
791 4471 905 4540 ejus
955 4473 1070 4541 quis
1117 4472 1427 4525 enarrabit?
1477 4471 1610 4541 (Isa.
1668 4489 1781 4533 LIII,
1824 4471 1902 4542 8.)

342 4557 458 4611 Non
506 4559 655 4623 dicit,
705 4559 988 4627 ignorabit.
1037 4561 1102 4614 Et
1152 4560 1268 4614 ideo
1304 4567 1515 4628 oportet
1567 4561 1798 4628 primum
1850 4567 1910 4612 ut

339 4651 623 4713 credamus
646 4651 697 4705 in
736 4665 878 4714 eum,
907 4659 960 4704 et
993 4659 1116 4704 tunc
1149 4650 1442 4718 intelligere
1472 4665 1752 4718 possumus
1791 4663 1910 4716 quae

341 4741 542 4808 scripta
572 4741 637 4794 de
668 4755 732 4794 eo
769 4740 1015 4809 legimus.
1070 4740 1206 4804 Quid
1249 4741 1391 4792 enim
1442 4732 1660 4808 prodest
1694 4747 1751 4793 ut
1786 4755 1908 4794 cum

341 4831 584 4899 periculo
643 4839 915 4899 quaeratur
967 4829 1108 4896 quod
1168 4830 1282 4883 sine
1333 4829 1572 4896 periculo
1626 4830 1910 4884 nescitur?

344 4921 486 4988 Ergo
521 4920 708 4974 melius
751 4928 835 4977 est
881 4935 985 4974 non
1019 4918 1286 4973 intellecta
1323 4919 1560 4980 credere,
1590 4934 1748 4986 quam
1796 4936 1913 4974 cre-

347 5011 515 5065 denda
559 5010 738 5064 verbis
783 5010 1129 5065 mendacibus
1168 5011 1477 5080 perdocere.
1524 5009 1744 5064 Multum
1771 5013 1912 5068 enim

347 5101 601 5169 praecedit
627 5101 756 5154 ﬁdes
792 5102 1140 5156 intellectum.
1184 5102 1242 5155 Si
1269 5102 1408 5156 enim
1433 5101 1564 5156 Iides
1600 5103 1762 5158 habet
1802 5120 1914 5160 me-

350 5195 512 5248 ritum
535 5235 550 5257 ,
581 5203 635 5247 et
661 5208 758 5262 per
788 5194 956 5262 ipsam
987 5196 1150 5249 etiam
1179 5195 1391 5249 rusticis
1423 5194 1670 5251 Christus
1697 5198 1917 5252 daturus

347 5298 432 5344 est
468 5288 764 5357 praemium,
807 5287 1062 5356 przncedit
1097 5288 1283 5357 utique
1323 5288 1670 5343 intellectum.
1722 5288 1919 5354 Quam-

349 5380 534 5433 obrem
586 5378 763 5432 omnis
816 5378 1050 5436 rusticus
1102 5378 1283 5441 idiota,
1332 5380 1422 5448 qui
1469 5388 1611 5434 recte
1659 5380 1829 5434 credit
1863 5381 1916 5434 in

350 5469 655 5532 Christum,
695 5469 1010 5537 simpliciter
1038 5469 1178 5524 vivet
1221 5480 1275 5524 et
1319 5473 1530 5527 recedet
1564 5490 1592 5527 a
1626 5475 1764 5528 malo
1789 5513 1804 5537 ,
1838 5489 1921 5528 su-

351 5568 506 5628 perat
541 5559 887 5616 intellectum.
924 5560 1227 5618 Intellectus
1263 5571 1468 5626 tamen,
1497 5563 1743 5633 quamvis
1780 5564 1916 5617 bona

351 5665 518 5720 opera
567 5649 651 5703 vid
670 5657 810 5702 tatur
857 5649 1074 5713 habere,
1117 5653 1369 5720 pratcedit
1413 5668 1534 5707 eum
1584 5654 1836 5709 rusticus.
1875 5651 1918 5706 si

631 5760 902 5820 I’ArttoL.
952 5761 1164 5822 XCVI.

2008 4479 2182 4531 Maria
2209 4478 2421 4546 virgine.
2460 4476 2655 4529 Passus
2687 4475 2781 4529 sub
2823 4475 3012 4529 Pontio
3043 4474 3237 4529 Pilato.
3277 4473 3574 4544 Cruciﬁxus

2005 4579 2054 4623 et
2080 4569 2327 4638 sepultus.
2377 4567 2646 4620 Descendit
2684 4567 2751 4619 ad
2789 4565 3017 4635 inferna.
3072 4565 3250 4620 Tertia
3286 4567 3370 4621 die
3399 4583 3572 4621 resur-

2009 4660 2141 4714 rexit
2185 4659 2324 4712 vivus
2361 4675 2393 4710 a
2435 4657 2672 4710 mortuis.
2717 4656 2958 4710 Ascendit
3001 4657 3054 4710 in
3100 4656 3272 4711 catos.
3311 4657 3466 4714 Sedet
3502 4657 3574 4711 ad

2010 4750 2274 4802 dexteram
2304 4748 2398 4802 Dei
2425 4747 2603 4802 Patris
2633 4749 3010 4817 omnipotentis.
3053 4747 3186 4804 Inde
3217 4758 3460 4804 uenturus
3480 4749 3578 4818 jtt-

2010 4838 2188 4891 dicare
2210 4838 2345 4892 vivos
2380 4847 2427 4890 et
2457 4846 2708 4890 mortuos.
2753 4834 2918 4890 Credo
2943 4837 2997 4890 in
3034 4837 3288 4906 Spiritum
3311 4849 3575 4899 sanctum,

2010 4937 2244 4985 sanctam
2282 4925 2569 4984 Ecclesium
2590 4924 2916 4985 catholicam,
2953 4927 3304 4980 remissionem
3343 4927 3576 4981 omnium

2010 5026 2355 5086 peccatorum,
2385 5016 2557 5070 carnis
2581 5014 3003 5068 resurrectionem
3029 5025 3077 5068 et
3114 5015 3270 5070 vitam
3303 5023 3572 5068 (sternam.

2013 5107 2194 5160 Amen.

2083 5195 2270 5250 XXIII.
2310 5196 2446 5250 Ecce
2485 5194 2638 5250 fidem
2669 5197 3043 5265 apostolicam,
3082 5195 3134 5250 in
3180 5212 3282 5265 qua
3318 5195 3580 5264 baptizati

2015 5302 2231 5351 sumus,
2263 5302 2423 5355 quam
2461 5287 2729 5344 credimus
2773 5294 2826 5340 et
2867 5287 3236 5348 tenemus..,Et
3259 5287 3350 5357 qui
3382 5287 3448 5344 ad
3477 5301 3578 5340 nos

2016 5375 2220 5428 venerit
2272 5375 2337 5429 de
2381 5375 2500 5436 aliis
2557 5375 2891 5444 regionibus,
2936 5385 3028 5432 aut
3077 5385 3222 5434 certe
3262 5377 3330 5434 de
3379 5375 3581 5434 nostris

2019 5470 2232 5531 ﬁnibus,
2274 5479 2329 5524 et
2356 5471 2494 5526 hane
2519 5470 2675 5526 fidem
2714 5479 2768 5524 et
2812 5472 2950 5525 hanc
2979 5473 3276 5526 doctrinam
3322 5470 3579 5541 apostoli-

2017 5575 2135 5618 cam
2165 5561 2463 5624 adduxerit,
2496 5563 2816 5632 recipiamus
2847 5577 2970 5617 eum
3002 5563 3052 5617 in
3092 5574 3276 5620 sancta
3316 5562 3578 5619 Ecclesia.

2021 5650 2396 5709 Manduccmus
2450 5661 2503 5709 et
2569 5655 2814 5711 bibamus
2861 5672 2979 5710 cum
3039 5674 3102 5714 ca
3135 5699 3148 5720 ,
3203 5660 3326 5726 quia
3385 5671 3577 5727 pacem

3200 5774 3274 5830 Ξῖ)
