3992 6176
509 298 612 352 907

1320 299 1724 365 ELlRANDUS,
1765 297 1986 364 FELIX,
2017 301 2360 357 llETERlL’S
2398 303 2484 358 ET
2510 304 2581 358 'S.
2624 305 2913 362 BEATUS.

3625 316 3736 376 908

507 414 789 467 annuntiat
817 418 871 466 et
896 409 1032 464 filius
1055 408 1335 465 charitatis
1371 418 1473 464 est.
1515 411 1581 464 Et
1604 412 1726 479 quia
1760 411 1897 465 Deus
1945 413 2062 466 cha-
2093 424 2142 480 Α
2172 412 2384 479 qualem
2423 413 2740 468 charitatem
2781 415 2927 468 dedit
2963 415 3116 470 nobis
3155 416 3314 472 Pater
3337 459 3352 482 ,
3403 429 3463 473 ut
3514 419 3605 474 lilii
3644 424 3734 480 De;

505 504 637 556 ritas
661 509 752 564 est,
777 507 832 553 et
854 499 980 567 quia
1005 495 1240 553 Christus
1263 508 1414 568 caput
1442 501 1671 569 corporis
1697 499 1944 554 Ecclesiae
1969 511 2064 566 est,

505 590 804 644 membrum
853 585 1097 654 corporis
1149 595 1252 641 est.
1307 587 1373 640 Et
1399 587 1500 655 qui
1540 588 1680 641 hanc
1710 588 1867 642 ﬁdem
1911 590 2067 644 nobis

505 696 610 735 non
648 678 958 742 adduxerit,
1008 685 1063 731 et
1098 685 1334 732 nostram
1373 676 1530 730 fidem
1573 677 1860 733 dissolvere
1901 694 2063 732 cona-

501 774 657 837 verit,
705 781 760 826 et
800 770 1118 825 fermentum
1180 768 1406 822 insolitae
1445 768 1726 835 pravitatis
1775 769 1829 821 in
1876 783 2062 837 azyma

501 880 693 921 massa:
723 862 976 919 Ecclesiae
1012 861 1240 914 miseere
1267 858 1524 924 voluerit,
1559 866 1614 911 et
1654 873 1752 912 nos
1793 859 2063 912 scandali-

501 956 733 1020 zaverit,
768 951 892 1022 quid
926 951 993 1006 de
1037 964 1103 1005 eo
1140 948 1433 1003 faciamus?
1475 947 1732 1001 Joannem
1762 947 2060 1016 apostolum

500 1044 882 1101 cubicularium
917 1041 1058 1111 regis
1108 1039 1526 1106 interrogemus,
1562 1037 1735 1104 ipsum
1765 1035 1856 1104 qui
1899 1050 2061 1104 supra

497 1143 681 1203 pectus
711 1130 919 1186 Domini
948 1130 1220 1193 recubuit;
1277 1127 1447 1196 ipsum
1476 1127 1569 1193 qui
1599 1126 1662 1179 de
1693 1123 2059 1179 sacratissimo

495 1238 589 1276 ore
631 1221 818 1275 intimo
853 1218 1161 1273 Divinitatis
1210 1216 1427 1270 archivo
1465 1215 1661 1268 hausit.
1701 1214 1868 1280 Quem
1895 1213 2061 1267 etiam

493 1316 699 1384 primus
763 1311 1127 1382 apostolorum
1172 1309 1400 1371 Petrus,
1449 1307 1569 1376 quis
1619 1314 1761 1360 esset
1817 1305 1908 1373 qui
1956 1304 2061 1357 Do-

492 1407 698 1472 minum
724 1404 994 1467 traderet,
1035 1397 1400 1468 interrogavit.
1435 1399 1556 1460 Dic,
1591 1405 1773 1451 sancte
1802 1395 2054 1459 Joannes,

490 1498 617 1566 quid
671 1494 926 1549 faciemus
970 1491 1036 1544 de
1085 1491 1227 1552 isto,
1275 1489 1367 1558 qui
1414 1488 1568 1542 nobis
1621 1487 1919 1541 doctrinam
1965 1499 2059 1540 ve-

489 1596 657 1641 stram
715 1583 936 1638 turbat?
983 1580 1288 1649 Respondet
1340 1579 1533 1643 nobis,
1583 1585 1638 1630 et
1685 1577 1816 1631 dicit
1868 1594 1880 1627 :
1936 1594 1954 1626 (
1997 1574 2056 1629 Si

486 1679 608 1746 quis
636 1676 782 1731 venit
834 1674 901 1728 ad
943 1687 1062 1736 vos,
1105 1680 1158 1726 et
1203 1672 1343 1726 hanc
1380 1669 1681 1724 doctrinam
1721 1684 1828 1723 non
1879 1667 2053 1733 affert,

2170 502 2506 556 nominemur
2551 511 2605 556 et
2661 504 2848 558 simus.
2913 504 3138 575 Propter
3185 509 3288 563 hoe
3349 512 3581 566 mundus
3632 531 3736 571 non

2166 592 2314 644 novit
2361 607 2478 657 nos,
2525 593 2649 660 quia
2691 609 2796 648 non
2842 595 2992 648 novit
3027 611 3170 650 eum.
3221 597 3557 667 Cbarissimi,
3599 621 3738 660 nunc

2165 678 2260 731 filii
2297 679 2390 732 Dei
2421 695 2626 743 sumus,
2673 688 2726 734 et
2771 682 3005 735 nondum
3052 686 3297 752 apparuit
3337 687 3468 754 quid
3513 689 3731 745 erimus.

2165 765 2379 820 Scimus
2430 767 2702 835 quoniam,
2753 783 2875 822 cum
2911 772 3236 838 apparuerit,
3273 773 3576 831 videbimus
3611 795 3731 834 eum

2161 855 2319 909 sicuti
2363 863 2464 910 est.
2517 856 2583 909 Et
2628 855 2804 909 omnis
2843 858 2934 924 qui
2983 859 3144 914 habet
3189 861 3330 916 hanc
3364 877 3515 931 spem
3545 866 3600 918 in
3648 883 3728 931 eo,

2161 944 2461 998 sanctiﬁcat
2507 959 2584 1007 se,
2624 945 2764 998 sicut
2806 953 2860 998 et
2907 945 2995 999 ille
3036 955 3254 1003 sanctus
3292 957 3396 1004 est.
3429 950 3620 1007 Omnis
3643 958 3728 1024 qui

2160 1033 2289 1086 facit
2336 1042 2642 1103 peceatum,
2683 1043 2738 1088 et
2787 1035 3123 1104 iniquitatem
3159 1039 3314 1105 facit,
3361 1052 3414 1096 et
3447 1057 3728 1112 peccatum

2159 1134 2243 1178 est
2277 1125 2548 1193 iniquitas.
2587 1126 2652 1179 Et
2676 1126 2828 1180 scitis
2849 1129 3101 1195 quoniam
3129 1129 3216 1184 ille
3237 1136 3485 1201 apparuit
3514 1147 3572 1190 ut
3603 1152 3724 1206 pec-

2160 1222 2279 1267 cata
2305 1214 2526 1268 tolleret
2552 1229 2566 1266 :
2600 1222 2655 1268 et
2680 1225 2957 1283 peceatum
2983 1217 3036 1269 in
3063 1232 3128 1272 eo
3153 1235 3257 1272 non
3285 1232 3386 1274 est.
3427 1222 3618 1279 Omnis
3640 1227 3725 1294 qui

2159 1304 2212 1357 in
2249 1319 2314 1359 eo
2350 1312 2557 1368 manet,
2597 1321 2703 1360 non
2733 1316 2939 1376 peccat.
2982 1307 3169 1363 Omnis
3212 1311 3303 1378 qui
3348 1324 3566 1381 peccat,
3621 1333 3724 1372 non

2158 1391 2292 1444 vidit
2325 1407 2468 1457 eum,
2499 1406 2598 1446 nec
2629 1394 2877 1463 cognovit
2906 1409 3050 1448 eum.

2228 1482 2392 1537 XXV.
2441 1501 2460 1534 ‹
2503 1483 2698 1548 Filioli,
2733 1499 2890 1538 nemo
2933 1499 3028 1540 vos
3068 1487 3307 1542 seducat.
3355 1489 3458 1556 Qui
3488 1491 3615 1548 facit
3635 1496 3721 1564 ju-

2156 1572 2386 1633 stitiam,
2432 1571 2608 1639 justus
2648 1580 2760 1639 est,
2819 1574 2958 1628 sicut
3001 1587 3054 1629 et
3094 1577 3182 1630 ille
3225 1578 3407 1645 justus
3452 1594 3553 1637 est.
3614 1585 3717 1652 Qui

2156 1661 2284 1718 facit
2327 1672 2632 1733 peccatum,
2677 1679 2745 1719 ex
2789 1665 3000 1720 diabolo
3033 1677 3150 1733 est,
3182 1672 3429 1738 quoniam
3461 1679 3526 1729 ab
3559 1677 3715 1732 initio

485 1766 650 1820 nolite
696 1764 934 1832 recipere
968 1777 1088 1816 eum
1140 1761 1192 1814 in
1233 1761 1448 1813 domum
1471 1800 1484 1822 ,
1529 1774 1628 1812 nec
1659 1774 1756 1812 ave
1800 1758 1850 1811 ei
1901 1758 2049 1812 dixe-
2078 1757 2126 1816 B
2157 1753 2398 1809 diabolus
2425 1755 2640 1824 'peccat.
2667 1755 2724 1809 In
2762 1755 2866 1810 hoc
2905 1758 3150 1825 apparuit
3187 1759 3355 1815 Filius
3391 1762 3499 1827 Dei,
3524 1774 3582 1818 ut
3605 1767 3716 1822 dis-

484 1855 623 1910 ritis.
660 1853 762 1919 Qui
795 1852 936 1906 enim
985 1850 1181 1906 dixerit
1217 1849 1290 1902 illi
1339 1864 1473 1912 ave,
1515 1847 1874 1902 communicat
1918 1861 2046 1916 ope-

481 1946 633 1998 ribus
683 1943 824 1997 illius
887 1941 1154 2011 malignis.
1212 1939 1474 2006 Quoniam
1525 1939 1679 1993 multi
1737 1940 2048 1994 seductores

479 2033 726 2086 exierunt
773 2031 827 2085 in
862 2029 1144 2093 munduin',
1190 2028 1280 2096 qui
1339 2043 1444 2082 non
1495 2028 1817 2082 conﬁtentur
1862 2027 2046 2082 Jesum

476 2122 748 2175 Christum
774 2119 984 2174 venisse
1015 2119 1067 2172 in
1101 2133 1338 2180 carnem,
1371 2117 1458 2172 hic
1493 2117 1615 2172 talis
1643 2118 1894 2173 seductor
1938 2125 2042 2181 est,

473 2216 529 2260 et
590 2206 970 2262 Antichristus.
1028 2205 1215 2260 Videte
1275 2205 1629 2274 vosmetipsos
1684 2221 1754 2260 ne
1808 2206 2043 2276 perdatis

472 2298 614 2368 quod
644 2299 849 2367 operati
879 2298 1010 2352 estis
1034 2337 1048 2362 ,
1097 2298 1191 2351 sed
1237 2304 1297 2350 ut
1335 2298 1636 2352 mercedem
1665 2297 1875 2366 plenam
1907 2299 2042 2351 reci-

469 2387 648 2455 piatis.
700 2386 886 2440 Omnis
913 2386 1002 2455 qui
1033 2385 1232 2442 recedit
1277 2393 1333 2439 et
1364 2402 1470 2440 non
1504 2393 1684 2441 manet
1712 2388 1763 2441 in
1795 2387 2038 2442 doctrina

469 2479 700 2542 Christi,
752 2478 918 2532 Deum
975 2493 1082 2531 non
1132 2478 1313 2532 habet.
1364 2480 1463 2544 Qui
1515 2489 1792 2548 permanet
1837 2480 1889 2533 in
1940 2480 2036 2534 do-

468 2567 640 2621 ctrina
685 2565 922 2631 Christi,
981 2563 1070 2618 hic
1119 2574 1174 2619 et
1225 2564 1418 2619 Filium
1485 2573 1539 2619 et
1584 2567 1798 2620 Patrem
1854 2567 2033 2620 habet.

468 2657 619 2724 Quod
649 2656 750 2710 fuit
777 2659 844 2711 ab
866 2657 1050 2720 initio,
1089 2657 1232 2725 quod
1258 2656 1586 2722 audivimus,
1619 2658 1762 2726 quod
1807 2656 2037 2712 vidimus

466 2745 638 2800 oculis
662 2745 891 2810 nostris,
923 2745 1065 2814 quod
1092 2747 1489 2815 perspeximus,
1525 2753 1582 2800 et
1609 2761 1799 2800 manus
1839 2755 2036 2800 nostrae

467 2841 833 2890 tractaverunt
885 2834 950 2888 de
1001 2833 1174 2887 Verbo
1223 2834 1376 2898 vitaz,
1432 2845 1488 2888 et
1535 2835 1643 2889 vita
1695 2832 2032 2888 manifestata

466 2933 549 2981 est
567 2956 590 2988 ,η
619 2932 676 2980 et
715 2924 972 2988 vidimus,
1017 2933 1072 2979 et
1118 2927 1494 2987 tractavimus,
1546 2935 1601 2980 et
1651 2925 2032 2980 annuntiamus

461 3016 616 3070 vobis
656 3014 820 3068 vitam
865 3023 1152 3080 aaternam,
1203 3031 1322 3084 qua:
1367 3025 1482 3070 erat
1516 3018 1656 3086 apud
1702 3015 1936 3081 Patrem,
1975 3027 2030 3070 et

2149 1845 2322 1900 solvat
2366 1859 2528 1914 opera
2567 1846 2789 1900 diaboli.
2828 1843 3016 1901 Omnis
3046 1850 3137 1917 qui
3170 1859 3327 1906 natus
3356 1863 3437 1907 est
3473 1869 3540 1908 ex
3581 1857 3716 1922 Deo,

2146 1944 2425 2005 peccatum
2456 1951 2563 1990 non
2602 1936 2757 1999 facit,
2792 1939 2886 1993 sed
2919 1953 3103 1993 semen
3139 1941 3306 2009 ipsius
3333 1943 3387 1996 in
3421 1959 3490 1998 eo
3515 1958 3714 2012 manet,

2145 2034 2199 2080 et
2235 2041 2338 2080 non
2373 2034 2551 2094 potest
2597 2041 2841 2094 peccare,
2891 2028 3142 2096 quoniam
3173 2046 3239 2084 ex
3276 2032 3387 2086 Deo
3411 2043 3574 2090 natus
3611 2047 3710 2091 est.

2144 2117 2208 2170 Et
2256 2118 2309 2170 in
2363 2119 2466 2172 hoc
2513 2118 2783 2172 manifesti
2822 2127 2946 2176 sunt
2985 2119 3077 2173 filii
3128 2119 3220 2175 Dei
3265 2131 3318 2175 et
3361 2121 3456 2176 filii
3494 2124 3709 2180 diaboli.

2141 2206 2325 2261 Omnis
2367 2207 2457 2275 qui
2485 2222 2591 2260 non
2620 2215 2702 2261 est
2739 2205 2954 2274 justus,
2993 2225 3098 2263 non
3126 2219 3209 2264 est
3245 2210 3311 2266 de
3352 2213 3493 2277 Deo,
3526 2225 3580 2268 et
3621 2217 3710 2284 qui

2141 2313 2246 2351 non
2277 2298 2447 2367 diligit
2476 2297 2696 2351 fratrem
2726 2314 2903 2352 suum.
2958 2299 3218 2365 Quoniam
3248 2303 3362 2358 bzec
3386 2316 3470 2359 est
3499 2322 3707 2362 annun-

2141 2384 2289 2438 tiatio
2330 2399 2488 2452 quam
2526 2385 2750 2439 audistis
2793 2388 2862 2440 ab
2907 2387 3077 2452 initio,
3125 2399 3183 2442 ut
3221 2390 3502 2460 diligamus
3544 2394 3707 2449 alter-

2139 2485 2337 2531 utrum.
2373 2475 2720 2542 Cbarissimi,
2771 2477 3057 2548 diligamus
3108 2495 3207 2534 nos
3256 2482 3522 2550 invicem,
3572 2502 3706 2555 quo-

2139 2567 2282 2620 niam
2307 2567 2542 2620 charitas
2569 2580 2633 2618 ex
2665 2567 2773 2620 Deo
2797 2576 2899 2621 est.
2948 2569 3014 2622 Et
3037 2570 3214 2624 omnis
3255 2572 3346 2639 qui
3394 2574 3569 2644 diligit
3600 2576 3706 2630 fra-

2137 2666 2274 2711 trem
2309 2672 2494 2722 suum,
2533 2672 2600 2712 ex
2637 2657 2746 2712 Deo
2783 2668 2942 2715 natus
2977 2670 3089 2726 est,
3124 2671 3178 2718 et
3212 2667 3486 2736 cognoscit
3517 2668 3702 2725 Deum.

2135 2743 2236 2811 Qui
2284 2752 2463 2799 autem
2517 2762 2623 2801 non
2671 2747 2844 2819 diligit
2889 2748 3110 2806 fratrem
3149 2769 3302 2812 suum
3329 2797 3344 2820 ,
3388 2774 3494 2813 non
3545 2761 3702 2816 habet

2133 2835 2493 2900 charitatem,
2532 2847 2586 2890 et
2641 2853 2746 2891 non
2799 2841 2947 2894 novit
2997 2841 3201 2908 Deum,
3253 2847 3505 2913 quoniam
3564 2849 3703 2905 Deus

2133 2924 2370 2979 charitas
2393 2935 2500 2978 est.
2543 2926 2620 2979 Ex
2645 2928 2746 2982 hoc
2776 2931 3024 2998 apparuit
3049 2933 3287 2988 charitas
3317 2936 3410 2991 Dei
3438 2938 3492 2991 in
3526 2941 3697 3003 nobis,

2133 3029 2255 3069 cum
2299 3015 2492 3068 Filium
2529 3030 2682 3070 suum
2728 3019 3060 3087 unigenitum
3093 3023 3238 3077 misit
3284 3025 3426 3080 Deus
3455 3029 3506 3080 in
3546 3045 3701 3083 mun-

461 3107 711 3177 apparuit
751 3106 925 3161 nobis.
969 3105 1120 3172 Quod
1178 3107 1409 3161 vidimus
1457 3115 1512 3161 et
1553 3107 1886 3173 audivimus,
1929 3123 2028 3161 an-
2058 3085 2101 3145 (ἶ
2133 3105 2281 3170 dum,
2314 3114 2373 3160 ut
2402 3107 2641 3162 vivamus
2666 3123 2763 3177 per
2783 3125 2925 3164 eum.
2957 3111 3014 3166 In
3040 3114 3141 3166 hoc
3165 3121 3248 3168 est
3283 3116 3550 3180 charitas,
3591 3134 3698 3171 non

457 3196 772 3254 nuntiamns
821 3195 1012 3260 vobis,
1068 3204 1128 3249 ut
1173 3204 1232 3250 et
1281 3212 1375 3250 vos
1419 3197 1732 3252 societatem
1788 3197 2032 3251 habeatis

458 3286 735 3340 nobiscum
780 3303 793 3338 :
843 3294 898 3338 et
951 3285 1180 3340 societas
1231 3294 1411 3340 vestra
1455 3288 1525 3340 sit
1567 3302 1688 3342 cum
1740 3286 1929 3351 Patre,
1976 3295 2031 3340 et

457 3377 592 3431 Filio
644 3375 770 3432 Jesu
831 3375 1064 3432 Christo.
1126 3376 1334 3441 Filioli,
1394 3381 1682 3434 novissima
1730 3380 1869 3434 .hora
1923 3386 2026 3434 est.

457 3467 524 3522 Et
557 3468 696 3522 sicut
741 3467 966 3523 audistis
1016 3468 1140 3536 quia
1182 3467 1546 3524 Antichristus
1582 3471 1765 3534 venit,
1799 3479 1854 3525 et
1885 3485 2031 3526 nunc

454 3557 772 3614 Antichristi
836 3557 989 3612 multi
1041 3557 1168 3612 facti
1231 3567 1374 3614 sunt.
1445 3560 1593 3616 Unde
1647 3562 1847 3616 scimus
1901 3563 2028 3632 quia

455 3648 746 3704 novissima
792 3649 923 3703 hora
972 3649 1094 3703 est?
1139 3650 1262 3719 quia
1314 3652 1468 3706 multi
1516 3653 1830 3708 Antichristi
1865 3663 2022 3716 sunt,

458 3743 548 3810 qui
585 3743 860 3798 nobiscum
885 3751 1057 3807 erant,
1075 3741 1187 3811 jam
1220 3754 1406 3799 contra
1432 3760 1531 3800 nos
1556 3755 1712 3811 sunt,
1736 3745 1848 3813 jam
1891 3747 2025 3801 foris

458 3839 603 3884 sum.
649 3832 728 3884 Ex
777 3831 930 3885 nobis
960 3833 1224 3896 exierunt,
1266 3835 1358 3887 sed
1405 3849 1509 3888 non
1553 3844 1708 3890 erant
1740 3851 1804 3890 ex
1843 3839 2017 3892 nobis.

464 3920 591 3972 Nam
622 3920 666 3973 si
694 3918 918 3972 fuissent
956 3935 1022 3972 ex
1049 3921 1203 3974 nobis
1225 3961 1238 3983 ,
1270 3923 1690 3988 permansissent
1716 3926 1902 3993 utique
1926 3942 2022 3982 no—

459 4008 683 4061 biscum.
722 4007 826 4060 Sed
864 4016 921 4061 ut
950 4009 1222 4063 manifesti
1249 4010 1356 4063 sint
1379 4012 1503 4079 quia
1531 4028 1636 4066 non
1676 4023 1802 4068 sunt
1832 4030 2020 4071 omnes

453 4112 519 4148 ex
547 4096 720 4151 nobis.
771 4095 876 4150 Sed
924 4112 1018 4152 vos
1046 4099 1350 4153 unctionem
1390 4101 1598 4154 habetis
1641 4116 1671 4155 a
1711 4113 1915 4168 sancto,
1965 4115 2019 4159 et

453 4186 623 4241 nostis
668 4186 865 4240 omnia.
920 4185 1035 4240 Non
1085 4188 1276 4256 scripsi
1333 4190 1484 4244 vobis
1530 4192 1682 4259 quasi
1721 4192 2015 4262 ignoranti-

451 4279 551 4333 bus
602 4278 923 4342 veritatem,
987 4280 1080 4335 sed
1133 4281 1285 4350 quasi
1352 4283 1645 4338 scientibus
1705 4300 1826 4339 eam
1881 4301 1896 4340 :
1963 4297 2017 4341 et

449 4369 704 4436 quoniam
762 4384 920 4423 omne
975 4371 1309 4426 mendacium
1358 4387 1425 4426 ex
1473 4375 1698 4428 veritate
1751 4391 1856 4431 non
1906 4387 2009 4431 est.
2045 4403 2069 4436 ,ς

2043 4421 2092 4479 D

450 4460 580 4525 Quis
619 4467 704 4514 est
754 4461 1027 4516 mendax?
1078 4461 1178 4528 Qui
1235 4472 1391 4532 negat
1429 4466 1682 4532 quoniam
1730 4465 1888 4523 Jesus
1931 4478 2014 4524 est

449 4549 713 4604 Christus.
756 4551 854 4606 Hic
890 4561 974 4605 est
1000 4551 1362 4607 Antichristus
1390 4555 1480 4622 qui
1516 4565 1673 4626 negat
1700 4556 1915 4613 Patrem
1960 4569 2015 4614 et

449 4639 666 4693 Filium.
697 4639 883 4695 Omnis
915 4642 1004 4708 qui
1033 4650 1189 4711 negat
1215 4642 1426 4708 Filium,
1458 4662 1556 4702 nec
1588 4647 1801 4702 Patrem
1829 4649 2009 4704 habet.

449 4731 550 4797 Qui
581 4730 864 4787 confitetur
891 4732 1103 4796 Filium,
1136 4741 1189 4788 et
1215 4735 1429 4791 Patrem
1453 4738 1637 4792 habet.
1727 4797 1738 4809 κ

516 4823 703 4878 XXIV.
748 4840 767 4874 ε
800 4823 926 4878 Ηωε
974 4825 1150 4879 scribo
1197 4826 1348 4880 vobis
1386 4827 1451 4881 de
1498 4829 1582 4881 his
1627 4830 1718 4898 qui
1751 4831 2014 4885 seducunt

447 4929 562 4968 vos.
610 4914 678 4968 Et
706 4929 801 4968 vos
828 4914 1132 4970 unctionem
1162 4930 1322 4984 quam
1351 4918 1635 4986 accepistis
1662 4919 1729 4972 ab
1762 4934 1846 4983 eo,
1893 4936 2013 4974 mas

447 5009 677 5070 neat,in
721 5006 892 5065 vobis.
945 5006 1013 5059 Et
1056 5021 1161 5060 non
1210 5022 1427 5063 necesse
1470 5010 1678 5064 habetis
1715 5018 1773 5063 ut
1821 5011 2012 5080 aliquis

445 5096 635 5150 doceat
683 5108 777 5150 vos
822 5114 837 5150 :
889 5097 984 5151 sed
1029 5097 1168 5150 sicut
1214 5099 1398 5153 unctio
1445 5098 1562 5167 ejus
1609 5101 1765 5156 docet
1809 5117 1905 5156 vos
1947 5104 2013 5158 de

445 5185 720 5250 omnibus,
750 5194 805 5239 et
837 5202 1022 5241 verum
1054 5196 1138 5242 est
1163 5227 1177 5251 ,
1225 5195 1279 5242 et
1308 5205 1414 5242 non
1440 5199 1522 5244 est
1547 5192 1916 5246 mendacium.
1944 5193 2012 5248 Et

445 5275 584 5328 sicut
613 5275 794 5330 docuit
838 5291 964 5340 vos,
1014 5286 1226 5330 manete
1271 5278 1323 5330 in
1371 5292 1455 5331 eo.
1501 5279 1567 5332 Et
1616 5295 1787 5345 nunc,
1839 5282 2007 5349 filioli,

445 5372 658 5416 manete
702 5365 756 5417 in
787 5379 877 5429 eo,
919 5373 980 5418 ut
1019 5381 1140 5420 cum
1181 5368 1516 5436 apparuerit,
1551 5369 1842 5424 habeamus
1870 5373 2008 5427 fidu-

445 5449 616 5513 ciam,
645 5457 700 5503 et
733 5466 838 5504 non
865 5450 1267 5507 .eonfundamur
1297 5455 1365 5509 ab
1406 5470 1472 5510 eo
1513 5456 1566 5509 in
1601 5459 1832 5514 adventu
1872 5461 2006 5528 ejus.

449 5536 556 5588 Sed
596 5537 642 5589 si
688 5539 838 5592 scitis
867 5541 1118 5607 quoniam
1153 5540 1332 5608 justus
1377 5553 1487 5611 est,
1530 5547 1719 5602 scitote
1755 5552 2008 5618 quoniam

447 5632 502 5678 et
522 5623 697 5680 omnis
717 5627 807 5687 qui
834 5627 960 5680 facit
977 5627 1240 5691 justitiam
1269 5645 1330 5686 ex
1365 5634 1480 5701 ipso
1507 5645 1659 5692 natus
1687 5650 1789 5695 est.
1828 5642 2009 5698 Videte

2131 3196 2286 3264 quasi
2317 3210 2416 3250 nos
2451 3196 2799 3252 dilexerimns
2833 3199 3019 3265 Deum,
3057 3203 3150 3256 sed
3190 3204 3442 3270 quoniam
3474 3207 3590 3274 ipse
3621 3208 3700 3260 di-

2129 3286 2260 3341 lexit
2295 3300 2392 3340 nos
2416 3326 2431 3351 ,
2462 3295 2516 3341 et
2542 3287 2688 3341 misit
2730 3287 2923 3342 Filium
2951 3305 3103 3344 suum
3130 3293 3565 3361 propitiationem
3596 3311 3696 3364 pro

2125 3375 2362 3446 peccatis
2408 3377 2626 3430 nostris.
2676 3376 2986 3434 Charissimi
3014 3420 3028 3445 ,
3077 3382 3122 3435 si
3172 3382 3313 3436 Deus
3344 3383 3532 3437 dilexit
3576 3399 3693 3447 nos,

2125 3474 2178 3519 et
2221 3481 2319 3520 nos
2362 3466 2617 3520 debemus
2669 3467 2988 3522 alterutrum
3036 3469 3272 3540 diligere.
3323 3472 3494 3526 Deum
3535 3487 3694 3528 nemo

2124 3556 2256 3610 vidit
2289 3570 2544 3625 unquam.
2591 3555 2648 3611 Si
2673 3556 2941 3628 diligimus
2966 3559 3190 3615 invicem
3216 3600 3230 3624 ,
3267 3561 3408 3616 Deus
3452 3563 3504 3616 in
3539 3563 3694 3618 nobis

2125 3653 2324 3709 manet,
2355 3654 2408 3699 et
2433 3645 2670 3701 charitas
2698 3647 2813 3716 ejus
2841 3650 2894 3702 in
2925 3650 3078 3704 nobis
3107 3650 3348 3718 perfecta
3375 3662 3476 3708 est.
3502 3652 3560 3707 In
3583 3655 3690 3710 huc

2124 3737 2468 3807 intelligimus
2513 3739 2766 3806 quoniam
2810 3740 2864 3793 in
2907 3756 2973 3795 eo
3014 3757 3292 3798 manemus
3319 3784 3334 3809 ,
3383 3754 3438 3799 et
3482 3747 3594 3815 ipse
3634 3749 3687 3801 in

2123 3825 2314 3886 nobis,
2363 3823 2616 3891 quoniam
2657 3825 2723 3878 de
2768 3823 2968 3893 Spiritu
3025 3840 3122 3880 suo
3169 3828 3317 3882 dedit
3364 3831 3521 3885 nobis
3570 3850 3582 3883 :
3636 3842 3691 3885 et

2121 3928 2218 3966 nos
2254 3913 2484 3968 vidimus
2509 3953 2523 3978 ,
2562 3923 2618 3967 et
2647 3915 3013 3979 testitieamur,
3050 3918 3301 3986 quoniam
3340 3919 3505 3974 Pater
3541 3922 3688 3975 misit

2119 4005 2312 4059 Filium
2339 4021 2492 4060 suum
2526 4005 2857 4061 Salvatorem
2896 4009 3096 4062 mundi.
3140 4008 3328 4064 Omnis
3352 4012 3446 4078 qui
3475 4011 3689 4066 confes-

2118 4111 2210 4150 sus
2237 4095 2397 4150 fuerit
2424 4098 2676 4165 quoniam
2703 4097 2858 4151 Jesus
2883 4106 2966 4152 est
3005 4098 3171 4152 Filius
3199 4099 3292 4153 Dei
3318 4140 3333 4164 ,
3371 4101 3514 4156 Deus
3543 4106 3592 4155 in
3623 4118 3686 4156 eo

2118 4195 2315 4248 manet,
2345 4194 2397 4238 et
2428 4187 2539 4255 ipse
2567 4190 2617 4239 in
2646 4187 2774 4241 Deo.
2824 4188 2891 4240 Et
2913 4204 3009 4242 nos
3034 4191 3399 4257 cognovimus,
3428 4201 3481 4246 et
3513 4195 3683 4248 credi-

2117 4275 2288 4328 dimus
2327 4276 2578 4329 charitati
2619 4292 2777 4344 quam
2833 4278 2995 4332 habet
3036 4279 3175 4333 Deus
3221 4281 3278 4334 in
3321 4283 3494 4338 nobis.
3543 4285 3684 4340 Deus

2116 4363 2351 4417 charitas
2392 4372 2512 4429 est;
2565 4373 2618 4417 et
2660 4366 2751 4434 qui
2794 4376 2973 4421 manet
3020 4369 3075 4422 in
3120 4370 3424 4437 charitate,
3471 4373 3528 4426 in
3573 4375 3684 4429 Deo

2118 4461 2316 4518 manet,
2347 4465 2400 4507 et
2425 4455 2564 4508 Deus
2592 4455 2642 4508 in
2675 4471 2739 4509 eo
2766 4467 2867 4510 est.
2909 4457 2967 4511 ιιι
3004 4460 3102 4514 hoc
3130 4460 3366 4528 perfecta
3396 4473 3479 4518 est
3507 4466 3685 4520 chari-

2115 4553 2196 4598 tas
2243 4545 2336 4599 Dei
2371 4545 2678 4611 nobiscum,
2715 4555 2774 4600 ut
2822 4548 3067 4602 fiduciam
3111 4551 3404 4607 habeamus
3449 4555 3501 4608 in
3540 4556 3680 4610 diem

2107 4635 2314 4704 judieii,
2366 4637 2488 4705 quia
2537 4637 2676 4691 sicut
2721 4637 2807 4691 ille
2851 4647 2950 4704 est,
3002 4647 3056 4693 et
3108 4657 3206 4696 nos
3253 4658 3440 4698 sumus
3486 4646 3541 4698 in
3578 4647 3682 4702 hoc

2113 4727 2332 4778 mundo.
2379 4725 2564 4779 Timor
2606 4741 2711 4780 non
2756 4737 2837 4780 est
2875 4729 2927 4780 in
2963 4729 3228 4785 charitate
3259 4750 3270 4784 :
3311 4735 3402 4787 sed
3438 4735 3677 4803 perfecta

2109 4815 2349 4869 charitas
2373 4814 2517 4869 foras
2555 4817 2721 4869 mittit
2762 4816 3030 4882 timorem,
3076 4822 3328 4887 quoniam
3369 4823 3532 4878 timor
3572 4842 3680 4893 per

2105 4921 2236 4959 nam
2281 4906 2461 4959 habet.
2504 4905 2605 4970 Qui
2631 4915 2809 4959 autem
2837 4908 3006 4972 timet,
3052 4925 3160 4964 non
3200 4922 3281 4966 est
3317 4912 3592 4982 perfectus
3624 4916 3677 4968 in

2111 4996 2394 5050 charitate.
2422 4993 2529 5050 Nos
2555 5010 2684 5066 ergo
2707 4996 2987 5067 diligamus
3019 4999 3181 5055 Deum
3205 5041 3220 5067 ,
3261 5005 3512 5070 quoniam
3538 5005 3674 5059 Deus

2109 5103 2258 5157 prior
2292 5088 2476 5143 dilexit
2500 5104 2616 5142 nos.

2180 5179 2348 5233 XXVI
2373 5219 2386 5231 .
2398 5197 2415 5229 ι
2442 5179 2498 5234 Si
2520 5181 2640 5248 quis
2658 5179 2855 5235 dixerit
2869 5184 3122 5250 quoniam
3137 5185 3298 5255 diligo
3310 5186 3495 5250 Deum,
3510 5196 3564 5241 et
3576 5186 3671 5240 fra-

2109 5278 2244 5322 trem
2258 5285 2412 5324 suum
2433 5271 2567 5334 odit,
2589 5272 2816 5325 mendax
2838 5280 2937 5326 est.
2966 5271 3065 5338 Qui
3092 5275 3233 5328 enim
3248 5290 3355 5330 non
3376 5276 3546 5346 diligit
3571 5276 3673 5329 fra-

2109 5371 2246 5414 trem
2268 5377 2421 5415 suum
2445 5377 2604 5431 quem
2633 5361 2794 5427 videt,
2822 5363 3008 5430 Deum,
3034 5381 3192 5434 quem
3221 5383 3328 5422 non
3357 5368 3516 5434 videt,
3541 5383 3660 5437 quo—

2110 5453 2266 5506 modo
2283 5455 2482 5521 poterit
2497 5455 2752 5524 diligere?
2775 5456 2842 5510 Et
2866 5460 2968 5513 hoe
2991 5462 3297 5515 mandatum
3322 5463 3580 5517 habemus
3599 5462 3664 5515 ab

2105 5559 2172 5598 eo
2223 5555 2283 5598 ut
2326 5547 2418 5614 qui
2453 5547 2622 5616 diligit
2667 5548 2868 5613 Deum,
2923 5549 3110 5620 diligat
3143 5559 3197 5605 et
3228 5551 3451 5606 fratrem
3490 5566 3659 5607 suum.

2109 5636 2294 5692 Omnis
2318 5638 2407 5704 qui
2433 5639 2601 5695 credit
2624 5640 2874 5708 quoniam
2897 5639 3052 5697 Jesus
3073 5652 3153 5697 est
3173 5643 3435 5708 Christus,
3465 5658 3529 5698 ex
3559 5645 3661 5698 Deo
