3992 6176
284 345 388 401 909

973 337 1245 392 IIE'I'ERII
1286 335 1371 389 ET
1413 334 1468 388 S.
1510 333 1711 387 BEATI
1750 332 1840 385 AD
1878 329 2272 384 ELIPANDUM
2313 329 2526 383 EPIST.
2564 359 2633 367 —-
2672 329 2799 383 LIB.
2844 329 2882 382 I.
3107 342 3141 380 ο

3427 306 3530 389 suo

286 469 443 512 natus
463 462 565 508 est.
591 454 658 507 Et
690 440 864 506 omnis
890 451 977 519 qui
1004 450 1175 518 diligit
1197 462 1317 503 eum
1343 447 1435 516 qui
1463 446 1665 516 genuit,
1689 444 1860 513 diligit
1892 451 1934 503 Α
1962 442 2099 495 ciam
2120 441 2380 496 habemus
2400 442 2466 495 ad
2494 441 2693 495 Deum:
2723 449 2776 495 et
2799 439 3057 510 quidquid
3086 439 3418 507 petierimus,
3448 457 3538 496 ac-

284 561 408 600 eum
434 544 528 611 qui
555 550 717 596 natus
742 548 825 594 est
866 555 933 592 ex
956 553 1040 593 eo.
1082 539 1139 590 In
1166 538 1268 590 hoc
1300 535 1704 604 cognoscimus,
1730 547 1862 601 quo-

287 636 435 689 niam
467 632 739 700 diligimus
762 630 955 684 Filium
982 627 1075 681 Dei
1101 666 1115 690 ,
1149 640 1271 680 cum
1298 626 1465 678 Deum
1495 622 1782 691 diligamus
1809 628 1864 675 et

289 722 540 776 mandata
568 718 685 786 ejus
713 716 993 771 faciamus.
1037 714 1165 768 Ilaec
1194 724 1277 767 est
1303 713 1450 766 enim
1477 710 1713 766 charitas
1744 710 1860 773 Dei,

288 819 351 864 ut
408 808 663 862 mandata
714 803 830 872 ejus
877 802 1241 859 custodiamus
1290 819 1303 854 :
1359 810 1413 853 et
1461 800 1712 854 mandata
1749 796 1865 865 ejus

290 897 476 967 gravia
505 910 611 949 non
638 902 783 948 sunt.
820 892 1085 960 Queniam
1126 905 1286 945 omne
1313 891 1455 959 quod
1482 898 1664 943 natum
1689 896 1773 943 est
1798 903 1865 941 ex

292 987 425 1050 Deo,
452 985 619 1039 vincit
655 983 931 1037 mundum.
969 982 1037 1035 Et
1068 982 1186 1035 haec
1212 989 1297 1034 est
1325 979 1570 1042 victoria,
1598 993 1718 1047 qua:
1743 977 1865 1030 vin-

292 1078 368 1133 cit
421 1076 720 1138 mundum,
776 1073 908 1128 ﬁdes
961 1079 1164 1126 nostra.
1232 1071 1363 1137 Quis
1412 1079 1496 1125 est
1549 1069 1641 1139 qui
1698 1068 1867 1122 vincit

293 1164 556 1221 mundum
612 1163 716 1217 nisi
764 1163 856 1232 qui
906 1163 1079 1217 credit
1131 1162 1382 1230 quoniam
1444 1158 1599 1214 Iesus
1645 1168 1730 1213 est
1778 1156 1868 1210 Fi-

295 1256 402 1309 lius
448 1254 582 1307 Dei?
622 1253 722 1308 llic
767 1260 850 1306 est
883 1252 974 1320 qui
1010 1251 1157 1304 venit
1190 1264 1289 1318 per
1321 1264 1513 1318 aquam
1554 1256 1609 1301 et
1652 1248 1870 1316 sangui-

296 1359 424 1398 nem
465 1340 621 1395 Iesus
664 1340 931 1394 Christus.
984 1339 1102 1392 Non
1149 1338 1204 1391 in
1251 1352 1388 1406 aqua
1435 1338 1628 1399 solum,
1678 1336 1771 1389 sed
1816 1336 1870 1389 in

298 1447 459 1501 aqua,
483 1438 539 1485 et
567 1431 827 1498 sanguine
850 1468 865 1493 ,
894 1436 948 1482 et
976 1440 1158 1482 carne.
1195 1426 1262 1480 Et
1288 1426 1522 1495 Spiritus
1558 1432 1640 1479 est
1665 1425 1758 1493 qui
1786 1433 1870 1478 te-

300 1524 566 1579 stiﬁcatur
607 1521 859 1590 quoniam
904 1519 1153 1574 Christus
1184 1527 1270 1573 est
1314 1519 1532 1573 veritas.
1576 1516 1714 1583 Quia
1762 1526 1874 1571 tres

302 1620 428 1667 sunt
459 1611 547 1679 qui
582 1610 944 1665 tes:imonium
974 1610 1102 1664 dant
1131 1610 1185 1663 in
1230 1610 1390 1663 terris
1430 1626 1443 1659 :
1478 1622 1635 1676 aqua,
1666 1614 1721 1661 et
1751 1621 1874 1660 san-

302 1701 440 1771 guis,
471 1709 525 1753 et
559 1714 707 1754 caro.
749 1699 811 1752 Et
850 1699 950 1752 tria
984 1700 1101 1754 haec
1128 1714 1292 1753 unum
1328 1706 1472 1753 sunt.
1508 1698 1575 1751 Et
1604 1705 1716 1751 tres
1748 1702 1873 1750 sunt

304 1791 398 1860 qui
443 1789 806 1844 testimonium
851 1789 979 1843 dant
1027 1789 1081 1842 in
1118 1789 1276 1853 coelo,
1318 1788 1495 1849 Pater,
1534 1786 1784 1849 Verbum,
1817 1792 1873 1839 et

307 1880 559 1950 Spiritus.
606 1879 673 1932 Et
698 1880 812 1933 haec
840 1879 943 1932 tria
976 1894 1142 1932 unum
1163 1887 1287 1933 sunt
1315 1878 1368 1931 iu
1389 1877 1606 1931 Christo
1634 1874 1781 1931 Iesu.
1815 1874 1874 1929 Si

307 1968 673 2025 testimonium
707 1968 985 2021 hominum
1016 1966 1338 2036 accipimus,
1391 1964 1750 2019 testimonium
1781 1962 1878 2018 Dei

308 2060 483 2129 majus
504 2068 604 2113 est.
645 2058 905 2124 Quoniam
944 2058 1046 2111 hoc
1068 2065 1152 2111 est
1185 2056 1547 2111 testimonium
1578 2055 1691 2118 Dei,
1737 2053 1880 2122 quod

258 2146 271 2159 ’
309 2151 486 2219 majus
533 2157 634 2213 est,
673 2148 765 2217 qui
797 2146 1115 2202 testiﬁcatus
1155 2153 1238 2199 est
1278 2145 1344 2199 de
1388 2143 1523 2197 Filio
1560 2158 1676 2207 suo,
1719 2157 1880 2211 quem

310 2242 458 2297 misit
493 2240 827 2294 Salvatorem
870 2253 1031 2307 super
1071 2245 1289 2291 terram.
1336 2234 1402 2288 Et
1434 2234 1602 2288 Filius
1639 2233 1881 2288 testimo-

310 2334 460 2387 nium
508 2330 779 2400 perhibuit
806 2330 947 2383 inter
988 2328 1293 2397 Scripturas
1332 2326 1616 2395 proﬁciens
1648 2342 1660 2375 :
1701 2330 1755 2377 et
1783 2337 1882 2376 nos

311 2423 679 2478 testimonium
719 2422 1063 2491 perhibemus
1098 2419 1349 2489 quoniam
1383 2418 1611 2472 vidimus
1641 2432 1781 2478 eum,
1828 2423 1883 2468 et

314 2511 696 2565 annuntiamus
717 2510 886 2574 vobis,
915 2518 973 2563 ut
992 2509 1242 2563 credatis.

385 2601 597 2656 XXVII.
638 2601 705 2655 Et
750 2602 870 2655 ideo
928 2618 941 2653 :
996 2618 1014 2650 ε
1068 2599 1169 2666 Qui
1219 2599 1390 2653 credit
1426 2599 1479 2652 in
1528 2596 1723 2650 Filium
1764 2594 1879 2658 Dei,

315 2694 479 2748 habet
506 2690 867 2746 testimonium
897 2690 986 2744 Dei
1028 2690 1080 2743 in
1115 2704 1192 2744 se.
1234 2687 1334 2754 Qui
1360 2703 1468 2741 non
1512 2687 1685 2740 credit
1723 2676 1881 2747 Filio,

316 2781 629 2835 mendacem
663 2779 791 2833 facit
818 2794 939 2833 eum
965 2818 980 2844 ,
1020 2779 1270 2847 quoniam
1304 2792 1408 2831 non
1440 2776 1611 2829 credit
1641 2776 1695 2828 in
1734 2774 1886 2829 testi-

317 2873 500 2927 monio
545 2872 685 2941 quod
721 2871 1041 2925 testiﬁcatus
1082 2879 1165 2924 est
1214 2869 1356 2923 Deus
1403 2869 1469 2922 de
1502 2864 1637 2922 Filio
1668 2882 1783 2921 suo.
1820 2867 1887 2921 Et

317 2964 423 3019 hoc
446 2974 528 3019 est
554 2962 920 3017 testimonium
938 3003 952 3027 ,
982 2961 1233 3030 quoniam
1258 2961 1424 3014 vitam
1451 2968 1707 3014 aeternam
1741 2959 1886 3015 dedit

317 3055 475 3109 nobis
494 3054 653 3109 Deus.
709 3053 773 3107 Et
796 3054 911 3107 hzec
936 3053 1043 3107 vita
1071 3053 1124 3106 in
1152 3050 1286 3105 Filio
1315 3050 1431 3120 ejus
1452 3058 1556 3105 est.
1589 3049 1690 3117 Qui
1723 3052 1885 3107 habet
1910 3085 1959 3150 ο

317 3149 511 3205 Filium
532 3148 626 3202 Dei
647 3188 661 3212 ,
689 3148 851 3202 habet
879 3147 1065 3200 vitam.
1094 3146 1195 3213 Qui
1226 3161 1332 3201 non
1361 3146 1523 3201 habet
1545 3144 1739 3199 Filium
1766 3145 1882 3212 Dei,

319 3241 484 3295 vitam
512 3255 617 3294 non
646 3240 826 3293 habet.
868 3238 993 3293 Ilzec
1025 3239 1203 3293 scribo
1230 3238 1398 3303 vobis,
1443 3246 1503 3292 ut
1544 3237 1729 3293 sciatis
1757 3252 1889 3306 quo—

320 3333 466 3387 niam
494 3333 656 3386 vitam
680 3331 890 3385 habetis
915 3340 1193 3396 aeternam,
1225 3331 1314 3400 qui
1341 3330 1562 3385 creditis
1583 3330 1637 3384 in
1674 3330 1889 3384 nomine

322 3423 443 3478 Filii
482 3424 597 3477 Dei.
646 3423 711 3476 Et
755 3423 871 3476 haec
908 3430 992 3477 est
1041 3422 1265 3488 ﬁducia,
1316 3438 1476 3493 quam
1528 3422 1786 3477 habemus
1822 3420 1891 3475 ad

323 3529 465 3567 eum.
498 3512 633 3579 Quia
664 3513 1020 3581 quodcunque
1050 3512 1363 3581 petierimus
1386 3512 1678 3566 secundum
1703 3509 1891 3563 volun-

322 3612 489 3657 tatem
513 3601 649 3670 ejus,
679 3602 826 3655 audit
854 3617 969 3656 nos.
1004 3602 1071 3655 Et
1093 3603 1292 3655 scimus
1317 3602 1568 3669 quoniam
1600 3600 1750 3654 audit
1770 3616 1888 3665 nos,

322 3692 582 3762 quidquid
614 3691 928 3760 petierimus
960 3705 973 3744 :
1007 3692 1206 3745 scimus
1232 3691 1485 3758 quoniam
1512 3691 1773 3744 habemus
1803 3704 1893 3760 po-

323 3782 643 3836 stulationes
665 3820 678 3841 ,
724 3794 858 3848 quas
888 3779 1220 3847 postulamus
1244 3779 1311 3832 ab
1332 3793 1397 3831 eo
1415 3817 1430 3842 ,
1472 3778 1516 3832 si
1539 3778 1811 3832 credimus
1838 3777 1891 3831 in

325 3886 393 3925 eo
423 3878 477 3922 et
498 3869 767 3937 diligimus
788 3867 1004 3923 fratres.
1032 3868 1147 3922 Non
1170 3868 1248 3922 sic
1273 3867 1557 3937 diligamus
1581 3868 1718 3922 sicut
1738 3866 1890 3933 Cain,

324 3960 418 4030 qui
462 3974 527 4013 ex
572 3959 805 4027 maligno
847 3966 984 4022 erat,
1028 3965 1081 4012 et
1109 3958 1305 4013 occidit
1349 3957 1570 4013 fratrem
1613 3974 1790 4014 suum.
1827 3959 1895 4013 Et

323 4057 543 4122 propter
570 4050 711 4119 quod
734 4049 930 4103 occidit
958 4049 1117 4102 eum?
1142 4047 1401 4114 Quoniam
1428 4064 1588 4118 opera
1618 4049 1733 4119 ejus
1754 4049 1892 4103 mala

324 4149 500 4205 erant,
530 4140 720 4194 fratris
760 4149 938 4195 autem
982 4140 1098 4209 ejus
1131 4140 1297 4210 justa.
1327 4141 1502 4197 Nolite
1534 4143 1740 4207 mirari,
1785 4142 1895 4197 fra-

325 4242 457 4298 tres,
503 4235 546 4288 si
593 4233 708 4288 odit
748 4248 842 4287 vos
872 4233 961 4287 hic
985 4232 1235 4287 mundus.
1283 4231 1393 4288 Nos
1421 4234 1621 4290 scimus
1641 4235 1892 4303 quoniam

327 4323 573 4378 translati
620 4338 805 4377 sumus
829 4322 894 4376 de
923 4330 1095 4377 morte
1134 4322 1187 4376 in
1216 4322 1403 4388 vitam,
1439 4325 1692 4392 quoniam
1721 4324 1895 4395 diligi-

1962 531 2221 599 cipiemus
2248 531 2315 585 ab
2335 544 2419 595 eo,
2449 532 2699 598 quoniam
2734 529 2987 583 mandata
3025 528 3142 597 ejus
3168 530 3501 586 custodimus
3518 570 3536 597 ,

1962 630 2016 675 et
2045 636 2108 675 ea
2133 636 2253 689 qua:
2282 629 2406 675 sunt
2424 620 2623 689 placita
2644 634 2828 674 coram
2853 633 2918 674 eo
2962 620 3208 673 facimus.
3234 619 3300 673 Et
3323 621 3425 676 hoc
3455 630 3542 677 est

1964 711 2275 764 mandatum
2326 708 2464 777 ejus,
2496 718 2557 762 ut
2610 709 2892 763 credamus
2933 708 2987 761 in
3032 708 3249 761 nomine
3300 708 3394 762 lilii
3425 706 3541 777 ejus

1962 798 2089 852 Iesu
2113 799 2331 863 Christi,
2360 806 2415 852 et
2461 796 2745 866 diligamus
2797 796 3153 860 alterutrum,
3203 798 3343 851 sicut
3392 798 3541 853 dedit

1964 889 2273 943 mandatum
2310 889 2486 944 nobis.
2509 889 2576 942 Et
2604 890 2693 958 qui
2718 897 2895 942 servat
2920 888 3229 942 mandatum
3281 888 3433 958 ejus,
3485 892 3542 945 in

1965 980 2057 1034 illo
2079 988 2275 1044 manet,
2306 988 2360 1033 et
2386 980 2501 1049 ipse
2542 978 2596 1032 in
2615 994 2699 1033 eo.
2728 978 2795 1032 Et
2836 978 2891 1031 in
2911 978 3013 1032 hoc
3048 977 3249 1031 scimus
3285 980 3542 1046 quoniam

1966 1077 2148 1122 manet
2189 1068 2241 1121 in
2268 1068 2442 1132 nobis,
2471 1067 2537 1121 de
2579 1066 2783 1137 Spiritu
2811 1080 2970 1135 quem
2994 1064 3142 1119 dedit
3168 1065 3344 1119 nobis.
3396 1065 3540 1121 Cha-

1965 1159 2187 1223 rissimi,
2215 1159 2381 1214 nolite
2398 1157 2544 1213 omni
2568 1159 2781 1228 spiritui
2810 1158 3050 1221 credere,
3076 1157 3170 1212 sed
3189 1158 3415 1226 probate
3435 1158 3546 1226 spi-

1969 1250 2104 1303 ritus
2126 1250 2172 1304 si
2196 1265 2263 1305 ει
2291 1249 2400 1303 Deo
2427 1255 2571 1303 sunt.
2588 1248 2850 1314 Quoniam
2887 1246 3040 1304 multi
3069 1247 3547 1316 pseudoprophetis

1968 1341 2218 1395 exierunt
2267 1339 2322 1393 in
2363 1340 2507 1393 hunc
2544 1338 2836 1401 mundum,
2875 1345 2931 1390 et
2960 1351 3029 1391 ex
3061 1336 3164 1391 hoc
3204 1336 3547 1405 cognoscitur

1972 1431 2203 1502 Spiritus
2232 1431 2346 1486 Dei.
2401 1431 2589 1486 Omnis
2638 1430 2857 1500 spiritus
2896 1430 2989 1499 qui
3033 1430 3321 1484 conﬁtetur
3362 1427 3545 1484 Iesum

1971 1525 2247 1580 Christum
2265 1524 2321 1578 in
2343 1537 2505 1578 carne
2533 1523 2765 1585 venisse,
2791 1538 2859 1576 ex
2882 1522 2991 1577 Deo
3020 1530 3121 1576 est.
3156 1522 3224 1575 Et
3247 1522 3423 1577 omnis
3436 1522 3548 1591 spi-

1972 1614 2109 1668 ritus
2135 1613 2226 1682 qui
2257 1612 2416 1668 solvit
2436 1610 2640 1676 Iesum,
2670 1626 2739 1665 ex
2767 1611 2875 1665 Deo
2906 1626 3012 1665 non
3034 1619 3135 1665 est.
3163 1611 3231 1664 Et
3255 1610 3345 1665 hic
3369 1618 3453 1663 est
3481 1610 3548 1662 il-

1972 1703 2077 1756 lius
2100 1700 2459 1766 Antichristi,
2514 1716 2676 1771 quem
2729 1700 2954 1755 audistis
3000 1700 3254 1770 quoniam
3300 1700 3467 1764 venit,
3495 1708 3550 1754 et

1975 1794 2195 1848 nuncin
2222 1793 2423 1848 mundo
2470 1800 2572 1847 est.
2607 1792 2716 1847 Vos
2748 1806 2815 1846 ex
2854 1791 2965 1845 Deo
3004 1792 3154 1856 estis,
3186 1789 3356 1855 ﬁlioli,
3382 1797 3438 1844 et
3472 1789 3553 1843 vi-

1977 1884 2129 1939 cistis
2152 1897 2263 1947 cos,
2294 1882 2548 1953 quoniam
2579 1880 2748 1949 major
2776 1889 2860 1935 est
2881 1881 2971 1950 qui
2998 1881 3053 1934 in
3084 1881 3239 1935 nobis
3262 1889 3347 1935 est
3389 1894 3553 1949 quam

1979 1977 2070 2046 qui
2096 1977 2149 2029 in
2171 1975 2390 2030 mundo.
2440 1974 2544 2042 ipsi
2575 1974 2641 2028 de
2676 1971 2875 2027 mundo
2900 1980 3042 2035 sunt,
3073 1972 3192 2026 ideo
3239 1970 3308 2025 de
3353 1969 3554 2024 mundo

1978 2065 2288 2135 loquuntur,
2323 2072 2378 2117 et
2406 2063 2637 2118 mundus
2668 2077 2762 2117 eos
2787 2062 2956 2116 audit.
2983 2061 3094 2116 Nos
3111 2076 3175 2116 ex
3209 2061 3319 2116 Deo
3345 2074 3551 2115 sumus.

1981 2157 2083 2224 Qui
2104 2157 2252 2211 novit
2282 2157 2470 2219 Deum,
2506 2154 2657 2208 audit
2680 2169 2814 2209 nos:
2858 2153 2952 2222 qui
2980 2161 3161 2207 autem
3200 2168 3307 2207 non
3354 2160 3438 2205 est
3484 2165 3556 2205 ex

1981 2250 2111 2314 Deo,
2144 2265 2251 2303 non
2278 2247 2429 2302 audit
2461 2261 2578 2301 nos.
2617 2244 2676 2299 In
2721 2245 2824 2301 hoc
2871 2243 3245 2315 cognoscimus
3299 2241 3551 2311 spiritum

1982 2339 2246 2400 veritatis,
2278 2346 2332 2392 et
2357 2336 2602 2406 spiritum
2622 2334 2841 2391 erroris.
2878 2354 2897 2387 ι

2053 2428 2246 2484 XXIX.
2287 2428 2437 2482 Hanc
2461 2426 2739 2495 epistolam
2765 2466 2780 2490 ,
2840 2440 3001 2495 quam
3031 2425 3255 2495 legimus
3304 2419 3553 2477 charitati

1982 2530 2197 2583 vestrae,
2220 2516 2442 2572 Joannis
2471 2515 2695 2585 apostoli
2740 2523 2795 2569 et
2841 2515 3183 2586 evangelista:
3222 2520 3325 2578 est,
3353 2512 3558 2565 directa

1986 2610 2052 2665 ad
2075 2618 2279 2680 gentes.
2304 2608 2370 2662 Et
2395 2608 2518 2677 quia
2555 2623 2653 2662 nos
2682 2622 2745 2661 ex
2797 2607 3042 2676 gentibus
3068 2619 3271 2669 sumus,
3302 2602 3456 2657 nobis
3479 2602 3553 2656 di-

1987 2711 2133 2755 recta
2161 2708 2261 2754 est.
2288 2698 2354 2753 Et
2395 2698 2522 2768 quia
2574 2698 2726 2768 virgo
2765 2695 2931 2750 Maria
2960 2695 3167 2765 peperit
3214 2692 3396 2748 Iesum
3422 2731 3437 2756 ,
3492 2691 3559 2744 dc

1984 2792 2109 2847 Iesu
2139 2802 2253 2858 est;
2281 2798 2336 2845 et
2382 2791 2508 2860 quia
2538 2790 2603 2846 de
2626 2788 2753 2845 Iesu
2790 2789 3014 2844 intentio
3044 2794 3227 2842 nostra
3252 2793 3355 2847 est,
3382 2793 3433 2839 ct
3458 2784 3561 2837 Ec-

1987 2883 2149 2938 clesia
2175 2897 2273 2951 pro
2295 2881 2410 2950 ipso
2432 2879 2545 2935 solo
2566 2880 2619 2933 in
2658 2880 2791 2933 duas
2811 2886 2994 2947 partes
3018 2877 3192 2931 divisa
3228 2884 3339 2938 est,
3383 2874 3557 2943 rt‘qui-

1987 2986 2171 3026 ramus
2212 2971 2313 3025 hos
2348 2971 2481 3024 duos
2514 2967 2779 3032 Christos,
2809 2975 2865 3022 et
2898 2966 3233 3021 inveniamus
3278 2978 3377 3034 per
3406 2964 3560 3032 spiri-

1988 3071 2131 3126 tum,
2171 3060 2327 3115 Jesus
2354 3058 2505 3129 cujus
2527 3058 2666 3113 ﬁlius
2718 3066 2821 3113 est.
2866 3056 3013 3112 Istud
3045 3071 3239 3111 nomen
3284 3055 3491 3124 accepit
3532 3068 3564 3107 a

1989 3151 2147 3204 Patre
2170 3165 2267 3220 per
2295 3149 2641 3219 prophetam,
2670 3155 2957 3216 antequam
2991 3154 3306 3201 nasceretur
3330 3160 3396 3198 ex
3450 3145 3564 3198 vir-

1988 3244 2130 3311 gine,
2156 3241 2356 3295 mundo
2380 3241 2785 3295 annuntiatum:
2815 3236 3165 3301 Revelabitur,
3196 3235 3389 3302 inquit,
3415 3234 3560 3288 vobis

1989 3333 2131 3401 ﬁlius
2160 3348 2305 3386 meus
2338 3330 2511 3384 Jesus.
2542 3329 2688 3384 Istud
2711 3342 2908 3384 nomen
2928 3325 3148 3396 angelus
3180 3324 3396 3380 Gabriel
3422 3340 3561 3379 nun-

1990 3424 2145 3477 tiavit
2174 3423 2413 3491 Virgini,
2470 3422 2694 3476 dicens:
2726 3419 2862 3473 Ecce
2895 3418 3149 3488 concipies
3206 3426 3256 3472 et
3298 3418 3471 3487 paries
3499 3418 3566 3486 [i-

1990 3512 2157 3574 lium;
2205 3523 2252 3566 et
2297 3512 2502 3565 vocabis
2551 3526 2735 3563 nomen
2772 3509 2887 3578 ejus
2912 3507 3112 3561 Iesum.
3164 3506 3268 3561 Hic
3320 3508 3416 3561 erit
3444 3524 3564 3562 ma-

1991 3619 2144 3674 gnus,
2170 3611 2216 3655 et
2240 3600 2412 3654 Filius
2440 3599 2692 3655 Altissimi
2733 3599 3015 3654 vocabitur.
3069 3598 3138 3652 Et
3171 3599 3316 3653 dabit
3346 3599 3425 3653 illi
3456 3600 3566 3654 Do-

1992 3697 2165 3750 minus
2190 3696 2331 3750 Deus
2352 3695 2524 3749 sedem
2563 3693 2733 3747 Dacid
2771 3693 2936 3763 patris
2973 3693 3125 3763 ejus;
3159 3703 3207 3746 et
3251 3690 3486 3760 regnabit
3514 3691 3569 3742 in

1994 3786 2147 3840 domo
2173 3784 2337 3839 Iacob
2363 3786 2419 3838 in
2437 3793 2686 3839 aternum
2712 3799 2729 3837 :
2756 3792 2802 3836 et
2831 3783 2976 3853 regni
3011 3783 3126 3852 ejus
3154 3797 3257 3835 non
3291 3781 3388 3834 erit
3425 3780 3566 3848 ﬁnis.

1994 3876 2141 3930 Dixit
2166 3883 2337 3929 autem
2372 3874 2548 3928 Maria
2571 3874 2641 3928 ad
2675 3872 2915 3943 angelum
2940 3889 2958 3926 :
2990 3872 3261 3937 Quomodo
3294 3871 3384 3939 [iet
3406 3870 3567 3933 istud,

1993 3966 2239 4039 quoniam
2265 3966 2432 4020 virum
2455 3982 2557 4019 non
2579 3980 2831 4036 cognosco
2848 3964 2874 4017 .9
2898 3963 2967 4016 Et
2994 3962 3304 4032 respondens
3324 3960 3536 4031 angelus
3552 3999 3569 4024 ,

1994 4063 2126 4117 dixit
2151 4062 2229 4115 ei:
2254 4059 2484 4131 Spiritus
2511 4070 2721 4115 sanctus
2744 4059 3061 4130 superveniet
3106 4059 3160 4111 in
3183 4067 3266 4121 te,
3314 4066 3363 4110 et
3405 4058 3569 4110 virtus

1995 4151 2247 4206 Altissimi
2275 4150 2600 4204 obumbrabit
2644 4150 2756 4204 tibi.
2788 4148 3017 4219 Ideoque
3045 4156 3093 4201 et
3132 4145 3270 4218 quod
3328 4154 3569 4200 nascetur

1995 4257 2059 4295 es;
2092 4250 2141 4294 te
2168 4239 2437 4304 Sanctum,
2468 4239 2736 4293 vocabitur
2762 4236 2805 4290 ιε’
2808 4237 2930 4290 ilius
2962 4236 3078 4290 Dei.
3118 4235 3257 4290 Ecce
3278 4234 3438 4304 Virgo
3464 4247 3572 4286 non

1996 4328 2259 4384 dubitavit
2284 4328 2349 4382 de
2372 4327 2609 4390 numine,
2640 4325 2732 4380 sed
2780 4326 3049 4393 quomodo
3076 4322 3226 4375 ﬁeret
3255 4320 3381 4374 illud
3411 4359 3427 4384 ,
3484 4320 3570 4373 bis

328 4429 448 4468 mus
501 4412 715 4467 fratres.
776 4411 879 4478 Qui
924 4427 1027 4465 non
1080 4412 1290 4482 diligit,
1353 4422 1536 4469 manet
1588 4415 1643 4469 in
1696 4424 1889 4470 morte.
1924 4417 2310 4485 Dnominavit.
2359 4416 2498 4469 Ecce
2543 4414 2694 4482 cujus
2722 4414 2864 4469 ﬁlius
2912 4420 2997 4468 est
3046 4410 3233 4465 Iesus!
3282 4410 3572 4465 Videamus

329 4500 518 4556 Omnis
550 4501 641 4569 qui
670 4500 783 4554 odit
818 4498 1042 4555 fratrem
1077 4516 1233 4555 suum
1274 4503 1542 4558 homicida
1566 4512 1665 4559 est.
1697 4504 1763 4557 Et
1790 4504 1894 4559 sci-

332 4591 401 4644 tis
429 4591 679 4659 quoniam
704 4590 881 4645 omnis
919 4592 1186 4647 homicida
1212 4608 1320 4646 non
1356 4594 1518 4648 habet
1553 4595 1713 4648 vitam
1739 4602 1895 4650 aeter-

328 4696 453 4734 nam
474 4682 526 4734 in
551 4696 609 4736 se
630 4690 952 4736 manentem.
976 4682 1035 4736 In
1054 4682 1158 4737 hoc
1180 4685 1553 4753 cognoscimus
1579 4685 1894 4740 charitatem

330 4770 447 4834 Dei,
477 4770 726 4839 quoniam
772 4770 858 4824 ille
893 4785 992 4839 pro
1036 4773 1193 4827 nobis
1218 4773 1452 4826 animam
1483 4788 1636 4828 suam
1673 4775 1893 4843 posuit:

329 4868 385 4914 et
418 4875 517 4915 nos
549 4860 805 4914 debemus
840 4876 938 4930 pro
978 4860 1234 4916 fratribus
1278 4862 1486 4917 animas
1530 4878 1746 4933 ponere.
1794 4863 1895 4930 Qui

330 4951 579 5006 habuerit
615 4952 967 5006 substantiam
1012 4950 1172 5019 hujus
1213 4953 1424 5016 mundi,
1473 4961 1529 5007 et
1566 4953 1757 5009 viderit
1793 4952 1899 5008 fra-

329 5050 469 5094 trem
501 5055 656 5099 s,uum
686 5041 1064 5096 necessitatem
1086 5043 1304 5106 habere,
1330 5050 1384 5096 et
1413 5043 1664 5098 clauserit
1692 5045 1896 5100 viscera

329 5146 428 5186 sua
454 5132 519 5185 ab
545 5145 629 5195 eo,
667 5134 935 5201 quomodo
966 5132 1205 5187 charitas
1236 5133 1331 5188 Dei
1358 5143 1539 5188 manet
1559 5135 1613 5188 in
1635 5135 1733 5191 eo?

399 5219 632 5275 XXVIII.
675 5239 693 5271 ‹
730 5222 905 5276 Filioli
934 5223 1181 5287 mei,non
1203 5223 1485 5293 diligamus
1509 5226 1670 5280 verbo
1690 5234 1899 5282 tantum

330 5319 386 5368 et
412 5312 613 5379 lingua,
647 5313 738 5367 sed
772 5328 933 5382 opere
958 5322 1011 5368 et
1039 5314 1285 5369 veritate.
1323 5316 1379 5369 In
1408 5316 1511 5370 hoc
1543 5316 1743 5371 scimus
1777 5332 1905 5386 quo-

329 5403 478 5457 niam
498 5419 563 5458 ex
594 5404 823 5458 veritate
846 5420 1051 5469 sumus,
1091 5413 1144 5460 et
1178 5406 1231 5459 in
1263 5413 1547 5475 conspectu
1572 5405 1688 5474 ejus
1711 5408 1904 5463 suade-

332 5508 452 5548 mus
472 5494 634 5549 corda
649 5503 852 5548 nostra.
885 5492 941 5546 Si
967 5495 1369 5562 reprehenderit
1394 5510 1491 5549 nos
1515 5510 1608 5550 cor
1636 5504 1901 5564 nostrum,

334 5583 508 5652 major
534 5594 617 5640 est
643 5586 783 5640 Deus
817 5586 977 5640 corde
1027 5595 1232 5650 nostro,
1262 5596 1314 5640 et
1346 5588 1491 5641 novit
1525 5586 1726 5640 omnia.
1767 5586 1904 5643 Cha-

336 5675 559 5743 rissimi,
586 5676 630 5731 si
655 5692 749 5733 cor
776 5684 1017 5733 nostrum
1048 5691 1144 5732 nos
1184 5693 1286 5733 non
1324 5679 1741 5750 reprehenderit,
1772 5679 1903 5733 ﬁdu—

1993 4524 2155 4571 nunc,
2179 4507 2223 4561 si
2254 4507 2365 4574 ipse
2387 4512 2471 4560 est
2491 4505 2747 4559 Dominus
2767 4502 2888 4559 caeli
2917 4509 2971 4558 et
3007 4509 3184 4556 terra}.
3238 4498 3307 4554 Et
3341 4500 3415 4552 ait
3451 4497 3573 4552 Ila-

1995 4601 2074 4653 ria
2099 4618 2116 4653 :
2154 4598 2288 4652 Ecce
2326 4597 2569 4651 ancillam
2610 4596 2836 4661 Domini,
2873 4596 2968 4666 ﬁat
2995 4596 3122 4649 mihi
3149 4594 3428 4649 secundum
3456 4610 3571 4649 ver-

1996 4690 2114 4744 bum
2143 4699 2289 4742 tuum
2323 4687 2472 4758 (Luc.
2504 4702 2540 4750 ι,
2568 4688 2680 4758 58).
2717 4686 2980 4742 Ancillam
3004 4702 3062 4741 se
3099 4686 3229 4741 dicit
3254 4701 3373 4755 qua:
3400 4691 3574 4739 mater

1996 4779 2232 4849 eligitur.
2266 4776 2381 4834 Non
2403 4783 2486 4832 est
2528 4777 2859 4833 consuetudo
2909 4784 2971 4831 ut
3025 4783 3228 4831 matres
3260 4775 3398 4829 ﬁlios
3443 4787 3573 4827 suos

1997 4868 2242 4922 dominos
2263 4866 2444 4921 dicant
2472 4883 2485 4918 :
2514 4866 2607 4921 sed
2633 4865 2744 4921 sola
2772 4866 2955 4935 Virgo,
2978 4880 3098 4935 qua:
3133 4865 3416 4919 Dominum
3447 4862 3573 4917 εωΙί
3662 4930 3677 4947 η

1997 4966 2051 5013 ει
2070 4967 2226 5012 terrae
2249 4956 2478 5026 peperit.
3304 4962 3344 5001 ο

2067 5046 2235 5101 XXX.
2275 5046 2578 5116 Exsurgens
2600 5054 2774 5099 autent
2803 5043 2978 5098 Maria
3003 5045 3058 5099 in
3078 5042 3259 5098 diebus
3292 5042 3418 5107 illis,
3443 5041 3573 5096 abiit

1997 5138 2055 5192 in
2085 5144 2335 5191 montana
2381 5150 2499 5188 cum
2553 5134 2882 5204 festinatione
2934 5134 2989 5188 in
3029 5135 3285 5188 civitatem
3323 5133 3577 5199 Juda;et

1998 5226 2206 5281 intravit
2231 5226 2288 5278 in
2320 5222 2533 5278 domum
2571 5221 2846 5277 Zacharia'
2868 5263 2882 5289 ,
2914 5232 2963 5278 et
3005 5222 3249 5278 salutavit
3284 5222 3574 5276 Elisabeth.

2003 5318 2070 5373 Et
2101 5317 2297 5386 factum
2334 5323 2430 5381 est,
2457 5322 2515 5368 ut
2546 5313 2745 5368 audivit
2775 5312 3142 5368 salutationem
3186 5313 3373 5367 Marica
3402 5312 3582 5366 Eliso-

2002 5408 2139 5472 beth,
2165 5405 2662 5475 exsultavitinfans
2711 5405 2768 5458 in
2813 5413 2958 5458 utero
2988 5404 3142 5474 ejus:
3169 5413 3217 5458 et
3264 5402 3455 5474 repleta
3500 5411 3575 5455 est

2004 5496 2203 5568 Spiritu
2224 5506 2403 5551 sancto
2433 5494 2701 5550 Elisabeth
2716 5512 2735 5561 ;
2757 5505 2804 5549 et
2832 5493 3135 5550 exclamavit
3159 5510 3277 5548 voce
3302 5508 3511 5563 magna,
3527 5500 3574 5544 et

2003 5586 2134 5639 dixit
2160 5601 2178 5638 :
2218 5584 2285 5638 Et
2315 5584 2451 5639 unde
2474 5586 2572 5639 hoc
2597 5586 2745 5650 mihi,
2770 5595 2825 5639 ut
2863 5585 3027 5640 veniat
3051 5594 3218 5637 mater
3245 5582 3451 5636 Domini
3472 5580 3577 5633 mei

2007 5676 2073 5732 ad
2104 5676 2222 5730 me?
2256 5676 2394 5732 Ecce
2432 5675 2551 5733 dum
2576 5680 2774 5735 testes!
2802 5678 2962 5749 Virgo
2992 5676 3123 5731 dixit
3150 5694 3162 5729 :
3198 5675 3329 5729 Ecce
3378 5670 3576 5727 ancilla
