3988 6174
400 344 411 347 ί
466 310 561 366 9H

1286 296 1688 360 nummus,
1730 292 1951 355 rem,
1994 289 2338 344 HETERIUS
2379 290 2464 342 ET
2508 288 2564 347 ε.
2608 288 2899 343 annus.

3612 294 3721 349 913

466 420 694 478 Domini.
726 417 995 474 Elisabeth
1022 413 1190 470 dixit:
1222 410 1444 464 Matrem
1482 407 1709 463 Domini.
1772 405 1837 459 Et
1864 404 2031 472 virgo,
2063 418 2107 473 Α
2137 409 2332 453 terram
2360 406 2557 455 nostrae
2612 400 2792 454 carnis
2852 400 3179 469 assumpsit,
3220 400 3579 459 inﬁmitatem
3625 423 3720 461 no-

462 523 519 570 et
543 513 751 575 mulier,
778 508 899 565 cceli
953 515 1009 561 et
1056 512 1216 558 terra:
1251 501 1537 556 Dominum
1586 494 1846 552 confessae
1889 502 2034 548 sunt.

467 601 714 658 Decursis
733 600 919 653 decem
945 595 1238 657 mensibus,
1269 589 1477 659 Peperit
1520 588 1663 656 virgo
1688 584 1858 654 ﬁlium
1883 599 2037 641 suum

462 690 878 765 primogenitum,
901 696 946 740 et
969 685 1157 755 pannis
1201 697 1319 735 eum
1349 676 1577 743 involvit,
1602 686 1649 731 et
1677 674 1940 728 reclinavit
1984 674 2040 728 in

462 780 712 859 praesepio
736 794 752 832 :
778 778 902 849 quia
924 786 1027 829 non
1052 782 1162 827 erat
1191 772 1236 825 ei
1263 769 1406 823 locus
1427 769 1485 821 in
1520 765 1822 821 diversorio.
1871 764 2041 832 Ange-

465 852 544 926 lus
575 881 748 925 autem
776 866 982 921 Domini
1008 862 1247 934 apparuit
1274 856 1568 930 pastoribus
1616 855 1791 909 dicens
1815 870 1833 907 :
1864 852 2041 907 Nolite

465 964 663 1017 timere.
695 959 829 1013 Ecce
854 957 989 1010 enim
1014 950 1308 1027 evangelizo
1322 949 1461 1004 vobis
1483 947 1737 1018 gaudium
1768 960 2034 1017 magnum,

464 1051 600 1122 quod
648 1051 742 1102 erit
781 1063 919 1101 omni
964 1042 1195 1115 populo:
1222 1042 1346 1112 quia
1392 1048 1544 1093 natus
1582 1048 1655 1092 est
1709 1036 1861 1090 hodie
1900 1034 2039 1088 vobis

467 1143 730 1206 Salvator,
760 1139 847 1210 qui
885 1146 959 1192 est
985 1135 1223 1190 Christus
1252 1131 1525 1193 Dominus,
1549 1130 1604 1183 in
1624 1128 1826 1182 civitate
1847 1125 2035 1178 David.

465 1235 619 1291 Jesus
645 1234 786 1287 enim
809 1233 862 1286 in
893 1230 1072 1301 lingua
1098 1227 1310 1290 Latina,
1358 1223 1606 1278 Salvator
1646 1220 1875 1284 d.citur,
1934 1216 2039 1271 lle-

463 1327 644 1382 braice
675 1338 802 1378 vero
828 1320 1002 1379 Iesus.
1059 1318 1127 1371 Et
1164 1316 1333 1370 subito
1385 1314 1528 1383 facta
1578 1321 1650 1365 est
1701 1325 1817 1364 cum
1854 1304 2037 1376 angelo

463 1416 742 1485 multitudo
784 1412 983 1465 militia:
1011 1408 1247 1471 ccclestis,
1280 1402 1609 1457 laudantium
1657 1398 1822 1451 Deum
1858 1405 1906 1448 et
1957 1395 2039 1446 di-

466 1508 687 1571 centium
711 1520 728 1556 :
760 1502 940 1556 Gloria
964 1501 1019 1552 in
1044 1495 1309 1551 altissimis
1332 1493 1463 1557 Deo,
1493 1500 1540 1544 et
1574 1491 1626 1544 in
1655 1498 1791 1543 terra
1813 1502 1917 1557 pax
1938 1486 2036 1538 lto-

465 1595 689 1649 minibus
720 1593 865 1646 bona:
893 1587 1191 1644 voluntatis.

534 1668 724 1742 XXXI.
766 1682 1123 1751 Requiramus
1146 1691 1288 1731 nunc
1327 1689 1448 1747 qua:
1473 1679 1556 1728 est
1580 1671 1683 1725 ista
1711 1679 1853 1724 terra
1873 1681 2035 1737 quam

2141 501 2308 545 stram
2338 489 2424 542 illa
2445 487 2560 557 jam
2586 488 2825 558 angelica
2879 489 3142 547 celsitudo
3190 505 3299 546 non
3338 491 3580 561 despicit.
3634 496 3721 554 Ad

2136 599 2326 656 pacem
2353 593 2595 638 nostram
2627 582 2804 652 angeli
2849 583 3094 649 redeunt,
3124 584 3477 645 intentionem
3520 588 3720 655 prioris

2139 674 2418 729 discordize
2438 681 2785 742 postponunt.
2820 674 2884 728 Et
2918 689 3056 743 quos
3105 674 3353 733 inﬁrmos
3377 678 3525 745 prius
3569 678 3718 747 abje-

2139 773 2365 833 ctosque
2391 763 2769 831 despexerunt,
2786 761 2899 830 jam
2912 764 3090 819 socios
3116 774 3457 828 venerantur,
3481 780 3602 821 cum
3628 782 3717 822 na-

2140 860 2319 907 turam
2341 857 2584 904 nostram
2610 851 2663 903 in
2713 851 2840 905 sede
2864 851 3143 907 Dominica
3180 850 3472 911 immortali
3507 852 3718 924 fulgen-

2141 954 2250 1000 tem
2277 941 2445 1012 gloria
2463 942 2830 1014 perviderunt.
2858 940 3024 1001 Plane
3044 940 3133 999 illa
3165 949 3376 1005 natura,
3404 957 3524 1010 qua:
3558 946 3720 1000 audi-

2138 1038 2248 1091 vit:
2282 1037 2443 1091 Terra
2464 1052 2538 1099 cs,
2562 1044 2609 1088 et
2636 1035 2694 1089 in
2722 1041 2916 1093 terram
2946 1031 3063 1085 ibis.
3098 1029 3361 1096 Quoniam
3385 1041 3593 1089 natura:
3618 1034 3720 1089 hu.

2139 1142 2311 1181 mana:
2339 1124 2715 1197 gratulandum
2737 1130 2819 1177 est
2852 1138 2865 1174 :
2899 1135 2965 1175 eo
3002 1121 3145 1189 quod
3172 1121 3251 1177 sic
3274 1132 3551 1190 assumpta
3576 1133 3663 1177 est
3686 1140 3719 1180 a

2139 1219 2315 1274 Verbo
2343 1217 2616 1285 unigenito
2644 1225 2788 1271 terra
2830 1212 3174 1269 mortalitatis
3228 1224 3426 1267 nostra
3450 1252 3465 1275 ,
3525 1221 3583 1267 ut
3619 1216 3719 1267 im-

2138 1308 2381 1369 mortalis
2417 1306 2834 1362 constitueretur
2851 1303 2907 1357 in
2932 1302 3090 1365 ccelo,
3114 1310 3280 1370 utque
3307 1301 3382 1355 ita
3406 1301 3556 1356 ﬁeret
3569 1311 3718 1357 terra

2136 1398 2401 1463 sublimis,
2419 1406 2477 1452 ut
2493 1394 2914 1466 incorruptibilis
2934 1394 3112 1464 pulvis
3132 1393 3328 1448 rediret
3348 1391 3415 1446 ad
3435 1394 3717 1448 dexteram

2137 1486 2331 1547 Patris.
2361 1488 2429 1542 Et
2466 1489 2568 1543 hoc
2601 1494 2684 1542 est
2712 1484 2855 1555 quod
2880 1484 3115 1538 clamant
3138 1482 3313 1552 angeli
3339 1493 3396 1536 et
3416 1483 3591 1538 omnis
3611 1483 3718 1537 Ec-

2137 1577 2329 1632 clesia:
2363 1575 2543 1631 Gloria
2568 1577 2623 1633 in
2643 1573 2856 1629 excelsis
2882 1573 3013 1636 Deo,
3031 1581 3079 1625 et
3110 1572 3167 1624 in
3190 1582 3330 1624 terra
3357 1588 3461 1641 pax
3483 1573 3683 1626 homini
3698 1599 3715 1612 -

2138 1665 2233 1719 bus
2262 1665 2409 1720 bona:
2435 1664 2709 1719 voluntatis
2733 1663 2883 1735 (Luc.
2924 1678 2984 1727 ιι,
3024 1660 3134 1732 14).
3193 1661 3352 1716 Bona:
3381 1661 3662 1716 voluntatis
3690 1702 3710 1728 ,

462 1777 783 1851 pacilicavit.
807 1774 1034 1828 Oremus
1067 1784 1208 1831 eum,
1244 1773 1299 1822 et
1337 1764 1542 1835 aperiat
1576 1761 1729 1819 nobis
1749 1775 1811 1814 os
1832 1758 1923 1812 ille
1944 1757 2034 1825 qui
2068 1760 2113 1820 Β
2138 1756 2190 1810 id
2212 1765 2315 1820 est,
2351 1755 2442 1824 qui
2465 1756 2601 1809 bene
2630 1754 2831 1811 volunt.
2862 1751 2964 1819 Qui
3006 1752 3143 1806 bene
3168 1751 3394 1805 credunt
3414 1790 3429 1813 ,
3476 1760 3533 1804 ut
3580 1766 3712 1804 cum

466 1848 665 1924 veritas
691 1876 803 1929 est,
847 1873 904 1919 ut
927 1862 1201 1917 veritatem
1227 1857 1293 1915 de
1331 1871 1395 1910 eo
1434 1854 1703 1918 dicamus;
1734 1858 1789 1904 et
1832 1848 2036 1917 aperiat

467 1974 624 2025 aures
653 1956 850 2021 cordis,
882 1963 940 2007 ut
960 1950 1258 2017 intelligant
1281 1962 1467 2001 omnes
1490 1945 1582 2013 qui
1615 1942 1901 2005 audierint,
1915 1954 2035 2007 qua:

467 2049 778 2120 dixerimus.
807 2043 865 2099 Si
889 2045 1283 2109 interrogamus
1309 2051 1497 2091 omnes
1531 2051 1543 2086 :
1584 2032 1756 2087 Adam
1795 2032 1934 2086 unde
1959 2029 2038 2083 fa-

468 2150 586 2209 ctus
614 2138 728 2192 est?
755 2135 812 2190 Si
833 2149 972 2188 unus
1000 2132 1141 2185 inter
1162 2129 1356 2183 multos
1378 2126 1645 2194 loquatur,
1669 2133 1723 2177 et
1748 2122 1889 2175 dicat
1910 2120 2037 2189 quia

466 2233 532 2289 de
557 2240 697 2286 terra
722 2231 894 2284 lactus
912 2234 1031 2292 est;
1058 2233 1167 2277 tam
1196 2222 1251 2275 in
1280 2219 1478 2275 ludaais
1506 2231 1667 2287 quam
1695 2216 1747 2269 in
1769 2214 2032 2285 gentibus,

466 2324 580 2377 sive
603 2318 950 2382 Christianis,
1001 2314 1146 2379 nulla
1178 2311 1441 2367 dubitatio
1488 2318 1572 2363 est
1620 2307 1764 2376 quod
1804 2319 1927 2360 vere
1973 2303 2039 2359 de

467 2424 612 2479 terra
643 2412 745 2477 sit;
779 2419 832 2464 et
858 2408 959 2479 ipsi
997 2423 1051 2460 in
1090 2402 1514 2477 transgressione
1540 2399 1742 2453 dictum
1771 2406 1854 2453 est
1876 2410 1906 2448 a
1938 2394 2040 2453 Do-

466 2506 614 2560 mino
643 2521 655 2556 :
689 2502 850 2557 Terra
886 2516 962 2567 es,
992 2508 1038 2552 et
1066 2499 1121 2549 in
1143 2505 1337 2550 terram
1363 2492 1480 2545 ibis.
1511 2490 1799 2546 Veniamus
1826 2502 1921 2557 per
1949 2499 2038 2540 se-

468 2600 602 2654 riem
624 2591 986 2666 generationis
1012 2586 1212 2644 Christi
1244 2597 1412 2653 usque
1438 2582 1505 2637 ad
1529 2580 1810 2643 diluvium,
1837 2577 1922 2632 ubi
1947 2590 2038 2630 so-

468 2687 551 2742 lus
577 2686 687 2739 Noe
717 2685 772 2737 in
801 2683 891 2737 illa
931 2677 1275 2750 generatione
1314 2673 1494 2742 justus
1543 2671 1790 2725 inventus
1811 2674 1912 2721 est.
1941 2666 2038 2721 Cui

466 2790 565 2846 pro
601 2788 698 2827 sua
714 2770 922 2841 iustitia
950 2770 1159 2822 donatae
1180 2773 1304 2819 sunt
1326 2769 1532 2832 septem
1553 2759 1767 2820 animm,
1800 2770 1920 2826 qua:
1943 2769 2040 2824 per

467 2878 592 2920 eum
621 2866 906 2917 evaserunt
929 2856 1206 2911 diluvium.
1238 2852 1389 2907 Sicut
1431 2849 1576 2905 solus
1616 2847 1794 2917 justus
1844 2847 1900 2901 in
1936 2846 2041 2899 hoc

470 2953 668 3009 mundo
699 2949 858 3005 Jesus
883 2946 1128 3002 Christus
1156 2944 1401 2997 inventus
1426 2949 1529 3004 est,
1552 2941 1638 2993 cui
1660 2938 1873 2991 donatae
1914 2942 2040 2988 sunt

470 3055 675 3115 septem
698 3038 974 3102 Ecclesiae,
994 3050 1112 3105 quae
1129 3024 1416 3089 evaserunt
1438 3030 1730 3086 secundum
1751 3027 1887 3097 ignis
1901 3025 2037 3080 dilu-

470 3136 635 3193 vium.
654 3132 942 3193 Veniamus
964 3128 1029 3184 de
1044 3120 1153 3181 Noe
1180 3137 1349 3194 usque
1374 3123 1441 3177 ad
1454 3121 1742 3185 Abraham,
1763 3119 1847 3173 cui
1864 3117 2034 3186 prima

470 3224 817 3300 repromissio
842 3222 986 3278 facta
1005 3227 1108 3285 est,
1130 3217 1268 3289 quod
1293 3217 1349 3270 in
1368 3216 1561 3269 semine
1582 3214 1696 3283 ejus
1722 3251 1737 3277 ,
1782 3212 1925 3281 quod
1956 3218 2040 3264 est

471 3319 715 3375 Christus
740 3313 914 3379 Jesus,
946 3311 1378 3366 luereditarentur
1412 3321 1586 3359 omnes
1615 3312 1807 3374 gentes.
1850 3301 2041 3358 Venia-

472 3428 591 3469 mus
616 3411 682 3466 de
701 3407 968 3465 Abraham
992 3418 1161 3472 usque
1182 3401 1249 3455 ad
1269 3399 1457 3464 David,
1487 3398 1574 3453 cui
1599 3396 1797 3451 dictum
1824 3403 1905 3448 est
1928 3408 1942 3446 :
1966 3392 2043 3447 De

473 3508 646 3572 [ructu
677 3499 864 3565 ventris
887 3496 962 3549 tui
983 3509 1176 3565 ponam
1194 3507 1348 3562 super
1367 3490 1539 3546 sedem
1569 3497 1732 3541 tuam.
1759 3486 1854 3539 Et:
1879 3484 2045 3554 Egre-

473 3596 645 3649 dietur
671 3593 814 3662 virga
863 3589 927 3642 de
974 3586 1147 3640 radice
1189 3584 1370 3649 Iesse,
1404 3590 1453 3636 et
1507 3582 1604 3650 [los
1631 3580 1695 3633 de
1735 3579 1910 3632 radice
1930 3576 2044 3647 ejus

474 3683 712 3739 ascendet
737 3681 872 3753 (lsa.
907 3694 985 3743 ιι,
1011 3678 1085 3749 1).
1138 3675 1302 3745 Virga
1348 3678 1415 3728 de
1438 3672 1618 3727 radice
1661 3667 1845 3733 Iesse,
1895 3668 2044 3735 virgo

475 3778 642 3832 Maria
669 3783 771 3830 est.
798 3772 922 3827 Flos
942 3771 1007 3825 de
1026 3774 1192 3838 virga,
1209 3766 1363 3822 Jesus
1378 3765 1623 3821 Christus
1640 3762 1804 3817 Filius
1825 3759 1919 3815 Dei
1938 3767 2039 3814 est.

476 3868 612 3935 Quia
655 3881 768 3934 ego,
794 3864 984 3932 inquit,
1014 3862 1113 3929 [los
1142 3860 1347 3928 campi,
1404 3867 1452 3911 et
1496 3856 1665 3909 lilium
1708 3853 2038 3908 convallium.

476 3956 614 4010 Ecce
639 3954 810 4007 Adam
836 3952 900 4005 de
922 3958 1065 4003 terra
1088 3986 1105 4015 ,
1149 3947 1261 4001 Noe
1288 3947 1354 4000 de
1393 3944 1561 3999 Adam
1590 3984 1606 4010 ,
1659 3942 1931 3999 Abraham
1977 3941 2044 3995 de

476 4044 611 4109 Noe,
650 4040 818 4095 David
838 4041 903 4095 de
926 4038 1216 4101 Abraham,
1245 4036 1394 4105 virgo
1437 4034 1602 4105 Maria
1649 4032 1716 4088 de
1739 4034 1925 4099 David,
1949 4031 2041 4086 Je-

477 4154 572 4194 sus
607 4136 852 4193 Christus
871 4134 1041 4188 Filius
1084 4133 1182 4188 Dei
1208 4132 1274 4187 de
1300 4131 1486 4185 Maria.
1511 4130 1625 4185 Hoc
1650 4139 1753 4196 est,
1784 4128 1966 4184 Gloria
1989 4131 2042 4183 in

477 4230 690 4288 excelsis
719 4227 844 4293 Deo,
872 4227 994 4281 etin
1017 4235 1155 4279 terra
1183 4240 1288 4295 pax
1331 4223 1481 4296 (Luc.
1514 4240 1571 4286 ιι,
1600 4222 1709 4293 ll).
1740 4222 1858 4291 Ipsa
1899 4232 2043 4278 terra

479 4318 763 4377 Sublimata
805 4323 909 4380 est,
930 4313 1140 4382 quando
1176 4313 1350 4368 Verbo
1375 4310 1661 4381 conjuncta
1711 4319 1813 4366 est.
1845 4310 1936 4366 Sic
1961 4321 2045 4367 est

479 4412 717 4467 Verbum
751 4422 913 4464 carne
936 4406 1134 4463 factum
1156 4418 1294 4460 unus
1321 4400 1477 4457 Jesus
1494 4403 1763 4469 Christus,
1783 4417 1889 4458 una
1924 4418 2046 4472 per-

480 4517 631 4567 sona,
656 4502 796 4556 Deus
827 4506 881 4553 et
902 4500 1063 4553 homo
1088 4536 1104 4563 ,
1143 4494 1592 4565 quemadmodum
1636 4504 1727 4549 tua
1772 4496 1949 4549 anima
1992 4504 2048 4551 et

480 4608 607 4648 caro
643 4607 781 4646 unus
817 4598 901 4645 est
942 4589 1122 4644 homo.
1152 4586 1241 4642 Sic
1271 4594 1353 4642 est
1380 4594 1538 4640 natus
1562 4586 1628 4640 de
1653 4586 1860 4654 virgine
1890 4584 2046 4640 Jesus

481 4682 729 4740 Christus
772 4679 938 4735 Filius
974 4679 1068 4733 Dei
1096 4679 1236 4733 Deus
1280 4680 1439 4733 homo
1479 4693 1545 4732 eo
1589 4687 1746 4747 pacto
1790 4694 1896 4748 quo
1923 4693 2046 4732 cum

481 4788 708 4845 corpore
755 4771 904 4829 nasci
946 4771 1167 4827 docetur
1191 4770 1387 4825 anima.
1433 4769 1548 4824 Non
1594 4770 1720 4839 quia
1770 4771 2049 4838 utriusque

458 4873 566 4923 .est
586 4879 690 4919 una
716 4861 1038 4926 substantia,
1067 4861 1160 4917 sed
1182 4864 1305 4929 quia
1342 4860 1394 4913 in
1424 4869 1650 4930 utroque
1675 4861 1746 4915 sit
1802 4878 1908 4915 una
1933 4876 2050 4930 per-

482 4970 634 5010 sum.

552 5043 766 5102 XXXII.
801 5044 960 5099 Prius
983 5043 1180 5113 quippe
1220 5058 1380 5113 quam
1403 5043 1726 5115 Redemptor
1752 5054 1933 5101 noster
1952 5060 2050 5115 per

485 5154 703 5196 carnem
739 5147 1080 5203 nasceretur,
1107 5137 1432 5193 discordiam
1478 5153 1602 5193 cum
1630 5138 1833 5209 angelis
1857 5140 2049 5195 habui-

485 5247 624 5295 mus,
656 5246 687 5285 a
720 5245 946 5300 quorum
969 5230 1213 5284 claritate
1255 5237 1414 5298 atque
1438 5230 1698 5283 munditia
1739 5245 1836 5300 per
1866 5233 2051 5300 prima:

486 5324 653 5393 culpae
672 5324 939 5385 meritum,
972 5338 1067 5392 per
1091 5322 1399 5391 quotidiana
1450 5323 1641 5378 delicta
1679 5323 1834 5394 longe
1888 5324 2052 5379 dista-

487 5414 695 5469 bamus.
724 5414 856 5480 Quia
881 5415 1022 5470 enim
1058 5412 1327 5482 peccando
1352 5415 1591 5468 extranei
1619 5428 1833 5468 eramus
1863 5428 1894 5468 a
1920 5414 2045 5478 Deo,

486 5515 772 5561 extraneos
810 5522 907 5561 nos
955 5520 983 5559 a
1027 5521 1123 5561 suo
1150 5506 1420 5561 consortio
1456 5506 1789 5576 deputabant
1844 5508 2048 5577 angeli,

486 5597 633 5652 cives
659 5597 770 5652 Dei.
799 5597 901 5651 Sed
937 5599 1059 5666 quia
1088 5614 1183 5652 nos
1213 5598 1557 5667 cognovimus
1580 5613 1755 5668 regem
1787 5607 2045 5661 nostrum,

486 5694 907 5755 recognoverunt
933 5686 1106 5756 angeli
1143 5686 1285 5742 cives
1305 5702 1451 5741 suos.
1475 5686 1609 5751 Quia
1630 5687 1774 5740 enim
1810 5686 1932 5742 coeli
1958 5703 2049 5741 rex

2135 1845 2339 1916 angelis
2390 1845 2696 1900 socientur:
2723 1860 2830 1899 non
2870 1842 2961 1911 qui
2997 1841 3138 1897 male
3188 1840 3439 1904 credunt,
3488 1848 3546 1893 ut
3586 1856 3715 1893 cum

2136 1936 2346 1997 diabolo
2374 1937 2713 1993 damnentur.
3260 1922 3265 1927 ’

2206 2027 2439 2082 XXXIII.
2480 2028 2547 2082 Et
2570 2038 2840 2098 postquam
2864 2028 3209 2081 consummati
3253 2034 3371 2079 sunt
3411 2025 3523 2078 dies
3553 2033 3671 2077 octo
3697 2063 3714 2088 ,

2136 2128 2190 2175 ut
2213 2118 2668 2173 circumcideretur
2694 2118 2972 2182 Dominus,
2992 2126 3231 2171 vocatum
3259 2126 3333 2170 est
3371 2131 3563 2171 nomen
3602 2116 3715 2183 ejus

2134 2211 2328 2266 Iesus:
2356 2210 2495 2281 quod
2521 2220 2752 2264 vocatum
2780 2218 2853 2262 est
2870 2209 2932 2262 ab
2948 2207 3155 2278 angelo,
3173 2208 3477 2277 priusquam
3499 2205 3553 2258 in
3571 2214 3715 2257 utero

2136 2303 2491 2371 conciperetur
2523 2301 2710 2371 (Ibid.,
2741 2316 2870 2354 vers.
2891 2299 3005 2370 21).
3036 2300 3093 2353 Si
3124 2298 3457 2368 requiramus
3485 2310 3716 2350 consue-

2137 2391 2376 2451 tudinem
2417 2390 2736 2453 mulierum,
2785 2390 2852 2443 de
2894 2389 3039 2443 nulla
3073 2389 3274 2443 dictum
3315 2394 3414 2449 est,
3452 2386 3513 2438 In
3561 2394 3717 2439 utero

2137 2483 2399 2550 concepit,
2425 2483 2549 2550 quia
2582 2484 2917 2536 extrinsecus
2942 2496 2970 2533 a
3005 2481 3135 2534 viris
3152 2487 3496 2547 acceperunt.
3529 2475 3597 2530 Si
3630 2493 3712 2530 re-

2137 2570 2413 2637 quiramus
2443 2570 2786 2638 Scripturas,
2827 2579 2953 2624 tunc
3001 2569 3266 2638 promissa
3308 2575 3393 2622 est
3439 2568 3545 2621 ista
3599 2583 3719 2621 con-

2137 2662 2312 2731 ccptio
2340 2701 2355 2725 ,
2401 2663 2614 2730 quando
2650 2661 2886 2731 serpenti
2931 2660 3133 2714 dictum
3177 2667 3262 2713 est
3314 2658 3369 2711 in
3420 2657 3715 2725 paradiso:

2139 2752 2452 2806 Inimicitias
2474 2767 2664 2821 ponam
2684 2753 2818 2805 inter
2835 2761 2885 2804 te
2912 2759 2960 2803 et
2988 2749 3279 2813 mulierem,
3300 2758 3347 2801 et
3366 2764 3541 2801 semen
3569 2758 3716 2801 tuum

2138 2853 2184 2897 et
2206 2857 2377 2897 semen
2410 2843 2524 2913 ejus
2549 2842 2701 2913 (Gen.
2742 2858 2834 2906 ιιι,
2872 2841 2981 2909 15).
3029 2841 3095 2894 Et
3146 2848 3292 2895 recte
3337 2840 3719 2909 cognOscimus

2138 2936 2262 3004 quia
2292 2928 2542 2989 mulieres
2581 2935 2785 2988 semina
2819 2949 2924 2988 non
2954 2934 3172 2997 habent,
3201 2946 3301 2985 nec
3324 2931 3440 2984 sine
3464 2931 3618 2985 virili
3638 2946 3717 2985 se-

2140 3027 2283 3080 mine
2317 3026 2598 3094 concipere
2619 3032 2859 3093 possunt.
2903 3023 3097 3078 Semen
3132 3038 3261 3093 ergo
3288 3022 3549 3087 mulieris,
3587 3024 3718 3076 Ver-

2064 3087 2110 3151 C
2142 3118 2269 3172 bum
2294 3130 2455 3171 carne
2488 3116 2687 3170 factum
2712 3122 2822 3179 est,
2848 3114 2940 3183 qui
2977 3129 3084 3168 non
3130 3087 3389 3176 de‘terra,
3410 3114 3505 3166 sed
3534 3114 3612 3166 de
3630 3128 3721 3166 ex-

2141 3209 2301 3263 celsis
2329 3215 2432 3271 est,
2457 3207 2598 3261 sicut
2616 3207 2729 3276 ipse
2744 3204 2900 3260 Jesus
2928 3206 3005 3261 ait
3029 3222 3042 3257 :
3086 3204 3199 3275 Ego
3220 3204 3285 3258 de
3314 3204 3559 3273 supernis
3583 3219 3717 3266 sum,

2143 3314 2229 3352 vos
2271 3297 2335 3350 de
2382 3296 2714 3365 inferioribus
2750 3295 2893 3350 estis.
2942 3294 3009 3348 Et
3034 3292 3230 3349 Paulus
3268 3294 3542 3361 apostolus
3606 3293 3717 3345 ait:

2146 3389 2356 3445 Primus
2385 3388 2557 3450 homo,
2583 3387 2646 3441 de
2677 3398 2816 3441 terra
2838 3397 3070 3441 terrenus
3094 3402 3112 3439 :
3143 3370 3401 3440 secundus
3435 3386 3625 3450 homo,
3660 3386 3722 3437 de

2144 3478 2269 3533 cwlo
2298 3477 2534 3532 calestis.
2561 3477 2628 3530 Et
2657 3487 2925 3548 postquam
2978 3475 3171 3546 impleti
3208 3484 3326 3529 sunt
3361 3474 3472 3527 dies
3516 3491 3719 3544 purga-

2144 3571 2298 3625 tionis
2321 3570 2434 3639 ejus
2454 3569 2737 3622 secundum
2766 3567 2926 3637 legem
2968 3566 3161 3637 Moysi,
3187 3566 3416 3620 tulerunt
3461 3566 3623 3618 illum
3669 3567 3721 3617 in

2142 3660 2457 3722 Jerusalem,
2482 3668 2535 3715 ut
2564 3658 2799 3712 sisterent
2844 3672 2961 3710 eum
2993 3655 3212 3709 Domino
3237 3695 3252 3719 ,
3302 3657 3435 3709 sicut
3465 3658 3719 3725 scriptum

2143 3762 2216 3806 est
2241 3753 2296 3805 in
2332 3749 2439 3818 lege
2472 3748 2724 3803 Domini:
2765 3746 2903 3812 Quia
2942 3763 3091 3801 omne
3128 3745 3479 3801 masculinum
3522 3748 3720 3816 adape-

2143 3845 2281 3899 riens
2311 3844 2549 3907 vulvam,
2597 3849 2833 3895 sanctum
2866 3838 3088 3894 Domino
3116 3838 3399 3893 vocabitur.
3448 3838 3719 3907 Requira-

2146 3950 2262 3993 mus
2292 3935 2411 4003 quis
2436 3931 2705 3987 masculus
2752 3931 2966 3985 vulvam
3005 3929 3195 3986 matris
3232 3929 3460 3997 aperuit.
3503 3928 3649 3983 Nam
3677 3928 3721 3985 si

2146 4033 2289 4080 recta
2314 4031 2622 4085 tractamus,
2661 4036 2849 4077 omnes
2887 4020 3140 4077 mulieres
3181 4035 3301 4089 qua:
3325 4019 3531 4089 primos
3584 4021 3722 4074 ﬁlios

2145 4116 2411 4172 masculos
2439 4116 2756 4178 habuerunt,
2786 4113 2888 4167 viri
2912 4111 3028 4182 ejus
3063 4114 3310 4179 aperiunt
3334 4111 3576 4177 vulvam,
3606 4126 3722 4181 quae

2145 4207 2258 4262 sola
2289 4207 2343 4260 in
2371 4214 2523 4259 utero
2552 4204 2813 4273 concepit.

2216 4318 2453 4375 XXXIV.
2493 4316 2702 4371 Etcum
2739 4315 3037 4370 inducerent
3062 4331 3277 4387 puerum
3298 4314 3481 4369 Iesum
3526 4333 3722 4386 paren-

2072 4424 2120 4482 ο
2145 4420 2219 4465 tes
2249 4411 2362 4480 ejus
2385 4410 2439 4462 in
2466 4407 2731 4479 templum,
2760 4418 2814 4460 ut
2855 4407 3081 4475 facerent
3110 4408 3394 4461 secundum
3446 4418 3724 4461 consuetu-

2145 4501 2316 4553 dinem
2343 4498 2469 4567 legis
2525 4513 2620 4567 pro
2645 4512 2737 4562 eo,
2791 4497 2983 4566 accepit
3020 4512 3137 4549 eum
3181 4496 3394 4550 Simeon
3429 4497 3487 4549 in
3527 4510 3721 4550 ntanus

2144 4608 2288 4657 suas,
2308 4599 2356 4643 et
2376 4589 2635 4643 benedixit
2660 4587 2846 4653 Deum,
2874 4600 2921 4641 et
2958 4588 3128 4641 dixit:
3162 4587 3313 4641 Nunc
3342 4587 3569 4642 dimiuis
3614 4604 3721 4642 ser-

2145 4696 2263 4734 vum
2285 4689 2451 4743 tuum,
2478 4678 2718 4743 Domine,
2758 4678 3041 4732 secundum
3068 4678 3273 4732 verbum
3301 4688 3471 4744 tuum,
3486 4681 3541 4732 in
3571 4694 3719 4750 pace.

2150 4771 2287 4836 Quia
2310 4771 2544 4825 viderunt
2565 4770 2703 4824 oculi
2733 4771 2833 4824 mei
2875 4770 3105 4825 salutare
3126 4782 3293 4825 tuum.
3321 4770 3475 4837 Quod
3514 4790 3724 4844 ραι-ρα-

2148 4862 2277 4915 rasti
2300 4871 2417 4915 ante
2435 4860 2621 4930 faciem
2648 4861 2876 4914 omnium
2896 4860 3224 4932 populorum.
3251 4860 3371 4915 Jam
3391 4877 3557 4930 supra
3585 4864 3723 4917 dixi-

2149 4970 2269 5008 mus
2308 4954 2435 5022 quia
2476 4953 2725 5008 salutaris
2764 4968 2958 5010 nomen
2988 4951 3150 5006 'Jesus
3183 4960 3287 5017 est,
3328 4952 3383 5007 id
3407 4962 3495 5007 est
3537 4952 3723 5007 Salva-

2149 5055 2252 5099 tor.
2280 5044 2347 5097 Et
2390 5045 2505 5113 ipse
2535 5046 2692 5100 datus
2736 5053 2821 5099 est
2868 5044 3040 5099 lumen
3075 5044 3143 5098 ad
3200 5045 3559 5098 reuelationem
3598 5062 3723 5116 gen-

2148 5138 2296 5201 tium,
2322 5147 2369 5191 et
2392 5137 2611 5207 gloriam
2645 5136 2806 5207 plebis
2827 5153 2937 5190 sua:
2960 5135 3147 5190 Israel.
3168 5136 3232 5189 Et
3257 5136 3388 5190 dixit
3407 5138 3625 5192 Simeon
3652 5137 3720 5191 ad

2151 5226 2377 5280 Mariam
2407 5237 2623 5280 matrem
2647 5227 2759 5295 ejus
2785 5242 2803 5279 :
2840 5226 2969 5281 Ecce
2989 5228 3185 5297 positus
3210 5237 3284 5280 est
3316 5228 3399 5279 hic
3421 5231 3476 5280 in
3511 5228 3720 5280 ruinam

2148 5326 2195 5368 ct
2220 5317 2276 5369 in
2307 5318 2726 5369 resurrectionem
2765 5315 3047 5369 multorum
3074 5317 3127 5369 in
3170 5315 3357 5369 Israel.
3402 5316 3461 5369 lu
3509 5320 3718 5371 ruinam

2149 5411 2357 5478 positus
2388 5418 2470 5465 est
2489 5410 2644 5479 plane
2666 5424 2771 5464 non
2803 5410 3147 5465 credentibus
3169 5451 3183 5475 ,
3228 5419 3282 5465 et
3310 5412 3444 5481 lapis
3469 5411 3723 5467 oli‘ensio-

2152 5501 2252 5563 nis,
2277 5509 2329 5554 et
2361 5509 2509 5567 petra
2536 5500 2794 5554 scandali.
2842 5499 3185 5555 Resurrectio
3225 5514 3350 5555 vero
3394 5508 3451 5554 et
3494 5501 3595 5555 vita
3633 5510 3714 5554 est

2148 5593 2504 5648 credentibus.
2540 5592 2607 5646 Et
2646 5594 2699 5645 in
2726 5594 2930 5663 signum
2959 5632 2973 5656 ,
3022 5593 3112 5646 cui
3146 5593 3529 5646 contradicetur
3563 5589 3716 5663 (Luc.

2150 5701 2210 5751 ιι,
2234 5683 2345 5755 51).
2372 5684 2574 5740 Videtis
2598 5685 2720 5755 quia
2764 5686 2818 5738 in
2842 5684 3049 5754 signum
3073 5681 3272 5748 est,cui
3293 5682 3709 5737 contradicctur.
