3992 6176
302 347 418 399 915

978 342 1251 399 BETERII
1290 345 1376 399 ET
1416 342 1473 397 S.
1521 341 1722 397 BEATI
1761 340 1850 396 AD
1887 339 2283 399 ELIPANDUM
2322 344 2537 400 EPlST.
2578 376 2648 387 --
2685 349 2811 403 LIB.
2849 352 2891 404 Ι.

3440 352 3544 408 9η

311 450 445 517 Quid
469 456 554 504 est
572 449 676 504 hoc
694 449 924 520 signum,
960 451 1045 505 cui
1091 451 1489 506 contradicetur
1516 490 1529 512 ,
1582 450 1684 504 nisi
1712 463 1840 503 crux
1858 486 1872 509 .
1906 449 1954 508 A
1981 455 2118 520 quod
2139 453 2295 526 Virgo
2308 455 2474 511 Deum
2486 459 2743 512 hominem
2765 464 2994 531 peperit:
3015 464 3139 533 quia
3158 466 3346 518 creavit
3372 464 3548 519 Domi.

309 539 413 595 nisi
449 538 647 608 passio,
680 547 871 607 sputa,
912 540 1131 608 probra,
1170 539 1402 605 vincula,
1427 538 1655 608 colapbi,
1684 538 1882 606 alapae,

309 628 463 691 clavi,
488 629 790 683 amaritudo
828 627 984 692 fellis,
1016 644 1183 694 mors,
1208 629 1414 694 lancea,
1436 629 1742 699 sepultura?
1769 628 1885 683 Sic-

310 723 369 769 ut
416 723 473 770 et
500 715 614 783 ipse
642 716 899 770 Dominus
928 716 1139 786 signum
1165 718 1357 771 mortis
1381 734 1491 771 sum
1526 718 1879 771 annuntians:

310 803 589 858 Generatio
623 802 764 856 mala
802 812 850 856 et
872 803 1109 857 adultera
1145 805 1351 873 signum
1373 806 1578 874 quaerit,
1607 815 1654 857 et
1679 806 1884 874 signum

312 910 420 948 non
442 893 676 960 dabitur,
705 895 805 948 nisi
833 895 1038 964 signum
1066 895 1220 950 Iona:
1237 895 1521 966 prophetce.
1558 897 1706 965 Sicut
1747 899 1883 952 enim

311 983 479 1037 Ionas
504 983 603 1053 fuit
632 984 687 1037 in
722 992 893 1038 ventre
911 985 1009 1037 ceti
1033 985 1197 1038 tribus
1238 986 1418 1040 diebus
1446 996 1493 1038 et
1534 988 1699 1040 tribus
1722 988 1886 1040 nocti-

313 1071 430 1125 bus.
454 1071 579 1127 Haec
614 1080 696 1126 est
720 1071 773 1126 in
798 1072 950 1143 signo
979 1068 1114 1143 [Hoc
1136 1082 1220 1128 est
1241 1074 1473 1145 signum]
1504 1075 1588 1129 cui
1615 1076 1887 1130 contradi-

311 1172 485 1217 cetur.
518 1163 622 1217 ista
673 1163 875 1218 faciunt
901 1164 1206 1218 scandalum
1244 1166 1550 1229 incredulis,
1575 1182 1680 1220 non
1712 1167 1885 1221 solum

312 1248 532 1314 Iudmis,
555 1250 649 1304 sed
693 1258 748 1305 et
788 1251 1089 1305 hmreticis:
1120 1252 1308 1306 nolunt
1340 1253 1439 1307 ista
1478 1254 1747 1323 applicare
1776 1255 1885 1310 Deo

314 1343 451 1398 Filio
478 1342 593 1403 Dei.
618 1343 686 1396 Et
713 1343 936 1412 proinde
966 1343 1149 1398 dicunt
1173 1354 1188 1396 :
1229 1342 1399 1397 Homo
1421 1343 1679 1409 Christus,
1706 1347 1795 1416 qui
1821 1346 1885 1400 de

328 1433 537 1502 Virgine
570 1442 723 1488 natus
748 1443 822 1489 est
848 1474 867 1499 ,
913 1435 1069 1489 Iesus
1091 1433 1326 1489 Christus
1348 1435 1427 1490 illi
1464 1448 1649 1491 nomen
1674 1446 1769 1491 est.
1820 1437 1888 1491 Et

315 1523 408 1592 qui
432 1523 573 1578 hunc
598 1531 757 1593 negat
793 1522 991 1577 Filium
1019 1523 1114 1579 Dei
1142 1538 1283 1592 esse,
1305 1526 1600 1581 secundum
1623 1525 1886 1581 Joannem

314 1613 431 1682 ipse
457 1619 540 1667 est
558 1611 940 1669 Antichristus.

388 1721 604 1777 XXXV.
643 1721 756 1778 Hoc
779 1731 950 1779 totum
977 1742 1145 1795 quare
1180 1727 1448 1784 diximus?
1480 1729 1613 1797 Quia
1629 1731 1883 1798 Joannes,

315 1811 409 1880 qui
447 1811 604 1865 istam
630 1811 930 1868 doctrinam
962 1815 1117 1870 nobis
1166 1817 1329 1881 dedit,
1362 1819 1475 1888 ipse
1528 1821 1684 1876 nobis
1716 1822 1883 1877 dixit:

318 1900 440 1971 Ipse
466 1902 585 1956 vicit
610 1902 878 1967 mundum,
911 1904 1001 1974 qui
1034 1905 1193 1958 credit
1236 1908 1361 1977 quia
1411 1908 1563 1963 Iesus
1608 1921 1683 1965 est
1713 1910 1888 1967 Filius

315 1989 436 2044 Dei.
464 1989 622 2061 lpsud
660 2008 855 2047 nomen
905 1993 1067 2049 habet
1114 1997 1389 2066 proprium
1423 1996 1615 2055 Iesus:
1643 2010 1698 2057 et
1735 2003 1890 2072 ipsud

315 2094 571 2155 personat
591 2086 960 2157 Evangelium,
975 2088 1114 2144 sicut
1132 2092 1209 2144 ait
1233 2109 1245 2144 :
1274 2093 1481 2163 Accepit
1494 2095 1648 2150 Iesus
1677 2114 1886 2167 panem,

317 2186 367 2231 et
396 2178 671 2243 benedixit,
704 2178 877 2250 fregit,
903 2189 950 2234 et
996 2181 1135 2234 dedit
1176 2183 1443 2253 discipulis
1485 2188 1631 2252 suis,
1672 2196 1775 2243 etc.
1823 2189 1891 2243 Et

319 2284 445 2323 cum
478 2270 997 2339 comprehenderunt
1027 2288 1148 2327 eum
1201 2271 1390 2340 Iudaei,
1422 2275 1771 2350 interrogavit
1797 2295 1891 2336 eos

320 2374 479 2428 quem
509 2367 828 2429 qumrerent.
877 2359 1300 2433 Responderunt:
1325 2367 1503 2422 Iesum
1530 2367 1890 2424 Nazarenam.

326 2450 458 2505 Tum
483 2452 616 2506 dixit
645 2453 719 2506 eis
750 2452 904 2508 Iesus
927 2470 947 2508 :
978 2454 1090 2526 Ego
1113 2473 1249 2510 sum.
1274 2457 1341 2512 Et
1373 2474 1512 2515 unus
1536 2460 1603 2515 de
1625 2461 1883 2517 illudenti-

323 2543 426 2595 bus
451 2541 590 2595 dedit
634 2541 840 2613 alapam
878 2543 1027 2598 Iesu.
1073 2543 1143 2598 Et
1195 2546 1528 2618 interrogavit
1572 2548 1776 2605 Pilatus
1804 2552 1895 2605 Ie-

321 2648 458 2686 sum.
483 2631 549 2686 Et
580 2631 867 2687 Barrabam
895 2633 1127 2688 dimisit:
1157 2633 1341 2691 Iesum
1386 2654 1513 2693 vero
1551 2638 1772 2711 ﬂagellis
1795 2658 1894 2696 ca:-

323 2735 443 2775 sum
471 2719 689 2775 tradidit
722 2721 821 2784 eis,
842 2730 901 2777 ut
930 2724 1306 2793 cruciligerent
1326 2741 1467 2780 eum.
1496 2727 1562 2781 Et
1578 2728 1816 2784 clamavit
1838 2732 1894 2785 in

325 2827 478 2865 cruce
506 2828 623 2866 voce
644 2829 832 2883 magna
854 2813 1029 2867 Iesus.
1057 2815 1123 2868 Et
1146 2824 1389 2871 mortuus
1412 2827 1493 2872 est
1516 2817 1690 2874 Iesus.
1716 2819 1782 2873 Et
1806 2821 1895 2875 Ie-

322 2919 414 2956 sus
440 2920 587 2972 quem
611 2906 844 2974 qua’rilis
872 2905 1201 2971 Nazarenus,
1230 2910 1453 2962 surrexit
1488 2927 1519 2962 α
1556 2900 1801 2963 mortuis;
1827 2911 1892 2964 Et

326 2996 459 3048 venit
480 2994 633 3049 Iesus
664 2995 851 3067 januis
868 2994 1081 3059 clausis,
1103 3006 1148 3049 ct
1171 2998 1307 3050 stetit
1333 2999 1387 3051 in
1417 2999 1586 3052 medio
1608 3000 1894 3070 discipulo-

1985 561 2084 598 nus
2112 562 2299 600 novum
2334 564 2488 618 super
2507 558 2698 602 terram
2722 566 2741 603 :
2775 551 2968 619 femina
2992 553 3333 608 circumdabit
3357 556 3546 609 virum.

2053 654 2312 710 XXXVII.
2344 654 2608 711 Caeterum
2632 660 2863 728 qualiter
2887 661 3069 716 vivere
3093 663 3399 728 debeamus,
3438 665 3551 719 suf-

1984 743 2095 798 ﬁcit
2130 746 2283 800 nobis
2312 746 2442 801 illud
2487 747 2706 817 vulgare
2742 752 3124 819 proverbium:
3156 752 3308 818 Quod
3329 757 3422 808 tibi
3448 773 3553 810 non

1982 836 2076 900 vis,
2103 834 2253 889 alteri
2280 852 2343 889 ne
2369 836 2552 905 feceris
2577 854 2595 893 :
2627 849 2674 892 et
2699 840 2906 894 habebis
2936 844 3095 895 vitam
3114 853 3362 898 (eternam
3397 845 3550 914 (Tob.

1986 940 2057 988 tv,
2092 924 2199 995 16).
2234 924 2460 994 Vulgare
2488 936 2589 990 est,
2629 929 2754 998 quia
2784 931 2887 984 hoc
2917 930 3109 1001 vulgus
3147 932 3325 987 dicere
3352 944 3550 1003 potest.

1983 1012 2244 1067 Cmterum
2290 1015 2547 1071 Dominus
2587 1016 2641 1070 in
2677 1016 2970 1089 Evangelia
3023 1021 3136 1075 ait:
3169 1021 3362 1077 Omnia
3402 1041 3550 1091 qua:-

1983 1119 2183 1173 eunque
2208 1103 2358 1158 vultis
2386 1115 2440 1157 ut
2468 1105 2667 1174 faciant
2700 1108 2840 1162 vobis
2865 1110 3117 1174 homines,
3141 1120 3191 1165 et
3210 1128 3295 1165 vos
3317 1112 3557 1166 similiter

1984 1190 2141 1261 facite
2178 1195 2272 1246 eis.
2318 1193 2384 1247 Et
2427 1195 2531 1248 hoc
2568 1203 2652 1249 est
2698 1196 2955 1261 Eaclesia,
2990 1205 3045 1252 et
3069 1199 3332 1254 Christus.
3372 1201 3556 1256 Credit

1984 1291 2129 1337 recte
2156 1283 2407 1348 rusticus,
2438 1285 2562 1354 quia
2587 1286 2886 1355 symbolum
2917 1301 3127 1357 semper
3164 1290 3374 1343 recitat.
3422 1289 3555 1345 Orat

1986 1380 2148 1433 recte,
2188 1374 2312 1443 quia
2358 1388 2571 1443 semper
2615 1376 2913 1431 orationem
2961 1377 3291 1434 Dominicam
3341 1382 3551 1446 recitat,

1984 1469 2039 1513 et
2081 1459 2211 1514 dicit
2236 1475 2250 1513 :
2277 1459 2437 1515 Pater
2462 1471 2656 1526 noster,
2678 1463 2766 1532 qui
2792 1479 2845 1516 es
2867 1464 2920 1517 in
2946 1464 3104 1519 aclis.
3138 1465 3205 1519 Et
3230 1470 3355 1521 vere
3385 1468 3555 1523 Filius

1986 1548 2079 1602 Dei
2115 1557 2217 1612 est,
2247 1550 2290 1604 si
2318 1559 2376 1603 ut
2404 1551 2505 1605 sibi
2551 1567 2656 1607 non
2701 1553 2816 1607 vult
2852 1552 2989 1617 fieri,
3033 1555 3188 1610 alteri
3236 1571 3303 1610 ne
3344 1556 3551 1612 trccrit.

1986 1638 2116 1705 Quae
2171 1650 2225 1695 et
2255 1642 2306 1695 in
2356 1641 2446 1703 illa
2502 1642 2727 1710 epistola
2778 1646 3103 1701 sanctissimi
3145 1646 3367 1704 Ioannis
3423 1650 3556 1704 nihil

1986 1729 2129 1784 aliud
2155 1731 2499 1786 recitavimus
2540 1747 2700 1801 quam
2745 1734 2849 1787 hoc
2892 1735 3032 1803 quod
3070 1737 3271 1791 rustico
3308 1752 3557 1793 sermone

1987 1828 2041 1876 et
2069 1821 2219 1877 brevi
2260 1823 2413 1878 vobis
2448 1821 2701 1877 diximus.
2734 1823 2866 1878 Nam
2905 1825 2971 1889 si,
3008 1828 3297 1881 secundum
3328 1827 3558 1897 Aposto-

1988 1913 2117 1977 lum,
2144 1914 2370 1983 imperiti
2398 1931 2578 1968 sumus
2605 1915 2804 1985 lingua,
2841 1917 3059 1971 scientia
3093 1926 3288 1981 tamen,
3322 1919 3432 1972 Deo
3458 1920 3555 1997 mi-

1989 2011 2219 2067 serante,
2265 2020 2369 2058 non
2403 2020 2582 2058 sumus
2610 2005 2837 2074 imperiti
2870 2022 2888 2059 :
2916 2021 3015 2060 nec
3044 2007 3109 2060 de
3144 2008 3410 2079 imperitia
3443 2025 3560 2062 eru-

1988 2095 2278 2159 bescimus,
2315 2095 2458 2163 quod
2498 2095 2724 2149 lectione
2761 2109 2866 2148 non
2890 2095 3184 2150 docemur:
3222 2112 3322 2150 nec
3356 2098 3561 2167 simpli-

1989 2186 2124 2239 citas
2161 2186 2298 2239 inter
2318 2184 2661 2253 philosophos
2704 2199 2735 2236 a
2783 2183 2885 2237 lide
2919 2198 3043 2238 vera
3070 2185 3391 2247 dubitamus,
3433 2202 3557 2240 cum

1990 2274 2260 2345 apostolos
2297 2274 2565 2342 simplices
2600 2282 2656 2327 et
2686 2274 2916 2328 rusticos
2947 2274 3233 2344 magistros
3273 2276 3553 2330 habemus.

1989 2363 2177 2418 Nullus
2220 2363 2659 2432 philosophorum
2698 2362 2872 2430 potuit
2903 2362 3081 2417 dicere
3116 2364 3365 2433 primus:
3400 2363 3476 2417 Tu
3505 2381 3559 2418 es

1992 2454 2227 2508 Christus
2266 2452 2437 2507 Filius
2473 2452 2572 2506 Dei
2614 2453 2732 2518 vivi,
2761 2454 2864 2508 nisi
2889 2453 3080 2509 Petrus
3099 2455 3355 2523 piscator,
3398 2456 3571 2510 homo

1993 2545 2295 2600 rusticanus
2320 2551 2375 2597 et
2409 2556 2625 2611 pauper,
2651 2542 2741 2611 qui
2764 2544 2832 2597 ab
2859 2558 3020 2612 opere
3048 2543 3300 2598 callosam
3332 2545 3564 2599 habebat

1994 2650 2229 2691 manum.
2278 2635 2381 2689 lste
2420 2635 2657 2702 piscator
2693 2641 2748 2688 et
2794 2634 3100 2690 rusticanus
3128 2636 3193 2690 de
3225 2634 3557 2706 Ierosolyma

1992 2723 2227 2794 perrexit
2250 2723 2497 2776 Romam.
2526 2723 2591 2776 Et
2623 2723 2924 2779 rusticanus
2956 2724 3097 2794 cepit
3123 2725 3367 2790 Romam,
3399 2741 3562 2795 quam

1994 2817 2303 2885 eloquentes
2358 2829 2551 2883 capere
2600 2831 2706 2869 non
2759 2823 3068 2885 potuerunt.
3117 2815 3304 2871 Nullus
3351 2818 3563 2885 sapiens

1994 2907 2178 2960 mundi
2222 2907 2428 2977 primus
2466 2906 2638 2975 potuit
2672 2906 2888 2960 dicere:
2913 2905 2978 2959 In
3008 2907 3263 2977 principio
3288 2916 3397 2960 erat
3440 2905 3565 2961 Ver-

1995 2999 2135 3063 bum,
2173 3006 2218 3051 et
2255 2995 2475 3050 Verbum
2506 3007 2618 3050 erat
2658 2998 2797 3067 apud
2828 2997 3016 3062 Deum,
3043 3007 3091 3052 et
3127 2998 3268 3053 Deus
3289 3008 3401 3053 erat
3434 2997 3563 3055 Ver-

327 3092 467 3151 runt,
482 3094 531 3139 et
557 3085 689 3139 dixit
716 3087 826 3139 eis:
856 3084 974 3139 Pax
987 3085 1144 3140 vobis.
1177 3085 1241 3139 Et
1261 3085 1468 3141 elevatis
1498 3067 1887 3155 manibustsuis,
1918 3107 1968 3170 ε
1995 3091 2135 3145 bum.
2174 3067 2285 3145 Hoc
2323 3100 2433 3145 erat
2463 3092 2517 3146 in
2546 3092 2802 3161 principio
2838 3091 2976 3161 apud
3012 3091 3199 3144 Deum.
3245 3090 3436 3146 Omnia
3472 3107 3567 3162 per

327 3178 583 3233 benedixit
607 3194 712 3243 eos,
737 3183 784 3232 et
817 3180 1021 3232 recessit
1046 3178 1110 3232 ab
1139 3179 1233 3242 eis,
1258 3187 1306 3232 et
1326 3179 1586 3249 ferebatur
1611 3180 1665 3234 in
1690 3179 1891 3234 caelum.

326 3267 397 3321 Et
432 3269 597 3323 cumis
624 3268 805 3337 lingua
849 3268 1164 3337 confiteatur
1189 3269 1313 3339 quia
1353 3268 1506 3323 Iesus
1532 3270 1585 3323 in
1622 3268 1791 3339 gloria
1820 3278 1895 3323 est

327 3359 424 3412 Dei
464 3358 652 3422 Patris,
685 3360 770 3413 cui
807 3375 928 3414 cum
956 3359 1114 3413 Patre
1151 3370 1205 3414 et
1243 3359 1447 3429 Spiritu
1480 3369 1664 3415 sancto
1713 3376 1815 3414 una
1842 3368 1898 3414 et

326 3448 545 3516 mqualis
572 3456 654 3502 est
677 3448 866 3519 gloria.
905 3448 961 3502 in
1004 3447 1156 3515 cujus
1184 3449 1288 3503 lide
1313 3447 1424 3516 jam
1454 3464 1612 3518 supra
1665 3448 1897 3504 confessi

326 3555 511 3594 sumus
541 3540 838 3595 doctrinam
869 3555 1030 3608 quam
1058 3542 1131 3594 ab
1164 3540 1420 3608 apostolis
1441 3540 1763 3608 accepimus.

396 3632 636 3686 XXXVI.
673 3631 838 3686 Credo
864 3634 919 3686 in
950 3632 1118 3686 Deum
1146 3632 1357 3685 Patrem
1389 3634 1805 3702 omnipotentem.
1831 3632 1897 3685 Et

326 3717 383 3770 in
409 3716 589 3770 Iesum
613 3717 876 3773 Christum
915 3719 1108 3774 Filium
1131 3721 1245 3789 ejus
1276 3721 1505 3784 unicum,
1533 3720 1697 3772 Deum
1721 3728 1769 3773 et
1798 3720 1900 3773 Do-

327 3807 528 3858 minam
551 3816 801 3873 nostrum,
828 3810 917 3878 qui
938 3816 1090 3861 natus
1113 3809 1177 3862 de
1200 3807 1401 3878 Spiritu
1439 3818 1615 3862 sancto
1645 3818 1693 3861 et
1726 3807 1899 3863 Maria

328 3894 544 3962 virgine.
576 3894 779 3960 Quibus
805 3897 977 3952 tribus
1008 3897 1283 3952 sententiis
1322 3897 1562 3951 omnium
1590 3897 1703 3952 fere
1724 3898 1898 3952 haere-

329 3984 717 4039 ticorum.....
763 3986 1128 4041 destruuntur.
1176 3987 1347 4053 Quam
1389 3978 1688 4041 doctrinam
1744 3986 1906 4042 nobis

326 4070 562 4128 Ioannes
596 4075 867 4143 apostolus
887 4075 1259 4130 conﬁrmavit:
1290 4084 1344 4129 et
1369 4074 1598 4145 qualiter
1619 4075 1901 4131 haereticos

326 4183 358 4221 a
381 4168 537 4223 nobis
555 4168 903 4238 expellamus,
937 4169 1229 4241 instigavit,
1256 4170 1479 4225 dicens:
1520 4168 1582 4225 Si
1618 4170 1736 4240 quis
1764 4170 1896 4224 venit

329 4255 399 4309 ad
428 4273 534 4321 vos,
555 4266 603 4310 et
630 4258 765 4311 hanc
785 4259 1078 4313 doctrinam
1101 4276 1204 4313 non
1226 4259 1383 4328 aﬂ'ert
1404 4299 1423 4324 ,
1470 4257 1627 4313 nolite
1674 4260 1897 4329 recipere

328 4360 446 4398 eum
475 4346 527 4399 in
563 4346 793 4414 domum,
821 4365 914 4402 nec
965 4367 1056 4403 ave
1088 4350 1135 4403 ei
1156 4350 1413 4404 dixeritis.
1447 4348 1550 4415 Qui
1591 4350 1728 4404 enim
1770 4349 1896 4402 dicit

1995 3184 2162 3253 ipsum
2205 3182 2344 3251 facta
2373 3190 2513 3246 sunt,
2566 3190 2615 3236 et
2656 3186 2774 3234 sine
2812 3196 2923 3249 ipso
2950 3180 3147 3249 factum
3190 3189 3265 3233 est
3302 3180 3452 3234 nihil.
3493 3181 3565 3235 Et

1995 3274 2217 3327 vidimus
2242 3271 2463 3343 gloriam
2484 3272 2616 3341 ejus,
2651 3272 2873 3341 gloriam
2900 3271 3149 3340 unigeniti
3171 3288 3204 3324 α
3232 3270 3408 3335 Patre,
3453 3270 3566 3341 ple-

1997 3379 2120 3415 num
2146 3363 2330 3432 gratia:
2355 3370 2401 3414 et
2431 3362 2681 3415 veritatis.
2728 3359 2798 3412 Et
2852 3358 3069 3412 Verbum
3094 3376 3216 3413 caro
3241 3361 3438 3428 factum
3467 3373 3562 3427 est,

1995 3461 2043 3505 et
2069 3452 2315 3505 habitavit
2341 3452 2396 3502 in
2420 3450 2584 3514 nobis,
2623 3450 2677 3503 id
2702 3457 2800 3511 εει,
2831 3448 2974 3503 Deus
2997 3450 3159 3504 homo
3181 3449 3354 3505 factus
3378 3460 3489 3517 est;
3515 3462 3565 3507 et

1995 3541 2243 3594 habitavit
2286 3540 2341 3591 in
2384 3538 2551 3603 nobis,
2592 3538 2695 3592 hoc
2717 3544 2820 3601 est,
2854 3537 3118 3592 habitavit
3140 3539 3193 3592 in
3218 3554 3399 3604 carne,
3445 3557 3565 3609 qua:

1997 3644 2096 3682 nos
2116 3642 2319 3681 sumus.
2348 3626 2460 3680 Nisi
2483 3624 2715 3679 Ioannes
2742 3627 2845 3681 hoc
2881 3625 3036 3690 dixit,
3062 3628 3295 3696 piscator
3328 3638 3384 3685 et
3404 3632 3568 3684 rusti-

1998 3734 2112 3781 cus,
2140 3714 2290 3783 cujus
2317 3715 2597 3785 epistolam
2632 3715 2785 3770 vobis
2815 3715 3059 3785 legimus,
3097 3718 3327 3786 qualiter
3355 3721 3409 3773 in
3436 3719 3564 3775 Iesu

1997 3807 2212 3863 Christo
2246 3805 2388 3860 Filio
2413 3806 2508 3860 Dei
2543 3805 2843 3871 credamus,
2896 3813 2951 3859 et
2996 3822 3119 3861 cum
3160 3807 3249 3861 illo
3296 3824 3402 3863 una
3443 3824 3568 3878 per-

1998 3910 2127 3950 sona
2163 3895 2349 3958 simus,
2394 3894 2439 3948 si
2477 3893 2815 3948 dilectionem
2856 3894 2951 3946 Dei
2998 3903 3053 3948 et
3100 3896 3328 3962 proximi
3364 3898 3567 3951 habue-

1997 3986 2184 4040 rimus.
2215 3983 2341 4038 Haec
2365 3992 2449 4038 est
2474 3983 2714 4038 Ecclesia
2743 3984 2795 4037 in
2821 3984 3085 4039 charitate
3103 4000 3200 4054 per
3224 3987 3563 4053 charitatcm,

1998 4091 2117 4146 qua:
2148 4075 2288 4128 Deus
2326 4081 2437 4139 est;
2478 4082 2539 4127 ut
2568 4088 2884 4128 maneamus
2908 4073 2963 4127 in
2988 4074 3116 4138 Deo,
3149 4082 3202 4129 et
3223 4074 3363 4131 Deus
3394 4078 3448 4131 in
3476 4093 3569 4132 no-

1996 4165 2098 4229 bis,
2132 4165 2177 4220 si
2205 4166 2307 4220 hoc
2334 4164 2621 4220 fecerimus
2649 4164 2899 4234 proximo
2931 4165 3072 4233 quod
3100 4164 3215 4219 ﬁeri
3242 4167 3488 4223 volumus
3512 4177 3569 4224 et

1996 4256 2169 4312 nobis.
2214 4254 2349 4309 Nam
2391 4256 2480 4326 qui
2515 4256 2621 4308 odit
2666 4256 2882 4325 fratrem
2929 4271 3102 4320 suum,
3147 4257 3409 4310 homicida
3446 4269 3563 4312 est:

1996 4354 2044 4397 et
2069 4343 2189 4396 talis
2218 4342 2480 4395 homicida
2511 4358 2614 4395 non
2642 4342 2793 4395 habet
2829 4343 2986 4395 vitam
3012 4350 3278 4406 cateruam,
3309 4344 3453 4412 quod
3479 4352 3566 4400 est

328 4433 408 4486 illi
434 4451 547 4497 ave,
571 4439 914 4492 communicat
958 4440 1194 4509 operibus
1237 4439 1378 4495 illius
1414 4439 1677 4510 malignis.
1730 4439 1898 4494 Nemo
1924 4428 2155 4497 DJCSUS
2198 4430 2461 4490 ChriSlUS.
2507 4433 2646 4485 Sicut
2678 4431 2966 4500 Αροειοιιιε
3003 4431 3080 4486 ait
3104 4450 3117 4485 ε
3142 4429 3211 4485 ΠΙ
3255 4443 3567 4502 cognoscant

329 4523 473 4579 dicat
500 4526 579 4579 illi
599 4544 711 4592 ave,
737 4528 789 4582 id
810 4535 911 4593 est,
937 4544 1096 4585 nemo
1127 4530 1269 4585 dicat
1291 4531 1366 4584 illi
1390 4529 1573 4587 Gaude
1597 4548 1609 4584 :
1642 4538 1734 4584 aut
1751 4540 1896 4586 certe

330 4614 495 4681 aliud,
508 4617 649 4684 quod
669 4618 1001 4672 consuetudo
1021 4627 1104 4674 est
1124 4621 1408 4676 salutandi.
1433 4621 1591 4675 Fides
1618 4636 1762 4684 vera,
1776 4636 1898 4689 quae

330 4704 399 4759 ab
440 4706 695 4773 apostolis
718 4709 909 4762 tradita
937 4716 1041 4774 est,
1067 4710 1121 4763 in
1153 4711 1303 4764 brevi
1359 4717 1462 4764 est.
1506 4709 1634 4764 Sine
1662 4710 1899 4778 philoso-

328 4793 454 4862 phia
485 4795 665 4850 saeculi
692 4805 803 4861 est,
837 4797 1060 4866 simplex
1090 4805 1263 4859 est,et
1275 4798 1524 4852 omnibus
1549 4798 1763 4853 rusticis
1790 4814 1902 4852 ma-

331 4884 547 4949 nifesta,
573 4891 629 4938 et
641 4886 891 4940 omnibus
916 4886 1158 4954 captivis,
1184 4893 1239 4939 et
1254 4886 1549 4955 peregrinis
1579 4887 1811 4957 cognita.
1833 4887 1900 4941 Et

330 4981 391 5026 ut
412 4973 627 5042 plenius
652 4974 910 5039 dicamus,
940 4976 1087 5029 omni
1112 4975 1384 5040 Ecclesia,
1409 4990 1527 5045 qum
1560 4991 1656 5044 per
1679 4976 1885 5032 univer-

331 5076 450 5116 sum
483 5064 671 5119 orbem
697 5073 963 5120 terrarum
991 5073 1075 5121 est
1117 5066 1424 5131 constituta,
1449 5066 1661 5134 publice
1703 5070 1904 5123 consti-

334 5158 444 5204 tuta
482 5159 585 5207 est.
618 5152 686 5207 Et
705 5155 1073 5223 unusquisque
1102 5154 1330 5224 qualiter
1358 5157 1561 5221 credat,
1584 5157 1734 5211 brevi
1763 5173 1906 5227 sym-

333 5243 455 5297 bolo
483 5244 759 5313 complexa
795 5253 894 5300 est.
926 5246 993 5299 Et
1031 5246 1261 5315 qualiter
1296 5254 1447 5311 oret,
1508 5255 1563 5303 et
1578 5230 1694 5319 ipsa
1722 5248 1904 5303 brevis

331 5333 507 5387 oratio
529 5334 803 5388 Dominica
854 5342 955 5400 est,
986 5350 1104 5403 qua:
1152 5343 1353 5405 septem
1402 5337 1750 5405 petitionibus
1775 5351 1904 5393 con-

332 5431 460 5488 stat,
484 5438 603 5492 quaa
632 5423 699 5476 ab
727 5422 840 5493 ipso
860 5423 1102 5488 Domino,
1119 5425 1353 5494 qualiter
1375 5440 1564 5480 omnes
1592 5425 1792 5481 creduli
1816 5427 1905 5482 de-

335 5511 559 5567 beamus
575 5526 752 5575 orare,
769 5511 962 5565 tradita
983 5520 1085 5566 est.
1113 5510 1457 5578 Quamobrem
1479 5531 1569 5568 nec
1590 5523 1735 5568 extra
1764 5532 1904 5584 sgm-

336 5600 520 5655 bolum.
529 5601 773 5656 habemus
784 5600 923 5671 quod
933 5603 1155 5663 credere,
1171 5619 1259 5655 nec
1270 5604 1406 5671 quod
1417 5613 1497 5657 ext
1506 5621 1562 5656 ra
1580 5602 1730 5657 Domi
1735 5606 1903 5658 nicum

339 5691 623 5745 orationem
661 5706 830 5746 orare.
864 5691 972 5747 Nec
1000 5690 1128 5745 nihil
1154 5707 1356 5760 novum,
1396 5703 1603 5762 excepto
1624 5693 1718 5747 hoc
1742 5710 1900 5759 novo,

1996 4535 2044 4579 te
2070 4523 2239 4579 solum
2278 4539 2453 4576 verum
2491 4522 2679 4586 Deum,
2711 4531 2761 4575 et
2788 4538 2939 4591 quem
2977 4523 3166 4576 misisti
3200 4523 3380 4577 Iesum
3422 4523 3567 4579 Chri-

1994 4623 2151 4668 stum.
2181 4610 2283 4665 Hic
2309 4621 2384 4666 est
2421 4627 2569 4665 verus
2600 4610 2761 4675 Deus,
2791 4621 2839 4663 et
2866 4611 2969 4664 vita
2992 4619 3207 4665 aeterna.
3232 4612 3371 4670 Ecce
3404 4612 3565 4669 ﬁdem

1994 4712 2259 4769 nostram,
2306 4702 2537 4773 qualiter
2579 4702 2847 4756 credimus
2873 4709 2929 4754 et
2952 4715 3189 4769 oramus,
3228 4703 3377 4758 brevi
3419 4720 3568 4759 com-

1994 4793 2243 4864 pendiolo
2299 4791 2490 4847 rustici
2552 4790 2797 4845 homines
2859 4790 3192 4859 sapientibus
3236 4792 3562 4860 pandimus:

1997 4886 2202 4951 docete,
2231 4886 2276 4941 si
2304 4885 2477 4939 nostis
2519 4882 2766 4952 amplius.
2799 4879 2955 4947 Nam,
2984 4881 3123 4936 sicut
3147 4881 3396 4945 diximus,
3432 4880 3592 4937 ﬁdes-

1998 4976 2052 5030 in
2080 4975 2231 5031 brevi
2260 4982 2364 5029 est.
2409 4972 2523 5027 Hoc
2563 4972 2734 5041 ipsum
2762 4970 2929 5024 Isaias
2972 4976 3277 5034 attestatur,
3318 4968 3408 5038 qui
3445 4970 3560 5023 ait:

2000 5064 2398 5121 Consummatas
2427 5062 2633 5133 quidem
2648 5070 2694 5114 et
2722 5060 2973 5114 breviatas
3005 5076 3085 5112 res
3108 5058 3441 5136 _audivi,quia
3462 5076 3575 5115 ver-

1982 5159 2121 5219 .bum
2159 5157 2440 5211 breviatum
2467 5154 2622 5223 faciet
2647 5151 2899 5205 Dominus
2936 5151 2991 5203 in
3030 5159 3168 5204 terra
3199 5150 3333 5227 (lea.
3363 5167 3417 5215 x,
3449 5152 3564 5222 25).

2000 5248 2077 5302 De
2102 5259 2209 5316 quo
2236 5257 2365 5298 vero
2391 5242 2531 5296 idem
2556 5238 2925 5310 prophetavit:
2949 5238 3086 5292 Ecce
3119 5238 3326 5293 verbum
3352 5239 3565 5295 Domini
3628 5236 3634 5241 ’

2002 5334 2195 5405 factum
2208 5341 2281 5387 est
2297 5330 2401 5384 illis
2418 5331 2473 5383 in
2490 5327 2921 5391 maledictionem,
2939 5336 2986 5380 et
3007 5326 3281 5383 noluerunt
3298 5328 3447 5382 illud.
3464 5329 3567 5397 Qui

2003 5432 2127 5478 sunt
2150 5422 2239 5492 qui
2274 5419 2550 5475 noluerunt
2582 5416 2732 5480 illud,
2764 5416 2865 5470 nisi
2893 5414 3063 5471 Iudaei
3097 5424 3152 5470 et
3179 5417 3439 5484 haeretici,
3473 5420 3566 5488 qui

2002 5515 2238 5571 Verbum
2276 5508 2664 5569 abbreviatum,
2704 5506 2755 5561 id
2781 5512 2882 5571 est,
2910 5506 3180 5561 hominem
3210 5506 3429 5572 factum,
3456 5524 3566 5562 non

2003 5604 2225 5660 credunt
2249 5614 2367 5654 esse
2394 5596 2586 5651 Filium
2606 5595 2717 5660 Dei,
2745 5597 2937 5663 ipsum,
2970 5596 3059 5665 qui
3086 5612 3183 5666 pro
3212 5598 3367 5653 nobis
3386 5598 3565 5652 vulnc-

2009 5704 2154 5748 ratus
2169 5699 2271 5757 est,
2289 5696 2346 5744 ut
2365 5688 2581 5743 vulnera
2602 5694 2784 5741 nostra
2806 5688 3054 5742 sanaret?
3072 5688 3144 5744 De
3164 5704 3265 5758 quo
3285 5689 3336 5743 in
3355 5687 3565 5759 psalmo
