3992 6176
459 351 562 400 9L5

1296 345 1699 407 ELlPANDUS,
1744 342 1969 405 FELIX,
2015 340 2361 399 iiETERIUS
2396 344 2484 398 ET
2522 343 2578 397 S.
2621 344 2912 401 BEATUS.

3596 344 3701 401 9l6

457 474 541 511 cu
580 457 746 511 dicit:
780 456 923 509 Misit
962 454 1176 507 Verbum
1202 470 1376 517 suum,
1404 463 1452 507 et
1475 456 1677 508 sanavit
1701 471 1787 508 eos
1811 464 1892 508 :et
1923 457 2027 509 eri-
2052 450 2101 506 Α
2128 447 2295 518 gloria
2332 448 2579 518 judicare
2623 454 2773 509 viilos
2817 462 2873 508 et
2916 462 3175 509 mortuos.
3216 453 3381 522 Cujus
3416 457 3565 525 regni
3592 472 3699 511 non

455 552 566 618 ruit
590 567 676 604 eos
712 549 776 602 de
797 546 1006 600 interitu
1048 561 1246 598 eorum.
1293 545 1361 599 Et
1400 547 1496 599 hoc
1523 555 1600 600 est
1633 548 1839 601 verbum
1878 547 2024 616 ﬁdei,

453 644 593 713 quod
632 641 978 715 pradicamus
1009 640 1064 694 in
1092 639 1282 694 brevi:
1316 639 1442 708 quia
1469 639 1717 709 parvulus
1758 650 1913 694 natus
1952 649 2026 694 est

453 733 642 787 nobis:
664 730 809 800 ﬁlius
851 730 1007 784 datus
1043 739 1117 783 est
1162 730 1329 784 nobis.
1383 728 1546 799 Cujus
1595 739 1679 786 est
1720 732 1819 786 iste
1863 732 2023 793 ﬁlius,

451 825 555 878 nisi
585 823 754 879 Filius
778 824 873 877 Dei
896 824 1038 877 Deus
1072 822 1269 876 verus?
1300 821 1468 875 Nobis
1504 830 1658 876 natus
1698 830 1781 877 est
1814 823 1881 877 de
1906 823 2029 877 Vir-

450 915 594 980 gine,
637 928 746 969 non
793 913 918 968 sibi.
974 912 1142 965 Nobis
1175 912 1331 965 datus
1377 920 1462 966 est
1491 926 1592 982 pro
1638 912 2023 981 redemptione,

450 1019 559 1058 non
590 1002 712 1058 sibi.
741 1002 811 1056 Et
851 1001 1019 1071 factus
1055 1009 1130 1055 est
1167 1002 1489 1069 principatus
1528 1001 1642 1070 ejus
1669 1018 1825 1071 super
1846 1002 2030 1055 hume-

451 1109 538 1145 ros
569 1092 704 1161 ejus.
734 1089 870 1157 Quia
898 1103 994 1159 pro
1029 1089 1187 1144 nobis
1226 1089 1482 1158 pependit
1511 1089 1564 1143 in
1590 1104 1771 1153 cruce,
1800 1104 1905 1143 non
1929 1103 2027 1157 pro

450 1197 528 1236 se.
565 1180 632 1237 Et
654 1195 753 1251 pro
783 1179 940 1235 nobis
961 1187 1046 1234 est
1066 1177 1356 1247 judicatus,
1383 1194 1489 1234 non
1509 1194 1608 1249 pro
1630 1194 1706 1234 se.
1731 1177 1866 1246 Quia
1895 1186 2025 1233 tunc

449 1272 581 1326 vicit
615 1271 914 1342 principem
949 1271 1143 1325 mortis
1168 1269 1460 1332 diabolum,
1497 1285 1617 1324 cum
1639 1268 1911 1338 judicatus
1942 1277 2026 1324 est

447 1370 503 1418 et
524 1363 685 1417 morti
715 1363 1120 1423 condemnatus,
1148 1370 1205 1413 ut
1228 1378 1319 1431 per
1342 1370 1556 1414 mortem
1583 1360 1863 1414 destrueret
1884 1377 2022 1423 eum,

445 1453 538 1522 qui
586 1451 807 1506 habebat
852 1453 1037 1505 mortis
1082 1453 1378 1518 imperium,
1432 1449 1691 1520 propheta
1737 1457 2025 1503 attestante

447 1544 615 1599 David
643 1562 657 1598 :
696 1543 766 1597 Et
790 1545 965 1598 vincas
987 1543 1113 1597 dum
1130 1542 1415 1613 judicaris.
1447 1541 1515 1595 Et
1546 1541 1649 1596 hoc
1682 1549 1784 1604 est,
1825 1541 2024 1610 princi-

445 1641 606 1704 patus
633 1632 750 1702 ejus
774 1649 935 1704 super
957 1634 1211 1689 humeros
1237 1631 1373 1701 ejus.
1402 1631 1469 1685 Et
1492 1632 1617 1701 quia
1640 1632 1753 1700 ipse
1775 1638 1858 1685 est
1880 1631 2024 1686 Deus

447 1739 626 1789 verus,
655 1733 711 1780 et
736 1741 844 1780 non
875 1732 956 1779 est
1000 1724 1137 1779 alter
1182 1724 1326 1778 Deus
1375 1730 1576 1793 praeter
1625 1736 1783 1785 eum;
1841 1723 2023 1776 audite

446 1816 589 1883 quod
622 1816 864 1884 sequitur
889 1833 901 1867 :
928 1813 996 1867 Et
1024 1813 1290 1868 vocabitur
1314 1788 1503 1867 nomen
1523 1812 1637 1882 ejus
1661 1811 2019 1876 Admirabilis,
2059 1788 2099 1846 Β

447 1904 817 1970 Consiliarius,
841 1905 1001 1968 Deus,
1026 1902 1197 1973 fortis,
1220 1912 1369 1973 pater
1383 1903 1551 1973 futuri
1571 1902 1770 1966 saeculi,
1787 1904 2023 1973 princeps

445 1996 590 2065 pacis
620 1995 756 2067 (Isa.
788 2012 865 2059 IX,
893 1994 969 2066 6).
1005 1994 1144 2049 Ecce
1167 2008 1262 2049 sex
1288 1994 1505 2049 nomina
1537 1993 1654 2063 ejus
1683 1994 1938 2059 diximus,
1968 1993 2023 2047 in

445 2086 642 2153 quibus
666 2086 977 2141 nominibus
1008 2084 1215 2140 nullum
1251 2100 1373 2139 esse
1409 2084 1637 2140 alterum
1673 2085 1859 2146 Deum,
1886 2099 2025 2153 prm-

445 2188 531 2233 ter
562 2193 703 2239 eum,
733 2177 1024 2234 secundum
1052 2176 1210 2231 ﬁdem
1244 2186 1507 2243 nostram,
1539 2191 1698 2246 quam
1730 2175 2021 2231 credimus.

445 2267 512 2321 Et
538 2268 582 2323 si
609 2267 807 2337 aliquis
851 2267 981 2323 dicit
1028 2266 1173 2337 quod
1210 2283 1316 2322 non
1346 2274 1470 2322 sunt
1495 2267 1714 2321 nomina
1742 2282 1861 2337 quae
1887 2265 2025 2320 dixi-

443 2373 564 2414 mus
594 2359 661 2415 de
687 2357 922 2423 Christo,
957 2358 1143 2413 audiat
1175 2359 1304 2429 quid
1338 2359 1617 2428 sequitur:
1646 2358 2023 2431 Multiplicabi-

444 2458 531 2500 tnr
560 2448 674 2518 ejus
694 2449 970 2519 imperium
992 2464 1011 2502 :
1038 2457 1087 2501 et
1111 2450 1255 2519 pacis
1278 2449 1393 2518 ejus
1419 2466 1521 2503 non
1545 2450 1641 2502 erit
1665 2444 1808 2518 ﬁnis.
1854 2448 2024 2521 Super

442 2538 632 2591 solium
653 2537 823 2592 David
858 2538 1071 2599 sedebit,
1113 2547 1162 2591 et
1179 2555 1335 2609 super
1372 2554 1587 2608 regnum
1630 2538 1765 2607 ejus,
1804 2547 1861 2592 ut
1899 2554 2023 2591 con-

441 2628 613 2697 ﬁrmet
664 2628 826 2691 illud,
891 2638 939 2682 et
997 2630 1299 2683 conroboret
1342 2632 1399 2683 in
1428 2630 1636 2699 judicio
1683 2638 1732 2684 et
1773 2631 2018 2700 justitia,

442 2719 631 2773 amodo
650 2727 700 2774 et
730 2736 891 2790 usque
916 2719 969 2772 in
998 2721 1388 2789 sempiternum.

510 2830 793 2885 XXXVIII.
852 2831 1183 2887 Protulimus
1246 2832 1406 2889 ﬁdem
1456 2840 1700 2889 nostram
1763 2833 2020 2891 Ecclesiae

440 2929 682 2985 nostrae,
739 2921 981 2991 proferat
1026 2939 1171 2979 nunc
1213 2924 1462 2979 dominus
1512 2924 1805 2994 Elipandus
1861 2925 2019 2979 ﬁdem

441 3026 593 3065 suam
637 3010 893 3067 Ecclesia:
942 3027 1073 3077 sum,
1121 3012 1177 3067 in
1211 3029 1318 3083 qua
1358 3013 1463 3068 ﬁde
1500 3029 1602 3069 nos
1630 3016 1925 3086 redarguit,
1960 3021 2021 3071 ut

2128 545 2233 599 erit
2269 544 2413 601 ﬁnis.
2446 546 2725 603 Credimus
2749 549 2885 603 etin
2928 549 3184 618 Spiritum
3231 558 3476 604 sanctum
3518 550 3699 606 Domi-

2126 650 2255 689 num
2285 642 2339 689 et
2376 635 2778 701 viviﬁcatorem,
2816 654 2882 693 ex
2918 637 3081 693 Patre
3127 646 3183 692 et
3229 638 3365 692 Filio
3408 642 3700 708 proceden-

2126 734 2254 781 tem.
2278 724 2412 780 Cum
2436 726 2593 781 Patre
2612 736 2667 782 et
2686 729 2823 784 Filio
2846 729 3175 785 adorandum
3197 739 3251 783 et
3272 730 3695 801 gloriﬁcandum.

2124 816 2227 883 Qui
2265 817 2475 872 locutus
2510 825 2595 873 est
2625 832 2723 889 per
2749 820 3060 889 prophetas.
3100 818 3156 873 In
3188 835 3349 873 unam
3379 821 3698 875 catholicam

2126 916 2286 977 atque
2339 908 2689 978 apostolicam
2743 909 3063 964 Ecclesium.
3135 908 3467 964 Conﬁtemur
3536 926 3702 965 unum

2126 1000 2391 1069 baptisma
2459 1000 2514 1053 in
2576 999 2899 1055 remissione
2966 1008 3332 1069 peccatorum.
3404 1000 3702 1069 Exspecta-

2125 1106 2246 1146 mus
2279 1091 2729 1146 resurrectionem
2770 1099 3124 1146 mortuorum.
3176 1090 3356 1146 Vitam
3400 1088 3567 1145 futuri
3602 1105 3702 1146 ste-

2125 1180 2253 1244 culi,
2278 1179 2470 1235 Amen.
2498 1200 2518 1233 ι

2195 1292 2423 1365 Explicit
2457 1292 2720 1363 symbolus
2747 1292 2873 1363 ﬁdei
2907 1291 3204 1364 Ephesium.

2392 1430 2684 1491 INCIPIT
2728 1430 3170 1491 SYMBOLUM
3214 1430 3435 1491 FIDE!

2622 1509 3203 1569 ELIPANDIANE.

2200 1660 2308 1714 XL.
2356 1677 2375 1710 ι
2395 1660 2508 1731 Ego
2535 1658 2847 1728 Elipandus,
2876 1658 3146 1713 Toletanze
3172 1657 3316 1712 sedis
3341 1657 3698 1726 archiepisco-

2124 1765 2245 1819 pus,
2279 1764 2400 1803 cum
2427 1749 2678 1803 omnibus
2696 1748 2828 1802 mihi
2852 1748 3313 1803 consentientibus
3342 1765 3354 1798 :
3383 1746 3548 1802 Credo
3572 1746 3697 1801 Tri-

2126 1841 2350 1895 nitatem
2380 1839 2578 1900 Patris,
2620 1845 2676 1893 et
2715 1838 2860 1903 Filii,
2909 1844 2965 1891 et
3004 1838 3239 1908 Spiritus
3278 1838 3469 1901 sancti,
3506 1838 3560 1891 in
3588 1853 3697 1891 una

2124 1935 2349 1989 Deitatis
2380 1933 2613 1989 essentia
2649 1938 2811 2000 atque
2855 1938 3071 1995 natura,
3119 1932 3224 1985 hoc
3269 1940 3371 1994 est,
3419 1930 3611 1993 Deum,
3647 1936 3701 1982 et

2123 2025 2475 2095 Principium,
2521 2031 2576 2079 et
2625 2022 2885 2092 Spiritum
2934 2029 3201 2084 sanctum,
3255 2021 3310 2075 in
3354 2035 3463 2074 una
3506 2028 3699 2073 natura

2124 2114 2351 2169 Deitatis
2398 2114 2716 2168 Trinitatem
2763 2127 3134 2181 personarum.
3187 2110 3323 2177 Quia
3359 2112 3503 2165 sicut
3539 2110 3699 2164 homo

2123 2205 2545 2276 derelinquendo
2600 2211 2810 2274 patrem
2860 2211 2915 2259 et
2968 2212 3227 2266 matrem,
3275 2210 3329 2256 et
3374 2200 3701 2255 adhaerendo

2122 2296 2299 2360 uxori,
2327 2310 2451 2351 cum
2485 2295 2595 2349 sint
2632 2293 2749 2349 dum
2782 2308 3045 2363 personae,
3086 2292 3199 2361 jam
3234 2307 3345 2346 non
3391 2300 3519 2346 sunt
3561 2291 3699 2351 dum,

2123 2386 2216 2441 sed
2244 2401 2348 2439 una
2379 2392 2606 2439 vocatur
2646 2398 2773 2439 caro
2796 2400 2811 2436 :
2835 2390 2889 2439 et
2928 2383 3070 2438 sicut
3097 2382 3386 2438 multorum
3428 2380 3623 2435 anima:
3649 2381 3700 2435 in

2121 2472 2408 2527 dilectione
2441 2471 2536 2526 Dei
2561 2487 2726 2526 unum
2753 2478 2837 2525 est
2860 2485 2974 2535 cor,
3009 2478 3063 2525 et
3089 2485 3194 2524 una
3229 2469 3465 2525 efﬁcitur
3487 2468 3700 2522 anima:

2123 2564 2198 2618 ita
2239 2562 2434 2625 Pater,
2490 2569 2545 2615 et
2584 2560 2773 2626 Filius,
2824 2570 2881 2616 et
2939 2560 3174 2630 Spiritus
3226 2567 3462 2620 sanctus,
3522 2556 3701 2627 opifex

2121 2654 2280 2709 unius
2323 2654 2488 2708 totius
2531 2653 2762 2707 condita:
2807 2660 3073 2707 creaturae
3098 2692 3113 2715 ,
3167 2651 3330 2704 unius
3381 2648 3702 2720 glomeratio

2121 2742 2423 2806 charitatis,
2459 2742 2621 2796 unius
2662 2741 2900 2796 ambitus
2938 2739 3243 2795 dilectionis
3278 2746 3548 2793 eomterna
3577 2737 3701 2791 sub-

2121 2835 2339 2890 stantia.
2387 2833 2506 2904 Ipse
2546 2847 2761 2903 quoque
2784 2831 2949 2886 Pater
2973 2845 3072 2901 per
3105 2830 3452 2897 semetipsum
3478 2827 3703 2882 descen-

2121 2929 2199 2983 dit
2226 2927 2292 2981 ad
2320 2935 2525 2982 turrem
2572 2941 2732 2995 quam
2775 2923 3113 2979 aediﬁcabant
3140 2921 3235 2975 ﬁlii
3262 2920 3452 2979 Adam,
3487 2927 3543 2973 et
3566 2918 3701 2972 dixit

2119 3017 2257 3071 Filio
2304 3024 2360 3071 et
2407 3014 2634 3085 Spiritui
2688 3020 2920 3069 sancto:
2958 3008 3161 3076 Venite,
3219 3007 3616 3070 descendamus,
3652 3015 3699 3059 et

444 3102 630 3158 auditu
681 3103 983 3166 credamus,
1029 3111 1140 3168 aut,
1173 3104 1590 3170 srnoluerimus,
1620 3121 1651 3161 a
1678 3107 1897 3163 dioecesi
1921 3123 2017 3163 sua
2042 3127 2090 3187 α
2121 3104 2505 3178 confundamus
2561 3106 2635 3159 ibi
2688 3103 2897 3174 linguas
2932 3102 3147 3184 eorum.
3197 3099 3304 3184 Per
3350 3098 3700 3167 semetipsum

439 3192 655 3248 exsules
690 3193 1005 3248 habeamur.
1050 3193 1202 3250 Tunc
1237 3193 1376 3250 lecta
1418 3203 1503 3251 est
1534 3196 1648 3266 ipsa
1678 3198 1923 3267 epistola,
1962 3207 2016 3254 et
2120 3212 2335 3267 quoque
2358 3197 2601 3261 veniens,
2631 3188 2919 3263 dejudicio
2940 3191 3297 3247 Sodomorum
3321 3189 3459 3244 Loth
3479 3187 3696 3257 eripuit.

441 3282 671 3337 multum
714 3282 838 3337 ﬁdei
874 3290 1075 3338 nostra:
1118 3284 1414 3348 contraria,
1440 3300 1561 3355 quae
1589 3287 1809 3341 nuncin
1833 3287 2012 3343 Veteri

437 3370 783 3427 Testamento
804 3386 905 3427 nec
928 3372 985 3426 in
1007 3370 1156 3428 Novo
1176 3382 1332 3428 erant
1356 3374 1557 3444 scripta
1581 3390 1597 3429 :
1622 3391 1782 3445 quam
1802 3375 2011 3448 [Forte,

434 3457 579 3529 qum]
621 3459 735 3529 ipsa
760 3462 923 3515 verba
951 3460 1075 3517 ﬁdei
1110 3478 1221 3517 sure
1247 3463 1404 3518 nobis
1432 3463 1703 3532 incognita
1750 3467 1805 3521 in
1846 3482 2012 3521 unum

434 3549 800 3619 copulavimus
824 3569 838 3605 :
865 3560 921 3606 et
963 3568 1072 3623 quo
1118 3552 1328 3609 facilius
1375 3564 1811 3625 agnoscerentur,
1862 3572 2013 3613 more

435 3638 682 3706 symboli,
729 3641 880 3696 brevi
911 3642 1233 3711 compendio
1282 3643 1335 3698 in
1379 3646 1573 3715 pagina
1620 3630 2007 3715 co‘mpegimus.

433 3724 501 3778 Et
525 3736 784 3796 quantum
822 3730 1156 3786 diseordaret
1194 3730 1260 3787 de
1303 3731 1408 3788 ﬁde
1448 3744 1656 3797 nostra,
1707 3737 2009 3805 symbolum

431 3814 685 3885 Ephesini
712 3818 859 3891 [Leg.
882 3823 1057 3888 potius
1088 3821 1314 3894 Nicaeni]
1353 3826 1565 3880 concilii
1593 3826 1643 3880 ei
1676 3827 2008 3881 contrarium

429 3906 730 3973 posuimus.

500 4011 745 4069 XXXIX.
784 4013 1001 4071 Primus
1035 4033 1134 4087 ego
1167 4019 1456 4075 Hctherius
1497 4021 1717 4077 Oxomae
1763 4024 1906 4078 sedis
1930 4025 2008 4078 in-

430 4103 623 4170 dignus
668 4106 976 4162 nominatus
1016 4109 1327 4181 episcopus,
1376 4112 1466 4180 qui
1500 4114 1569 4169 ab
1603 4114 2007 4185 archiepiscopo

430 4192 693 4249 Toletano
741 4211 1025 4267 nuncupor
1069 4214 1189 4255 esse
1228 4200 1531 4267 haareticus,
1580 4202 1798 4273 profero
1845 4204 2005 4260 ﬁdem

427 4297 603 4338 meam
647 4284 857 4341 cunctis
909 4288 1266 4345 audientibus.
1317 4289 1487 4357 Quam
1532 4291 1692 4347 ﬁdem
1739 4308 1768 4347 a
1806 4295 2006 4350 sanctis

426 4366 677 4425 Patrihus
721 4373 925 4443 accepi,
973 4376 1198 4443 credidi,
1229 4385 1283 4431 et
1306 4378 1450 4432 omni
1478 4379 1734 4435 Ecclesia:
1768 4382 2006 4438 recitan-

2115 3288 2220 3344 Per
2259 3288 2604 3357 semetipsum
2642 3287 2806 3341 etiam
2844 3287 2898 3340 in
2941 3291 3124 3339 monte
3169 3283 3298 3337 Sina
3346 3281 3697 3342 descendens,

2115 3380 2286 3450 Moysi
2331 3380 2503 3449 legem
2551 3378 2718 3433 dedit.
2750 3377 2884 3431 Nam
2913 3377 2959 3430 si
2990 3374 3291 3442 intelligam
3315 3372 3481 3427 vultis
3510 3386 3699 3441 perso-

2113 3484 2234 3534 nas,
2261 3467 2531 3538 quomodo
2580 3467 2653 3522 sit
2702 3482 2843 3521 unus
2885 3466 3028 3520 Deus
3079 3464 3339 3527 Trinitas,
3390 3463 3697 3532 cognoscite

2113 3563 2475 3633 comparative
2503 3559 2738 3631 lapidem
2784 3568 2839 3615 et
2885 3560 3063 3631 ignem
3091 3557 3181 3627 qui
3218 3557 3274 3610 in
3302 3570 3367 3610 eo
3396 3563 3501 3619 est,
3528 3562 3584 3609 et
3606 3553 3698 3608 fri-

2112 3667 2241 3724 gore
2280 3651 2336 3705 in
2384 3650 2561 3720 lapide
2612 3659 2882 3713 manente,
2938 3664 3102 3703 unam
3150 3662 3273 3702 esse
3310 3646 3690 3723 substantiam.

2109 3740 2388 3797 Attendite
2434 3739 2595 3809 hujus
2636 3740 2828 3809 lapidis
2871 3736 3350 3808 comparationem,
3405 3734 3690 3790 indivisam

2109 3846 2469 3901 personarum
2521 3829 2884 3883 Trinitatem:
2915 3837 2971 3882 et
3005 3827 3050 3881 si
3075 3825 3397 3897 przevaletis,
3447 3821 3693 3878 conside-

2111 3933 2228 3979 rate
2255 3924 2322 3979 de
2348 3922 2607 3978 ineffabili
2640 3921 2951 3984 Divinitate,
2983 3927 3039 3975 et
3061 3919 3237 3973 videte
3271 3917 3432 3971 unius
3467 3914 3690 3969 Deitatis

2108 4013 2432 4068 invisibilem
2480 4011 2821 4065 Trinitatem.
2869 4010 2938 4063 Et
2980 4009 3120 4063 sicut
3171 4006 3277 4061 alia
3325 4013 3412 4059 est
3457 4018 3687 4073 persona

2108 4103 2328 4173 frigoris
2358 4101 2628 4156 manentis
2655 4101 2708 4154 in
2734 4100 2931 4168 lapide,
2968 4109 3129 4167 atque
3156 4097 3260 4150 alia
3291 4095 3432 4166 ignis
3466 4109 3688 4148 manen—

2107 4194 2178 4247 tis
2206 4192 2260 4246 in
2287 4200 2507 4261 parente
2532 4208 2544 4244 :
2572 4197 2627 4245 et
2651 4196 2828 4244 tamen
2866 4187 3165 4259 procedens
3191 4200 3300 4240 non
3338 4182 3538 4239 desinit
3571 4195 3691 4237 esse

2107 4300 2229 4340 cum
2276 4284 2709 4356 generanterita
2754 4281 2879 4336 Filii
2922 4295 3153 4351 persona
3201 4279 3307 4333 alia
3356 4283 3461 4342 est,
3496 4284 3553 4330 et
3580 4287 3687 4328 non

2108 4375 2304 4431 desinit
2353 4376 2407 4428 in
2455 4389 2561 4429 una
2604 4373 2905 4428 substantia
2933 4371 3163 4427 Deitatis
3197 4384 3318 4424 esse
3345 4382 3470 4423 eum
3503 4365 3683 4419 Patre.

426 4462 548 4515 dam
592 4464 902 4532 przedicavi.
953 4466 1021 4521 Et
1059 4467 1198 4523 sicut
1222 4484 1343 4523 cum
1371 4470 1517 4525 omni
1547 4470 1788 4528 Ecclesia
1813 4473 1999 4529 catho-
2031 4466 2082 4528 D
2109 4467 2179 4521 Et
2213 4467 2353 4521 sicut
2376 4465 2512 4536 lapis
2531 4464 2788 4535 prmeedit
2823 4464 3000 4534 ignem
3028 4461 3177 4516 illum
3208 4460 3263 4514 in
3289 4473 3349 4513 se
3377 4463 3684 4512 manentem

428 4550 529 4604 lica
579 4554 740 4608 corde
788 4555 1015 4622 retineo,
1060 4572 1154 4612 ore
1186 4558 1370 4627 patulo
1398 4560 1518 4614 dico
1547 4578 1558 4614 :
1590 4578 1609 4611 ε
1636 4560 1916 4617 Credimus
1944 4563 2001 4616 in

424 4656 590 4695 tinum
630 4643 794 4698 Deum
832 4645 1050 4702 Patrem
1083 4650 1527 4719 omnipotentem.
1565 4652 1845 4709 Factorem
1876 4655 2000 4710 οωιί

421 4739 478 4784 et
506 4740 686 4797 terrze,
733 4735 1023 4791 visibilium
1058 4739 1297 4794 omnium
1345 4750 1400 4795 et
1436 4742 1782 4798 invisibilium
1816 4745 2001 4800 condi-

423 4830 615 4877 torem.
666 4823 734 4878 Et
781 4824 836 4878 in
880 4842 1045 4881 unum
1093 4827 1378 4884 Dominum
1425 4827 1628 4894 Iesum,
1671 4831 1865 4887 Filium
1903 4834 2000 4888 Dei

422 4913 779 4985 unigenitum,
830 4932 897 4973 ex
935 4916 1096 4973 Patre
1146 4928 1331 4974 natum
1381 4930 1507 4975 ante
1562 4923 1741 4977 omnia
1780 4925 1994 4978 suacula.

423 5000 592 5057 Deum
620 5019 686 5058 ex
731 5005 860 5060 Deo.
907 5005 1109 5061 Lumen
1142 5022 1208 5061 ex
1248 5008 1469 5063 lumine.
1509 5009 1676 5065 Deum
1714 5026 1899 5064 verum
1931 5028 1998 5066 ex

422 5091 533 5148 Deo
578 5109 722 5157 vero,
783 5104 967 5151 natum
994 5137 1009 5160 ,
1056 5113 1165 5153 non
1213 5096 1432 5162 factum,
1480 5100 1795 5155 bomousion
1827 5101 1993 5167 Patri,

421 5182 527 5239 hoc
553 5192 655 5248 est,
695 5184 936 5253 ejusdem
973 5203 1097 5243 cum
1124 5188 1284 5243 Patre
1314 5191 1647 5246 substantia.
1694 5190 1799 5245 Per
1834 5207 1994 5262 quem

420 5275 603 5330 omnia
653 5275 793 5332 facta
841 5284 986 5342 sunt,
1036 5294 1156 5348 quae
1204 5280 1257 5333 in
1299 5280 1454 5343 cmlo,
1494 5288 1550 5335 et
1583 5296 1703 5351 quae
1740 5282 1792 5336 in
1830 5290 1992 5336 terra.

422 5361 523 5430 Qui
542 5373 762 5435 propter
786 5382 903 5431 nos,
934 5376 987 5420 et
1010 5376 1231 5437 propter
1257 5377 1495 5423 nostram
1522 5370 1748 5425 salutem
1774 5371 1997 5426 descen—

420 5450 520 5507 dit.
548 5453 617 5508 Et
652 5455 965 5512 incarnatus
1009 5463 1095 5513 est
1140 5457 1207 5513 de
1245 5455 1448 5527 Spiritu
1495 5465 1703 5524 sancto,
1743 5466 1800 5513 et
1829 5457 1993 5513 Maria

424 5540 629 5612 virgine
654 5544 815 5600 homo
843 5543 1034 5601 factus.
1071 5544 1267 5601 Passus
1306 5547 1406 5602 sub
1442 5546 1635 5602 Pontio
1670 5547 1858 5603 Pilato.
1898 5545 1996 5601 Se-

420 5628 620 5696 pultus.
653 5630 833 5685 Tertia
888 5634 975 5688 die
1019 5635 1333 5688 resurrexit.
1383 5634 1638 5690 Ascendit
1685 5635 1739 5689 in
1787 5635 1989 5691 cmlos:

422 5715 570 5770 scde‘
596 5717 663 5772 ad
692 5719 965 5773 dexteram
1006 5720 1200 5774 Patris.
1253 5724 1448 5777 lterum
1491 5732 1749 5780 venturus
1802 5735 1884 5782 est
1935 5729 1991 5782 in

2102 4556 2158 4609 in
2182 4554 2407 4617 visione,
2457 4554 2531 4607 ita
2567 4552 2730 4605 Pater
2762 4551 3020 4621 prmeedit
3056 4549 3273 4613 Filium,
3306 4563 3415 4602 non
3442 4554 3685 4614 tempore

2103 4645 2196 4701 sed
2238 4645 2466 4716 origine.
2496 4643 2615 4713 Ipse
2644 4658 2857 4713 quoque
2882 4642 2977 4696 Dei
3007 4641 3195 4705 Filius,
3239 4654 3360 4694 cum
3397 4638 3471 4692 sit
3506 4635 3682 4705 splen-

2101 4740 2200 4795 dor
2227 4739 2428 4811 glorim,
2460 4747 2517 4792 et
2546 4738 2715 4809 ﬁgura
2746 4737 3059 4792 substantim
3100 4733 3236 4803 ejus,
3285 4734 3553 4787 Deitatem
3604 4732 3685 4786 in-

2098 4831 2366 4886 visibilcm
2413 4830 2768 4894 exinanicns,
2820 4828 3067 4898 apparuit
3113 4825 3368 4895 subjectae
3420 4831 3682 4880 creatura:

2102 4918 2281 4988 specie
2305 4933 2424 4972 cum
2450 4917 2610 4973 Patre
2640 4925 2696 4972 et
2722 4916 2928 4987 Spiritu
2976 4924 3165 4971 sancto
3203 4914 3437 4968 Abrahae
3472 4914 3527 4967 in
3566 4912 3680 4980 ipso

2099 5008 2312 5063 fervore
2336 5007 2461 5061 diei.
2488 5006 2624 5073 Quia
2651 5006 2791 5061 sicut
2816 5007 3058 5061 absentia
3086 5005 3226 5060 lucis
3262 5005 3503 5058 tenebra:
3530 5010 3673 5064 sunt,

2097 5106 2153 5153 et
2198 5099 2441 5153 absentia
2483 5099 2717 5153 tenebrae
2741 5097 2830 5151 lux
2856 5111 2977 5153 esse
2999 5096 3256 5159 creditur,
3289 5096 3507 5149 tertium
3537 5095 3678 5148 inter

2096 5195 2356 5257 utrosque
2400 5203 2508 5241 non
2550 5187 2764 5242 obsistit
2791 5205 2810 5241 :
2835 5188 2915 5241 sic
2941 5187 2995 5240 in
3022 5202 3130 5240 uno
3158 5187 3336 5241 Verbo
3362 5185 3479 5249 Dei,
3513 5184 3566 5238 id
3594 5193 3675 5237 est

2095 5279 2256 5333 unico
2297 5278 2434 5333 Filio
2469 5277 2602 5346 ejus,
2651 5277 3043 5341 fortitudinem,
3092 5286 3148 5331 et
3172 5277 3452 5341 honorem,
3485 5284 3540 5329 et
3566 5274 3671 5345 ειυ-

2095 5369 2233 5425 riam
2282 5384 2400 5424 esse
2442 5370 2731 5425 credimus.
2775 5369 2844 5423 Et
2887 5369 3027 5424 sicut
3074 5368 3308 5438 Spiritus
3329 5382 3456 5437 pars
3481 5367 3672 5420 anima:

2094 5467 2195 5523 est,
2224 5473 2321 5529 per
2347 5474 2505 5529 quam
2539 5459 2804 5531 imagines
2851 5474 3030 5514 rerum
3082 5457 3438 5527 corporalium
3489 5453 3669 5524 impri-

2093 5556 2355 5602 muntur:
2386 5547 2526 5603 sicut
2575 5563 2726 5603 mens
2775 5562 2901 5617 pars
2948 5546 3188 5616 ejusdem
3239 5546 3436 5600 animae
3468 5551 3554 5599 est
3576 5555 3668 5611 per

2093 5654 2254 5708 quam
2286 5638 2464 5693 omnis
2503 5638 2642 5692 ratio
2668 5637 3131 5710 intelligentiaque
3160 5636 3459 5707 percipitur
3487 5652 3500 5687 :
3529 5634 3662 5689 sicut

2096 5728 2377 5790 memoria.
2427 5742 2545 5794 quze
2591 5726 2837 5782 meditari
2885 5735 3255 5782 memoratur:
3284 5727 3363 5782 sic
3401 5726 3455 5780 in
3489 5722 3654 5779 Verbo
