3992 6176
276 334 380 389 917

938 332 1217 388 HETERII
1254 331 1341 387 ΕΤ
1380 328 1438 385 S.
1480 326 1681 383 BEATI
1717 325 1808 379 AD
1844 324 2259 382 ELIPANDUM.
2300 328 2516 384 EPIST.
2555 362 2625 372 —-
2661 333 2789 389 LIB.
2826 335 2867 388 I.

3397 340 3499 394 9l8

280 443 371 499 Dei
414 458 514 513 pro
561 443 674 499 suis
716 441 906 498 omciis
933 442 1143 498 diversa
1193 445 1505 497 meruerunt
1551 433 1830 499 vocabula,
1862 434 1913 494 Α
1937 434 2040 489 sibi
2086 436 2409 505 coaequalem
2451 448 2503 494 et
2552 441 2670 497 sine
2718 444 2999 513 adoptione
3045 448 3258 515 genuit,
3315 460 3506 504 cuncta

275 551 394 606 qum
426 549 766 605 nequaquam
812 532 1121 590 dividuntur
1157 535 1213 588 in
1246 531 1622 588 substantiam.
1671 527 1839 595 Quem

273 642 431 685 sacra
468 622 749 695 Scriptura
777 632 1006 679 testatur
1028 639 1127 693 pro
1154 622 1325 678 salute
1356 620 1578 676 humani
1607 618 1837 690 generis,

273 716 477 772 deitate
524 714 816 778 exinanita,
846 712 1121 768 hominem
1171 710 1394 776 factum,
1442 708 1837 786 circumcisum,

273 806 627 875 baptizatum,
671 803 1017 874 ﬂagellatum,
1061 802 1396 867 cruciﬁxum,
1434 809 1724 864 mortuum,
1758 814 1843 854 se-

270 897 501 967 pultum,
545 909 775 958 servum,
818 892 1107 962 captivum,
1145 893 1508 963 peregrinum,
1549 889 1838 959 leprosum,

272 985 606 1054 despectum,
635 990 710 1048 et,
741 982 885 1052 quod
921 991 1004 1037 est
1029 982 1284 1047 deterius,
1320 997 1427 1036 non
1453 981 1624 1035 solum
1649 982 1717 1035 ab
1746 995 1841 1035 an-

271 1074 423 1144 gelis,
458 1072 554 1127 sed
579 1072 740 1125 etiam
782 1072 851 1125 ab
894 1071 1201 1126 hominibus
1227 1071 1569 1134 minoratum,
1604 1082 1840 1123 vermcm

270 1177 392 1217 esse
438 1161 663 1225 dictum,
707 1174 775 1214 ex
819 1175 1047 1229 persona
1099 1160 1374 1228 Scriptura
1423 1156 1540 1226 ejus
1587 1158 1836 1212 dicente:

271 1250 387 1320 Ego
414 1266 532 1304 sum
549 1250 754 1312 vermis,
777 1258 825 1302 et
853 1264 957 1302 non
978 1250 1167 1314 homo;
1190 1248 1520 1319 opprobrium
1548 1248 1835 1312 hominum,

1941 527 2159 581 creavit.
2188 526 2256 580 Et
2281 543 2378 596 per
2407 530 2581 599 ipsum
2622 532 2718 587 Dei
2762 534 2922 588 simul
2962 542 3016 589 et
3059 536 3292 591 hominis
3333 537 3503 592 lilium

1941 616 2175 671 Verbum
2209 632 2423 672 carnem
2451 618 2669 686 factum,
2713 623 3019 691 adoptivum
3061 625 3412 691 humanitate,
3454 637 3508 682 et

1939 725 2276 781 nequaquam
2309 713 2614 782 adoptivum
2642 716 2938 780 divinitate,
2968 717 3228 772 mundum
3257 719 3504 774 redemit.

1940 799 2126 854 Videte
2171 799 2449 869 Spiritum,
2491 804 2581 872 qui
2612 803 2770 858 solvit
2795 802 2998 860 Iesum.
3028 805 3247 875 Aperite
3279 807 3464 863 oculos
3489 824 3504 861 :

1940 895 2122 955 aperta
2169 890 2392 943 materia
2433 900 2536 945 est.
2591 891 2825 961 Spiritus
2871 895 3075 949 erroris
3120 896 3223 951 hoc
3265 896 3505 952 dictavit.

1937 974 2084 1029 Illius
2109 976 2422 1032 Antichristi
2459 980 2679 1049 spiritus
2705 981 2757 1034 in
2789 981 2892 1036 hoc
2921 982 3221 1051 inspiravit.
3271 983 3327 1037 Si
3360 992 3507 1039 certe

1938 1056 2175 1131 mentio,
2197 1069 2288 1136 qui
2329 1068 2640 1124 discordant
2669 1071 2915 1144 symboli,
2946 1073 3038 1140 qui
3063 1072 3373 1127 discordant
3396 1073 3511 1142 cpio

1939 1155 2123 1209 stoke?
2153 1155 2335 1225 Legite
2362 1158 2641 1227 epistolam
2669 1158 2937 1225 Ioannis,
2952 1161 3055 1215 hoc
3085 1177 3190 1216 non
3220 1162 3369 1215 dicit.
3403 1160 3511 1215 Sed

1939 1244 2068 1315 quid
2100 1247 2267 1301 dicit?
2285 1247 2637 1303 Amichristus
2664 1259 2736 1303 est
2761 1253 2848 1320 qui
2869 1252 3050 1305 Iesum
3086 1253 3255 1306 solvit.
3280 1251 3511 1323 Spiritus

271 1350 319 1393 et
366 1339 589 1408 abjeetio
638 1337 821 1408 plebis.
865 1337 1031 1406 Cujus
1066 1339 1308 1409 gloriam,
1333 1339 1622 1393 secundum
1649 1338 1839 1392 divini-
1938 1338 2134 1390 erroris
2157 1347 2231 1390 est
2255 1339 2344 1408 qui
2375 1338 2574 1407 negarit
2601 1338 2779 1393 Iesum
2803 1341 2856 1393 in
2877 1352 3033 1394 carne
3052 1342 3266 1395 venisse.
3289 1342 3513 1410 Aposto-

272 1434 456 1488 tatcm,
497 1432 713 1494 stupent
758 1424 1019 1492 cmlestia,
1067 1433 1122 1481 et
1171 1427 1839 1497 magnitudinem‘contrc-
1937 1426 2231 1482 Iusclamat
2250 1437 2452 1497 aperte,
2471 1436 2526 1483 et
2549 1428 2838 1484 dicitzNos
2855 1430 3076 1484 vidimus
3101 1440 3146 1483 et
3171 1432 3513 1499 testiﬁcamur

274 1515 509 1569 miscunt
544 1522 779 1569 terrena.
829 1515 897 1569 Et
920 1516 1011 1584 qui
1041 1516 1171 1571 dicit
1192 1516 1416 1588 gloriam
1465 1532 1639 1570 meam
1683 1517 1837 1571 alteri
1935 1519 2181 1589 quoniam
2208 1517 2368 1571 Pater
2390 1519 2529 1571 misit
2554 1517 2755 1571 Filium
2784 1536 2935 1572 suum
2961 1517 3283 1573 Salvatorem
3307 1520 3511 1573 meridi.

274 1623 380 1662 non
422 1605 578 1669 dabo,
620 1607 780 1661 homo
811 1606 1037 1663 interior
1061 1605 1226 1679 [inter
1251 1606 1372 1679 nos]
1409 1607 1461 1660 in
1493 1622 1597 1661 una
1625 1608 1838 1661 eadem-
1939 1609 2186 1680 Quisquis
2230 1609 2496 1679 confessus
2532 1609 2691 1679 fuerit
2730 1611 2978 1680 quoniam
3022 1609 3177 1663 Iesus
3220 1619 3295 1663 est
3338 1609 3513 1663 Filius

273 1699 490 1768 queDei
511 1707 567 1757 et
588 1699 820 1753 hominis
841 1714 1069 1769 persona
1091 1698 1502 1770 agglomeratus,
1532 1707 1691 1767 atque
1715 1714 1836 1753 car—
1869 1759 1911 1770 _
1938 1696 2055 1762 Dei,
2100 1697 2239 1752 Deus
2276 1700 2332 1751 in
2364 1715 2424 1751 eo
2460 1706 2654 1762 manet,
2705 1707 2753 1751 et
2794 1699 2903 1767 ipse
2943 1699 2997 1750 in
3042 1696 3170 1750 Deo.
3224 1698 3292 1751 Et
3339 1697 3515 1752 adhuc

274 1759 360 1848 nis
404 1791 722 1846 vestimento
760 1759 994 1846 ind-ntus.
1023 1759 1289 1858 Quia-non
1320 1805 1417 1860 per
1444 1790 1594 1846 illum
1606 1759 1710 1862 ’ριιί
1740 1806 1838 1845 na-
1869 1759 1916 1818 Β
1941 1789 2247 1844 dubitamus
2291 1789 2549 1844 credere?
2573 1788 2640 1842 Et
2687 1759 2863 1842 adhuc
2899 1787 3204 1842 dubitamus
3233 1785 3515 1840 conﬁteri?

276 1893 363 1937 tus
399 1891 482 1937 est
522 1883 589 1937 de
630 1882 848 1953 Virgine
893 1882 1122 1937 visibilia
1162 1882 1419 1947 condidit,
1457 1884 1549 1938 sed
1574 1898 1670 1952 per
1695 1881 1842 1936 illum
1938 1876 2228 1945 Apostolus
2287 1877 2416 1933 dicit
2455 1891 2469 1930 :
2510 1874 2612 1941 Qui
2662 1884 2812 1946 negat
2861 1875 3000 1945 quod
3034 1874 3188 1929 Iesus
3232 1885 3306 1928 est
3346 1872 3518 1928 Filius

273 1976 366 2046 qui
392 1990 496 2029 non
520 1982 604 2030 est
629 1974 937 2043 adoptione,
963 1974 1057 2029 sed
1078 1988 1305 2044 genere;
1336 1988 1508 2043 neque
1533 1974 1726 2043 gratia,
1750 1973 1844 2028 sed
1940 1968 2068 2033 Dei.
2110 1979 2262 2039 negat
2304 1987 2421 2025 eum
2454 1970 2507 2024 in
2548 1985 2703 2023 carne
2742 1970 2937 2023 venisse
2954 1986 2973 2035 ;
3019 1978 3073 2023 et
3106 1968 3222 2039 ipse
3259 1964 3527 2051 est‘antiJ

273 2072 491 2120 natura.

344 2151 479 2205 XLI.
526 2168 545 2200 ι
575 2150 642 2204 Et
668 2164 767 2220 per
802 2150 966 2205 istum
1001 2149 1095 2204 Dei
1123 2150 1360 2204 simulet
1386 2150 1621 2204 hominis
1653 2148 1841 2212 ﬁlium,

198 2242 205 2255 '
279 2241 588 2310 adoptivum
614 2241 966 2307 humanitate,
998 2248 1051 2296 et
1077 2257 1409 2311 nequaquam
1431 2241 1736 2310 adoptivum
1768 2240 1847 2295 di-

276 2332 525 2394 vinitate,
561 2330 817 2384 mundum
842 2330 1086 2385 redemit.
1116 2330 1217 2397 Qui
1243 2337 1326 2385 est
1350 2331 1492 2385 Deus
1514 2330 1655 2383 inter
1677 2329 1843 2383 Deos:

273 2421 369 2490 qui
401 2429 584 2474 utrum
613 2419 951 2484 comedisset,
990 2435 1056 2474 an
1084 2420 1327 2485 bibisset,
1352 2420 1402 2474 ei
1432 2419 1702 2489 cognitum
1730 2434 1846 2473 ma—

276 2503 389 2573 net,
422 2512 508 2565 cui
536 2509 789 2565 nonnulla
832 2512 1059 2565 actionis
1097 2526 1207 2567 sua:
1247 2511 1500 2582 mysteria
1527 2510 1736 2566 nescire
1758 2525 1849 2564 vo-

276 2602 380 2656 luit
410 2598 650 2673 [noluit].
694 2599 829 2666 Quia
870 2601 916 2655 si
951 2600 1239 2672 conformes
1285 2610 1406 2655 sunt
1445 2616 1634 2656 omnes
1676 2602 1848 2655 sancti

277 2695 409 2750 huic
447 2693 583 2748 Filio
624 2693 717 2747 Dei
755 2695 1049 2749 secundum
1087 2695 1331 2765 gratiam,
1381 2695 1623 2765 profecto
1648 2702 1848 2749 etcum

279 2785 530 2854 adoptivo
554 2785 807 2854 adoptivi,
839 2793 892 2838 et
916 2801 1037 2840 cum
1070 2785 1328 2841 advocato
1355 2787 1618 2852 advocati,
1649 2795 1703 2841 et
1728 2801 1850 2842 cum

280 2877 498 2932 Christo
519 2877 728 2943 christi,
757 2885 953 2932 etcum
977 2878 1199 2946 parvulo
1222 2877 1451 2947 parvuli,
1475 2888 1528 2932 et
1553 2893 1676 2932 cum
1695 2893 1852 2934 servo

283 2967 449 3022 servi.
495 2966 670 3022 Credo
699 2967 862 3020 etiam
910 2966 1052 3021 inter
1084 2967 1198 3035 ipsa
1229 2965 1401 3021 sancti
1440 2965 1673 3036 Spiritus
1721 2968 1851 3022 cha-

282 3060 511 3114 rismata
547 3059 858 3129 gratiarum,
910 3057 1164 3128 Spiritum
1209 3068 1453 3115 sanctum
1487 3075 1606 3115 esse
1646 3059 1852 3130 adopti-
1878 3092 1926 3155 ο

280 3164 429 3214 vum,
455 3151 510 3203 in
531 3165 633 3220 quo
672 3148 979 3214 clamamus,
1021 3149 1163 3203 Abba
1210 3150 1372 3204 Pater
1395 3168 1413 3205 :
1442 3152 1494 3206 in
1518 3168 1624 3221 quo
1653 3152 1854 3223 Spiritu

284 3255 394 3295 non
433 3254 569 3310 nego
611 3238 883 3294 hominem
910 3238 1181 3299 Christum
1218 3253 1337 3294 esse
1365 3241 1693 3310 adoptivum.
1728 3241 1857 3296 Gre-

286 3329 464 3385 dimus
503 3329 645 3384 enim
689 3329 814 3397 quia
862 3328 918 3383 in
965 3330 1357 3385 resurrectione
1405 3330 1607 3385 similes
1652 3330 1703 3385 ei
1748 3331 1857 3386 eri-

288 3436 430 3486 mus,
480 3436 588 3475 non
634 3419 928 3485 divinitate,
967 3422 1062 3476 sed
1102 3421 1282 3476 carnis
1313 3420 1665 3497 humanitate,
1711 3422 1859 3476 vide-

287 3512 417 3567 licet
481 3510 661 3566 carnis
721 3510 1087 3580 assumptione
1139 3526 1303 3580 quam
1355 3512 1561 3579 accepit
1613 3511 1679 3566 de
1732 3510 1857 3565 Vir-

287 3615 431 3671 gine.
464 3620 482 3651 ι

361 3685 519 3742 XLII.
552 3687 695 3742 Ecce
723 3688 857 3742 duos
881 3687 1152 3757 symbolos
1191 3687 1355 3742 nimis
1392 3687 1536 3742 inter
1562 3701 1619 3741 se
1646 3695 1862 3741 contra-

287 3774 422 3836 rios,
449 3781 510 3854 et
535 3775 689 3828 valde
726 3774 829 3829 sibi
870 3775 1177 3829 dissimiles.
1214 3775 1282 3828 Et
1319 3775 1372 3828 hi
1406 3776 1530 3839 duo,
1564 3774 1654 3842 qui
1684 3788 1750 3827 ex
1777 3774 1865 3830 his

289 3861 481 3915 divisis
505 3901 519 3923 ,
570 3860 864 3916 Ecclesium
908 3862 1107 3917 Christi
1157 3871 1407 3917 tractare.
1454 3863 1522 3916 Et
1571 3864 1863 3918 secundum

287 3948 435 4018 quod
472 3947 704 4004 Joannes
753 3952 1025 4018 apostolus
1054 3952 1107 4006 in
1142 3967 1237 4007 sua
1264 3966 1363 4007 nos
1389 3952 1615 4023 epistola
1643 3953 1864 4023 instiga-

288 4040 390 4103 vit,
418 4039 600 4095 dicens
627 4056 640 4092 :
668 4036 993 4107 Charissimi,
1026 4041 1183 4095 nolite
1210 4043 1351 4096 omni
1374 4044 1586 4113 spiritui
1622 4042 1864 4107 credere;

1942 2058 2197 2113 christus.

2388 2147 2772 2204 ELIPANDUS
2810 2148 3006 2204 DICIT.

2014 2236 2192 2292 XLIII.
2217 2253 2235 2287 ‹
2268 2234 2371 2302 Qui
2418 2253 2523 2292 nou
2553 2237 2715 2292 fuerit
2739 2238 3017 2294 confessus
3040 2237 3223 2293 Iesum
3250 2236 3521 2293 Christum

1946 2326 2255 2396 adeptivum
2313 2326 2669 2394 humanitate,
2720 2335 2774 2381 et
2825 2342 3164 2398 nequaquam
3207 2327 3516 2396 adoptivum

1946 2418 2244 2481 divinitate,
2290 2425 2345 2472 et
2388 2417 2677 2474 haereticus
2721 2425 2822 2484 est,
2850 2426 2905 2472 et
2957 2417 3361 2474 exterminetur.
3411 2419 3521 2472 Au-

1947 2509 2076 2580 ferte
2100 2508 2297 2562 malum
2333 2508 2398 2563 de
2445 2518 2586 2563 terra
2641 2518 2828 2563 uestra.
2883 2508 3001 2564 Non
3038 2524 3123 2563 me
3165 2509 3521 2579 interrogant,

1946 2599 2041 2654 sed
2064 2599 2255 2653 docere
2269 2606 2531 2667 quazrunt,
2560 2598 2685 2668 quia
2708 2599 2847 2655 servi
2867 2608 2992 2653 sunt
3013 2598 3337 2653 antichristi.
3371 2598 3523 2653 llanc

1947 2687 2228 2756 epistolam
2259 2687 2472 2743 Domini
2507 2699 2533 2729 ι
2571 2687 2811 2743 Ascarici
2857 2688 3092 2758 episcopi
3121 2688 3239 2742 ideo
3271 2687 3523 2741 fraterni-

1949 2779 2049 2832 tati
2101 2787 2207 2833 tua:
2238 2778 2430 2842 direxi,
2491 2777 2809 2832 charissime
2867 2776 3084 2841 Fidelis,
3112 2784 3172 2830 ut
3231 2791 3526 2846 cognoscas

1948 2876 2147 2936 quanta
2170 2866 2241 2920 in,
2265 2865 2464 2921 Christi
2506 2867 2677 2922 servis
2701 2874 2888 2937 regnet
2913 2866 3209 2933 humilitas,
3246 2874 3445 2935 quanta
3467 2866 3525 2920 in

1951 2958 2262 3014 Antichristi
2303 2958 2578 3027 discipulis
2604 2966 2788 3029 regnet
2821 2958 3093 3027 superbia.

2028 3065 2047 3097 α
2092 3046 2225 3101 Cum
2262 3047 2511 3102 dominus
2558 3046 2842 3102 Ascaricus
2866 3046 3000 3101 mihi
3026 3061 3147 3101 non.
3161 3046 3400 3101 docentis
3427 3045 3530 3099 im-

1955 3135 2126 3205 perio,
2183 3136 2277 3190 sed
2334 3135 2716 3209 interrogantis
2756 3144 2881 3191 voto
2934 3150 2999 3190 ea
3048 3135 3284 3190 scribere
3337 3135 3527 3201 voluit,

1956 3228 2097 3282 sicut
2125 3228 2273 3281 illum
2298 3243 2424 3283 vera
2474 3228 2752 3283 humilitas
2803 3228 3004 3283 docuit.
3045 3227 3137 3281 Isti
3188 3224 3530 3288 vero,.modo

1955 3324 2009 3371 et
2035 3318 2307 3372 contraria
2370 3316 2613 3381 dicendo,
2677 3315 2857 3381 modo,
2900 3323 2953 3370 et
2981 3315 3136 3383 quasi
3193 3302 3529 3382 ignorantem

1956 3422 2061 3469 me,
2090 3406 2218 3475 quid
2260 3414 2468 3461 rectum
2494 3406 2582 3469 sit,
2613 3404 2897 3459 noluerunt
2923 3404 3277 3472 interrogare,
3314 3405 3407 3457 sed
3432 3405 3530 3460 do-

1959 3510 2103 3549 cere.
2146 3494 2297 3549 Unde
2320 3495 2460 3549 Deus
2485 3494 2633 3548 novit
2666 3493 2792 3562 quia
2818 3494 2946 3549 licet
2991 3502 3243 3562 proterve
3283 3495 3533 3564 scripsis-

1960 3592 2117 3638 sent:
2162 3598 2282 3635 nam
2310 3584 2355 3637 si
2387 3598 2511 3637 vera
2542 3583 2822 3648 dixissent,
2861 3590 3047 3652 gratus
3080 3583 3299 3638 obedire
3346 3585 3528 3650 debui,

1961 3669 2354 3725 reminiscendo
2381 3670 2524 3740 quod
2568 3670 2827 3739 scriptum
2878 3679 3000 3726 est:
3038 3672 3096 3726 Si
3124 3671 3328 3740 juniori
3379 3689 3536 3729 reve-

1962 3758 2125 3811 latum
2180 3756 2357 3822 fuerit,
2413 3759 2594 3814 senior
2639 3766 2798 3814 tacet.
2851 3760 2920 3814 Et
2946 3760 3180 3815 iterum:
3226 3778 3244 3811 ι
3276 3760 3304 3800 b
3333 3761 3525 3817 Proxi-

1963 3866 2083 3904 mus
2105 3850 2191 3904 ille
2216 3851 2325 3905 Deo
2353 3860 2436 3906 est
2460 3854 2552 3922 qui
2592 3853 2694 3907 scit
2722 3853 2931 3909 ratione
2961 3842 3193 3909 tacere.»
3229 3853 3362 3908 Nam
3394 3871 3536 3909 nun-

1964 3959 2126 4013 quam
2156 3951 2237 3998 est
2265 3944 2505 4001 auditum
2556 3954 2619 4000 ut
2645 3944 2975 4000 Libanenses
3001 3945 3290 4001 Toletanos
3314 3946 3531 4002 docuis~

1956 4042 2104 4090 sent.
2144 4033 2337 4088 Notum
2365 4043 2448 4088 est
2476 4034 2619 4104 plebi
2650 4035 2933 4100 universaa,
2968 4035 3106 4090 hanc
3128 4036 3308 4090 sedem
3332 4036 3535 4091 sanc1is

292 4130 384 4185 sed
416 4129 627 4201 probate
654 4131 886 4201 spiritus,
918 4132 964 4184 si
996 4148 1059 4186 ex
1098 4132 1206 4187 Deo
1243 4133 1366 4187 sint.
1414 4132 1675 4198 Quoniam
1716 4131 1867 4186 multi
1966 4126 2226 4181 doctrinis
2250 4125 2318 4180 ab
2341 4126 2456 4194 ipso
2484 4127 2704 4182 exordio
2731 4126 2853 4181 fidei
2880 4125 3160 4192 claruisse,
3187 4134 3240 4181 et
3260 4141 3544 4196 nunquam

294 4219 750 4290 pseudoprophetaz
773 4222 1009 4274 exierunt
1033 4223 1088 4275 in
1116 4225 1253 4277 hunc
1282 4222 1553 4287 mundum.
1583 4221 1651 4275 Et
1670 4238 1734 4276 ea:
1769 4222 1866 4277 hoc
1965 4222 2367 4277 schismaticum
2411 4220 2612 4292 aliquid
2664 4235 2963 4276 emanasse.
3000 4220 3066 4274 Et
3105 4235 3247 4275 nunc
3291 4235 3394 4273 una
3419 4220 3542 4273 ovis

294 4309 627 4377 cognoscitur
652 4308 881 4379 Spiritus
917 4310 1034 4364 Dei.
1070 4310 1252 4366 Omnis
1280 4314 1494 4383 spiritus
1528 4313 1618 4383 qui
1655 4312 1869 4381 conﬁte-
1967 4312 2228 4375 morbida,
2261 4311 2449 4366 doctor
2474 4312 2629 4365 nobis
2652 4311 2860 4379 appetis
2903 4324 3041 4365 esse.
3078 4309 3145 4362 Et
3182 4318 3360 4363 tamen
3389 4307 3543 4363 nolui

298 4406 386 4450 tur
402 4398 599 4451 ’Iesum
635 4400 690 4452 in
727 4414 883 4454 carne
922 4402 1136 4466 venisse,
1170 4419 1235 4457 ea:
1271 4401 1381 4456 Deo
1425 4411 1520 4457 est.
1573 4401 1643 4456 Et
1698 4404 1865 4457 omnis
1897 4424 1942 4481 ι)
1969 4419 2035 4458 ea
2062 4404 2127 4457 ad
2153 4417 2312 4456 aures
2336 4409 2652 4456 caaterorum
2701 4401 2931 4455 fratrum
2980 4407 3290 4455 nostrorum
3338 4401 3533 4467 perdu-

298 4487 511 4557 spiritus
534 4528 548 4551 ,
582 4488 670 4557 qui
692 4487 841 4543 solvit
863 4489 1065 4557 Iesum,
1093 4508 1158 4545 ex
1183 4491 1293 4546 Deo
1318 4509 1421 4547 non
1458 4501 1551 4547 est.
1587 4491 1655 4545 Et
1681 4492 1764 4545 hic
1790 4500 1865 4546 est

296 4572 438 4626 illius
485 4572 812 4642 Antichristi,
864 4592 1015 4647 quem
1055 4578 1275 4632 audistis
1320 4581 1568 4649 quoniam
1619 4580 1769 4643 venit,
1819 4587 1867 4632 et

301 4681 437 4719 nunc
461 4667 578 4735 jam
600 4668 653 4720 in
679 4669 874 4723 mundo
904 4680 979 4724 est
1008 4670 1062 4741 (I
1085 4670 1245 4725 Ioan.
1274 4688 1347 4737 IV,
1376 4672 1452 4743 5).
1482 4672 1622 4739 Quid
1649 4680 1732 4727 est
1758 4672 1868 4727 sol-

302 4769 431 4808 vere
497 4754 678 4810 Iesum
708 4796 723 4821 ,
788 4759 893 4812 nisn
962 4775 1209 4814 seorsum
1274 4761 1442 4815 Deum
1507 4769 1562 4815 et
1626 4776 1869 4815 seorsum

302 4842 575 4899 hominem
625 4847 955 4914 praadieare?
1010 4849 1127 4918 Ipse
1177 4851 1294 4904 sine
1353 4852 1514 4906 dubio
1574 4851 1733 4906 solvit
1784 4848 1874 4904 Je—

303 4950 453 4998 sum,
501 4936 591 5003 qui
635 4937 892 5004 praedicat
933 4939 1161 5008 populo,
1213 4939 1438 4993 dicens:
1479 4938 1731 5008 Nunquid
1774 4953 1872 5008 per

304 5023 453 5076 illum
500 5025 592 5093 qui
638 5034 794 5080 natus
840 5035 928 5081 est
977 5028 1043 5082 de
1099 5028 1348 5098 Virgine,
1394 5043 1493 5097 per
1533 5029 1707 5097 ipsum
1746 5028 1878 5082 visi-

303 5111 433 5165 hilia
478 5120 532 5165 et
576 5114 862 5169 invisibilia
906 5117 1172 5181 condidit,
1222 5132 1291 5171 an
1333 5132 1431 5186 per
1474 5117 1623 5171 illum
1652 5117 1743 5186 qui
1768 5133 1876 5172 non

304 5206 391 5254 est
431 5201 714 5269 adoptione
755 5204 849 5258 sed
889 5219 1104 5273 genere,
1156 5220 1254 5260 nec
1300 5207 1472 5276 gratia
1516 5206 1610 5262 sed
1663 5215 1874 5270 natura,

307 5295 498 5343 Cuncta
522 5289 762 5344 creavit?
785 5291 852 5345 Et
874 5292 993 5347 ideo
1016 5294 1217 5362 absque
1236 5294 1397 5350 dubio
1422 5310 1521 5365 per
1545 5296 1693 5350 illum
1718 5310 1878 5366 quem

381 5472 412 5542 ἦ
440 5461 728 5542 Aseafjeus
746 5462 844 5542 fuit
864 5466 1241 5542 Braccarensis
1266 5472 1567 5542 episcopus,
1591 5471 1746 5540 cujus
1772 5474 1882 5541 epi-

311 5530 449 5610 stola
487 5532 553 5610 ad
581 5532 1149 5610 Elipandum‘legitur
1183 5541 1237 5595 in

312 5603 612 5672 niro,_tom.
642 5603 682 5666 l,
713 5618 834 5672 pag.
867 5604 989 5660 l87.

387 5669 416 5709 δ
453 5670 547 5725 Est
573 5669 810 5727 Catonis:

1361 5542 1660 5613 rtyrologio
1684 5543 1879 5612 Hispa-

1450 5810 1543 5821 ινα-,φι-

1969 4504 2109 4552 cere,
2152 4496 2439 4557 antequam
2479 4487 2606 4549 illic,
2639 4487 2728 4543 ubi
2763 4496 3009 4541 exortum
3039 4493 3122 4541 est
3166 4484 3539 4554 hujuscemodi

1968 4578 2189 4641 malum,
2240 4576 2310 4631 sit
2358 4575 2616 4631 radicitus
2670 4584 3025 4646 amputatum.
3064 4575 3199 4643 Quia
3242 4577 3537 4646 ignominia

1969 4669 2075 4725 erit
2112 4667 2264 4732 mihi,
2296 4667 2341 4722 si
2382 4677 2405 4706 ο
2446 4668 2503 4723 in
2535 4668 2827 4723 traditione
2873 4668 3145 4724 Teietana-
3183 4669 3286 4725 hoc
3336 4670 3537 4725 malum

1971 4758 2137 4813 fuerit
2165 4756 2446 4825 auditum;
2487 4759 2709 4828 utquod
2737 4773 2837 4828 ego
2865 4766 2919 4814 et
2975 4761 3157 4815 caeteri
3209 4759 3405 4816 fratres
3433 4776 3540 4816 mel

1973 4846 2029 4900 in
2074 4845 2376 4915 Ispalitanis
2420 4855 2571 4902 tanto
2617 4854 2857 4916 tempore
2891 4846 3320 4917 dijudicavimus,
3349 4860 3403 4904 et
3431 4850 3541 4905 Deo

1974 4935 2289 5000 auxiliante,
2318 4943 2426 4991 tam
2450 4936 2504 4990 in
2534 4935 2687 4992 festis
2713 4937 3041 5006 paschalium
3064 4954 3226 5008 quam
3253 4939 3308 4993 in
3329 4940 3542 4995 caeteris

1975 5025 2253 5080 erroribus
2287 5025 2314 5065 ἀ
2353 5026 2760 5096 Migetianorum
2806 5027 3057 5084 hairesim
3112 5030 3534 5085 emendavimus.

1977 5114 2131 5169 Nunc
2165 5115 2239 5170 illi
2289 5130 2320 5169 e
2348 5117 2619 5171 contrario
2661 5116 2937 5172 inveniunt
2958 5118 3098 5173 unde
3149 5134 3247 5174 nos
3291 5130 3538 5188 arguant.

1978 5205 2045 5260 Et
2088 5213 2265 5260 tamen
2305 5206 2351 5260 si
2379 5206 2552 5274 tepide
2575 5205 2735 5260 fuerit
2761 5217 3019 5273 actum,et
3048 5224 3155 5265 non
3207 5210 3367 5266 fuerit
3392 5228 3422 5265 a
3450 5228 3543 5267 vo-

1977 5296 2063 5351 bis
2094 5296 2455 5360 emendatum,
2507 5304 2632 5351 tunc
2676 5296 2806 5352 illud
2861 5299 2929 5354 ad
2956 5299 3228 5357 notionem
3288 5303 3539 5358 reducam

2054 5481 2076 5509 ο
2115 5470 2285 5525 Forte
2304 5473 2442 5524 intra
2466 5471 2711 5527 ditionem
2742 5473 3066 5531 Toletanam.

2051 5539 2078 5578 (ι
2120 5540 2457 5594 Dissidebant
2506 5540 2635 5596 illia
2665 5544 2875 5600 cmteris
2932 5546 3076 5601 circa
3130 5549 3540 5605 celebrationem

1983 5608 2300 5690 Paschalis.”
2338 5608 2568 5690 ideoque
2612 5611 2846 5690 damnati
2881 5630 2912 5668 a
2941 5617 3173 5690 concilio,
3219 5620 3539 5690 llispaleusi,

1986 5677 2067 5733 cui
2098 5670 2306 5748 prmi‘uit
2346 5670 2636 5749 Elipandus
2678 5682 2961 5741 Toletanus
2986 5670 3199 5758 praesul.
