3992 6176
480 271 584 326 919

1317 263 1715 323 ELlPANDUS,
1759 261 1978 324 FELIX,
2021 261 2360 316 HETERIUS
2401 263 2484 315 ET
2527 262 2585 316 S.
2627 262 2913 317 BEATUS.

3597 264 3730 317 9:0

472 381 723 444 fratrum,
767 387 821 432 et
865 377 964 430 erit
1011 375 1161 428 vobis
1213 373 1623 442 ignominiosum
1675 370 1720 424 si
1748 371 1814 423 ah
1846 367 1948 423 illis
1978 368 2030 421 in
2059 375 2106 430 Α
2134 369 2373 438 singulis.
2416 369 2530 421 Non
2557 369 2742 436 utique
2779 370 3019 437 corporis
3072 369 3274 433 dolore,
3328 369 3420 423 sed
3457 373 3730 439 quadam

472 472 626 525 vobis
670 468 1045 538 reprehensum
1073 464 1255 518 fuerit.

543 559 722 614 XLIV.
769 575 790 608 α
828 554 1259 610 Adolescentiam
1304 567 1433 606 sane
1480 549 1666 604 fratris
1715 551 1884 604 nostri
1928 549 2034 604 He-

473 649 597 704 terii
632 647 767 701 lacte
799 645 974 699 adhuc
1019 645 1224 707 alitam,
1274 651 1329 696 et
1364 641 1594 695 nondum
1627 640 1694 694 ad
1725 641 1889 695 robur
1916 655 2035 709 per-

474 739 627 792 fectae
663 735 1028 806 intelligentia:
1085 733 1418 802 perductam,
1485 739 1662 784 vestra
1725 729 2036 784 fraternitas

473 827 684 883 erudiat
709 844 726 880 :
765 826 891 895 quia
915 840 1022 878 non
1050 839 1169 878 cum
1225 820 1496 891 magistris
1517 819 1751 888 optimis,
1796 816 1891 872 sed
1914 831 2036 870 cum

474 916 680 986 ignaris
729 923 785 970 et
831 912 1208 974 schismaticis,
1260 910 1507 964 videlicet
1553 907 1730 961 Felice
1769 913 1823 958 et
1875 906 2038 959 Beato

477 1018 502 1045 ι
531 1003 854 1072 Atiphrasio.
897 1001 1128 1070 :equales
1167 1001 1220 1052 in
1249 999 1466 1062 virtute,
1493 1006 1546 1050 et
1571 1011 1729 1065 pares
1758 995 1811 1048 in
1832 1007 2034 1057 errore,

473 1093 660 1147 habuit
688 1091 1044 1147 collationem.
1086 1089 1326 1142 Bonosus
1362 1095 1416 1139 et
1451 1085 1646 1138 Beatus
1700 1083 1819 1152 pari
1855 1096 2038 1136 errore

476 1179 814 1236 condemnati
852 1186 996 1233 sunt.
1036 1176 1126 1230 llle
1161 1174 1386 1229 credidit
1416 1173 1481 1226 de
1511 1179 1680 1225 matre
1710 1170 2035 1238 adoptivum,

475 1279 664 1326 etnon
704 1269 771 1323 de
825 1268 983 1323 Patre
1037 1275 1160 1320 ante
1201 1265 1394 1319 smcula
1450 1264 1663 1333 pr0prie
1703 1263 1959 1332 genitum,
1987 1270 2041 1314 et

473 1377 581 1416 non
626 1361 693 1415 de
734 1369 906 1413 matre
947 1357 1314 1426 temporaliter
1353 1355 1680 1422 adoptivum.
1742 1352 1840 1406 Cui
1890 1351 2040 1405 simi-

476 1451 584 1504 lem
608 1449 929 1504 existimabo
957 1446 1127 1510 illum,
1176 1445 1278 1497 nisi
1309 1444 1504 1496 Fausto
1527 1440 1855 1495 Manichaéo?
1877 1439 2042 1492 Faus-

475 1552 561 1596 tus
585 1539 958 1596 condemnavit
990 1536 1324 1607 patriarchas
1345 1543 1397 1588 ct
1421 1534 1732 1602 prophetas,
1780 1531 1882 1584 iste
1909 1545 2040 1583 con-

476 1631 692 1683 demnat
721 1629 966 1682 doctottes
1015 1625 1221 1693 priscos
1260 1633 1315 1677 et
1364 1624 1668 1676 modernos.
1708 1620 1946 1674 Obsecro
1984 1627 2040 1671 ut

2134 459 2512 513 misericordia:
2559 461 2945 528 compassione.
2995 469 3087 514 aut
3133 461 3314 530 gloriae
3359 461 3732 517 celebritate.

2135 548 2201 600 Et
2242 564 2530 602 conversus
2591 550 2770 603 statim
2827 551 3018 604 Petrus
3078 551 3128 604 in
3159 551 3430 606 civitatem
3493 554 3730 606 rediit:

2134 640 2653 709 comprehensusque
2698 656 2728 694 a
2754 641 3206 710 persecutoribus,
3237 644 3381 697 cruci
3422 643 3735 710 adjudica-

2138 741 2244 784 tur.
2299 731 2492 785 Paulus
2518 731 2632 800 ipse
2672 747 2765 785 vas
2811 732 3085 786 electionis
3148 733 3424 802 discipulis
3471 745 3680 788 narrat
3710 755 3726 788 :

2138 817 2380 884 Quotidie
2409 820 2635 890 compleo
2665 838 2725 874 ea
2763 838 2880 890 qua:
2916 823 3098 876 desunt
3144 825 3374 894 passioni
3397 823 3628 890 Christi,
3665 830 3734 880 in

2137 927 2292 963 carne
2322 927 2456 963 mea.
2513 913 2576 964 Et
2605 913 2727 980 quia
2761 913 2865 968 duo
2918 929 3115 984 genera
3166 924 3290 968 sunt
3346 919 3628 988 martyrii,
3671 919 3732 972 id

2137 1007 2220 1052 est
2247 999 2425 1068 passio
2452 1008 2507 1053 et
2534 1001 2851 1068 compassio,
2900 1017 3090 1070 passus
3117 1013 3201 1057 est
3228 1004 3486 1059 Dominus
3516 1005 3574 1058 in
3613 1005 3730 1058 Pe-

2140 1097 2224 1143 tro
2271 1098 2325 1142 et
2374 1089 2591 1153 Jacobo,
2641 1106 2952 1160 compassus
2987 1101 3070 1146 est
3133 1094 3185 1146 in
3255 1092 3480 1150 Joanne.
3520 1097 3729 1164 Deque

2139 1173 2336 1230 Jacoho
2385 1185 2437 1230 et
2499 1176 2701 1232 Joanne
2755 1179 2925 1232 dixit:
2990 1179 3212 1234 Potestis
3267 1181 3483 1238 calicem
3533 1183 3734 1236 bibere

2139 1283 2289 1331 quem
2314 1283 2407 1335 ego
2437 1267 2688 1322 bibiturus
2743 1269 2905 1322 sum?
2942 1268 3356 1340 Responderunt,
3389 1271 3726 1325 Possumus.

2141 1356 2278 1410 Dicit
2315 1359 2387 1410 eis
2419 1358 2611 1411 Jesus:
2660 1359 2882 1412 Calicem
2930 1377 3098 1414 meum
3132 1362 3353 1414 bibetis:
3410 1370 3464 1416 et
3516 1364 3732 1432 utique

2141 1461 2262 1500 cum
2308 1446 2446 1498 calix
2474 1447 2527 1500 in
2569 1447 2860 1517 Scripturis
2905 1450 3119 1519 legitur,
3168 1453 3341 1519 passio
3371 1454 3726 1508 nominatur.

2142 1533 2326 1589 Omnis
2364 1538 2505 1590 enim
2554 1553 2740 1593 servus
2783 1539 2878 1594 Dci
2931 1542 3022 1608 qui
3064 1549 3264 1596 rectam
3318 1543 3474 1596 tidem
3516 1544 3722 1605 habet,

2131 1625 2266 1693 quia
2307 1626 2485 1694 justus
2509 1643 2574 1679 ea:
2595 1627 2700 1694 ﬁde
2724 1629 2839 1682 vivit
2868 1647 2886 1693 ;
2923 1639 2977 1684 et
2997 1646 3209 1684 omnem
3239 1631 3522 1697 hominem,
3555 1633 3726 1687 sicut

476 1720 654 1774 calore
685 1719 805 1772 fidei
854 1717 1086 1781 accensi,
1118 1724 1266 1769 tanta
1319 1715 1437 1768 silis
1483 1713 1775 1766 intentione
1833 1707 2114 1780 praem-'3
2143 1715 2486 1782 semetipsum
2515 1715 2702 1785 diligit,
2753 1717 2971 1772 calicem
3022 1719 3219 1774 Christi
3269 1722 3421 1776 bibit.
3455 1723 3566 1776 Non
3617 1733 3722 1779 est

476 1809 590 1873 lidi,
635 1817 696 1862 ut
724 1820 962 1861 errorem
1011 1806 1324 1874 praedictum
1376 1805 1440 1858 de
1479 1803 1654 1856 medio
1681 1803 1844 1855 vestri
1892 1800 2042 1854 aufe-

487 1901 659 1953 ratis:
698 1908 758 1953 ut
796 1899 935 1952 sicut
964 1913 1059 1964 per
1096 1911 1280 1949 servos
1305 1910 1430 1948 suos
1471 1893 1727 1946 Dominus
1751 1891 1817 1945 de
1853 1892 2046 1946 tinilzus

483 1989 690 2042 Bmtica:
741 1986 1031 2042 eradicavit
1071 1985 1314 2040 hmresim
1341 1983 1698 2052 Migelianam,
1736 1982 1804 2033 ita
1832 1996 1926 2050 per
1953 1996 2045 2034 vos

402 2097 420 2115 ο
481 2078 546 2130 de
600 2077 794 2131 finibus
837 2075 1228 2129 Asturicnsium
1285 2073 1521 2139 funditus
1565 2071 1759 2124 cvellat
1798 2070 2044 2123 luercsim

477 2167 808 2222 Bcatianam.
827 2165 931 2220 Sed
955 2165 1078 2233 quia
1095 2164 1268 2217 audivi
1291 2161 1430 2230 quod
1454 2177 1753 2230 prtecnrsor
1774 2159 2046 2212 Antichri-

483 2259 552 2313 sti
589 2259 640 2312 in
673 2258 848 2312 medio
893 2256 1057 2310 vestri
1092 2255 1358 2324 apparuit,
1391 2254 1481 2320 qni
1527 2252 1674 2305 illum
1721 2251 1831 2318 jam
1863 2258 2045 2304 natum

480 2349 780 2413 annuntiat,
813 2363 994 2417 qumso
1021 2357 1078 2400 ut
1109 2346 1389 2416 perquiras
1431 2345 1497 2398 ab
1528 2358 1612 2406 eo,
1647 2342 1758 2404 ubi,
1801 2350 1893 2396 aut
1915 2356 2048 2409 quo-

481 2439 656 2500 modo,
687 2447 779 2492 aut
825 2438 1038 2506 quando
1090 2445 1246 2490 natus
1293 2442 1376 2488 est
1428 2433 1650 2503 spiritus
1697 2432 1785 2486 ille
1822 2432 2047 2484 mendax

479 2527 878 2597 prophetarum,
926 2525 1013 2594 qui
1043 2526 1096 2578 in
1131 2541 1196 2579 eo
1241 2524 1494 2593 loquitur,
1553 2531 1605 2577 et
1659 2536 1754 2574 nos
1791 2520 2048 2575 sollicitos

483 2619 642 2671 redde
680 2616 916 2686 πίστει,
961 2615 1188 2686 reddat].
1239 2637 1256 2666 ι

558 2707 713 2760 XLV.
754 2706 878 2760 Hzec
905 2706 1129 2774 epistola
1160 2714 1251 2758 tua
1295 2713 1397 2758 cst.
1428 2703 1553 2758 llaec
1587 2703 1746 2757 verba
1778 2709 1866 2754 tua
1903 2705 2046 2753 sunt.

486 2795 611 2848 Ilaec
641 2795 773 2848 ﬁdes
818 2803 907 2847 tua
936 2803 1038 2848 est.
1079 2795 1202 2849 lltec
1247 2794 1489 2847 doctrina
1522 2803 1611 2846 tua
1660 2801 1762 2846 est.
1807 2790 1931 2843 Haec
1959 2804 2047 2842 sa-

485 2885 685 2953 pientia
735 2892 824 2936 tua
859 2892 960 2936 est.
1000 2883 1065 2936 Et
1111 2884 1178 2936 ad
1229 2883 1341 2950 ipsa
1390 2896 1489 2934 nos
1546 2880 1808 2933 inclinare
1868 2876 2044 2944 juhcs.

489 2977 555 3030 Et
590 2976 716 3044 quia
757 2989 864 3028 non
902 2973 1241 3034 inclinamus,
1284 2972 1484 3025 clamas
1513 2969 1637 3038 quia
1693 2966 1930 3021 haeretici
1959 2980 2047 3018 su-

491 3078 610 3117 mus
652 3070 706 3116 et
751 3076 1112 3130 praecursores
1163 3057 1498 3114 Antichristi.
1542 3057 1609 3110 Et
1653 3056 1765 3125 ipse
1829 3054 2049 3122 spiritus

491 3153 720 3206 mendax
754 3151 843 3221 qui
874 3153 928 3205 in
956 3167 1044 3203 ore
1071 3150 1246 3208 Achab
1275 3150 1639 3219 prophetarum
1666 3147 1925 3216 ingressus
1952 3156 2047 3210 est,

494 3244 609 3312 ipse
636 3243 871 3312 loquitur
897 3243 950 3296 in
995 3243 1167 3297 nobis.
1207 3241 1275 3294 Et
1309 3241 1455 3294 dicas
1503 3239 1670 3293 Fidcli
1701 3247 1830 3291 tuo:
1871 3255 1888 3286 ί
1918 3238 2049 3290 Pcr-

494 3337 647 3404 quire
685 3335 774 3388 ubi
809 3343 892 3388 est
919 3340 1094 3395 natus,
1126 3341 1180 3385 et
1228 3347 1324 3385 nos
1365 3330 1624 3385 sollicitos
1651 3329 1832 3382 redde.
1873 3347 1890 3378 ι
1929 3326 2054 3380 Haec

493 3423 684 3491 injuria
721 3438 825 3477 non
864 3433 1070 3485 nostra,
1103 3420 1195 3474 sed
1238 3420 1404 3488 ipsius
1449 3433 1608 3488 quem
1649 3416 1950 3470 adoramus.
1988 3415 2055 3469 Et

495 3526 673 3569 tamen
722 3515 764 3569 si
794 3522 939 3568 recte
973 3512 1242 3566 credimus
1287 3511 1481 3564 Filium
1526 3509 1640 3570 Dei,
1679 3509 1819 3562 sicut
1860 3505 2055 3560 verita-

498 3613 606 3658 tem
634 3606 748 3659 sine
813 3603 1142 3658 dubitatione
1197 3600 1484 3662 credimus,
1522 3599 1665 3653 illius
1705 3596 1897 3665 injuria
1947 3603 2050 3661 est,

496 3710 620 3748 cum
655 3702 837 3748 nostra
885 3700 988 3748 est.
1029 3692 1096 3745 Et
1121 3706 1244 3746 cum
1291 3690 1434 3744 illius
1485 3686 1678 3755 injuria
1729 3694 1831 3750 est,
1871 3694 2053 3740 nostra

495 3791 598 3846 est,
631 3784 755 3851 quia
791 3794 952 3850 caput
984 3789 1037 3833 et
1065 3795 1259 3848 corpus
1302 3794 1406 3834 una
1457 3793 1685 3845 persona
1732 3785 1834 3831 est.
1872 3775 2052 3843 Neque

495 3872 640 3925 enim
671 3886 791 3924 cum
816 3886 911 3938 pes
957 3870 1238 3937 premitur,
1268 3875 1427 3936 caput
1455 3867 1805 3934 gloriﬁcatur.

567 3960 746 4014 XLVI.
785 3961 1023 4027 Denique
1053 3959 1163 4025 jam
1209 3958 1380 4026 Caput
1424 3958 1490 4010 ad
1521 3959 1684 4012 caelos
1717 3959 2049 4021 ascenderat,

497 4052 710 4121 quando
737 4048 930 4102 Saulus
955 4047 1244 4115 discipulos
1273 4046 1472 4101 Christi
1523 4048 1840 4101 trucidabat.
1880 4048 1945 4100 Et
1975 4047 2055 4100 di-

500 4150 647 4194 ctum
691 4147 773 4192 est
819 4138 906 4190 ei:
951 4135 1130 4201 Saule,
1165 4133 1346 4198 Saule,
1393 4135 1517 4202 quid
1567 4151 1646 4187 me
1689 4135 2002 4203 persequeris
2031 4134 2056 4185 ?

501 4227 615 4282 Non
644 4229 796 4293 dixit,
827 4227 953 4296 quid
978 4225 1317 4296 persequeris
1345 4239 1529 4278 servos
1572 4237 1738 4287 meos,
1771 4224 1881 4286 sed,
1930 4224 2055 4294 quid

495 4335 576 4372 me
603 4318 919 4389 persequeris
942 4318 965 4370 ?
993 4317 1185 4372 Petrus
1205 4328 1415 4385 quoque
1440 4314 1799 4383 apostolorum
1827 4314 2051 4383 primus,

498 4407 830 4476 compatiens
898 4406 1174 4476 discipulis
1227 4403 1666 4474 lacrymantibus,
1712 4411 1771 4458 ut
1815 4418 1908 4456 eos
1949 4418 2054 4456 non

498 4497 842 4565 relinqueret,
872 4497 966 4550 sed
1019 4494 1384 4550 abscedercta
1420 4493 1656 4556 civitate,
1707 4492 1801 4546 sed
1850 4491 2058 4560 fugeret

497 4597 622 4643 ante
657 4588 942 4652 Neronem,
972 4588 1145 4641 rictus
1186 4585 1402 4640 ﬂetibus
1443 4585 1841 4654 discipulorum,
1897 4584 2059 4638 cessit

496 4686 551 4732 et
580 4677 824 4744 promisit
865 4691 922 4729 se
969 4675 1168 4730 Urbem
1218 4689 1578 4742 egressurum.
1617 4675 1645 4712 ιι
1683 4673 1930 4728 Proxima
1964 4688 2057 4726 no-

496 4779 583 4826 cte
611 4768 854 4822 salutatis
904 4766 1160 4820 fratribus
1187 4773 1242 4820 et
1283 4765 1547 4820 celebrata
1597 4765 1859 4826 oratione,
1892 4763 2056 4831 profi-

495 4860 623 4915 cisci
653 4859 797 4912 solus
845 4858 1026 4926 cmpit.
1068 4856 1169 4912 Ubi
1211 4862 1428 4909 ventum
1458 4863 1540 4908 est
1566 4853 1630 4906 ad
1661 4862 1885 4923 portam.
1916 4853 2061 4905 Videt

494 4948 597 5002 sibi
626 4946 916 5002 Christum
933 4960 1235 5000 occurrere.
1262 4945 1328 4997 Et
1355 4945 1583 4998 adorans
1609 4959 1730 4997 cum
1751 4943 1884 4995 dixit
1913 4959 1924 4993 :
1953 4941 2059 4994 Do-

495 5040 652 5101 mine,
683 5055 785 5107 quo
837 5039 977 5092 renis
1003 5038 1028 5089 .’
1056 5037 1195 5090 Dicit
1232 5036 1280 5090 ei
1336 5035 1618 5089 Christus:
1677 5033 1874 5086 Iterum
1915 5033 2058 5085 rcnio

496 5125 754 5195 cruciﬁgi.
793 5126 1058 5178 lntellexit
1107 5125 1171 5178 de
1209 5139 1303 5177 sua
1355 5124 1555 5178 dictum
1605 5122 1868 5190 passione,
1917 5121 2060 5188 quod

501 5214 555 5267 in
584 5228 649 5268 eo
697 5213 944 5268 Christus
979 5228 1236 5283 passurus
1287 5214 1578 5274 videretur,
1638 5214 1728 5279 qui
1774 5210 1975 5278 patitur
2004 5208 2059 5260 in

571 5396 596 5424 ι
632 5383 1011 5452 Antiphrasio;
1053 5383 1177 5451 quia
1230 5383 1440 5436 dicebat
1498 5379 1786 5452 Elipandus
1837 5377 2059 5452 Beatum

498 5453 603 5506 hoc
638 5447 851 5505 nomine
885 5468 1000 5520 per
1057 5447 1388 5520 antiphrasin
1447 5449 1698 5520 appellari
1723 5465 1740 5520 ξ
1783 5457 1840 5500 ut
1879 5447 2060 5520 liquet

499 5521 660 5590 etiam
683 5537 747 5574 ex
772 5515 994 5590 epistola
1021 5515 1195 5575 Caroli
1221 5515 1495 5590 Magniad
1517 5515 1847 5590 Elipandum.
1875 5515 2054 5590 Siet-3'.

572 5590 600 5629 ιι
636 5589 780 5644 idem
805 5585 1002 5645 'rcfert
1049 5585 1362 5644 Ambrosius
1398 5589 1450 5642 in
1513 5585 1742 5642 Auient.
1783 5588 1847 5641 de
1893 5585 2051 5640 basil.

2143 1812 2326 1869 aperte
2355 1804 2628 1872 sanguinis
2668 1803 2876 1871 eﬂ‘usio,
2925 1816 3018 1861 aut
3072 1810 3316 1886 corporis
3367 1812 3561 1879 passio,
3606 1813 3726 1866 sed

2145 1889 2307 1942 animi
2337 1893 2656 1959 compassio.
2711 1893 2844 1959 Quia
2893 1904 3116 1965 uterque
3159 1914 3296 1952 unus
3330 1899 3528 1954 Christi
3569 1901 3725 1956 hihi-

2144 1985 2234 2029 tur
2269 1978 2430 2043 calix,
2461 1987 2519 2032 ut
2569 1981 2820 2036 Salomon
2853 1983 2904 2037 in
2955 1984 3177 2039 Cantico
3224 1988 3560 2042 canticorum
3589 1990 3672 2044 ait
3700 2004 3718 2042 :

2145 2062 2322 2118 Fortis
2353 2077 2426 2118 est
2476 2067 2681 2121 ditectio
2727 2071 2860 2123 sicut
2907 2088 3044 2125 mors
3075 2073 3252 2143 (Cant.
3299 2092 3420 2138 vui,
3451 2076 3526 2146 6).
3559 2078 3722 2132 Sicut

2143 2153 2284 2205 cnim
2313 2155 2404 2223 qui
2452 2158 2698 2222 moritur,
2723 2157 2834 2226 jam
2866 2159 3002 2212 ultra
3031 2161 3192 2215 istum
3222 2178 3327 2216 non
3375 2165 3519 2219 videt
3559 2183 3724 2220 mun-

2145 2242 2290 2307 dum,
2346 2245 2417 2296 ita
2447 2253 2500 2298 et
2537 2247 2626 2314 qui
2657 2263 2869 2301 omnem
2915 2249 3185 2305 hominem
3237 2252 3412 2324 diligit
3461 2257 3603 2310 sicut
3633 2273 3714 2317 se,

2146 2349 2248 2386 non
2276 2342 2450 2401 potest
2495 2336 2673 2390 videre
2716 2338 2857 2392 hunc
2885 2341 3141 2394 mundum
3167 2382 3182 2406 ,
3233 2343 3286 2396 id
3313 2353 3397 2398 est
3443 2354 3720 2401 amatores

2147 2423 2350 2476 mundi.
2391 2423 2455 2475 Et
2485 2424 2584 2477 iste
2621 2433 2796 2493 potest
2841 2426 3018 2483 dicere
3060 2445 3180 2484 cum
3232 2431 3400 2488 Paulo
3429 2437 3717 2503 apostolo:

2149 2507 2276 2573 Quis
2301 2511 2618 2578 inﬁrmatur,
2648 2523 2694 2566 et
2731 2531 2822 2584 ego
2877 2533 2980 2570 non
3007 2517 3290 2586 inﬁrmor?
3327 2521 3457 2586 Quis
3489 2526 3720 2578 scanda-

2147 2601 2358 2668 lizatur,
2386 2615 2430 2656 et
2460 2620 2551 2673 ego
2582 2621 2685 2659 non
2722 2623 2847 2660 uror
2875 2609 2898 2661 ?
2931 2608 3065 2674 Quia
3094 2611 3398 2682 ubicunque
3435 2616 3718 2670 tribulatio

2150 2698 2242 2743 aut
2287 2691 2507 2747 hmresis
2535 2696 2768 2748 surrexit
2794 2697 2849 2750 in
2882 2697 3118 2754 Ecclesia
3137 2740 3151 2765 ,
3179 2703 3462 2758 confestim
3491 2704 3717 2758 tribula-

2147 2782 2340 2848 batur;
2383 2785 2563 2838 statim
2589 2788 3016 2856 compatiehatur
3039 2791 3094 2845 in
3123 2793 3368 2863 singulis,
3399 2796 3541 2850 sicut
3561 2796 3714 2851 Chri-

2150 2885 2284 2940 stus,
2333 2878 2423 2946 qui
2468 2879 2667 2948 patitur
2693 2882 2746 2934 in
2775 2881 3015 2951 singulis,
3080 2899 3187 2938 non
3232 2886 3416 2955 utique
3471 2890 3717 2957 corporis

2152 2965 2354 3032 dolore,
2385 2968 2476 3020 sed
2515 2969 2677 3021 animi
2707 2971 3094 3038 compassione.
3135 2971 3262 3037 Quae
3284 2975 3464 3042 passio
3491 2985 3547 3029 et
3566 2992 3715 3030 com-

2152 3057 2328 3126 passio
2355 3073 2457 3110 una
2485 3066 2568 3112 est
2598 3061 2796 3128 passio,
2826 3061 2951 3128 quia
2980 3078 3119 3117 unus
3145 3072 3228 3118 est
3275 3065 3415 3119 calix
3454 3068 3546 3136 qui
3573 3068 3714 3122 hibi-

2151 3155 2256 3211 tur,
2286 3157 2339 3202 et
2367 3165 2470 3202 una
2497 3165 2728 3218 persona
2750 3161 2831 3207 est
2875 3163 3034 3222 caput
3060 3163 3114 3209 et
3141 3172 3335 3225 corpus
3369 3160 3462 3228 qui
3489 3162 3712 3230 patitur.

2151 3235 2252 3301 Qui
2282 3238 2412 3291 dicit
2437 3254 2495 3292 sc
2550 3249 2694 3295 recte
2741 3243 2960 3298 credere
2989 3245 3044 3297 in
3099 3244 3344 3315 Christo,
3364 3255 3419 3302 et
3473 3251 3712 3304 membra

2151 3326 2266 3394 ejus
2294 3345 2400 3382 non
2428 3330 2634 3398 recipit,
2669 3333 2936 3401 quomodo
2997 3333 3269 3390 Christum
3317 3346 3462 3391 recte
3508 3339 3712 3401 credat,

2152 3431 2257 3470 non
2298 3419 2468 3473 video.
2513 3420 2704 3474 Totum
2745 3424 2888 3477 enim
2931 3423 3202 3480 Christum
3255 3442 3360 3480 non
3391 3427 3584 3499 diligit,
3623 3430 3712 3499 qui

2152 3507 2422 3561 hominem
2471 3509 2602 3562 odit.
2644 3511 2710 3563 Et
2731 3512 2906 3566 omnis
2953 3514 3044 3582 qui
3107 3514 3220 3567 odit
3255 3514 3474 3569 fratrem
3537 3532 3708 3578 suum,

2152 3594 2282 3647 Cain
2338 3603 2437 3660 cst,
2505 3595 2778 3652 fratricida
2821 3610 2923 3663 est,
2988 3601 3254 3657 homicida
3302 3611 3402 3658 est.
3479 3605 3546 3658 Et
3591 3607 3712 3659 talis

2154 3684 2420 3739 homicida
2459 3703 2564 3741 non
2596 3689 2756 3744 habet
2773 3689 3070 3757 Christum,
3124 3692 3215 3761 qui
3249 3703 3332 3748 est
3351 3695 3459 3748 vita
3490 3704 3708 3751 aeterna.

2154 3772 2267 3826 Non
2298 3775 2457 3829 habet
2482 3777 2775 3843 Christum,
2818 3781 2943 3850 quia
2970 3797 3077 3836 non
3129 3782 3371 3836 imitatur
3397 3783 3669 3838 Christum
3695 3801 3707 3836 :

2155 3863 2458 3919 imitaretur
2517 3869 2561 3922 si
2607 3884 2820 3923 omnem
2875 3871 3145 3926 hominem
3197 3873 3334 3927 sicut
3369 3877 3712 3942 semetipsum

2153 3953 2413 4022 diligeret.
2456 3955 2521 4008 Et
2550 3973 2653 4012 non
2683 3958 2853 4012 solum
2895 3962 3116 4024 amicos,
3144 3961 3236 4016 sed
3259 3962 3418 4016 etiam
3447 3963 3712 4016 inimicos.

2155 4041 2370 4098 Amicos
2397 4045 2616 4115 diligere
2645 4047 2698 4100 in
2721 4048 2906 4113 Deum,
2939 4059 2995 4104 et
3013 4051 3260 4105 inimicos
3280 4060 3500 4120 propter
3527 4052 3710 4106 Deum.

2156 4131 2273 4184 Non
2325 4135 2468 4189 enim
2531 4135 2780 4192 Christus
2838 4153 2938 4207 pro
2965 4141 3168 4203 amicis,
3235 4139 3328 4194 sed
3358 4156 3456 4210 pro
3486 4141 3715 4195 inimicis

2156 4227 2398 4276 mortuus
2423 4233 2522 4279 cst.
2563 4225 2617 4278 In
2647 4233 2848 4280 tantum
2880 4227 3065 4282 dilexit
3093 4229 3358 4293 inimicos,
3392 4238 3450 4282 ut
3479 4245 3535 4283 se
3555 4229 3710 4283 morti

2085 4352 2133 4410 υ
2159 4313 2396 4367 traderet
2437 4331 2533 4384 pro
2580 4318 2678 4370 eis.
2719 4317 2871 4383 Quod
2917 4319 2960 4373 si
3002 4334 3105 4374 non
3152 4320 3372 4383 faceret,
3423 4320 3600 4374 nullus
3637 4321 3716 4374 in-

2160 4404 2433 4458 veniretur
2457 4407 2547 4474 qui
2576 4422 2697 4459 eum
2727 4407 2985 4462 laudaret.
3027 4408 3132 4464 Sed
3175 4425 3294 4464 cum
3340 4409 3545 4463 inimici
3572 4424 3716 4464 esse-

2158 4508 2296 4555 mus,
2326 4509 2419 4563 pro
2469 4494 2613 4548 nobis
2649 4506 2882 4550 mortuus
2911 4508 3004 4561 est,
3035 4498 3322 4568 relinquens
3357 4499 3502 4552 nobis
3548 4514 3714 4552 excut-

2157 4582 2318 4652 plum,
2355 4593 2420 4634 ut
2445 4599 2721 4652 sequamur
2748 4587 2955 4656 vestigia
2989 4587 3123 4656 ejus.
3160 4585 3392 4641 Joannes
3433 4587 3715 4656 Apostolus

2159 4673 2325 4726 dicit:
2369 4673 2568 4737 Omnis,
2602 4677 2690 4744 qui
2717 4677 2822 4728 odit
2863 4677 3078 4744 fratrem
3105 4694 3275 4742 suum,
3318 4679 3579 4732 homicida
3619 4688 3711 4732 est.

2159 4762 2228 4815 Et
2277 4764 2418 4817 sciiis
2450 4767 2695 4835 quoniam
2725 4769 2888 4820 omnis
2940 4769 3200 4821 homicida
3235 4786 3336 4823 non
3373 4771 3522 4822 habet
3559 4771 3713 4822 vitam

2157 4853 2211 4904 in
2260 4869 2313 4904 se
2335 4862 2642 4906 manentem.
2685 4854 2750 4907 In
2776 4856 2871 4908 hoc
2894 4858 3246 4926 cognoscimus
3272 4859 3577 4910 charitatem
3600 4857 3712 4920 Dei,

2156 4941 2279 5006 quia
2304 4958 2396 5009 pro
2429 4942 2572 4995 nobis
2609 4945 2836 4996 animam
2863 4961 3011 4998 suam
3043 4947 3254 5014 posuit:
3289 4956 3335 4998 et
3359 4963 3450 5000 nos
3475 4946 3716 4998 debemus

2157 5045 2250 5097 pro
2289 5030 2535 5097 fratribus
2569 5033 2769 5084 animus
2799 5049 3004 5101 ponere.
3047 5033 3158 5088 lloc
3187 5040 3356 5087 totum
3383 5047 3548 5101 quare
3579 5032 3715 5085 disi-

2159 5134 2278 5172 mus
2313 5121 2412 5173 nisi
2455 5123 2580 5188 quid
2607 5133 2749 5176 esset
2778 5123 3034 5185 Ecclesia,
3077 5123 3458 5178 ﬁrmaremus?
3486 5123 3553 5176 Et
3595 5137 3714 5176 cum

2160 5208 2397 5262 Ecclesia
2447 5213 2802 5280 cognoscitur,
2862 5213 3200 5280 cognoscitur
3243 5222 3297 5266 et
3330 5213 3595 5278 Christus,
3626 5211 3717 5280 qui

2159 5399 2267 5454 non
2293 5383 2470 5448 trad.;
2548 5384 2825 5454 llegesip.,
2889 5385 2980 5438 lib.
3023 5402 3104 5450 Ill,
3166 5401 3289 5454 cap.
3320 5384 3387 5447 2;
3427 5383 3622 5454 Grcg.,
3665 5383 3714 5454 in

2158 5453 2348 5521 psalm.
2387 5468 2438 5505 IV
2494 5451 2680 5521 poeni].
2711 5451 2962 5515 ;’Baron.
3007 5495 3020 5520 ,
3057 5462 3199 5509 card.
3231 5451 3297 5507 ad
3326 5451 3716 5509 annum’Cht‘i-

2160 5517 2226 5576 Sti
2261 5522 2348 5585 69,
2380 5517 2568 5574 Annal.
2602 5517 2803 5576 Ecclcs.
