3992 6176
310 289 409 349 9⁸21

978 290 1253 346 HETERII
1290 291 1377 345 ET
1416 289 1474 345 S.
1515 288 1715 345 BEATI
1752 289 1846 344 AD
1881 287 2277 345 ELIPANDUM
2313 291 2529 360 EPIST.
2567 323 2637 332 —
2673 291 2800 347 LIB.
2840 289 2883 347 l.

3421 288 3525 347 922

309 412 468 476 caput
518 402 772 458 Ecclesiae
792 409 894 456 est.
933 402 1001 455 Et
1027 402 1118 457 ubi
1146 401 1383 456 Ecclesia
1399 399 1599 455 Christi
1621 407 1724 458 est.
1760 415 1864 469 pax
1891 407 1942 462 Α
2035 400 2220 456 XLIX.
2258 404 2398 459 Ecce
2424 414 2571 459 tuam
2607 404 2766 459 ﬁdem
2793 404 2861 460 de
2884 403 3119 459 Christo.
3160 402 3228 456 Et
3253 402 3394 457 hanc
3417 418 3526 458 non

307 508 411 562 est,
450 497 576 566 quia
611 511 715 565 pax
761 502 946 550 nostra
981 504 1065 551 est
1113 494 1369 560 Christus,
1417 494 1510 563 qui
1566 508 1627 548 se
1675 501 1731 548 et
1768 509 1869 549 nos

308 588 431 659 fecit
459 595 675 648 utraque
699 601 881 639 unum.

374 674 581 730 XLVII.
621 673 850 728 Proinde
878 672 1216 728 dilectionem
1244 673 1619 741 praedicamus,
1649 678 1705 725 et
1745 678 1870 725 cum

306 766 521 821 nemine
557 762 864 818 scandalum
896 763 1093 817 habere
1138 762 1404 827 volumus,
1429 762 1719 817 secundum
1746 775 1871 829 pro-

305 856 483 925 pheta:
508 854 746 908 dictum:
783 850 902 905 Pax
950 851 1114 905 multa
1138 851 1470 922 diligentibus
1510 851 1670 921 legem
1701 860 1866 916 tuam,

303 955 355 998 et
393 960 498 998 non
538 951 612 996 est
640 941 744 995 illis
767 940 1093 995 scandalum.
1131 941 1212 994 Tu
1238 956 1366 1012 ergo
1400 942 1490 1010 qui
1519 941 1686 996 habes
1710 956 1868 995 scan-

305 1032 487 1087 dalum
536 1038 722 1085 contra
784 1044 903 1094 nos,
954 1030 1041 1083 dic
1093 1030 1304 1098 quare?
1361 1030 1461 1084 Hic
1508 1030 1765 1084 Dominus
1814 1029 1871 1083 in

305 1122 592 1192 Evangelio
635 1122 749 1175 ait:
784 1120 907 1174 Non
957 1120 1212 1183 desinent,
1248 1130 1303 1174 ut
1330 1122 1535 1175 veniant
1580 1119 1869 1174 scandala:

305 1230 381 1267 me
406 1212 602 1265 homini
629 1209 708 1263 illi
739 1226 832 1279 per
855 1225 1005 1279 quem
1034 1210 1167 1263 venit
1211 1208 1424 1279 (Hatth.
1452 1225 1609 1274 xvm,
1637 1208 1715 1280 7).
1746 1207 1872 1262 Per-

305 1303 586 1372 quiramus
620 1299 940 1368 principium
964 1296 1124 1367 hujus
1146 1299 1401 1364 scandali,
1427 1300 1567 1354 unde
1595 1299 1828 1354 surrexit
1851 1315 1866 1351 :

307 1401 361 1447 et
388 1390 679 1446 secundum
723 1388 935 1443 Domini
990 1389 1210 1453 dictum,
1244 1404 1317 1442 vae
1340 1386 1418 1442 illi
1455 1390 1553 1443 erit
1584 1406 1675 1460 per
1719 1404 1872 1459 quem

306 1481 459 1533 venit.
500 1477 772 1548 Scripsisti
801 1493 995 1532 novam
1019 1477 1354 1542 doctrinam;
1384 1486 1439 1532 et
1475 1478 1583 1542 illa,
1637 1494 1755 1548 quae
1776 1493 1873 1548 per

306 1577 479 1622 totum
530 1567 786 1621 mundum
817 1567 1057 1622 omnium
1100 1568 1490 1635 baptizatorum
1529 1582 1659 1622 voce
1684 1569 1873 1637 depro-

306 1657 493 1720 mitur,
537 1656 812 1711 dimisisti.
867 1656 935 1710 Et
963 1672 1062 1711 nos
1088 1657 1344 1727 incogniti
1383 1658 1450 1712 de
1491 1665 1581 1713 tua
1625 1660 1871 1715 doctrina

1967 494 2273 562 recipimus,
2304 496 2429 564 quia
2459 511 2560 551 nec
2604 495 2768 550 talem
2818 495 2978 550 ﬁdem
3018 495 3294 557 habemus,
3327 509 3426 549 nec
3449 502 3528 548 ta-

1964 584 2068 638 lem
2098 587 2394 641 doctrinam
2443 590 2511 643 ab
2540 589 2796 658 apostolis
2828 588 3151 657 accepimus,
3193 602 3293 642 nec
3320 589 3374 642 in
3412 587 3528 657 lege

1966 683 2021 729 et
2063 676 2349 744 Evangelio
2393 678 2499 732 tale
2560 694 2796 748 unquam
2855 678 3098 749 legimus,
3132 677 3225 732 sed
3270 692 3442 746 neque
3471 679 3525 731 in

1967 765 2120 821 libris
2146 766 2424 822 doctorum
2455 777 2548 823 aut
2582 770 2938 832 manualibus,
2969 771 3063 824 sed
3106 776 3310 822 tantum
3339 769 3390 821 in
3421 769 3528 821 tuis

1967 854 2322 924 dogmatibus.
2354 856 2421 910 Et
2473 858 2542 911 ob
2588 857 2691 911 hoc
2742 872 2774 910 a
2824 864 2888 921 te,
2915 855 3229 911 Antichristi
3281 856 3523 924 discipuli

1965 961 2162 1001 nomen
2224 949 2503 1003 habemus.
2556 949 2696 1003 Ecce
2745 948 2889 1003 unde
2945 949 3181 1003 surrexit
3238 950 3380 1003 inter
3428 965 3528 1003 nos

1968 1034 2299 1090 scandalum.
2361 1035 2585 1090 Caetera
2618 1036 2786 1090 multa
2840 1036 3042 1101 dixisti,
3096 1052 3216 1105 quae
3270 1052 3429 1105 supra
3470 1037 3526 1091 in

1968 1125 2209 1193 symbolo
2275 1133 2364 1179 tuo
2425 1126 2959 1194 comprehendimus:
2999 1124 3091 1180 sed
3141 1127 3298 1180 modo
3348 1126 3527 1180 discu-

1969 1214 2146 1268 tienda
2202 1229 2308 1267 non
2355 1222 2499 1277 sunt,
2552 1215 2676 1283 quia
2727 1230 2827 1269 nec
2871 1214 3142 1269 valemus:
3183 1215 3276 1270 sed
3317 1216 3360 1269 si
3389 1216 3531 1272 Deus

1968 1304 2200 1359 voluerit
2224 1312 2280 1359 et
2304 1304 2617 1365 vixerimus,
2647 1304 2980 1359 discutienda
3006 1314 3059 1359 et
3086 1304 3381 1372 abjicienda
3405 1314 3531 1359 sunt

1970 1392 2038 1446 ab
2065 1393 2337 1459 Ecclesia;
2364 1394 2507 1462 quod
2528 1394 2684 1458 absit,
2716 1409 2811 1462 per
2849 1394 2939 1448 illa
2958 1395 3310 1449 christianum
3334 1409 3529 1460 nomen

1971 1497 2280 1548 careamus;
2330 1492 2384 1537 et
2406 1482 2521 1551 jam
2557 1499 2663 1538 non
2712 1482 3024 1545 Christiani,
3058 1484 3151 1537 sed
3194 1482 3531 1551 Elipandiani

1971 1586 2164 1626 nomen
2194 1571 2529 1627 habebimus.
2565 1570 2732 1641 Cujus
2768 1572 2925 1627 ﬁdem
2954 1573 3047 1641 qui
3094 1580 3307 1627 secutus
3350 1571 3529 1636 fuerit,

1973 1663 2089 1732 ejus
2114 1664 2434 1720 vocabulum
2461 1664 2624 1718 sumit
2647 1678 2662 1717 :
2702 1664 2841 1718 sicut
2864 1663 3055 1718 Ariani
3076 1664 3143 1718 ab
3168 1662 3318 1728 Ario,
3351 1662 3533 1717 Sabel-

307 1746 575 1800 noluimus
596 1759 659 1804 ea
687 1746 942 1815 recipere,
961 1754 1016 1800 et
1029 1745 1115 1799 illa
1145 1746 1412 1807 dimittete
1436 1763 1556 1817 quae
1581 1764 1679 1819 per
1699 1758 1871 1805 totum
1902 1727 1948 1787 Β
1972 1727 2101 1809 liani
2129 1770 2161 1808 a
2188 1753 2439 1819 Sabellio,
2466 1762 2522 1810 et
2548 1756 2729 1809 ueteri
2756 1770 2823 1809 ex
2866 1754 3082 1809 nomine
3109 1727 3385 1809 auctorum
3414 1768 3535 1807 suo-

306 1841 565 1894 mundum
592 1848 739 1894 tenet
763 1840 1022 1895 Ecclesia.
1049 1841 1188 1896 Ecce
1216 1842 1528 1897 scandalum
1557 1844 1699 1897 unde
1728 1844 1875 1898 venit

305 1931 361 1985 in
392 1930 650 1986 Ecclesia.
700 1929 790 1986 Vae
828 1931 909 1985 illi
936 1949 1028 2003 per
1058 1949 1209 2003 quem
1235 1934 1385 1987 venit.
1442 1933 1576 1988 Nam
1606 1943 1790 1990 nostra
1812 1935 1876 1989 fi-

304 2021 405 2076 des
441 2020 740 2090 symbolum
787 2030 888 2086 est,
927 2031 981 2076 et
1020 2023 1073 2075 in
1121 2023 1223 2078 hoc
1259 2031 1368 2077 stat
1400 2023 1645 2085 Ecclesia.
1683 2027 1873 2081 catho-

306 2110 410 2164 lica
441 2124 537 2180 per
560 2111 871 2166 universum
900 2112 1085 2165 orbem
1112 2119 1374 2166 terrarum
1398 2113 1688 2167 constituta
1712 2130 1727 2179 ;
1755 2129 1877 2183 quae

307 2198 501 2254 ditiusa
552 2215 672 2256 esse
721 2202 977 2263 creditur,
1023 2218 1130 2257 non
1181 2202 1371 2257 divisa.
1413 2202 1493 2256 Tu
1521 2218 1649 2259 vero
1676 2220 1875 2259 novum

308 2290 609 2361 symbolum
636 2285 1001 2361 composuisti,
1038 2295 1131 2364 qui
1172 2295 1226 2349 in
1279 2294 1571 2365 Scripturis
1599 2296 1769 2352 sacris
1793 2297 1877 2350 in-

308 2390 504 2435 ventus
529 2397 634 2436 non
661 2390 745 2436 est
771 2398 786 2446 ;
839 2389 895 2436 et
923 2382 1165 2438 direxisti
1216 2384 1268 2437 in
1318 2391 1500 2440 nostra
1531 2384 1792 2450 Ecclesia,
1815 2392 1877 2439 ut

306 2471 590 2525 credamus
617 2470 934 2535 Trinitatem
980 2487 1329 2542 personarum
1360 2473 1536 2529 Patris
1564 2482 1619 2528 et
1644 2473 1783 2536 Filii,
1819 2474 1875 2528 in

306 2577 416 2616 una
443 2569 632 2615 natura
662 2563 823 2617 idem.
848 2563 916 2616 Et
945 2564 1047 2618 hoc
1072 2563 1337 2620 Sabellius
1366 2565 1520 2620 dixit.
1552 2564 1687 2632 Quia
1712 2566 1877 2620 verbo

308 2657 517 2703 tantum
554 2650 770 2705 Patrem
798 2660 853 2706 et
878 2651 1071 2706 Filium
1116 2653 1167 2706 in
1195 2668 1303 2708 uno
1343 2653 1472 2718 Deo,
1512 2661 1569 2708 et
1614 2651 1875 2721 Spiritum

308 2748 554 2793 sanctum
589 2740 837 2795 dicebat:
881 2748 936 2795 et
964 2747 1141 2794 tamen
1185 2738 1545 2795 confundebat
1593 2756 1871 2809 personas,

309 2837 373 2882 ut
416 2844 578 2882 unam
625 2843 720 2884 eos
765 2842 884 2883 esse
943 2842 1230 2897 personam
1291 2829 1511 2883 diceret.
1554 2827 1705 2883 Sicut
1737 2844 1877 2883 unus

310 2918 472 2972 homo
500 2925 691 2975 natura
718 2926 818 2982 est,
850 2925 906 2970 et
942 2919 995 2971 in
1022 2932 1087 2971 eo
1139 2917 1316 2988 imago
1367 2917 1662 2982 Trinitatis,
1690 2918 1743 2972 id
1769 2925 1872 2985 est,

313 3005 592 3071 memoria,
644 3005 990 3076 intelligentia
1019 3015 1074 3060 et
1105 3006 1365 3071 voluntas,
1397 3022 1517 3077 qua:
1554 3008 1657 3062 tria
1693 3009 1745 3063 in
1766 3024 1874 3063 una

311 3104 505 3151 natura
532 3103 677 3161 sunt,
706 3103 762 3151 et
809 3096 862 3150 in
889 3111 994 3149 una
1037 3111 1266 3165 persona
1294 3104 1437 3163 sunt,
1466 3106 1521 3152 et
1563 3099 1616 3153 in
1642 3115 1751 3153 uno
1777 3100 1875 3153 ho-

314 3184 457 3239 mine
481 3191 642 3238 sunt:
683 3192 738 3240 et
774 3185 886 3254 ipsa
914 3185 1013 3238 tria
1040 3185 1199 3239 homo
1227 3201 1334 3241 non
1356 3195 1460 3241 est.
1521 3187 1635 3242 lloc
1661 3189 1770 3243 dixi
1807 3190 1873 3243 de

314 3273 575 3331 Trinitate
604 3276 656 3329 in
682 3291 790 3330 uno
814 3276 941 3337 Deo,
988 3284 1047 3330 ut
1073 3276 1355 3333 credamus
1397 3277 1709 3332 Trinitatem
1752 3291 1877 3346 per-

315 3380 565 3421 sonarum
608 3364 803 3432 Patris,
833 3375 888 3422 et
930 3367 1073 3432 Filii,
1111 3377 1166 3423 et
1209 3368 1444 3438 Spiritus
1486 3369 1656 3425 sancti
1685 3369 1740 3423 in
1769 3386 1875 3424 una

314 3464 524 3521 natura,
557 3458 610 3512 id
636 3458 795 3513 estin
822 3473 928 3512 uno
957 3459 1085 3514 Deo.
1125 3458 1193 3512 Et
1215 3460 1338 3527 quia
1363 3475 1503 3513 unus
1523 3460 1683 3514 homo
1701 3458 1878 3528 imago

316 3547 594 3603 Trinitatis
621 3549 676 3603 in
711 3549 888 3604 anima
927 3558 1029 3614 est,
1084 3552 1223 3605 idem
1252 3551 1307 3605 in
1358 3552 1638 3615 memoria,
1678 3549 1876 3604 intelli-

315 3638 490 3708 gentia
546 3646 601 3692 et
643 3639 934 3693 voluntate.
997 3639 1064 3694 Et
1116 3640 1227 3707 ipsa
1259 3640 1362 3693 tria
1408 3640 1462 3692 in
1514 3628 1620 3692 una
1647 3653 1879 3707 persona

314 3727 571 3790 hominis,
615 3734 670 3779 et
703 3727 818 3794 ipsa
869 3728 1030 3781 homo
1062 3743 1168 3781 non
1232 3736 1377 3793 sunt,
1446 3729 1541 3781 sed
1569 3729 1672 3783 hoc
1709 3735 1883 3781 totum

315 3832 424 3869 una
459 3830 687 3883 persona
712 3824 834 3870 est:
876 3818 954 3872 sic
982 3834 1081 3872 nos
1107 3820 1255 3887 cogis
1302 3818 1599 3888 intelligere
1650 3826 1706 3873 et
1760 3834 1878 3873 cre-

317 3906 446 3961 dere
474 3913 533 3958 ut
553 3906 793 3961 dicamus
812 3907 1045 3971 Patrem,
1079 3918 1134 3964 et
1160 3909 1374 3974 Filium,
1401 3918 1456 3964 et
1483 3910 1739 3979 Spiritum
1762 3925 1883 3965 san-

244 4054 267 4066 ἱ
317 4003 468 4050 ctum
487 3995 540 4047 in
569 4009 676 4048 uno
702 3995 826 4057 Deo,
853 3996 907 4049 in
936 4012 1040 4050 una
1063 4006 1273 4063 natura,
1295 4006 1474 4053 etnon
1498 3999 1607 4053 sint
1636 3999 1750 4068 ipsa
1780 3998 1882 4053 tria

319 4083 480 4146 Deus,
512 4084 650 4137 sicut
675 4099 773 4138 nec
819 4084 909 4139 illa
936 4086 1038 4140 tria
1065 4087 1174 4142 sint
1212 4089 1371 4145 homo
1398 4105 1520 4158 quae
1546 4103 1706 4157 supra
1737 4088 1880 4142 dixi-

317 4187 455 4225 mus.
496 4172 649 4238 Quod
699 4174 743 4227 si
784 4189 968 4229 verum
1017 4192 1122 4230 non
1171 4178 1417 4241 dicimus,
1458 4186 1689 4233 tractent
1725 4177 1883 4247 spiri-

318 4261 490 4316 tuales
517 4262 636 4323 viri.
684 4272 739 4318 et
766 4264 907 4319 aliud
948 4267 1216 4322 credimus
1243 4268 1480 4323 invenire
1505 4284 1610 4323 non
1637 4277 1881 4338 possunt,

1971 1860 2114 1899 rum.
2167 1844 2236 1898 Et
2296 1844 2417 1899 ideo
2461 1860 2602 1898 unus
2662 1844 2909 1899 Christus
2953 1844 3106 1899 nobis
3143 1842 3342 1898 sufﬁcit
3394 1842 3535 1896 ﬁlius

1972 1935 2228 2005 Virginis,
2273 1936 2364 2004 qui
2413 1950 2607 1989 nomen
2662 1935 2826 1989 habet
2868 1932 3044 1989 Iesus.
3101 1934 3225 1989 Illos
3264 1941 3401 1995 tuos,
3441 1931 3535 2000 qui

1972 2026 2107 2081 dicis
2132 2027 2293 2080 istum
2319 2032 2375 2080 et
2398 2024 2567 2089 illum,
2598 2038 2817 2080 necesse
2840 2040 2948 2079 non
2977 2024 3254 2085 habemus,
3286 2022 3414 2091 quia
3436 2034 3535 2075 nec

1971 2116 2188 2170 nomina
2217 2115 2428 2169 iflorum
2467 2129 2498 2168 a
2530 2114 2818 2183 tepscripta
2863 2112 3227 2183 cognovimus.
3267 2110 3431 2165 Istum
3482 2116 3536 2164 et

1972 2207 2120 2260 illum
2146 2204 2348 2268 dixisti,
2397 2202 2579 2259 Iesum
2622 2218 2750 2259 vero
2811 2204 3090 2257 nominare
3153 2217 3261 2255 non
3288 2197 3533 2268 potuisti,

1972 2295 2098 2365 quia
2124 2309 2225 2349 nec
2250 2308 2375 2348 eum
2415 2294 2471 2347 in
2497 2293 2659 2348 corde
2686 2293 2942 2348 habuisti.
2983 2289 3135 2357 Quod
3157 2290 3202 2345 si
3231 2287 3533 2371 habuisses,

1973 2399 2097 2440 cum
2142 2382 2310 2438 Paulo
2362 2383 2602 2451 apostolo
2650 2381 2828 2437 dicere
2882 2388 3169 2451 potueras:
3208 2372 3291 2431 An
3338 2374 3537 2444 experi-

1972 2484 2199 2528 mentum
2226 2475 2459 2545 quazritis
2495 2475 2626 2544 ejus,
2651 2474 2739 2544 qui
2761 2474 2815 2548 in
2833 2489 2914 2527 me
2932 2472 3160 2543 loquitur
3180 2468 3415 2524 Christus
3434 2467 3460 2519 .9
3481 2473 3537 2520 et

1972 2565 2079 2619 alio
2095 2564 2212 2619 loco
2225 2565 2372 2628 dicit,
2398 2563 2538 2633 quod
2549 2580 2700 2617 nemo
2716 2571 2879 2633 potest
2902 2561 3071 2615 dicere
3084 2559 3338 2613 Dominus
3358 2555 3532 2617 Iesus,

1974 2657 2074 2711 nisi
2101 2658 2157 2711 in
2203 2656 2405 2728 Spiritu
2429 2667 2628 2712 sancto.
2670 2655 2945 2725 Siquidem
2972 2661 3027 2709 et
3068 2653 3121 2707 in
3147 2651 3260 2707 suis
3285 2646 3541 2719 Epistolis

1973 2762 2080 2801 non
2124 2754 2208 2802 est
2248 2762 2411 2802 ausus
2462 2755 2640 2802 tecum
2696 2747 2894 2810 dicere,
2923 2759 2954 2800 e
3005 2741 3203 2798 deitate
3241 2738 3536 2802 exinanita,

1979 2856 1999 2889 ι
2035 2837 2103 2893 Et
2129 2853 2228 2893 nos
2257 2838 2510 2907 adoptivi,
2542 2845 2599 2891 et
2625 2836 2715 2890 ille
2742 2834 3026 2904 adoptivus
3050 2849 3065 2898 ;
3105 2838 3160 2885 et
3187 2845 3286 2885 nos
3315 2826 3534 2891 Christi,

1973 2936 2028 2983 et
2055 2928 2143 2984 ille
2171 2928 2454 2993 Christus;
2493 2936 2550 2981 et
2576 2942 2675 2981 nos
2712 2924 2940 2995 parvuli,
2990 2930 3045 2977 et
3071 2921 3158 2975 ille
3194 2918 3480 2990 parvulus;
3512 2935 3532 2968 ι

1899 3058 1948 3123 c
1975 3030 2029 3076 et
2053 3033 2246 3078 czetera
2301 3020 2577 3123 spurcitia,
2616 3035 2736 3090 qua:
2779 3024 2837 3071 tn
2884 3013 3011 3071 Iesu
3052 3013 3267 3070 Christo
3313 3010 3539 3123 Domini:

1977 3118 2162 3165 nostro
2212 3126 2373 3165 ausus
2417 3125 2477 3165 es
2529 3110 2724 3173 dicere,
2770 3122 2981 3163 servum
3026 3121 3147 3160 cum
3196 3102 3406 3165 servis;
3447 3098 3541 3154 sed

1977 3216 2073 3255 sua
2100 3200 2337 3268 Epistola
2381 3200 2448 3254 ad
2474 3200 2743 3254 Romanos
2768 3199 2846 3252 sic
2870 3198 3033 3252 habet
3065 3213 3078 3247 :
3123 3193 3345 3255 Paulus,
3364 3207 3542 3245 servus

1975 3292 2102 3346 Iesu
2144 3290 2356 3355 Christi,
2393 3300 2600 3344 vocatus
2630 3287 2913 3360 apostolus,
2952 3295 3247 3356 segregatus
3274 3283 3329 3336 in
3359 3281 3534 3334 Evan-

1976 3382 2108 3453 gelio
2149 3381 2266 3443 Dei,
2295 3380 2431 3450 quod
2474 3388 2593 3432 ante
2640 3378 2949 3447 promiserat
2992 3390 3082 3445 per
3110 3372 3385 3443 prophetas
3420 3386 3544 3423 suos

1975 3473 2032 3526 in
2068 3470 2354 3539 Scripturis
2400 3469 2592 3522 sanctis
2627 3467 2690 3520 de
2733 3464 2844 3534 filio
2872 3481 2988 3528 suo,
3048 3463 3136 3533 qui
3171 3462 3339 3531 factus
3368 3468 3441 3513 est
3478 3476 3547 3513 ea:

1977 3560 2171 3613 semine
2202 3556 2369 3609 David
2402 3554 2684 3608 secundum
2734 3569 2962 3615 carnem,
3002 3552 3091 3621 qui
3142 3548 3544 3619 prazdestinatus

1977 3657 2052 3704 est
2087 3646 2256 3701 Filius
2302 3645 2397 3698 Dei
2425 3646 2481 3697 in
2503 3645 2689 3697 virtute
2714 3642 2997 3697 secundum
3025 3640 3279 3710 Spiritum
3301 3636 3539 3703 sanctiﬁ-

1979 3735 2198 3791 cationis
2237 3750 2300 3788 ea:
2350 3732 2721 3786 resurrectione
2782 3740 3103 3782 mortuorum
3165 3725 3292 3779 Iesu
3353 3722 3546 3777 Christi

1979 3827 2190 3883 Domini
2228 3826 2391 3881 nostri
2413 3841 2432 3888 ;
2459 3840 2549 3893 per
2589 3839 2738 3891 quem
2766 3820 3057 3889 accepimus
3093 3817 3315 3888 gratiam
3339 3823 3386 3868 et
3425 3829 3546 3882 apo-

1978 3917 2224 3974 stolatum
2251 3916 2319 3969 ad
2363 3912 2701 3967 obediendum
2738 3910 2863 3980 ﬁdei
2892 3911 2947 3963 in
2998 3907 3233 3961 omnibus
3284 3903 3543 3975 gentibus,

1980 4012 2034 4065 in
2063 4009 2246 4080 quibus
2298 4016 2345 4060 et
2374 4006 2497 4059 estis
2546 4020 2630 4058 vos
2665 4001 2830 4056 vocati
2862 4000 2990 4054 Iesu
3041 3998 3268 4062 Christi;
3308 3994 3550 4048 omnibus

1979 4098 2189 4160 sanctis,
2228 4096 2315 4167 qui
2343 4104 2461 4149 sunt
2491 4093 2689 4156 Rom,
2718 4090 2917 4145 dilectis
2944 4090 3057 4154 Dei,
3088 4088 3279 4143 vocatis
3309 4086 3501 4141 sanctis
3526 4100 3548 4138 :

1979 4189 2151 4259 gratia
2176 4188 2332 4250 vobis,
2362 4194 2410 4240 et
2450 4201 2556 4255 pax
2583 4202 2613 4236 a
2639 4184 2744 4237 Deo
2800 4181 2958 4236 Patre
3002 4190 3194 4243 nostra,
3232 4189 3278 4233 et
3322 4178 3545 4231 Domino

1979 4279 2107 4333 Iesu
2138 4277 2362 4332 Christo.
2406 4275 2645 4329 Primum
2671 4273 2880 4342 quidem
2930 4274 3126 4342 gratias
3162 4287 3258 4340 ago
3288 4269 3397 4322 Deo
3431 4283 3544 4320 meo

317 4351 409 4420 qui
460 4352 627 4448 libros
654 4354 719 4407 de
778 4354 1039 4448 Trinitate
1072 4356 1302 4441 .legunt.
1363 4357 1468 4412 Sed
1494 4360 1618 4426 quia
1663 4359 1883 4431 grandis
1911 4389 1959 4448 υ
1981 4381 2072 4436 per
2095 4365 2275 4418 Iesum
2320 4363 2580 4417 Christum
2608 4377 2700 4430 pro
2754 4360 2991 4414 omnibus
3034 4359 3173 4412 vobis
3199 4357 3379 4448 :gquia
3412 4356 3544 4448 ﬁdes

322 4441 545 4495 materia
569 4450 670 4504 est,
718 4450 772 4496 et
816 4434 1087 4514 sigillatim
1121 4449 1448 4503 discutienda
1476 4457 1627 4515 sunt,
1659 4465 1722 4503 ea
1749 4464 1879 4518 pro-

323 4530 464 4585 ferre
491 4532 747 4588 debemus
783 4537 922 4590 unde
968 4538 1277 4593 scandalum
1304 4550 1480 4594 ortum
1508 4548 1591 4595 est
1633 4556 1731 4610 pro
1774 4556 1883 4610 quo

324 4623 655 4679 sebismatici
684 4625 919 4680 haeretici
946 4642 977 4680 a
1005 4636 1056 4682 te
1078 4644 1269 4683 nomen
1297 4631 1575 4685 habemus.

392 4734 617 4787 XLVIII.
654 4733 773 4788 Iam
801 4736 1034 4790 diximus
1059 4746 1204 4791 tuam
1232 4739 1570 4801 Trinitatem,
1597 4754 1756 4808 quam
1786 4754 1887 4795 nos

322 4839 432 4877 non
472 4824 797 4892 recipimus;
838 4825 1082 4880 dicamus
1109 4835 1164 4880 et
1194 4835 1341 4880 tuum
1389 4827 1681 4892 Christum,
1725 4843 1885 4897 quem

325 4917 486 4972 talem
507 4933 625 4972 esse
652 4933 757 4972 non
809 4918 1095 4973 credimus.
1134 4918 1322 4972 Dicitis
1361 4918 1538 4972 enim:
1582 4937 1602 4969 ι
1635 4918 1887 4988 Nunquid

324 5022 424 5075 per
450 5006 598 5059 illum
627 5007 715 5074 qui
747 5015 899 5060 natus
936 5014 1018 5061 est
1049 5007 1115 5060 de
1154 5006 1388 5073 Virgine,
1417 5021 1516 5073 per
1541 5006 1712 5073 ipsum
1759 5005 1888 5059 visi-

327 5085 453 5151 bilia
485 5104 539 5149 et
578 5096 860 5150 invisibilia
898 5095 1170 5159 condidit;
1212 5110 1279 5147 an
1322 5110 1419 5162 per
1447 5094 1593 5147 illum
1648 5095 1740 5164 qui
1778 5110 1887 5148 non

328 5195 412 5241 est
440 5186 723 5254 adoptione
748 5185 839 5239 sed
866 5200 1078 5254 genere,
1109 5200 1210 5239 nec
1247 5186 1424 5254 gratia
1468 5187 1565 5239 sed
1597 5201 1627 5239 a
1671 5195 1885 5250 natura,

328 5283 521 5330 cuncta
543 5276 784 5329 creavit?
812 5275 877 5327 Et
902 5276 1021 5329 ideo
1046 5276 1248 5343 absque
1269 5276 1428 5329 dubio
1445 5275 1700 5342 perillnm
1728 5291 1887 5343 quem

327 5364 429 5418 sibi
490 5364 813 5432 comqtialeni
845 5372 898 5417 et
950 5365 1065 5419 sine
1118 5366 1401 5433 adoptione
1459 5367 1676 5433 genuit,
1721 5366 1887 5420 multa

328 5452 553 5505 creavit.
584 5452 649 5504 Et
680 5466 776 5520 per
827 5451 985 5503 istum
1037 5452 1127 5505 Dei
1157 5453 1314 5507 simul
1362 5461 1417 5506 et
1449 5453 1682 5507 hominis
1722 5453 1888 5507 lilium

330 5540 565 5594 Verbum
603 5555 819 5593 carnem
861 5537 1060 5592 factum
1112 5541 1415 5608 adeptivum
1455 5542 1803 5605 humanitate,
1834 5549 1890 5595 et

330 5646 665 5700 nequaquam
688 5630 991 5699 adoptivum
1008 5631 1301 5696 divinitate,
1319 5633 1574 5687 mundum
1592 5633 1834 5688 redemit.
1863 5651 1883 5684 ι

1982 4464 2151 4512 vestra
2181 4454 2525 4509 annuntiatur
2570 4452 2625 4504 in
2669 4452 2904 4505 universo
2950 4448 3163 4503 mundo.
3220 4446 3382 4500 Testis
3407 4446 3545 4498 enim

1982 4556 2054 4602 est
2088 4545 2216 4599 mihi
2262 4543 2423 4606 Deus,
2450 4542 2533 4595 cui
2559 4542 2722 4596 servio
2759 4541 2814 4594 in
2841 4541 3027 4611 spiritu
3070 4555 3183 4592 meo
3234 4538 3288 4591 in
3315 4536 3548 4606 Evange-

1981 4639 2052 4692 lia
2088 4635 2219 4688 Filii
2262 4634 2397 4705 ejus.
2437 4630 2598 4699 Cujus
2626 4645 2837 4685 servum
2877 4644 2934 4684 se
2962 4628 3094 4683 dixit
3119 4625 3315 4682 Paulus
3343 4634 3549 4696 aposto-

1981 4729 2108 4785 lus?
2144 4735 2237 4781 aut
2260 4727 2316 4801 in
2348 4723 2500 4793 cujus
2527 4723 2645 4777 Filii
2672 4721 2961 4791 Evangelio
2989 4719 3296 4775 serviebat?
3331 4718 3545 4787 Aperite

1983 4820 2185 4883 oculos,
2216 4826 2269 4872 et
2311 4817 2488 4872 videte
2514 4830 2796 4870 venenum.
2835 4812 3089 4881 Prujicite
3131 4813 3240 4866 cito
3288 4810 3452 4872 foras,
3481 4823 3549 4861 ne

1984 4908 2283 4965 moriamini
2314 4923 2381 4962 ex
2425 4921 2509 4961 eo.
2550 4906 2735 4972 Legite
2789 4912 2928 4958 totas
2975 4901 3239 4970 Epistolas
3283 4897 3454 4957 Pauli,
3495 4903 3550 4949 et

1986 4998 2267 5054 invenietis
2315 5012 2514 5050 servum
2550 4994 2678 5048 Iesu
2716 4992 2906 5046 Christi
2936 5006 2993 5045 se
3049 4992 3460 5056 nuncupantem,
3497 4989 3551 5037 et

1985 5087 2179 5142 Filium
2227 5087 2318 5140 Dei
2355 5101 2535 5140 coram
2582 5086 2830 5139 omnibus
2871 5081 3229 5137 conﬁtentem.
3272 5075 3403 5129 Nam
3443 5088 3548 5126 non

1987 5176 2269 5232 invenietis
2293 5176 2366 5230 ibi
2398 5176 2556 5229 istum
2588 5183 2643 5228 et
2668 5174 2837 5235 illum,
2871 5172 3175 5240 adoptivum
3217 5165 3550 5223 humanitate

1987 5277 2042 5324 et
2072 5281 2402 5335 nequaquam
2437 5265 2742 5333 adoptivum
2793 5262 3092 5317 divinitate.
3133 5258 3315 5327 Legite
3345 5263 3546 5322 septem

1990 5357 2315 5414 canonicas:
2374 5353 2518 5408 Petri
2573 5352 2795 5422 apostoli
2847 5352 2998 5412 duas,
3052 5347 3272 5403 Joannis
3325 5340 3552 5413 apostoli

1990 5456 2120 5510 tres,
2151 5444 2300 5499 Iuda:
2329 5444 2412 5496 vel
2453 5441 2638 5496 Jacobi
2667 5441 2923 5511 singulas,
2981 5440 3084 5493 hoc
3110 5453 3217 5492 non
3249 5434 3551 5489 invenietur

1989 5538 2269 5605 scriptum.
2306 5533 2491 5603 Legite
2537 5532 2732 5587 librum
2764 5529 3172 5600 Evangeliorum
3222 5532 3469 5595 quatuor,
3497 5526 3553 5574 et

1988 5624 2365 5695 Apocalypsim
2414 5622 2654 5690 Ioannis,
2684 5630 2843 5694 atque
2878 5621 3044 5677 Actus
3089 5617 3472 5690 apostolorum,
3497 5621 3554 5669 et
