  <div class='ocr_page' id='page_1' title='image "/cluster/home/n/w/nwhite01/storage/ocr_20150623/96/hvd.32044052819901/467.png"; bbox 0 0 3992 6176; ppageno 0'>
   <div class='ocr_carea' id='block_1_1' title="bbox 463 332 568 386">
    <p class='ocr_par' dir='ltr' id='par_1_1' title="bbox 463 332 568 386">
     <span class='ocr_line' id='line_1_1' title="bbox 463 332 568 386; baseline 0 0"><span class='ocrx_word' id='word_1_1' title='bbox 463 332 568 386; x_wconf 70' lang='lat'><strong>923</strong></span> 
     </span>
    </p>
   </div>
   <div class='ocr_carea' id='block_1_2' title="bbox 1266 304 2873 391">
    <p class='ocr_par' dir='ltr' id='par_1_2' title="bbox 1266 304 2873 391">
     <span class='ocr_line' id='line_1_2' title="bbox 1266 304 2873 391; baseline -0.007 -9"><span class='ocrx_word' id='word_1_2' title='bbox 1266 304 1674 391; x_wconf 60' lang='lat' dir='ltr'><strong>Eumaeus,</strong></span> <span class='ocrx_word' id='word_1_3' title='bbox 1713 322 1938 387; x_wconf 80' lang='lat' dir='ltr'><strong>FELIX,</strong></span> <span class='ocrx_word' id='word_1_4' title='bbox 1978 317 2322 374; x_wconf 80' lang='lat' dir='ltr'><strong>HETEltlUS</strong></span> <span class='ocrx_word' id='word_1_5' title='bbox 2360 316 2446 371; x_wconf 85' lang='lat' dir='ltr'><strong>ET</strong></span> <span class='ocrx_word' id='word_1_6' title='bbox 2487 318 2543 373; x_wconf 93' lang='grc' dir='ltr'>ε.</span> <span class='ocrx_word' id='word_1_7' title='bbox 2584 317 2873 374; x_wconf 84' lang='lat' dir='ltr'><strong>BEATUS.</strong></span> 
     </span>
    </p>
   </div>
   <div class='ocr_carea' id='block_1_3' title="bbox 3582 320 3687 376">
    <p class='ocr_par' dir='ltr' id='par_1_3' title="bbox 3582 320 3687 376">
     <span class='ocr_line' id='line_1_3' title="bbox 3582 320 3687 376; baseline 0 -1"><span class='ocrx_word' id='word_1_8' title='bbox 3582 320 3687 376; x_wconf 64' lang='grc'><strong>921»</strong></span> 
     </span>
    </p>
   </div>
   <div class='ocr_carea' id='block_1_4' title="bbox 461 432 3686 503">
    <p class='ocr_par' dir='ltr' id='par_1_4' title="bbox 461 432 3686 503">
     <span class='ocr_line' id='line_1_4' title="bbox 461 432 3686 503; baseline -0.002 -5"><span class='ocrx_word' id='word_1_9' title='bbox 461 443 567 499; x_wconf 89' lang='lat' dir='ltr'><strong>hoc</strong></span> <span class='ocrx_word' id='word_1_10' title='bbox 589 443 658 497; x_wconf 90' lang='lat' dir='ltr'><strong>ibi</strong></span> <span class='ocrx_word' id='word_1_11' title='bbox 689 456 792 496; x_wconf 94' lang='lat' dir='ltr'><strong>non</strong></span> <span class='ocrx_word' id='word_1_12' title='bbox 822 438 1134 494; x_wconf 76' lang='lat' dir='ltr'><strong>invenietis:</strong></span> <span class='ocrx_word' id='word_1_13' title='bbox 1179 437 1272 491; x_wconf 90' lang='lat' dir='ltr'><strong>sed</strong></span> <span class='ocrx_word' id='word_1_14' title='bbox 1315 453 1489 490; x_wconf 85' lang='lat' dir='ltr'><strong>servus</strong></span> <span class='ocrx_word' id='word_1_15' title='bbox 1519 436 1645 490; x_wconf 85' lang='lat' dir='ltr'><strong>Jesu</strong></span> <span class='ocrx_word' id='word_1_16' title='bbox 1698 435 1889 489; x_wconf 73' lang='lat' dir='ltr'><strong>Christi</strong></span> <span class='ocrx_word' id='word_1_17' title='bbox 1918 447 2015 487; x_wconf 93' lang='lat' dir='ltr'><strong>no-</strong></span> <span class='ocrx_word' id='word_1_18' title='bbox 2049 436 2095 493; x_wconf 79' lang='grc' dir='ltr'>Α</span> <span class='ocrx_word' id='word_1_19' title='bbox 2122 433 2188 486; x_wconf 88' lang='grc' dir='ltr'>Ει</span> <span class='ocrx_word' id='word_1_20' title='bbox 2234 434 2337 489; x_wconf 90' lang='lat' dir='ltr'><strong>hoc</strong></span> <span class='ocrx_word' id='word_1_21' title='bbox 2383 432 2524 502; x_wconf 87' lang='lat' dir='ltr'><strong>quod</strong></span> <span class='ocrx_word' id='word_1_22' title='bbox 2567 433 2791 499; x_wconf 86' lang='lat' dir='ltr'><strong>videtis,</strong></span> <span class='ocrx_word' id='word_1_23' title='bbox 2838 432 2960 502; x_wconf 91' lang='lat' dir='ltr'><strong>plus</strong></span> <span class='ocrx_word' id='word_1_24' title='bbox 3004 447 3139 501; x_wconf 86' lang='lat' dir='ltr'><strong>aqua</strong></span> <span class='ocrx_word' id='word_1_25' title='bbox 3178 448 3337 503; x_wconf 87' lang='lat' dir='ltr'><strong>quam</strong></span> <span class='ocrx_word' id='word_1_26' title='bbox 3371 435 3555 490; x_wconf 86' lang='lat' dir='ltr'><strong>vinum</strong></span> <span class='ocrx_word' id='word_1_27' title='bbox 3582 449 3686 495; x_wconf 84' lang='lat' dir='ltr'><strong>est.</strong></span> 
     </span>
    </p>
   </div>
   <div class='ocr_carea' id='block_1_5' title="bbox 461 527 2021 597">
    <p class='ocr_par' dir='ltr' id='par_1_5' title="bbox 461 527 2021 597">
     <span class='ocr_line' id='line_1_5' title="bbox 461 527 2021 597; baseline -0.005 -8"><span class='ocrx_word' id='word_1_28' title='bbox 461 535 766 597; x_wconf 76' lang='lat' dir='ltr'><strong>minantes;</strong></span> <span class='ocrx_word' id='word_1_29' title='bbox 806 540 860 585; x_wconf 93' lang='lat' dir='ltr'><strong>et</strong></span> <span class='ocrx_word' id='word_1_30' title='bbox 896 531 1043 584; x_wconf 91' lang='lat' dir='ltr'><strong>illum</strong></span> <span class='ocrx_word' id='word_1_31' title='bbox 1075 529 1170 583; x_wconf 97' lang='lat' dir='ltr'><strong>Dei</strong></span> <span class='ocrx_word' id='word_1_32' title='bbox 1198 527 1395 582; x_wconf 86' lang='lat' dir='ltr'><strong>Filium</strong></span> <span class='ocrx_word' id='word_1_33' title='bbox 1433 529 1599 583; x_wconf 89' lang='lat' dir='ltr'><strong>Deum</strong></span> <span class='ocrx_word' id='word_1_34' title='bbox 1623 545 1796 583; x_wconf 80' lang='lat' dir='ltr'><strong>verum</strong></span> <span class='ocrx_word' id='word_1_35' title='bbox 1826 529 2021 583; x_wconf 89' lang='lat' dir='ltr'><strong>consti-</strong></span> 
     </span>
    </p>
   </div>
   <div class='ocr_carea' id='block_1_6' title="bbox 463 618 2020 688">
    <p class='ocr_par' dir='ltr' id='par_1_6' title="bbox 463 618 2020 688">
     <span class='ocr_line' id='line_1_6' title="bbox 463 618 2020 688; baseline -0.003 -13"><span class='ocrx_word' id='word_1_36' title='bbox 463 630 694 675; x_wconf 77' lang='lat' dir='ltr'><strong>tuentes.</strong></span> <span class='ocrx_word' id='word_1_37' title='bbox 720 619 904 688; x_wconf 83' lang='lat' dir='ltr'><strong>Legite</strong></span> <span class='ocrx_word' id='word_1_38' title='bbox 925 618 1091 672; x_wconf 88' lang='lat' dir='ltr'><strong>libros</strong></span> <span class='ocrx_word' id='word_1_39' title='bbox 1106 618 1343 672; x_wconf 90' lang='lat' dir='ltr'><strong>omnium</strong></span> <span class='ocrx_word' id='word_1_40' title='bbox 1368 618 1647 671; x_wconf 91' lang='lat' dir='ltr'><strong>doctorum</strong></span> <span class='ocrx_word' id='word_1_41' title='bbox 1675 632 1843 686; x_wconf 85' lang='lat' dir='ltr'><strong>usque</strong></span> <span class='ocrx_word' id='word_1_42' title='bbox 1864 618 1931 672; x_wconf 92' lang='lat' dir='ltr'><strong>ad</strong></span> <span class='ocrx_word' id='word_1_43' title='bbox 1955 619 2020 671; x_wconf 94' lang='lat' dir='ltr'><strong>li-</strong></span> 
     </span>
    </p>
   </div>
   <div class='ocr_carea' id='block_1_7' title="bbox 463 707 2019 777">
    <p class='ocr_par' dir='ltr' id='par_1_7' title="bbox 463 707 2019 777">
     <span class='ocr_line' id='line_1_7' title="bbox 463 707 2019 777; baseline -0.002 -14"><span class='ocrx_word' id='word_1_44' title='bbox 463 710 590 763; x_wconf 89' lang='lat' dir='ltr'><strong>bros</strong></span> <span class='ocrx_word' id='word_1_45' title='bbox 612 708 908 772; x_wconf 84' lang='lat' dir='ltr'><strong>manuales,</strong></span> <span class='ocrx_word' id='word_1_46' title='bbox 933 715 988 762; x_wconf 89' lang='lat' dir='ltr'><strong>et</strong></span> <span class='ocrx_word' id='word_1_47' title='bbox 1010 707 1292 762; x_wconf 86' lang='lat' dir='ltr'><strong>invenietis</strong></span> <span class='ocrx_word' id='word_1_48' title='bbox 1313 707 1452 777; x_wconf 91' lang='lat' dir='ltr'><strong>quod</strong></span> <span class='ocrx_word' id='word_1_49' title='bbox 1474 721 1632 761; x_wconf 88' lang='lat' dir='ltr'><strong>nemo</strong></span> <span class='ocrx_word' id='word_1_50' title='bbox 1644 707 1771 761; x_wconf 84' lang='lat' dir='ltr'><strong>talia</strong></span> <span class='ocrx_word' id='word_1_51' title='bbox 1784 707 2019 776; x_wconf 88' lang='lat' dir='ltr'><strong>scripsit,</strong></span> 
     </span>
    </p>
   </div>
   <div class='ocr_carea' id='block_1_8' title="bbox 463 795 2019 867">
    <p class='ocr_par' dir='ltr' id='par_1_8' title="bbox 463 795 2019 867">
     <span class='ocr_line' id='line_1_8' title="bbox 463 795 2019 867; baseline -0.003 -15"><span class='ocrx_word' id='word_1_52' title='bbox 463 799 588 867; x_wconf 84' lang='lat' dir='ltr'><strong>quia</strong></span> <span class='ocrx_word' id='word_1_53' title='bbox 615 814 713 852; x_wconf 89' lang='lat' dir='ltr'><strong>nec</strong></span> <span class='ocrx_word' id='word_1_54' title='bbox 764 799 893 852; x_wconf 87' lang='lat' dir='ltr'><strong>talia</strong></span> <span class='ocrx_word' id='word_1_55' title='bbox 929 797 1179 859; x_wconf 57' lang='lat' dir='ltr'><strong>credidit,</strong></span> <span class='ocrx_word' id='word_1_56' title='bbox 1216 795 1366 862; x_wconf 87' lang='lat' dir='ltr'><strong>Quod</strong></span> <span class='ocrx_word' id='word_1_57' title='bbox 1394 797 1437 850; x_wconf 92' lang='lat' dir='ltr'><strong>si</strong></span> <span class='ocrx_word' id='word_1_58' title='bbox 1468 803 1613 849; x_wconf 89' lang='lat' dir='ltr'><strong>certa</strong></span> <span class='ocrx_word' id='word_1_59' title='bbox 1644 796 1769 849; x_wconf 88' lang='lat' dir='ltr'><strong>talia</strong></span> <span class='ocrx_word' id='word_1_60' title='bbox 1796 796 2019 849; x_wconf 90' lang='lat' dir='ltr'><strong>invene-</strong></span> 
     </span>
    </p>
   </div>
   <div class='ocr_carea' id='block_1_9' title="bbox 464 883 2023 956">
    <p class='ocr_par' dir='ltr' id='par_1_9' title="bbox 464 883 2023 956">
     <span class='ocr_line' id='line_1_9' title="bbox 464 883 2023 956; baseline -0.003 -15"><span class='ocrx_word' id='word_1_61' title='bbox 464 887 583 941; x_wconf 85' lang='lat' dir='ltr'><strong>ritis</strong></span> <span class='ocrx_word' id='word_1_62' title='bbox 611 887 831 956; x_wconf 88' lang='lat' dir='ltr'><strong>scripta,</strong></span> <span class='ocrx_word' id='word_1_63' title='bbox 865 886 1041 955; x_wconf 84' lang='lat' dir='ltr'><strong>qualia</strong></span> <span class='ocrx_word' id='word_1_64' title='bbox 1079 900 1250 954; x_wconf 84' lang='lat' dir='ltr'><strong>nuper</strong></span> <span class='ocrx_word' id='word_1_65' title='bbox 1297 884 1496 952; x_wconf 89' lang='lat' dir='ltr'><strong>scripta</strong></span> <span class='ocrx_word' id='word_1_66' title='bbox 1554 891 1636 938; x_wconf 88' lang='lat' dir='ltr'><strong>est</strong></span> <span class='ocrx_word' id='word_1_67' title='bbox 1666 884 1734 938; x_wconf 90' lang='lat' dir='ltr'><strong>ab</strong></span> <span class='ocrx_word' id='word_1_68' title='bbox 1762 883 2023 952; x_wconf 87' lang='lat' dir='ltr'><strong>Elipando</strong></span> 
     </span>
    </p>
   </div>
   <div class='ocr_carea' id='block_1_10' title="bbox 465 974 2025 1044">
    <p class='ocr_par' dir='ltr' id='par_1_10' title="bbox 465 974 2025 1044">
     <span class='ocr_line' id='line_1_10' title="bbox 465 974 2025 1044; baseline -0.001 -14"><span class='ocrx_word' id='word_1_69' title='bbox 465 976 733 1031; x_wconf 74' lang='lat' dir='ltr'><strong>Toletana:</strong></span> <span class='ocrx_word' id='word_1_70' title='bbox 756 976 897 1030; x_wconf 84' lang='lat' dir='ltr'><strong>sedis</strong></span> <span class='ocrx_word' id='word_1_71' title='bbox 923 976 1190 1044; x_wconf 91' lang='lat' dir='ltr'><strong>episcopo,</strong></span> <span class='ocrx_word' id='word_1_72' title='bbox 1219 982 1344 1028; x_wconf 91' lang='lat' dir='ltr'><strong>tunc</strong></span> <span class='ocrx_word' id='word_1_73' title='bbox 1367 974 1567 1029; x_wconf 87' lang='lat' dir='ltr'><strong>credite</strong></span> <span class='ocrx_word' id='word_1_74' title='bbox 1592 975 1661 1039; x_wconf 91' lang='lat' dir='ltr'><strong>ei,</strong></span> <span class='ocrx_word' id='word_1_75' title='bbox 1684 975 1827 1043; x_wconf 89' lang='lat' dir='ltr'><strong>quod</strong></span> <span class='ocrx_word' id='word_1_76' title='bbox 1856 976 2025 1030; x_wconf 66' lang='lat' dir='ltr'><strong>haere-</strong></span> 
     </span>
    </p>
   </div>
   <div class='ocr_carea' id='block_1_11' title="bbox 464 1061 2025 1132">
    <p class='ocr_par' dir='ltr' id='par_1_11' title="bbox 464 1061 2025 1132">
     <span class='ocr_line' id='line_1_11' title="bbox 464 1061 2025 1132; baseline -0.003 -12"><span class='ocrx_word' id='word_1_77' title='bbox 464 1066 557 1120; x_wconf 91' lang='lat' dir='ltr'><strong>tici</strong></span> <span class='ocrx_word' id='word_1_78' title='bbox 589 1081 774 1120; x_wconf 92' lang='lat' dir='ltr'><strong>sumus</strong></span> <span class='ocrx_word' id='word_1_79' title='bbox 807 1072 861 1118; x_wconf 92' lang='lat' dir='ltr'><strong>et</strong></span> <span class='ocrx_word' id='word_1_80' title='bbox 895 1062 1212 1119; x_wconf 82' lang='lat' dir='ltr'><strong>Antichristi</strong></span> <span class='ocrx_word' id='word_1_81' title='bbox 1249 1062 1513 1132; x_wconf 86' lang='lat' dir='ltr'><strong>discipuli,</strong></span> <span class='ocrx_word' id='word_1_82' title='bbox 1565 1072 1619 1116; x_wconf 92' lang='lat' dir='ltr'><strong>et</strong></span> <span class='ocrx_word' id='word_1_83' title='bbox 1655 1061 1900 1131; x_wconf 86' lang='lat' dir='ltr'><strong>projiciat</strong></span> <span class='ocrx_word' id='word_1_84' title='bbox 1926 1077 2025 1117; x_wconf 91' lang='lat' dir='ltr'><strong>nos</strong></span> 
     </span>
    </p>
   </div>
   <div class='ocr_carea' id='block_1_12' title="bbox 465 1151 2027 1221">
    <p class='ocr_par' dir='ltr' id='par_1_12' title="bbox 465 1151 2027 1221">
     <span class='ocr_line' id='line_1_12' title="bbox 465 1151 2027 1221; baseline -0.001 -14"><span class='ocrx_word' id='word_1_85' title='bbox 465 1169 494 1207; x_wconf 90' lang='lat' dir='ltr'><strong>a</strong></span> <span class='ocrx_word' id='word_1_86' title='bbox 532 1160 676 1206; x_wconf 88' lang='lat' dir='ltr'><strong>terra</strong></span> <span class='ocrx_word' id='word_1_87' title='bbox 708 1161 884 1207; x_wconf 88' lang='lat' dir='ltr'><strong>vestra</strong></span> <span class='ocrx_word' id='word_1_88' title='bbox 912 1171 923 1205; x_wconf 95' lang='lat'>:</span> <span class='ocrx_word' id='word_1_89' title='bbox 962 1161 1032 1214; x_wconf 90' lang='lat' dir='ltr'><strong>et,</strong></span> <span class='ocrx_word' id='word_1_90' title='bbox 1063 1152 1355 1207; x_wconf 88' lang='lat' dir='ltr'><strong>secundum</strong></span> <span class='ocrx_word' id='word_1_91' title='bbox 1391 1151 1532 1206; x_wconf 87' lang='lat' dir='ltr'><strong>illius</strong></span> <span class='ocrx_word' id='word_1_92' title='bbox 1558 1160 1902 1221; x_wconf 61' lang='lat' dir='ltr'><strong>praeceptum,</strong></span> <span class='ocrx_word' id='word_1_93' title='bbox 1929 1169 2027 1205; x_wconf 90' lang='lat' dir='ltr'><strong>au-</strong></span> 
     </span>
    </p>
   </div>
   <div class='ocr_carea' id='block_1_13' title="bbox 466 1240 2026 1310">
    <p class='ocr_par' dir='ltr' id='par_1_13' title="bbox 466 1240 2026 1310">
     <span class='ocr_line' id='line_1_13' title="bbox 466 1240 2026 1310; baseline 0.001 -15"><span class='ocrx_word' id='word_1_94' title='bbox 466 1242 596 1310; x_wconf 71' lang='lat' dir='ltr'><strong>ferte</strong></span> <span class='ocrx_word' id='word_1_95' title='bbox 633 1241 829 1295; x_wconf 88' lang='lat' dir='ltr'><strong>malum</strong></span> <span class='ocrx_word' id='word_1_96' title='bbox 873 1242 936 1294; x_wconf 86' lang='lat' dir='ltr'><strong>de</strong></span> <span class='ocrx_word' id='word_1_97' title='bbox 964 1241 1134 1294; x_wconf 90' lang='lat' dir='ltr'><strong>medio</strong></span> <span class='ocrx_word' id='word_1_98' title='bbox 1181 1242 1350 1295; x_wconf 85' lang='lat' dir='ltr'><strong>vestri.</strong></span> <span class='ocrx_word' id='word_1_99' title='bbox 1407 1240 1463 1294; x_wconf 90' lang='lat' dir='ltr'><strong>Si</strong></span> <span class='ocrx_word' id='word_1_100' title='bbox 1490 1248 1635 1295; x_wconf 87' lang='lat' dir='ltr'><strong>certe</strong></span> <span class='ocrx_word' id='word_1_101' title='bbox 1671 1256 1769 1295; x_wconf 91' lang='lat' dir='ltr'><strong>nos</strong></span> <span class='ocrx_word' id='word_1_102' title='bbox 1798 1241 2026 1296; x_wconf 86' lang='lat' dir='ltr'><strong>dicimus</strong></span> 
     </span>
    </p>
   </div>
   <div class='ocr_carea' id='block_1_14' title="bbox 464 1332 2025 1402">
    <p class='ocr_par' dir='ltr' id='par_1_14' title="bbox 464 1332 2025 1402">
     <span class='ocr_line' id='line_1_14' title="bbox 464 1332 2025 1402; baseline 0.001 -15"><span class='ocrx_word' id='word_1_103' title='bbox 464 1336 766 1398; x_wconf 77' lang='lat' dir='ltr'><strong>veritatem,</strong></span> <span class='ocrx_word' id='word_1_104' title='bbox 798 1334 888 1388; x_wconf 89' lang='lat' dir='ltr'><strong>ille</strong></span> <span class='ocrx_word' id='word_1_105' title='bbox 913 1332 1248 1387; x_wconf 86' lang='lat' dir='ltr'><strong>mendacium</strong></span> <span class='ocrx_word' id='word_1_106' title='bbox 1283 1333 1432 1399; x_wconf 87' lang='lat' dir='ltr'><strong>dicit,</strong></span> <span class='ocrx_word' id='word_1_107' title='bbox 1478 1333 1601 1402; x_wconf 90' lang='lat' dir='ltr'><strong>quia</strong></span> <span class='ocrx_word' id='word_1_108' title='bbox 1636 1348 1742 1387; x_wconf 93' lang='lat' dir='ltr'><strong>non</strong></span> <span class='ocrx_word' id='word_1_109' title='bbox 1767 1334 2025 1389; x_wconf 84' lang='lat' dir='ltr'><strong>habemus</strong></span> 
     </span>
    </p>
   </div>
   <div class='ocr_carea' id='block_1_15' title="bbox 464 1422 2028 1494">
    <p class='ocr_par' dir='ltr' id='par_1_15' title="bbox 464 1422 2028 1494">
     <span class='ocr_line' id='line_1_15' title="bbox 464 1422 2028 1494; baseline 0 -16"><span class='ocrx_word' id='word_1_110' title='bbox 464 1440 627 1479; x_wconf 90' lang='lat' dir='ltr'><strong>unam</strong></span> <span class='ocrx_word' id='word_1_111' title='bbox 661 1422 816 1478; x_wconf 83' lang='lat' dir='ltr'><strong>[idem</strong></span> <span class='ocrx_word' id='word_1_112' title='bbox 844 1438 858 1476; x_wconf 89' lang='lat'><strong>:</strong></span> <span class='ocrx_word' id='word_1_113' title='bbox 900 1431 954 1475; x_wconf 92' lang='lat' dir='ltr'><strong>et</strong></span> <span class='ocrx_word' id='word_1_114' title='bbox 980 1422 1111 1477; x_wconf 88' lang='lat' dir='ltr'><strong>ﬁdes</strong></span> <span class='ocrx_word' id='word_1_115' title='bbox 1140 1437 1293 1477; x_wconf 90' lang='lat' dir='ltr'><strong>versa</strong></span> <span class='ocrx_word' id='word_1_116' title='bbox 1325 1422 1582 1494; x_wconf 85' lang='lat' dir='ltr'><strong>[diversa]</strong></span> <span class='ocrx_word' id='word_1_117' title='bbox 1612 1438 1718 1478; x_wconf 91' lang='lat' dir='ltr'><strong>non</strong></span> <span class='ocrx_word' id='word_1_118' title='bbox 1741 1422 1864 1477; x_wconf 82' lang='lat' dir='ltr'><strong>facit</strong></span> <span class='ocrx_word' id='word_1_119' title='bbox 1898 1424 2028 1478; x_wconf 84' lang='lat' dir='ltr'><strong>cha-</strong></span> 
     </span>
    </p>
   </div>
   <div class='ocr_carea' id='block_1_16' title="bbox 466 1508 2026 1577">
    <p class='ocr_par' dir='ltr' id='par_1_16' title="bbox 466 1508 2026 1577">
     <span class='ocr_line' id='line_1_16' title="bbox 466 1508 2026 1577; baseline 0.001 -12"><span class='ocrx_word' id='word_1_120' title='bbox 466 1513 683 1565; x_wconf 89' lang='lat' dir='ltr'><strong>ritatem</strong></span> <span class='ocrx_word' id='word_1_121' title='bbox 733 1526 915 1575; x_wconf 89' lang='lat' dir='ltr'><strong>unam,</strong></span> <span class='ocrx_word' id='word_1_122' title='bbox 962 1519 1016 1564; x_wconf 90' lang='lat' dir='ltr'><strong>et</strong></span> <span class='ocrx_word' id='word_1_123' title='bbox 1041 1510 1109 1564; x_wconf 91' lang='lat' dir='ltr'><strong>ob</strong></span> <span class='ocrx_word' id='word_1_124' title='bbox 1136 1511 1235 1563; x_wconf 92' lang='lat' dir='ltr'><strong>hoc</strong></span> <span class='ocrx_word' id='word_1_125' title='bbox 1263 1508 1433 1564; x_wconf 77' lang='lat' dir='ltr'><strong>divisa</strong></span> <span class='ocrx_word' id='word_1_126' title='bbox 1455 1518 1537 1564; x_wconf 86' lang='lat' dir='ltr'><strong>est</strong></span> <span class='ocrx_word' id='word_1_127' title='bbox 1572 1511 1627 1563; x_wconf 89' lang='lat' dir='ltr'><strong>in</strong></span> <span class='ocrx_word' id='word_1_128' title='bbox 1665 1510 1797 1565; x_wconf 88' lang='lat' dir='ltr'><strong>duas</strong></span> <span class='ocrx_word' id='word_1_129' title='bbox 1844 1520 2026 1577; x_wconf 87' lang='lat' dir='ltr'><strong>partes</strong></span> 
     </span>
    </p>
   </div>
   <div class='ocr_carea' id='block_1_17' title="bbox 468 1598 2026 1668">
    <p class='ocr_par' dir='ltr' id='par_1_17' title="bbox 468 1598 2026 1668">
     <span class='ocr_line' id='line_1_17' title="bbox 468 1598 2026 1668; baseline -0.001 -13"><span class='ocrx_word' id='word_1_130' title='bbox 468 1600 726 1655; x_wconf 84' lang='lat' dir='ltr'><strong>Ecclesia.</strong></span> <span class='ocrx_word' id='word_1_131' title='bbox 764 1599 830 1653; x_wconf 89' lang='lat' dir='ltr'><strong>Et</strong></span> <span class='ocrx_word' id='word_1_132' title='bbox 870 1598 982 1666; x_wconf 86' lang='lat' dir='ltr'><strong>jam</strong></span> <span class='ocrx_word' id='word_1_133' title='bbox 1013 1599 1067 1652; x_wconf 92' lang='lat' dir='ltr'><strong>in</strong></span> <span class='ocrx_word' id='word_1_134' title='bbox 1102 1598 1499 1667; x_wconf 89' lang='lat' dir='ltr'><strong>Scripturarum</strong></span> <span class='ocrx_word' id='word_1_135' title='bbox 1554 1600 1828 1668; x_wconf 66' lang='lat' dir='ltr'><strong>praecincti</strong></span> <span class='ocrx_word' id='word_1_136' title='bbox 1874 1614 2026 1654; x_wconf 90' lang='lat' dir='ltr'><strong>arma</strong></span> 
     </span>
    </p>
   </div>
   <div class='ocr_carea' id='block_1_18' title="bbox 467 1689 2028 1760">
    <p class='ocr_par' dir='ltr' id='par_1_18' title="bbox 467 1689 2028 1760">
     <span class='ocr_line' id='line_1_18' title="bbox 467 1689 2028 1760; baseline -0.002 -14"><span class='ocrx_word' id='word_1_137' title='bbox 467 1691 834 1760; x_wconf 86' lang='lat' dir='ltr'><strong>unusquisque</strong></span> <span class='ocrx_word' id='word_1_138' title='bbox 873 1690 993 1744; x_wconf 82' lang='lat' dir='ltr'><strong>fidei</strong></span> <span class='ocrx_word' id='word_1_139' title='bbox 1038 1704 1166 1751; x_wconf 60' lang='lat' dir='ltr'><strong>suae,</strong></span> <span class='ocrx_word' id='word_1_140' title='bbox 1213 1689 1424 1758; x_wconf 88' lang='lat' dir='ltr'><strong>publice</strong></span> <span class='ocrx_word' id='word_1_141' title='bbox 1466 1689 1797 1743; x_wconf 80' lang='lat' dir='ltr'><strong>surreximus</strong></span> <span class='ocrx_word' id='word_1_142' title='bbox 1826 1689 1891 1742; x_wconf 90' lang='lat' dir='ltr'><strong>ad</strong></span> <span class='ocrx_word' id='word_1_143' title='bbox 1926 1704 2028 1758; x_wconf 90' lang='lat' dir='ltr'><strong>pu-</strong></span> 
     </span>
    </p>
   </div>
   <div class='ocr_carea' id='block_1_19' title="bbox 2189 520 3692 593">
    <p class='ocr_par' dir='ltr' id='par_1_19' title="bbox 2189 520 3692 593">
     <span class='ocr_line' id='line_1_19' title="bbox 2189 520 3692 593; baseline 0.003 -17"><span class='ocrx_word' id='word_1_144' title='bbox 2189 523 2273 577; x_wconf 73' lang='grc' dir='ltr'>ιι.</span> <span class='ocrx_word' id='word_1_145' title='bbox 2303 521 2420 577; x_wconf 84' lang='lat' dir='ltr'><strong>Jam</strong></span> <span class='ocrx_word' id='word_1_146' title='bbox 2451 531 2505 577; x_wconf 93' lang='lat' dir='ltr'><strong>et</strong></span> <span class='ocrx_word' id='word_1_147' title='bbox 2531 524 2634 577; x_wconf 92' lang='lat' dir='ltr'><strong>hoc</strong></span> <span class='ocrx_word' id='word_1_148' title='bbox 2659 523 2947 592; x_wconf 86' lang='lat' dir='ltr'><strong>aliquando</strong></span> <span class='ocrx_word' id='word_1_149' title='bbox 2990 520 3191 576; x_wconf 80' lang='lat' dir='ltr'><strong>factum</strong></span> <span class='ocrx_word' id='word_1_150' title='bbox 3223 532 3307 577; x_wconf 87' lang='lat' dir='ltr'><strong>est</strong></span> <span class='ocrx_word' id='word_1_151' title='bbox 3332 531 3574 593; x_wconf 89' lang='lat' dir='ltr'><strong>tempore</strong></span> <span class='ocrx_word' id='word_1_152' title='bbox 3601 524 3692 581; x_wconf 80' lang='lat' dir='ltr'><strong>Je-</strong></span> 
     </span>
    </p>
   </div>
   <div class='ocr_carea' id='block_1_20' title="bbox 2120 612 3691 685">
    <p class='ocr_par' dir='ltr' id='par_1_20' title="bbox 2120 612 3691 685">
     <span class='ocr_line' id='line_1_20' title="bbox 2120 612 3691 685; baseline 0.004 -20"><span class='ocrx_word' id='word_1_153' title='bbox 2120 613 2321 666; x_wconf 65' lang='lat' dir='ltr'><strong>remim.</strong></span> <span class='ocrx_word' id='word_1_154' title='bbox 2354 612 2520 666; x_wconf 88' lang='lat' dir='ltr'><strong>Erant</strong></span> <span class='ocrx_word' id='word_1_155' title='bbox 2544 613 3041 682; x_wconf 66' lang='lat' dir='ltr'><strong>pseudoprophetaa,</strong></span> <span class='ocrx_word' id='word_1_156' title='bbox 3079 613 3182 667; x_wconf 88' lang='lat' dir='ltr'><strong>hoc</strong></span> <span class='ocrx_word' id='word_1_157' title='bbox 3210 620 3293 666; x_wconf 87' lang='grc' dir='ltr'><strong>εει</strong></span> <span class='ocrx_word' id='word_1_158' title='bbox 3307 613 3569 679; x_wconf 63' lang='lat' dir='ltr'><strong>haeretici,</strong></span> <span class='ocrx_word' id='word_1_159' title='bbox 3596 618 3691 685; x_wconf 87' lang='lat' dir='ltr'><strong>qui</strong></span> 
     </span>
    </p>
   </div>
   <div class='ocr_carea' id='block_1_21' title="bbox 2121 701 3696 772">
    <p class='ocr_par' dir='ltr' id='par_1_21' title="bbox 2121 701 3696 772">
     <span class='ocr_line' id='line_1_21' title="bbox 2121 701 3696 772; baseline 0.005 -18"><span class='ocrx_word' id='word_1_160' title='bbox 2121 701 2253 755; x_wconf 78' lang='lat' dir='ltr'><strong>falsa</strong></span> <span class='ocrx_word' id='word_1_161' title='bbox 2285 710 2339 755; x_wconf 90' lang='lat' dir='ltr'><strong>et</strong></span> <span class='ocrx_word' id='word_1_162' title='bbox 2363 702 2603 756; x_wconf 89' lang='lat' dir='ltr'><strong>adultera</strong></span> <span class='ocrx_word' id='word_1_163' title='bbox 2634 702 2797 756; x_wconf 89' lang='lat' dir='ltr'><strong>verba</strong></span> <span class='ocrx_word' id='word_1_164' title='bbox 2834 702 3029 771; x_wconf 88' lang='lat' dir='ltr'><strong>populo</strong></span> <span class='ocrx_word' id='word_1_165' title='bbox 3056 703 3438 772; x_wconf 83' lang='lat' dir='ltr'><strong>praedicabant,</strong></span> <span class='ocrx_word' id='word_1_166' title='bbox 3467 708 3696 762; x_wconf 76' lang='lat' dir='ltr'><strong>et‘dice-</strong></span> 
     </span>
    </p>
   </div>
   <div class='ocr_carea' id='block_1_22' title="bbox 2121 790 3693 858">
    <p class='ocr_par' dir='ltr' id='par_1_22' title="bbox 2121 790 3693 858">
     <span class='ocr_line' id='line_1_22' title="bbox 2121 790 3693 858; baseline 0.004 -12"><span class='ocrx_word' id='word_1_167' title='bbox 2121 792 2287 846; x_wconf 88' lang='lat' dir='ltr'><strong>bant:</strong></span> <span class='ocrx_word' id='word_1_168' title='bbox 2337 790 2467 845; x_wconf 68' lang='lat' dir='ltr'><strong>Herc</strong></span> <span class='ocrx_word' id='word_1_169' title='bbox 2504 791 2632 845; x_wconf 80' lang='lat' dir='ltr'><strong>dicit</strong></span> <span class='ocrx_word' id='word_1_170' title='bbox 2677 791 2953 845; x_wconf 77' lang='lat' dir='ltr'><strong>Dominus.</strong></span> <span class='ocrx_word' id='word_1_171' title='bbox 3003 791 3147 858; x_wconf 85' lang='lat' dir='ltr'><strong>Quos</strong></span> <span class='ocrx_word' id='word_1_172' title='bbox 3192 793 3448 850; x_wconf 86' lang='lat' dir='ltr'><strong>Dominus</strong></span> <span class='ocrx_word' id='word_1_173' title='bbox 3473 798 3693 853; x_wconf 88' lang='lat' dir='ltr'><strong>omnino</strong></span> 
     </span>
    </p>
   </div>
   <div class='ocr_carea' id='block_1_23' title="bbox 2121 879 3697 950">
    <p class='ocr_par' dir='ltr' id='par_1_23' title="bbox 2121 879 3697 950">
     <span class='ocr_line' id='line_1_23' title="bbox 2121 879 3697 950; baseline 0.004 -17"><span class='ocrx_word' id='word_1_174' title='bbox 2121 896 2227 934; x_wconf 93' lang='lat' dir='ltr'><strong>non</strong></span> <span class='ocrx_word' id='word_1_175' title='bbox 2253 881 2494 935; x_wconf 86' lang='lat' dir='ltr'><strong>miserat.</strong></span> <span class='ocrx_word' id='word_1_176' title='bbox 2528 879 2680 934; x_wconf 89' lang='lat' dir='ltr'><strong>Unde</strong></span> <span class='ocrx_word' id='word_1_177' title='bbox 2709 886 2763 934; x_wconf 92' lang='lat' dir='ltr'><strong>et</strong></span> <span class='ocrx_word' id='word_1_178' title='bbox 2789 895 2885 949; x_wconf 91' lang='lat' dir='ltr'><strong>per</strong></span> <span class='ocrx_word' id='word_1_179' title='bbox 2911 881 3102 934; x_wconf 83' lang='lat' dir='ltr'><strong>Isaiam</strong></span> <span class='ocrx_word' id='word_1_180' title='bbox 3128 896 3394 950; x_wconf 84' lang='lat' dir='ltr'><strong>caupones</strong></span> <span class='ocrx_word' id='word_1_181' title='bbox 3413 897 3507 937; x_wconf 91' lang='lat' dir='ltr'><strong>eos</strong></span> <span class='ocrx_word' id='word_1_182' title='bbox 3536 892 3697 939; x_wconf 87' lang='lat' dir='ltr'><strong>teter-</strong></span> 
     </span>
    </p>
   </div>
   <div class='ocr_carea' id='block_1_24' title="bbox 2122 970 3700 1042">
    <p class='ocr_par' dir='ltr' id='par_1_24' title="bbox 2122 970 3700 1042">
     <span class='ocr_line' id='line_1_24' title="bbox 2122 970 3700 1042; baseline 0.004 -18"><span class='ocrx_word' id='word_1_183' title='bbox 2122 971 2288 1026; x_wconf 92' lang='lat' dir='ltr'><strong>rimos</strong></span> <span class='ocrx_word' id='word_1_184' title='bbox 2320 971 2638 1040; x_wconf 83' lang='lat' dir='ltr'><strong>appellabat,</strong></span> <span class='ocrx_word' id='word_1_185' title='bbox 2682 971 2904 1026; x_wconf 88' lang='lat' dir='ltr'><strong>dicens:</strong></span> <span class='ocrx_word' id='word_1_186' title='bbox 2954 970 3223 1042; x_wconf 87' lang='lat' dir='ltr'><strong>Caupones</strong></span> <span class='ocrx_word' id='word_1_187' title='bbox 3258 974 3335 1026; x_wconf 89' lang='lat' dir='ltr'><strong>tui</strong></span> <span class='ocrx_word' id='word_1_188' title='bbox 3375 976 3589 1029; x_wconf 79' lang='lat' dir='ltr'><strong>miscent</strong></span> <span class='ocrx_word' id='word_1_189' title='bbox 3623 978 3700 1030; x_wconf 77' lang='lat' dir='ltr'><strong>ri-</strong></span> 
     </span>
    </p>
   </div>
   <div class='ocr_carea' id='block_1_25' title="bbox 2125 1061 3698 1133">
    <p class='ocr_par' dir='ltr' id='par_1_25' title="bbox 2125 1061 3698 1133">
     <span class='ocr_line' id='line_1_25' title="bbox 2125 1061 3698 1133; baseline 0.002 -17"><span class='ocrx_word' id='word_1_190' title='bbox 2125 1078 2249 1116; x_wconf 84' lang='lat' dir='ltr'><strong>nam</strong></span> <span class='ocrx_word' id='word_1_191' title='bbox 2276 1079 2425 1133; x_wconf 80' lang='lat' dir='ltr'><strong>aquce</strong></span> <span class='ocrx_word' id='word_1_192' title='bbox 2451 1061 2584 1131; x_wconf 87' lang='lat' dir='ltr'><strong>(Isa.</strong></span> <span class='ocrx_word' id='word_1_193' title='bbox 2614 1078 2654 1127; x_wconf 83' lang='grc' dir='ltr'><strong>ι,</strong></span> <span class='ocrx_word' id='word_1_194' title='bbox 2684 1061 2807 1133; x_wconf 74' lang='lat'><strong>22),</strong></span> <span class='ocrx_word' id='word_1_195' title='bbox 2853 1077 2919 1117; x_wconf 92' lang='lat' dir='ltr'><strong>eo</strong></span> <span class='ocrx_word' id='word_1_196' title='bbox 2953 1063 3095 1131; x_wconf 84' lang='lat' dir='ltr'><strong>quod</strong></span> <span class='ocrx_word' id='word_1_197' title='bbox 3122 1063 3351 1132; x_wconf 89' lang='lat' dir='ltr'><strong>sapienti</strong></span> <span class='ocrx_word' id='word_1_198' title='bbox 3396 1074 3452 1119; x_wconf 91' lang='lat' dir='ltr'><strong>et</strong></span> <span class='ocrx_word' id='word_1_199' title='bbox 3486 1067 3698 1121; x_wconf 87' lang='lat' dir='ltr'><strong>sincero</strong></span> 
     </span>
    </p>
   </div>
   <div class='ocr_carea' id='block_1_26' title="bbox 2125 1153 3698 1225">
    <p class='ocr_par' dir='ltr' id='par_1_26' title="bbox 2125 1153 3698 1225">
     <span class='ocr_line' id='line_1_26' title="bbox 2125 1153 3698 1225; baseline 0.003 -17"><span class='ocrx_word' id='word_1_200' title='bbox 2125 1169 2296 1220; x_wconf 87' lang='lat' dir='ltr'><strong>mero,</strong></span> <span class='ocrx_word' id='word_1_201' title='bbox 2338 1153 2390 1208; x_wconf 90' lang='lat' dir='ltr'><strong>id</strong></span> <span class='ocrx_word' id='word_1_202' title='bbox 2425 1164 2509 1208; x_wconf 87' lang='lat' dir='ltr'><strong>est</strong></span> <span class='ocrx_word' id='word_1_203' title='bbox 2541 1155 2705 1210; x_wconf 88' lang='lat' dir='ltr'><strong>verbo</strong></span> <span class='ocrx_word' id='word_1_204' title='bbox 2729 1155 2855 1216; x_wconf 85' lang='lat' dir='ltr'><strong>Dei,</strong></span> <span class='ocrx_word' id='word_1_205' title='bbox 2913 1154 3195 1223; x_wconf 90' lang='lat' dir='ltr'><strong>insipidum</strong></span> <span class='ocrx_word' id='word_1_206' title='bbox 3222 1164 3276 1209; x_wconf 87' lang='lat' dir='ltr'><strong>et</strong></span> <span class='ocrx_word' id='word_1_207' title='bbox 3324 1164 3600 1225; x_wconf 86' lang='lat' dir='ltr'><strong>aquatum,</strong></span> <span class='ocrx_word' id='word_1_208' title='bbox 3644 1159 3698 1214; x_wconf 89' lang='lat' dir='ltr'><strong>id</strong></span> 
     </span>
    </p>
   </div>
   <div class='ocr_carea' id='block_1_27' title="bbox 2126 1228 3697 1314">
    <p class='ocr_par' dir='ltr' id='par_1_27' title="bbox 2126 1228 3697 1314">
     <span class='ocr_line' id='line_1_27' title="bbox 2126 1228 3697 1314; baseline 0.002 -17"><span class='ocrx_word' id='word_1_209' title='bbox 2126 1251 2209 1297; x_wconf 91' lang='lat' dir='ltr'><strong>est</strong></span> <span class='ocrx_word' id='word_1_210' title='bbox 2233 1228 2501 1297; x_wconf 68' lang='lat' dir='ltr'><strong>ierrenam</strong></span> <span class='ocrx_word' id='word_1_211' title='bbox 2528 1250 2585 1296; x_wconf 93' lang='lat' dir='ltr'><strong>et</strong></span> <span class='ocrx_word' id='word_1_212' title='bbox 2621 1243 2910 1297; x_wconf 87' lang='lat' dir='ltr'><strong>humanam</strong></span> <span class='ocrx_word' id='word_1_213' title='bbox 2948 1243 3265 1305; x_wconf 82' lang='lat' dir='ltr'><strong>doctrinam,</strong></span> <span class='ocrx_word' id='word_1_214' title='bbox 3305 1246 3459 1312; x_wconf 86' lang='lat' dir='ltr'><strong>quasi</strong></span> <span class='ocrx_word' id='word_1_215' title='bbox 3500 1261 3697 1314; x_wconf 88' lang='lat' dir='ltr'><strong>aquam</strong></span> 
     </span>
    </p>
   </div>
   <div class='ocr_carea' id='block_1_28' title="bbox 2125 1331 3699 1404">
    <p class='ocr_par' dir='ltr' id='par_1_28' title="bbox 2125 1331 3699 1404">
     <span class='ocr_line' id='line_1_28' title="bbox 2125 1331 3699 1404; baseline 0.004 -19"><span class='ocrx_word' id='word_1_216' title='bbox 2125 1331 2412 1386; x_wconf 84' lang='lat' dir='ltr'><strong>miscentes</strong></span> <span class='ocrx_word' id='word_1_217' title='bbox 2463 1332 2605 1396; x_wconf 89' lang='lat' dir='ltr'><strong>vino,</strong></span> <span class='ocrx_word' id='word_1_218' title='bbox 2637 1332 2831 1400; x_wconf 89' lang='lat' dir='ltr'><strong>populo</strong></span> <span class='ocrx_word' id='word_1_219' title='bbox 2885 1332 3225 1387; x_wconf 88' lang='lat' dir='ltr'><strong>intimabant.</strong></span> <span class='ocrx_word' id='word_1_220' title='bbox 3260 1333 3382 1388; x_wconf 84' lang='lat' dir='ltr'><strong>Ideo</strong></span> <span class='ocrx_word' id='word_1_221' title='bbox 3428 1351 3699 1404; x_wconf 84' lang='lat' dir='ltr'><strong>caupones</strong></span> 
     </span>
    </p>
   </div>
   <div class='ocr_carea' id='block_1_29' title="bbox 2124 1419 3706 1494">
    <p class='ocr_par' dir='ltr' id='par_1_29' title="bbox 2124 1419 3706 1494">
     <span class='ocr_line' id='line_1_29' title="bbox 2124 1419 3706 1494; baseline 0.006 -22"><span class='ocrx_word' id='word_1_222' title='bbox 2124 1434 2318 1488; x_wconf 89' lang='lat' dir='ltr'><strong>aquam</strong></span> <span class='ocrx_word' id='word_1_223' title='bbox 2342 1419 2466 1477; x_wconf 83' lang='lat' dir='ltr'><strong>vino</strong></span> <span class='ocrx_word' id='word_1_224' title='bbox 2504 1420 2790 1474; x_wconf 85' lang='lat' dir='ltr'><strong>miscentes</strong></span> <span class='ocrx_word' id='word_1_225' title='bbox 2833 1420 3016 1475; x_wconf 86' lang='lat' dir='ltr'><strong>audire</strong></span> <span class='ocrx_word' id='word_1_226' title='bbox 3061 1430 3388 1475; x_wconf 87' lang='lat' dir='ltr'><strong>meruerunt.</strong></span> <span class='ocrx_word' id='word_1_227' title='bbox 3436 1424 3502 1477; x_wconf 87' lang='lat' dir='ltr'><strong>Et</strong></span> <span class='ocrx_word' id='word_1_228' title='bbox 3526 1441 3706 1494; x_wconf 84' lang='lat' dir='ltr'><strong>quan-</strong></span> 
     </span>
    </p>
   </div>
   <div class='ocr_carea' id='block_1_30' title="bbox 2125 1509 3693 1579">
    <p class='ocr_par' dir='ltr' id='par_1_30' title="bbox 2125 1509 3693 1579">
     <span class='ocr_line' id='line_1_30' title="bbox 2125 1509 3693 1579; baseline 0.005 -18"><span class='ocrx_word' id='word_1_229' title='bbox 2125 1523 2285 1578; x_wconf 83' lang='lat' dir='ltr'><strong>quam</strong></span> <span class='ocrx_word' id='word_1_230' title='bbox 2310 1509 2492 1564; x_wconf 91' lang='lat' dir='ltr'><strong>vinum</strong></span> <span class='ocrx_word' id='word_1_231' title='bbox 2527 1509 2832 1563; x_wconf 87' lang='lat' dir='ltr'><strong>nominetur</strong></span> <span class='ocrx_word' id='word_1_232' title='bbox 2861 1510 2964 1564; x_wconf 92' lang='lat' dir='ltr'><strong>hoc</strong></span> <span class='ocrx_word' id='word_1_233' title='bbox 2989 1509 3123 1573; x_wconf 91' lang='lat' dir='ltr'><strong>loco,</strong></span> <span class='ocrx_word' id='word_1_234' title='bbox 3156 1520 3332 1565; x_wconf 89' lang='lat' dir='ltr'><strong>tamen</strong></span> <span class='ocrx_word' id='word_1_235' title='bbox 3363 1513 3559 1567; x_wconf 90' lang='lat' dir='ltr'><strong>bonum</strong></span> <span class='ocrx_word' id='word_1_236' title='bbox 3588 1524 3693 1579; x_wconf 81' lang='lat' dir='ltr'><strong>est,</strong></span> 
     </span>
    </p>
   </div>
   <div class='ocr_carea' id='block_1_31' title="bbox 2125 1599 3703 1670">
    <p class='ocr_par' dir='ltr' id='par_1_31' title="bbox 2125 1599 3703 1670">
     <span class='ocr_line' id='line_1_31' title="bbox 2125 1599 3703 1670; baseline 0.005 -18"><span class='ocrx_word' id='word_1_237' title='bbox 2125 1599 2252 1668; x_wconf 87' lang='lat' dir='ltr'><strong>quia</strong></span> <span class='ocrx_word' id='word_1_238' title='bbox 2283 1599 2526 1654; x_wconf 89' lang='lat' dir='ltr'><strong>doctrina</strong></span> <span class='ocrx_word' id='word_1_239' title='bbox 2570 1599 2949 1670; x_wconf 87' lang='lat' dir='ltr'><strong>prophetarum</strong></span> <span class='ocrx_word' id='word_1_240' title='bbox 2978 1607 3032 1655; x_wconf 90' lang='lat' dir='ltr'><strong>et</strong></span> <span class='ocrx_word' id='word_1_241' title='bbox 3064 1601 3426 1670; x_wconf 86' lang='lat' dir='ltr'><strong>apostolorum</strong></span> <span class='ocrx_word' id='word_1_242' title='bbox 3450 1613 3549 1658; x_wconf 87' lang='lat' dir='ltr'><strong>est.</strong></span> <span class='ocrx_word' id='word_1_243' title='bbox 3588 1604 3703 1660; x_wconf 70' lang='lat' dir='ltr'><strong>Sed</strong></span> 
     </span>
    </p>
   </div>
   <div class='ocr_carea' id='block_1_32' title="bbox 2127 1690 3688 1761">
    <p class='ocr_par' dir='ltr' id='par_1_32' title="bbox 2127 1690 3688 1761">
     <span class='ocr_line' id='line_1_32' title="bbox 2127 1690 3688 1761; baseline 0.004 -18"><span class='ocrx_word' id='word_1_244' title='bbox 2127 1690 2249 1758; x_wconf 91' lang='lat' dir='ltr'><strong>quia</strong></span> <span class='ocrx_word' id='word_1_245' title='bbox 2279 1691 2448 1745; x_wconf 80' lang='lat' dir='ltr'><strong>mixta</strong></span> <span class='ocrx_word' id='word_1_246' title='bbox 2492 1697 2597 1755; x_wconf 90' lang='lat' dir='ltr'><strong>est,</strong></span> <span class='ocrx_word' id='word_1_247' title='bbox 2640 1690 2695 1744; x_wconf 92' lang='lat' dir='ltr'><strong>id</strong></span> <span class='ocrx_word' id='word_1_248' title='bbox 2726 1698 2810 1745; x_wconf 92' lang='lat' dir='ltr'><strong>est</strong></span> <span class='ocrx_word' id='word_1_249' title='bbox 2838 1691 3104 1746; x_wconf 64' lang='lat' dir='ltr'><strong>hazreticae</strong></span> <span class='ocrx_word' id='word_1_250' title='bbox 3147 1693 3428 1760; x_wconf 77' lang='lat' dir='ltr'><strong>pravitatis</strong></span> <span class='ocrx_word' id='word_1_251' title='bbox 3471 1695 3688 1761; x_wconf 78' lang='lat' dir='ltr'><strong>infecta,</strong></span> 
     </span>
    </p>
   </div>
   <div class='ocr_carea' id='block_1_33' title="bbox 466 1761 3697 1861">
    <p class='ocr_par' dir='ltr' id='par_1_33' title="bbox 466 1761 3697 1861">
     <span class='ocr_line' id='line_1_33' title="bbox 466 1761 3697 1861; baseline 0.002 -26"><span class='ocrx_word' id='word_1_252' title='bbox 466 1797 644 1853; x_wconf 88' lang='lat' dir='ltr'><strong>gnam.</strong></span> <span class='ocrx_word' id='word_1_253' title='bbox 687 1782 751 1834; x_wconf 89' lang='lat' dir='ltr'><strong>Et</strong></span> <span class='ocrx_word' id='word_1_254' title='bbox 773 1782 896 1850; x_wconf 90' lang='lat' dir='ltr'><strong>quia</strong></span> <span class='ocrx_word' id='word_1_255' title='bbox 924 1790 1032 1834; x_wconf 90' lang='lat' dir='ltr'><strong>tres</strong></span> <span class='ocrx_word' id='word_1_256' title='bbox 1068 1794 1221 1848; x_wconf 86' lang='lat' dir='ltr'><strong>reges</strong></span> <span class='ocrx_word' id='word_1_257' title='bbox 1252 1790 1437 1833; x_wconf 79' lang='lat' dir='ltr'><strong>contra</strong></span> <span class='ocrx_word' id='word_1_258' title='bbox 1462 1795 1627 1832; x_wconf 92' lang='lat' dir='ltr'><strong>unum</strong></span> <span class='ocrx_word' id='word_1_259' title='bbox 1661 1786 2027 1845; x_wconf 80' lang='lat' dir='ltr'><strong>surrexerunt,</strong></span> <span class='ocrx_word' id='word_1_260' title='bbox 2061 1761 2106 1819; x_wconf 78' lang='grc' dir='ltr'>Β</span> <span class='ocrx_word' id='word_1_261' title='bbox 2136 1781 2252 1835; x_wconf 84' lang='lat' dir='ltr'><strong>ha:c</strong></span> <span class='ocrx_word' id='word_1_262' title='bbox 2278 1795 2414 1850; x_wconf 89' lang='lat' dir='ltr'><strong>aqua</strong></span> <span class='ocrx_word' id='word_1_263' title='bbox 2442 1796 2551 1835; x_wconf 94' lang='lat' dir='ltr'><strong>non</strong></span> <span class='ocrx_word' id='word_1_264' title='bbox 2576 1780 2643 1835; x_wconf 90' lang='lat' dir='ltr'><strong>de</strong></span> <span class='ocrx_word' id='word_1_265' title='bbox 2668 1796 2795 1835; x_wconf 89' lang='lat' dir='ltr'><strong>vero</strong></span> <span class='ocrx_word' id='word_1_266' title='bbox 2829 1779 2975 1835; x_wconf 84' lang='lat' dir='ltr'><strong>fonte</strong></span> <span class='ocrx_word' id='word_1_267' title='bbox 2999 1788 3103 1847; x_wconf 90' lang='grc' dir='ltr'>εει,</span> <span class='ocrx_word' id='word_1_268' title='bbox 3132 1783 3185 1836; x_wconf 92' lang='lat' dir='ltr'><strong>id</strong></span> <span class='ocrx_word' id='word_1_269' title='bbox 3211 1791 3297 1838; x_wconf 90' lang='lat' dir='ltr'><strong>est</strong></span> <span class='ocrx_word' id='word_1_270' title='bbox 3322 1799 3423 1839; x_wconf 92' lang='lat' dir='ltr'><strong>non</strong></span> <span class='ocrx_word' id='word_1_271' title='bbox 3449 1785 3513 1839; x_wconf 91' lang='lat' dir='ltr'><strong>de</strong></span> <span class='ocrx_word' id='word_1_272' title='bbox 3534 1787 3697 1861; x_wconf 46' lang='lat' dir='ltr'><strong>Chri:</strong></span> 
     </span>
    </p>
   </div>
   <div class='ocr_carea' id='block_1_34' title="bbox 470 1867 2033 1924">
    <p class='ocr_par' dir='ltr' id='par_1_34' title="bbox 470 1867 2033 1924">
     <span class='ocr_line' id='line_1_34' title="bbox 470 1867 2033 1924; baseline -0.001 0"><span class='ocrx_word' id='word_1_273' title='bbox 470 1885 575 1924; x_wconf 92' lang='lat' dir='ltr'><strong>non</strong></span> <span class='ocrx_word' id='word_1_274' title='bbox 630 1872 933 1924; x_wconf 87' lang='lat' dir='ltr'><strong>timeamus.</strong></span> <span class='ocrx_word' id='word_1_275' title='bbox 996 1869 1188 1923; x_wconf 89' lang='lat' dir='ltr'><strong>Fortes</strong></span> <span class='ocrx_word' id='word_1_276' title='bbox 1238 1876 1450 1924; x_wconf 90' lang='lat' dir='ltr'><strong>estote:</strong></span> <span class='ocrx_word' id='word_1_277' title='bbox 1497 1867 1679 1923; x_wconf 87' lang='lat' dir='ltr'><strong>Plures</strong></span> <span class='ocrx_word' id='word_1_278' title='bbox 1725 1869 1879 1923; x_wconf 77' lang='lat' dir='ltr'><strong>enim</strong></span> <span class='ocrx_word' id='word_1_279' title='bbox 1912 1876 2033 1922; x_wconf 86' lang='lat' dir='ltr'><strong>sunt</strong></span> 
     </span>
    </p>
   </div>
   <div class='ocr_carea' id='block_1_35' title="bbox 472 1957 1212 2028">
    <p class='ocr_par' dir='ltr' id='par_1_35' title="bbox 472 1957 1212 2028">
     <span class='ocr_line' id='line_1_35' title="bbox 472 1957 1212 2028; baseline -0.004 -16"><span class='ocrx_word' id='word_1_280' title='bbox 472 1959 736 2012; x_wconf 85' lang='lat' dir='ltr'><strong>nobiscum</strong></span> <span class='ocrx_word' id='word_1_281' title='bbox 761 1974 917 2028; x_wconf 88' lang='lat' dir='ltr'><strong>quam</strong></span> <span class='ocrx_word' id='word_1_282' title='bbox 943 1974 1059 2011; x_wconf 90' lang='lat' dir='ltr'><strong>cum</strong></span> <span class='ocrx_word' id='word_1_283' title='bbox 1087 1957 1212 2010; x_wconf 82' lang='lat' dir='ltr'><strong>illis.</strong></span> 
     </span>
    </p>
   </div>
   <div class='ocr_carea' id='block_1_36' title="bbox 541 2066 2036 2137">
    <p class='ocr_par' dir='ltr' id='par_1_36' title="bbox 541 2066 2036 2137">
     <span class='ocr_line' id='line_1_36' title="bbox 541 2066 2036 2137; baseline 0 -14"><span class='ocrx_word' id='word_1_284' title='bbox 541 2069 604 2123; x_wconf 90' lang='lat' dir='ltr'><strong>L.</strong></span> <span class='ocrx_word' id='word_1_285' title='bbox 633 2068 921 2124; x_wconf 85' lang='lat' dir='ltr'><strong>Nobiscum</strong></span> <span class='ocrx_word' id='word_1_286' title='bbox 950 2076 1033 2121; x_wconf 89' lang='lat' dir='ltr'><strong>est</strong></span> <span class='ocrx_word' id='word_1_287' title='bbox 1052 2067 1217 2121; x_wconf 83' lang='lat' dir='ltr'><strong>David</strong></span> <span class='ocrx_word' id='word_1_288' title='bbox 1248 2066 1335 2121; x_wconf 90' lang='lat' dir='ltr'><strong>ille</strong></span> <span class='ocrx_word' id='word_1_289' title='bbox 1356 2082 1513 2122; x_wconf 90' lang='lat' dir='ltr'><strong>manu</strong></span> <span class='ocrx_word' id='word_1_290' title='bbox 1552 2066 1726 2132; x_wconf 83' lang='lat' dir='ltr'><strong>fortis,</strong></span> <span class='ocrx_word' id='word_1_291' title='bbox 1750 2067 1841 2136; x_wconf 91' lang='lat' dir='ltr'><strong>qui</strong></span> <span class='ocrx_word' id='word_1_292' title='bbox 1869 2082 2036 2137; x_wconf 88' lang='lat' dir='ltr'><strong>parvo</strong></span> 
     </span>
    </p>
   </div>
   <div class='ocr_carea' id='block_1_37' title="bbox 471 2156 2039 2232">
    <p class='ocr_par' dir='ltr' id='par_1_37' title="bbox 471 2156 2039 2232">
     <span class='ocr_line' id='line_1_37' title="bbox 471 2156 2039 2232; baseline -0.003 -17"><span class='ocrx_word' id='word_1_293' title='bbox 471 2161 644 2232; x_wconf 91' lang='lat' dir='ltr'><strong>lapide</strong></span> <span class='ocrx_word' id='word_1_294' title='bbox 679 2158 883 2213; x_wconf 85' lang='lat' dir='ltr'><strong>Goliam</strong></span> <span class='ocrx_word' id='word_1_295' title='bbox 931 2157 1320 2225; x_wconf 86' lang='lat' dir='ltr'><strong>blasphemum,</strong></span> <span class='ocrx_word' id='word_1_296' title='bbox 1368 2158 1457 2224; x_wconf 93' lang='lat' dir='ltr'><strong>qui</strong></span> <span class='ocrx_word' id='word_1_297' title='bbox 1497 2156 1854 2225; x_wconf 79' lang='lat' dir='ltr'><strong>exprobrabat</strong></span> <span class='ocrx_word' id='word_1_298' title='bbox 1887 2172 2039 2212; x_wconf 79' lang='lat' dir='ltr'><strong>exer-</strong></span> 
     </span>
    </p>
   </div>
   <div class='ocr_carea' id='block_1_38' title="bbox 469 2245 2037 2315">
    <p class='ocr_par' dir='ltr' id='par_1_38' title="bbox 469 2245 2037 2315">
     <span class='ocr_line' id='line_1_38' title="bbox 469 2245 2037 2315; baseline -0.003 -9"><span class='ocrx_word' id='word_1_299' title='bbox 469 2252 634 2307; x_wconf 92' lang='lat' dir='ltr'><strong>citum</strong></span> <span class='ocrx_word' id='word_1_300' title='bbox 666 2249 757 2304; x_wconf 90' lang='lat' dir='ltr'><strong>Dei</strong></span> <span class='ocrx_word' id='word_1_301' title='bbox 779 2248 960 2313; x_wconf 86' lang='lat' dir='ltr'><strong>Israel,</strong></span> <span class='ocrx_word' id='word_1_302' title='bbox 1001 2248 1054 2301; x_wconf 94' lang='lat' dir='ltr'><strong>in</strong></span> <span class='ocrx_word' id='word_1_303' title='bbox 1083 2245 1259 2302; x_wconf 80' lang='lat' dir='ltr'><strong>fronte</strong></span> <span class='ocrx_word' id='word_1_304' title='bbox 1283 2247 1546 2315; x_wconf 88' lang='lat' dir='ltr'><strong>percussit</strong></span> <span class='ocrx_word' id='word_1_305' title='bbox 1568 2254 1623 2301; x_wconf 89' lang='lat' dir='ltr'><strong>et</strong></span> <span class='ocrx_word' id='word_1_306' title='bbox 1656 2261 1762 2300; x_wconf 91' lang='lat' dir='ltr'><strong>uno</strong></span> <span class='ocrx_word' id='word_1_307' title='bbox 1791 2247 1899 2301; x_wconf 90' lang='lat' dir='ltr'><strong>ictu</strong></span> <span class='ocrx_word' id='word_1_308' title='bbox 1918 2261 2037 2315; x_wconf 67' lang='lat' dir='ltr'><strong>pro«</strong></span> 
     </span>
    </p>
   </div>
   <div class='ocr_carea' id='block_1_39' title="bbox 467 2338 2034 2408">
    <p class='ocr_par' dir='ltr' id='par_1_39' title="bbox 467 2338 2034 2408">
     <span class='ocr_line' id='line_1_39' title="bbox 467 2338 2034 2408; baseline -0.004 -9"><span class='ocrx_word' id='word_1_309' title='bbox 467 2342 676 2399; x_wconf 82' lang='lat' dir='ltr'><strong>stravit.</strong></span> <span class='ocrx_word' id='word_1_310' title='bbox 726 2340 1013 2395; x_wconf 86' lang='lat' dir='ltr'><strong>Nobiscum</strong></span> <span class='ocrx_word' id='word_1_311' title='bbox 1040 2346 1123 2393; x_wconf 92' lang='lat' dir='ltr'><strong>est</strong></span> <span class='ocrx_word' id='word_1_312' title='bbox 1147 2338 1374 2408; x_wconf 86' lang='lat' dir='ltr'><strong>Moyses,</strong></span> <span class='ocrx_word' id='word_1_313' title='bbox 1419 2338 1511 2408; x_wconf 90' lang='lat' dir='ltr'><strong>qui</strong></span> <span class='ocrx_word' id='word_1_314' title='bbox 1550 2338 1884 2392; x_wconf 88' lang='lat' dir='ltr'><strong>Pharaonem</strong></span> <span class='ocrx_word' id='word_1_315' title='bbox 1912 2353 2034 2393; x_wconf 90' lang='lat' dir='ltr'><strong>cum</strong></span> 
     </span>
    </p>
   </div>
   <div class='ocr_carea' id='block_1_40' title="bbox 469 2430 2035 2500">
    <p class='ocr_par' dir='ltr' id='par_1_40' title="bbox 469 2430 2035 2500">
     <span class='ocr_line' id='line_1_40' title="bbox 469 2430 2035 2500; baseline -0.004 -11"><span class='ocrx_word' id='word_1_316' title='bbox 469 2434 567 2489; x_wconf 85' lang='lat' dir='ltr'><strong>suo</strong></span> <span class='ocrx_word' id='word_1_317' title='bbox 596 2433 834 2489; x_wconf 84' lang='lat' dir='ltr'><strong>exercitu</strong></span> <span class='ocrx_word' id='word_1_318' title='bbox 879 2433 933 2486; x_wconf 92' lang='lat' dir='ltr'><strong>in</strong></span> <span class='ocrx_word' id='word_1_319' title='bbox 968 2431 1152 2486; x_wconf 84' lang='lat' dir='ltr'><strong>Rubro</strong></span> <span class='ocrx_word' id='word_1_320' title='bbox 1194 2431 1331 2485; x_wconf 89' lang='lat' dir='ltr'><strong>mari</strong></span> <span class='ocrx_word' id='word_1_321' title='bbox 1369 2431 1660 2484; x_wconf 89' lang='lat' dir='ltr'><strong>demersit:</strong></span> <span class='ocrx_word' id='word_1_322' title='bbox 1697 2437 1752 2485; x_wconf 93' lang='lat' dir='ltr'><strong>et</strong></span> <span class='ocrx_word' id='word_1_323' title='bbox 1781 2430 2035 2500; x_wconf 90' lang='lat' dir='ltr'><strong>populum</strong></span> 
     </span>
    </p>
   </div>
   <div class='ocr_carea' id='block_1_41' title="bbox 467 2518 2034 2592">
    <p class='ocr_par' dir='ltr' id='par_1_41' title="bbox 467 2518 2034 2592">
     <span class='ocr_line' id='line_1_41' title="bbox 467 2518 2034 2592; baseline -0.004 -13"><span class='ocrx_word' id='word_1_324' title='bbox 467 2539 624 2579; x_wconf 88' lang='lat' dir='ltr'><strong>suum</strong></span> <span class='ocrx_word' id='word_1_325' title='bbox 653 2523 797 2578; x_wconf 89' lang='lat' dir='ltr'><strong>sicco</strong></span> <span class='ocrx_word' id='word_1_326' title='bbox 824 2521 956 2592; x_wconf 86' lang='lat' dir='ltr'><strong>pede</strong></span> <span class='ocrx_word' id='word_1_327' title='bbox 993 2521 1225 2576; x_wconf 89' lang='lat' dir='ltr'><strong>transire</strong></span> <span class='ocrx_word' id='word_1_328' title='bbox 1252 2520 1395 2576; x_wconf 78' lang='lat' dir='ltr'><strong>fecit.</strong></span> <span class='ocrx_word' id='word_1_329' title='bbox 1427 2521 1714 2575; x_wconf 86' lang='lat' dir='ltr'><strong>Nobiscum</strong></span> <span class='ocrx_word' id='word_1_330' title='bbox 1744 2528 1826 2574; x_wconf 90' lang='lat' dir='ltr'><strong>est</strong></span> <span class='ocrx_word' id='word_1_331' title='bbox 1852 2518 2034 2583; x_wconf 85' lang='lat' dir='ltr'><strong>Josue,</strong></span> 
     </span>
    </p>
   </div>
   <div class='ocr_carea' id='block_1_42' title="bbox 469 2611 2037 2684">
    <p class='ocr_par' dir='ltr' id='par_1_42' title="bbox 469 2611 2037 2684">
     <span class='ocr_line' id='line_1_42' title="bbox 469 2611 2037 2684; baseline -0.003 -16"><span class='ocrx_word' id='word_1_332' title='bbox 469 2615 563 2684; x_wconf 90' lang='lat' dir='ltr'><strong>qui</strong></span> <span class='ocrx_word' id='word_1_333' title='bbox 596 2614 831 2683; x_wconf 92' lang='lat' dir='ltr'><strong>quinque</strong></span> <span class='ocrx_word' id='word_1_334' title='bbox 873 2628 1026 2683; x_wconf 86' lang='lat' dir='ltr'><strong>reges</strong></span> <span class='ocrx_word' id='word_1_335' title='bbox 1063 2614 1116 2666; x_wconf 93' lang='lat' dir='ltr'><strong>in</strong></span> <span class='ocrx_word' id='word_1_336' title='bbox 1160 2628 1267 2666; x_wconf 90' lang='lat' dir='ltr'><strong>una</strong></span> <span class='ocrx_word' id='word_1_337' title='bbox 1312 2612 1563 2682; x_wconf 85' lang='lat' dir='ltr'><strong>spelunca</strong></span> <span class='ocrx_word' id='word_1_338' title='bbox 1612 2611 1888 2673; x_wconf 88' lang='lat' dir='ltr'><strong>conclusit,</strong></span> <span class='ocrx_word' id='word_1_339' title='bbox 1945 2611 2037 2679; x_wconf 89' lang='lat' dir='ltr'><strong>qui</strong></span> 
     </span>
    </p>
   </div>
   <div class='ocr_carea' id='block_1_43' title="bbox 471 2701 2034 2771">
    <p class='ocr_par' dir='ltr' id='par_1_43' title="bbox 471 2701 2034 2771">
     <span class='ocr_line' id='line_1_43' title="bbox 471 2701 2034 2771; baseline -0.002 -14"><span class='ocrx_word' id='word_1_340' title='bbox 471 2711 628 2757; x_wconf 90' lang='lat' dir='ltr'><strong>antea</strong></span> <span class='ocrx_word' id='word_1_341' title='bbox 677 2702 895 2756; x_wconf 84' lang='lat' dir='ltr'><strong>Amalec</strong></span> <span class='ocrx_word' id='word_1_342' title='bbox 932 2703 1079 2757; x_wconf 91' lang='lat' dir='ltr'><strong>vicit.</strong></span> <span class='ocrx_word' id='word_1_343' title='bbox 1131 2703 1420 2757; x_wconf 81' lang='lat' dir='ltr'><strong>Nobiscum</strong></span> <span class='ocrx_word' id='word_1_344' title='bbox 1454 2711 1536 2756; x_wconf 91' lang='lat' dir='ltr'><strong>est</strong></span> <span class='ocrx_word' id='word_1_345' title='bbox 1574 2711 1725 2771; x_wconf 91' lang='lat' dir='ltr'><strong>pater</strong></span> <span class='ocrx_word' id='word_1_346' title='bbox 1766 2701 2034 2754; x_wconf 81' lang='lat' dir='ltr'><strong>Abraham</strong></span> 
     </span>
    </p>
   </div>
   <div class='ocr_carea' id='block_1_44' title="bbox 469 2792 2038 2861">
    <p class='ocr_par' dir='ltr' id='par_1_44' title="bbox 469 2792 2038 2861">
     <span class='ocr_line' id='line_1_44' title="bbox 469 2792 2038 2861; baseline -0.003 -13"><span class='ocrx_word' id='word_1_347' title='bbox 469 2808 593 2848; x_wconf 89' lang='lat' dir='ltr'><strong>cum</strong></span> <span class='ocrx_word' id='word_1_348' title='bbox 636 2792 891 2846; x_wconf 90' lang='lat' dir='ltr'><strong>trecentis</strong></span> <span class='ocrx_word' id='word_1_349' title='bbox 925 2792 1254 2855; x_wconf 84' lang='lat' dir='ltr'><strong>vernaculis,</strong></span> <span class='ocrx_word' id='word_1_350' title='bbox 1301 2793 1393 2861; x_wconf 90' lang='lat' dir='ltr'><strong>qui</strong></span> <span class='ocrx_word' id='word_1_351' title='bbox 1432 2793 1667 2861; x_wconf 86' lang='lat' dir='ltr'><strong>quinque</strong></span> <span class='ocrx_word' id='word_1_352' title='bbox 1698 2805 1851 2860; x_wconf 89' lang='lat' dir='ltr'><strong>reges</strong></span> <span class='ocrx_word' id='word_1_353' title='bbox 1880 2805 2038 2859; x_wconf 89' lang='lat' dir='ltr'><strong>supe-</strong></span> 
     </span>
    </p>
   </div>
   <div class='ocr_carea' id='block_1_45' title="bbox 470 2880 2038 2951">
    <p class='ocr_par' dir='ltr' id='par_1_45' title="bbox 470 2880 2038 2951">
     <span class='ocr_line' id='line_1_45' title="bbox 470 2880 2038 2951; baseline 0 -15"><span class='ocrx_word' id='word_1_354' title='bbox 470 2883 630 2946; x_wconf 88' lang='lat' dir='ltr'><strong>ravit,</strong></span> <span class='ocrx_word' id='word_1_355' title='bbox 667 2890 721 2935; x_wconf 92' lang='lat' dir='ltr'><strong>et</strong></span> <span class='ocrx_word' id='word_1_356' title='bbox 753 2880 937 2949; x_wconf 88' lang='lat' dir='ltr'><strong>spoliis</strong></span> <span class='ocrx_word' id='word_1_357' title='bbox 972 2883 1157 2935; x_wconf 83' lang='lat' dir='ltr'><strong>exuit:</strong></span> <span class='ocrx_word' id='word_1_358' title='bbox 1200 2896 1321 2935; x_wconf 89' lang='lat' dir='ltr'><strong>nam</strong></span> <span class='ocrx_word' id='word_1_359' title='bbox 1371 2882 1458 2936; x_wconf 89' lang='lat' dir='ltr'><strong>isti</strong></span> <span class='ocrx_word' id='word_1_360' title='bbox 1489 2890 1697 2935; x_wconf 89' lang='lat' dir='ltr'><strong>tantum</strong></span> <span class='ocrx_word' id='word_1_361' title='bbox 1737 2890 1848 2935; x_wconf 89' lang='lat' dir='ltr'><strong>tres</strong></span> <span class='ocrx_word' id='word_1_362' title='bbox 1884 2896 2038 2951; x_wconf 82' lang='lat' dir='ltr'><strong>reges</strong></span> 
     </span>
    </p>
   </div>
   <div class='ocr_carea' id='block_1_46' title="bbox 470 2970 2038 3035">
    <p class='ocr_par' dir='ltr' id='par_1_46' title="bbox 470 2970 2038 3035">
     <span class='ocr_line' id='line_1_46' title="bbox 470 2970 2038 3035; baseline -0.001 -9"><span class='ocrx_word' id='word_1_363' title='bbox 470 2980 613 3028; x_wconf 89' lang='lat' dir='ltr'><strong>sunt.</strong></span> <span class='ocrx_word' id='word_1_364' title='bbox 658 2971 946 3025; x_wconf 89' lang='lat' dir='ltr'><strong>Nobiscum</strong></span> <span class='ocrx_word' id='word_1_365' title='bbox 982 2978 1063 3025; x_wconf 92' lang='lat' dir='ltr'><strong>est</strong></span> <span class='ocrx_word' id='word_1_366' title='bbox 1089 2972 1328 3025; x_wconf 89' lang='lat' dir='ltr'><strong>virorum</strong></span> <span class='ocrx_word' id='word_1_367' title='bbox 1365 2970 1689 3026; x_wconf 80' lang='lat' dir='ltr'><strong>fortissimus</strong></span> <span class='ocrx_word' id='word_1_368' title='bbox 1717 2970 1950 3035; x_wconf 91' lang='lat' dir='ltr'><strong>Gedeon,</strong></span> <span class='ocrx_word' id='word_1_369' title='bbox 1983 2980 2038 3026; x_wconf 91' lang='lat' dir='ltr'><strong>et</strong></span> 
     </span>
    </p>
   </div>
   <div class='ocr_carea' id='block_1_47' title="bbox 468 3061 2107 3150">
    <p class='ocr_par' dir='ltr' id='par_1_47' title="bbox 468 3061 2107 3150">
     <span class='ocr_line' id='line_1_47' title="bbox 468 3061 2107 3150; baseline -0.001 -32"><span class='ocrx_word' id='word_1_370' title='bbox 468 3064 694 3143; x_wconf 87' lang='lat' dir='ltr'><strong>trecenti</strong></span> <span class='ocrx_word' id='word_1_371' title='bbox 719 3062 871 3116; x_wconf 82' lang='lat' dir='ltr'><strong>electi</strong></span> <span class='ocrx_word' id='word_1_372' title='bbox 898 3078 1018 3116; x_wconf 88' lang='lat' dir='ltr'><strong>cum</strong></span> <span class='ocrx_word' id='word_1_373' title='bbox 1039 3077 1123 3126; x_wconf 87' lang='lat' dir='ltr'><strong>eo,</strong></span> <span class='ocrx_word' id='word_1_374' title='bbox 1155 3077 1275 3116; x_wconf 91' lang='lat' dir='ltr'><strong>cum</strong></span> <span class='ocrx_word' id='word_1_375' title='bbox 1296 3063 1491 3131; x_wconf 86' lang='lat' dir='ltr'><strong>quibus</strong></span> <span class='ocrx_word' id='word_1_376' title='bbox 1518 3064 1766 3130; x_wconf 78' lang='lat' dir='ltr'><strong>percussit</strong></span> <span class='ocrx_word' id='word_1_377' title='bbox 1797 3061 2033 3116; x_wconf 79' lang='lat' dir='ltr'><strong>Madiam</strong></span> <span class='ocrx_word' id='word_1_378' title='bbox 2064 3090 2107 3150; x_wconf 70' lang='grc' dir='ltr'>ο</span> 
     </span>
    </p>
   </div>
   <div class='ocr_carea' id='block_1_48' title="bbox 467 3151 2037 3225">
    <p class='ocr_par' dir='ltr' id='par_1_48' title="bbox 467 3151 2037 3225">
     <span class='ocr_line' id='line_1_48' title="bbox 467 3151 2037 3225; baseline -0.001 -17"><span class='ocrx_word' id='word_1_379' title='bbox 467 3154 619 3225; x_wconf 80' lang='lat' dir='ltr'><strong>quasi</strong></span> <span class='ocrx_word' id='word_1_380' title='bbox 645 3168 805 3205; x_wconf 78' lang='lat' dir='ltr'><strong>unum</strong></span> <span class='ocrx_word' id='word_1_381' title='bbox 834 3153 1017 3205; x_wconf 87' lang='lat' dir='ltr'><strong>virum.</strong></span> <span class='ocrx_word' id='word_1_382' title='bbox 1060 3151 1350 3206; x_wconf 87' lang='lat' dir='ltr'><strong>Nobiscum</strong></span> <span class='ocrx_word' id='word_1_383' title='bbox 1377 3159 1459 3206; x_wconf 92' lang='lat' dir='ltr'><strong>est</strong></span> <span class='ocrx_word' id='word_1_384' title='bbox 1486 3151 1711 3206; x_wconf 88' lang='lat' dir='ltr'><strong>Samson</strong></span> <span class='ocrx_word' id='word_1_385' title='bbox 1744 3151 1895 3206; x_wconf 88' lang='lat' dir='ltr'><strong>leone</strong></span> <span class='ocrx_word' id='word_1_386' title='bbox 1926 3151 2037 3207; x_wconf 81' lang='lat' dir='ltr'><strong>for-</strong></span> 
     </span>
    </p>
   </div>
   <div class='ocr_carea' id='block_1_49' title="bbox 469 3242 2037 3312">
    <p class='ocr_par' dir='ltr' id='par_1_49' title="bbox 469 3242 2037 3312">
     <span class='ocr_line' id='line_1_49' title="bbox 469 3242 2037 3312; baseline -0.001 -13"><span class='ocrx_word' id='word_1_387' title='bbox 469 3247 593 3309; x_wconf 85' lang='lat' dir='ltr'><strong>tior,</strong></span> <span class='ocrx_word' id='word_1_388' title='bbox 622 3259 752 3299; x_wconf 81' lang='lat' dir='ltr'><strong>saxo</strong></span> <span class='ocrx_word' id='word_1_389' title='bbox 778 3244 979 3308; x_wconf 87' lang='lat' dir='ltr'><strong>durior,</strong></span> <span class='ocrx_word' id='word_1_390' title='bbox 1013 3243 1104 3311; x_wconf 89' lang='lat' dir='ltr'><strong>qui</strong></span> <span class='ocrx_word' id='word_1_391' title='bbox 1140 3242 1286 3297; x_wconf 91' lang='lat' dir='ltr'><strong>solus</strong></span> <span class='ocrx_word' id='word_1_392' title='bbox 1310 3242 1425 3297; x_wconf 89' lang='lat' dir='ltr'><strong>sine</strong></span> <span class='ocrx_word' id='word_1_393' title='bbox 1448 3243 1613 3297; x_wconf 92' lang='lat' dir='ltr'><strong>armis</strong></span> <span class='ocrx_word' id='word_1_394' title='bbox 1635 3243 1775 3297; x_wconf 92' lang='lat' dir='ltr'><strong>mille</strong></span> <span class='ocrx_word' id='word_1_395' title='bbox 1800 3251 2037 3312; x_wconf 89' lang='lat' dir='ltr'><strong>prostra-</strong></span> 
     </span>
    </p>
   </div>
   <div class='ocr_carea' id='block_1_50' title="bbox 469 3331 2032 3401">
    <p class='ocr_par' dir='ltr' id='par_1_50' title="bbox 469 3331 2032 3401">
     <span class='ocr_line' id='line_1_50' title="bbox 469 3331 2032 3401; baseline -0.001 -14"><span class='ocrx_word' id='word_1_396' title='bbox 469 3335 547 3388; x_wconf 88' lang='lat' dir='ltr'><strong>vit</strong></span> <span class='ocrx_word' id='word_1_397' title='bbox 588 3342 841 3387; x_wconf 87' lang='lat' dir='ltr'><strong>armatos.</strong></span> <span class='ocrx_word' id='word_1_398' title='bbox 890 3331 1177 3387; x_wconf 88' lang='lat' dir='ltr'><strong>Nobiscum</strong></span> <span class='ocrx_word' id='word_1_399' title='bbox 1207 3339 1331 3386; x_wconf 92' lang='lat' dir='ltr'><strong>sunt</strong></span> <span class='ocrx_word' id='word_1_400' title='bbox 1367 3333 1644 3387; x_wconf 89' lang='lat' dir='ltr'><strong>duodecim</strong></span> <span class='ocrx_word' id='word_1_401' title='bbox 1690 3334 2032 3401; x_wconf 65' lang='lat' dir='ltr'><strong>patriarchas.</strong></span> 
     </span>
    </p>
   </div>
   <div class='ocr_carea' id='block_1_51' title="bbox 468 3422 2039 3491">
    <p class='ocr_par' dir='ltr' id='par_1_51' title="bbox 468 3422 2039 3491">
     <span class='ocr_line' id='line_1_51' title="bbox 468 3422 2039 3491; baseline -0.001 -13"><span class='ocrx_word' id='word_1_402' title='bbox 468 3424 756 3479; x_wconf 90' lang='lat' dir='ltr'><strong>Nobiscum</strong></span> <span class='ocrx_word' id='word_1_403' title='bbox 797 3429 922 3477; x_wconf 91' lang='lat' dir='ltr'><strong>sunt</strong></span> <span class='ocrx_word' id='word_1_404' title='bbox 950 3423 1180 3478; x_wconf 90' lang='lat' dir='ltr'><strong>sedecim</strong></span> <span class='ocrx_word' id='word_1_405' title='bbox 1219 3423 1512 3491; x_wconf 65' lang='lat' dir='ltr'><strong>prophetae,</strong></span> <span class='ocrx_word' id='word_1_406' title='bbox 1547 3422 1769 3490; x_wconf 90' lang='lat' dir='ltr'><strong>apostoli</strong></span> <span class='ocrx_word' id='word_1_407' title='bbox 1795 3430 1850 3476; x_wconf 90' lang='lat' dir='ltr'><strong>et</strong></span> <span class='ocrx_word' id='word_1_408' title='bbox 1876 3437 2039 3476; x_wconf 87' lang='lat' dir='ltr'><strong>evan-</strong></span> 
     </span>
    </p>
   </div>
   <div class='ocr_carea' id='block_1_52' title="bbox 470 3512 2032 3583">
    <p class='ocr_par' dir='ltr' id='par_1_52' title="bbox 470 3512 2032 3583">
     <span class='ocr_line' id='line_1_52' title="bbox 470 3512 2032 3583; baseline -0.002 -15"><span class='ocrx_word' id='word_1_409' title='bbox 470 3515 690 3583; x_wconf 51' lang='lat' dir='ltr'><strong>gelista.</strong></span> <span class='ocrx_word' id='word_1_410' title='bbox 724 3512 1010 3567; x_wconf 88' lang='lat' dir='ltr'><strong>Nobiscum</strong></span> <span class='ocrx_word' id='word_1_411' title='bbox 1036 3521 1160 3567; x_wconf 87' lang='lat' dir='ltr'><strong>sunt</strong></span> <span class='ocrx_word' id='word_1_412' title='bbox 1189 3526 1375 3566; x_wconf 90' lang='lat' dir='ltr'><strong>omnes</strong></span> <span class='ocrx_word' id='word_1_413' title='bbox 1401 3519 1666 3582; x_wconf 88' lang='lat' dir='ltr'><strong>martyres</strong></span> <span class='ocrx_word' id='word_1_414' title='bbox 1690 3520 1744 3566; x_wconf 93' lang='lat' dir='ltr'><strong>et</strong></span> <span class='ocrx_word' id='word_1_415' title='bbox 1767 3512 2032 3568; x_wconf 88' lang='lat' dir='ltr'><strong>doctores.</strong></span> 
     </span>
    </p>
   </div>
   <div class='ocr_carea' id='block_1_53' title="bbox 469 3601 2034 3672">
    <p class='ocr_par' dir='ltr' id='par_1_53' title="bbox 469 3601 2034 3672">
     <span class='ocr_line' id='line_1_53' title="bbox 469 3601 2034 3672; baseline -0.003 -13"><span class='ocrx_word' id='word_1_416' title='bbox 469 3605 754 3661; x_wconf 84' lang='lat' dir='ltr'><strong>Nobiscum</strong></span> <span class='ocrx_word' id='word_1_417' title='bbox 782 3613 865 3658; x_wconf 90' lang='lat' dir='ltr'><strong>est</strong></span> <span class='ocrx_word' id='word_1_418' title='bbox 891 3603 1046 3657; x_wconf 86' lang='lat' dir='ltr'><strong>Jesus</strong></span> <span class='ocrx_word' id='word_1_419' title='bbox 1072 3602 1210 3656; x_wconf 87' lang='lat' dir='ltr'><strong>[ilius</strong></span> <span class='ocrx_word' id='word_1_420' title='bbox 1233 3601 1486 3672; x_wconf 82' lang='lat' dir='ltr'><strong>Virginis,</strong></span> <span class='ocrx_word' id='word_1_421' title='bbox 1516 3616 1638 3655; x_wconf 92' lang='lat' dir='ltr'><strong>cum</strong></span> <span class='ocrx_word' id='word_1_422' title='bbox 1664 3601 1810 3656; x_wconf 91' lang='lat' dir='ltr'><strong>omni</strong></span> <span class='ocrx_word' id='word_1_423' title='bbox 1845 3601 2034 3657; x_wconf 88' lang='lat' dir='ltr'><strong>Eccle-</strong></span> 
     </span>
    </p>
   </div>
   <div class='ocr_carea' id='block_1_54' title="bbox 470 3692 2038 3764">
    <p class='ocr_par' dir='ltr' id='par_1_54' title="bbox 470 3692 2038 3764">
     <span class='ocr_line' id='line_1_54' title="bbox 470 3692 2038 3764; baseline -0.003 -13"><span class='ocrx_word' id='word_1_424' title='bbox 470 3697 549 3751; x_wconf 87' lang='lat' dir='ltr'><strong>sia</strong></span> <span class='ocrx_word' id='word_1_425' title='bbox 575 3711 671 3751; x_wconf 89' lang='lat' dir='ltr'><strong>suo</strong></span> <span class='ocrx_word' id='word_1_426' title='bbox 704 3693 918 3763; x_wconf 87' lang='lat' dir='ltr'><strong>proprio</strong></span> <span class='ocrx_word' id='word_1_427' title='bbox 948 3692 1204 3764; x_wconf 81' lang='lat' dir='ltr'><strong>sanguine</strong></span> <span class='ocrx_word' id='word_1_428' title='bbox 1241 3700 1565 3761; x_wconf 84' lang='lat' dir='ltr'><strong>comparata,</strong></span> <span class='ocrx_word' id='word_1_429' title='bbox 1607 3698 1661 3747; x_wconf 91' lang='lat' dir='ltr'><strong>et</strong></span> <span class='ocrx_word' id='word_1_430' title='bbox 1691 3706 1788 3760; x_wconf 91' lang='lat' dir='ltr'><strong>per</strong></span> <span class='ocrx_word' id='word_1_431' title='bbox 1824 3692 2038 3747; x_wconf 86' lang='lat' dir='ltr'><strong>univer-</strong></span> 
     </span>
    </p>
   </div>
   <div class='ocr_carea' id='block_1_55' title="bbox 473 3782 2036 3842">
    <p class='ocr_par' dir='ltr' id='par_1_55' title="bbox 473 3782 2036 3842">
     <span class='ocr_line' id='line_1_55' title="bbox 473 3782 2036 3842; baseline -0.003 -1"><span class='ocrx_word' id='word_1_432' title='bbox 473 3801 592 3842; x_wconf 86' lang='lat' dir='ltr'><strong>sum</strong></span> <span class='ocrx_word' id='word_1_433' title='bbox 617 3786 797 3840; x_wconf 90' lang='lat' dir='ltr'><strong>orbem</strong></span> <span class='ocrx_word' id='word_1_434' title='bbox 837 3792 1100 3837; x_wconf 90' lang='lat' dir='ltr'><strong>terrarum</strong></span> <span class='ocrx_word' id='word_1_435' title='bbox 1133 3783 1372 3837; x_wconf 87' lang='lat' dir='ltr'><strong>dilatata.</strong></span> <span class='ocrx_word' id='word_1_436' title='bbox 1407 3782 1513 3837; x_wconf 83' lang='lat' dir='ltr'><strong>Ista</strong></span> <span class='ocrx_word' id='word_1_437' title='bbox 1545 3791 1754 3837; x_wconf 89' lang='lat' dir='ltr'><strong>tantum</strong></span> <span class='ocrx_word' id='word_1_438' title='bbox 1782 3783 1953 3837; x_wconf 89' lang='lat' dir='ltr'><strong>hostis</strong></span> <span class='ocrx_word' id='word_1_439' title='bbox 1980 3783 2036 3837; x_wconf 90' lang='lat' dir='ltr'><strong>in</strong></span> 
     </span>
    </p>
   </div>
   <div class='ocr_carea' id='block_1_56' title="bbox 470 3871 2035 3945">
    <p class='ocr_par' dir='ltr' id='par_1_56' title="bbox 470 3871 2035 3945">
     <span class='ocr_line' id='line_1_56' title="bbox 470 3871 2035 3945; baseline -0.004 -14"><span class='ocrx_word' id='word_1_440' title='bbox 470 3894 577 3931; x_wconf 94' lang='lat' dir='ltr'><strong>uno</strong></span> <span class='ocrx_word' id='word_1_441' title='bbox 602 3875 794 3945; x_wconf 81' lang='lat' dir='ltr'><strong>angulo</strong></span> <span class='ocrx_word' id='word_1_442' title='bbox 820 3881 1031 3928; x_wconf 87' lang='lat' dir='ltr'><strong>tenetur</strong></span> <span class='ocrx_word' id='word_1_443' title='bbox 1059 3880 1350 3927; x_wconf 88' lang='lat' dir='ltr'><strong>coarctata.</strong></span> <span class='ocrx_word' id='word_1_444' title='bbox 1401 3871 1549 3927; x_wconf 86' lang='lat' dir='ltr'><strong>State</strong></span> <span class='ocrx_word' id='word_1_445' title='bbox 1585 3887 1713 3941; x_wconf 88' lang='lat' dir='ltr'><strong>ergo</strong></span> <span class='ocrx_word' id='word_1_446' title='bbox 1741 3871 2035 3926; x_wconf 90' lang='lat' dir='ltr'><strong>secundum</strong></span> 
     </span>
    </p>
   </div>
   <div class='ocr_carea' id='block_1_57' title="bbox 470 3962 2036 4034">
    <p class='ocr_par' dir='ltr' id='par_1_57' title="bbox 470 3962 2036 4034">
     <span class='ocr_line' id='line_1_57' title="bbox 470 3962 2036 4034; baseline -0.004 -14"><span class='ocrx_word' id='word_1_447' title='bbox 470 3966 782 4034; x_wconf 82' lang='lat' dir='ltr'><strong>Apostolum</strong></span> <span class='ocrx_word' id='word_1_448' title='bbox 805 4003 820 4028; x_wconf 87' lang='lat'><strong>,</strong></span> <span class='ocrx_word' id='word_1_449' title='bbox 865 3963 1112 4016; x_wconf 84' lang='lat' dir='ltr'><strong>succincti</strong></span> <span class='ocrx_word' id='word_1_450' title='bbox 1158 3962 1357 4015; x_wconf 87' lang='lat' dir='ltr'><strong>lumbos</strong></span> <span class='ocrx_word' id='word_1_451' title='bbox 1392 3969 1584 4014; x_wconf 86' lang='lat' dir='ltr'><strong>vestros</strong></span> <span class='ocrx_word' id='word_1_452' title='bbox 1619 3962 1675 4014; x_wconf 89' lang='lat' dir='ltr'><strong>in</strong></span> <span class='ocrx_word' id='word_1_453' title='bbox 1702 3962 1911 4014; x_wconf 82' lang='lat' dir='ltr'><strong>veritate</strong></span> <span class='ocrx_word' id='word_1_454' title='bbox 1932 3977 1951 4014; x_wconf 90' lang='lat'><strong><em>:</em></strong></span> <span class='ocrx_word' id='word_1_455' title='bbox 1988 3969 2036 4014; x_wconf 86' lang='lat' dir='ltr'><strong>et</strong></span> 
     </span>
    </p>
   </div>
   <div class='ocr_carea' id='block_1_58' title="bbox 468 4048 2035 4120">
    <p class='ocr_par' dir='ltr' id='par_1_58' title="bbox 468 4048 2035 4120">
     <span class='ocr_line' id='line_1_58' title="bbox 468 4048 2035 4120; baseline -0.004 -12"><span class='ocrx_word' id='word_1_456' title='bbox 468 4055 640 4109; x_wconf 80' lang='lat' dir='ltr'><strong>induti</strong></span> <span class='ocrx_word' id='word_1_457' title='bbox 675 4053 890 4106; x_wconf 89' lang='lat' dir='ltr'><strong>loricam</strong></span> <span class='ocrx_word' id='word_1_458' title='bbox 907 4053 1147 4120; x_wconf 67' lang='lat' dir='ltr'><strong>justitiae,</strong></span> <span class='ocrx_word' id='word_1_459' title='bbox 1190 4060 1235 4104; x_wconf 90' lang='lat' dir='ltr'><strong>et</strong></span> <span class='ocrx_word' id='word_1_460' title='bbox 1264 4049 1469 4102; x_wconf 88' lang='lat' dir='ltr'><strong>calciati</strong></span> <span class='ocrx_word' id='word_1_461' title='bbox 1506 4048 1659 4119; x_wconf 84' lang='lat' dir='ltr'><strong>pedes</strong></span> <span class='ocrx_word' id='word_1_462' title='bbox 1684 4051 1739 4102; x_wconf 91' lang='lat' dir='ltr'><strong>in</strong></span> <span class='ocrx_word' id='word_1_463' title='bbox 1766 4064 2035 4119; x_wconf 59' lang='lat' dir='ltr'><strong>praepara-</strong></span> 
     </span>
    </p>
   </div>
   <div class='ocr_carea' id='block_1_59' title="bbox 468 4136 2035 4209">
    <p class='ocr_par' dir='ltr' id='par_1_59' title="bbox 468 4136 2035 4209">
     <span class='ocr_line' id='line_1_59' title="bbox 468 4136 2035 4209; baseline -0.005 -12"><span class='ocrx_word' id='word_1_464' title='bbox 468 4146 657 4197; x_wconf 83' lang='lat' dir='ltr'><strong>tionem</strong></span> <span class='ocrx_word' id='word_1_465' title='bbox 689 4139 956 4209; x_wconf 79' lang='lat' dir='ltr'><strong>Evangelii</strong></span> <span class='ocrx_word' id='word_1_466' title='bbox 982 4140 1124 4208; x_wconf 85' lang='lat' dir='ltr'><strong>pacis</strong></span> <span class='ocrx_word' id='word_1_467' title='bbox 1150 4178 1164 4202; x_wconf 91' lang='lat'><strong>,</strong></span> <span class='ocrx_word' id='word_1_468' title='bbox 1190 4139 1246 4192; x_wconf 89' lang='lat' dir='ltr'><strong>in</strong></span> <span class='ocrx_word' id='word_1_469' title='bbox 1274 4136 1510 4190; x_wconf 89' lang='lat' dir='ltr'><strong>omnibus</strong></span> <span class='ocrx_word' id='word_1_470' title='bbox 1537 4145 1796 4190; x_wconf 86' lang='lat' dir='ltr'><strong>sumentes</strong></span> <span class='ocrx_word' id='word_1_471' title='bbox 1832 4144 2035 4189; x_wconf 77' lang='lat' dir='ltr'><strong>scutum</strong></span> 
     </span>
    </p>
   </div>
   <div class='ocr_carea' id='block_1_60' title="bbox 470 4222 2036 4299">
    <p class='ocr_par' dir='ltr' id='par_1_60' title="bbox 470 4222 2036 4299">
     <span class='ocr_line' id='line_1_60' title="bbox 470 4222 2036 4299; baseline -0.004 -16"><span class='ocrx_word' id='word_1_472' title='bbox 470 4228 613 4297; x_wconf 81' lang='lat' dir='ltr'><strong>ﬁdei,</strong></span> <span class='ocrx_word' id='word_1_473' title='bbox 645 4231 701 4283; x_wconf 91' lang='lat' dir='ltr'><strong>in</strong></span> <span class='ocrx_word' id='word_1_474' title='bbox 723 4244 824 4299; x_wconf 88' lang='lat' dir='ltr'><strong>quo</strong></span> <span class='ocrx_word' id='word_1_475' title='bbox 851 4227 1055 4297; x_wconf 88' lang='lat' dir='ltr'><strong>possitis</strong></span> <span class='ocrx_word' id='word_1_476' title='bbox 1084 4225 1258 4278; x_wconf 87' lang='lat' dir='ltr'><strong>omnia</strong></span> <span class='ocrx_word' id='word_1_477' title='bbox 1281 4223 1384 4277; x_wconf 90' lang='lat' dir='ltr'><strong>tela</strong></span> <span class='ocrx_word' id='word_1_478' title='bbox 1422 4222 1718 4293; x_wconf 85' lang='lat' dir='ltr'><strong>nequissimi</strong></span> <span class='ocrx_word' id='word_1_479' title='bbox 1742 4223 1909 4293; x_wconf 83' lang='lat' dir='ltr'><strong>ignita</strong></span> <span class='ocrx_word' id='word_1_480' title='bbox 1946 4239 2036 4277; x_wconf 80' lang='lat' dir='ltr'><strong>ea:-</strong></span> 
     </span>
    </p>
   </div>
   <div class='ocr_carea' id='block_1_61' title="bbox 470 4310 2035 4388">
    <p class='ocr_par' dir='ltr' id='par_1_61' title="bbox 470 4310 2035 4388">
     <span class='ocr_line' id='line_1_61' title="bbox 470 4310 2035 4388; baseline -0.004 -15"><span class='ocrx_word' id='word_1_481' title='bbox 470 4321 746 4388; x_wconf 83' lang='lat' dir='ltr'><strong>stinguere,</strong></span> <span class='ocrx_word' id='word_1_482' title='bbox 778 4325 825 4370; x_wconf 91' lang='lat' dir='ltr'><strong>et</strong></span> <span class='ocrx_word' id='word_1_483' title='bbox 851 4314 1051 4385; x_wconf 89' lang='lat' dir='ltr'><strong>galeam</strong></span> <span class='ocrx_word' id='word_1_484' title='bbox 1080 4313 1264 4368; x_wconf 88' lang='lat' dir='ltr'><strong>salutis</strong></span> <span class='ocrx_word' id='word_1_485' title='bbox 1292 4314 1557 4375; x_wconf 88' lang='lat' dir='ltr'><strong>assumite,</strong></span> <span class='ocrx_word' id='word_1_486' title='bbox 1588 4321 1634 4365; x_wconf 90' lang='lat' dir='ltr'><strong>et</strong></span> <span class='ocrx_word' id='word_1_487' title='bbox 1661 4310 1895 4382; x_wconf 86' lang='lat' dir='ltr'><strong>gladium</strong></span> <span class='ocrx_word' id='word_1_488' title='bbox 1931 4313 2035 4383; x_wconf 89' lang='lat' dir='ltr'><strong>spi-</strong></span> 
     </span>
    </p>
   </div>
   <div class='ocr_carea' id='block_1_62' title="bbox 2131 1870 3700 1940">
    <p class='ocr_par' dir='ltr' id='par_1_62' title="bbox 2131 1870 3700 1940">
     <span class='ocr_line' id='line_1_62' title="bbox 2131 1870 3700 1940; baseline 0.005 -16"><span class='ocrx_word' id='word_1_489' title='bbox 2131 1870 2204 1925; x_wconf 89' lang='lat' dir='ltr'><strong>sti</strong></span> <span class='ocrx_word' id='word_1_490' title='bbox 2237 1870 2498 1934; x_wconf 88' lang='lat' dir='ltr'><strong>doctrina,</strong></span> <span class='ocrx_word' id='word_1_491' title='bbox 2538 1870 2630 1925; x_wconf 85' lang='lat' dir='ltr'><strong>sed</strong></span> <span class='ocrx_word' id='word_1_492' title='bbox 2668 1871 2733 1926; x_wconf 90' lang='lat' dir='ltr'><strong>de</strong></span> <span class='ocrx_word' id='word_1_493' title='bbox 2759 1870 3130 1926; x_wconf 65' lang='lat' dir='ltr'><strong>haereticorum</strong></span> <span class='ocrx_word' id='word_1_494' title='bbox 3155 1873 3374 1928; x_wconf 86' lang='lat' dir='ltr'><strong>collecta</strong></span> <span class='ocrx_word' id='word_1_495' title='bbox 3408 1874 3616 1940; x_wconf 87' lang='lat' dir='ltr'><strong>lacuna,</strong></span> <span class='ocrx_word' id='word_1_496' title='bbox 3643 1887 3700 1932; x_wconf 88' lang='lat' dir='ltr'><strong>et</strong></span> 
     </span>
    </p>
   </div>
   <div class='ocr_carea' id='block_1_63' title="bbox 2131 1958 3695 2033">
    <p class='ocr_par' dir='ltr' id='par_1_63' title="bbox 2131 1958 3695 2033">
     <span class='ocr_line' id='line_1_63' title="bbox 2131 1958 3695 2033; baseline 0.003 -18"><span class='ocrx_word' id='word_1_497' title='bbox 2131 1959 2199 2015; x_wconf 87' lang='lat' dir='ltr'><strong>de</strong></span> <span class='ocrx_word' id='word_1_498' title='bbox 2234 1959 2419 2016; x_wconf 87' lang='lat' dir='ltr'><strong>mundi</strong></span> <span class='ocrx_word' id='word_1_499' title='bbox 2469 1960 2720 2032; x_wconf 80' lang='lat' dir='ltr'><strong>opinione</strong></span> <span class='ocrx_word' id='word_1_500' title='bbox 2764 1958 2898 2016; x_wconf 79' lang='lat' dir='ltr'><strong>falsa</strong></span> <span class='ocrx_word' id='word_1_501' title='bbox 2932 1962 3174 2033; x_wconf 79' lang='lat' dir='ltr'><strong>scientia.</strong></span> <span class='ocrx_word' id='word_1_502' title='bbox 3230 1964 3468 2018; x_wconf 88' lang='lat' dir='ltr'><strong>Obscura</strong></span> <span class='ocrx_word' id='word_1_503' title='bbox 3514 1968 3695 2027; x_wconf 84' lang='lat' dir='ltr'><strong>verba,</strong></span> 
     </span>
    </p>
   </div>
   <div class='ocr_carea' id='block_1_64' title="bbox 2133 2048 3719 2124">
    <p class='ocr_par' dir='ltr' id='par_1_64' title="bbox 2133 2048 3719 2124">
     <span class='ocr_line' id='line_1_64' title="bbox 2133 2048 3719 2124; baseline 0.003 -19"><span class='ocrx_word' id='word_1_504' title='bbox 2133 2065 2252 2121; x_wconf 71' lang='lat' dir='ltr'><strong>qua:</strong></span> <span class='ocrx_word' id='word_1_505' title='bbox 2273 2066 2303 2105; x_wconf 94' lang='lat' dir='ltr'><strong>a</strong></span> <span class='ocrx_word' id='word_1_506' title='bbox 2330 2052 2517 2120; x_wconf 90' lang='lat' dir='ltr'><strong>paucis</strong></span> <span class='ocrx_word' id='word_1_507' title='bbox 2543 2048 2923 2121; x_wconf 74' lang='lat' dir='ltr'><strong>intelligantur,</strong></span> <span class='ocrx_word' id='word_1_508' title='bbox 2968 2051 3201 2119; x_wconf 90' lang='lat' dir='ltr'><strong>qualiter</strong></span> <span class='ocrx_word' id='word_1_509' title='bbox 3224 2053 3449 2121; x_wconf 87' lang='lat' dir='ltr'><strong>possint,</strong></span> <span class='ocrx_word' id='word_1_510' title='bbox 3477 2069 3586 2123; x_wconf 91' lang='lat' dir='ltr'><strong>quo</strong></span> <span class='ocrx_word' id='word_1_511' title='bbox 3609 2070 3719 2124; x_wconf 41' lang='lat' dir='ltr'><strong>pa-v</strong></span> 
     </span>
    </p>
   </div>
   <div class='ocr_carea' id='block_1_65' title="bbox 2133 2140 3702 2215">
    <p class='ocr_par' dir='ltr' id='par_1_65' title="bbox 2133 2140 3702 2215">
     <span class='ocr_line' id='line_1_65' title="bbox 2133 2140 3702 2215; baseline 0.001 -18"><span class='ocrx_word' id='word_1_512' title='bbox 2133 2150 2222 2197; x_wconf 92' lang='lat' dir='ltr'><strong>cto</strong></span> <span class='ocrx_word' id='word_1_513' title='bbox 2248 2156 2375 2195; x_wconf 90' lang='lat' dir='ltr'><strong>vero</strong></span> <span class='ocrx_word' id='word_1_514' title='bbox 2398 2140 2630 2215; x_wconf 80' lang='lat' dir='ltr'><strong>dogmati</strong></span> <span class='ocrx_word' id='word_1_515' title='bbox 2660 2141 2826 2195; x_wconf 81' lang='lat' dir='ltr'><strong>mixta</strong></span> <span class='ocrx_word' id='word_1_516' title='bbox 2850 2141 3108 2209; x_wconf 85' lang='lat' dir='ltr'><strong>sapientia</strong></span> <span class='ocrx_word' id='word_1_517' title='bbox 3138 2141 3385 2196; x_wconf 87' lang='lat' dir='ltr'><strong>colorari.</strong></span> <span class='ocrx_word' id='word_1_518' title='bbox 3443 2142 3576 2209; x_wconf 67' lang='lat' dir='ltr'><strong>Quae</strong></span> <span class='ocrx_word' id='word_1_519' title='bbox 3605 2161 3702 2199; x_wconf 90' lang='lat' dir='ltr'><strong>nos</strong></span> 
     </span>
    </p>
   </div>
   <div class='ocr_carea' id='block_1_66' title="bbox 2135 2231 3709 2303">
    <p class='ocr_par' dir='ltr' id='par_1_66' title="bbox 2135 2231 3709 2303">
     <span class='ocr_line' id='line_1_66' title="bbox 2135 2231 3709 2303; baseline 0.003 -19"><span class='ocrx_word' id='word_1_520' title='bbox 2135 2231 2337 2302; x_wconf 89' lang='lat' dir='ltr'><strong>Spiritu</strong></span> <span class='ocrx_word' id='word_1_521' title='bbox 2365 2240 2552 2285; x_wconf 91' lang='lat' dir='ltr'><strong>sancto</strong></span> <span class='ocrx_word' id='word_1_522' title='bbox 2579 2231 2803 2285; x_wconf 89' lang='lat' dir='ltr'><strong>docente</strong></span> <span class='ocrx_word' id='word_1_523' title='bbox 2823 2271 2839 2297; x_wconf 90' lang='lat'><strong>,</strong></span> <span class='ocrx_word' id='word_1_524' title='bbox 2884 2231 3037 2286; x_wconf 90' lang='lat' dir='ltr'><strong>illum</strong></span> <span class='ocrx_word' id='word_1_525' title='bbox 3062 2232 3309 2300; x_wconf 89' lang='lat' dir='ltr'><strong>spiritum</strong></span> <span class='ocrx_word' id='word_1_526' title='bbox 3338 2234 3570 2300; x_wconf 89' lang='lat' dir='ltr'><strong>erroris,</strong></span> <span class='ocrx_word' id='word_1_527' title='bbox 3612 2234 3709 2303; x_wconf 80' lang='lat' dir='ltr'><strong>qui</strong></span> 
     </span>
    </p>
   </div>
   <div class='ocr_carea' id='block_1_67' title="bbox 2133 2319 3719 2388">
    <p class='ocr_par' dir='ltr' id='par_1_67' title="bbox 2133 2319 3719 2388">
     <span class='ocr_line' id='line_1_67' title="bbox 2133 2319 3719 2388; baseline 0.001 -14"><span class='ocrx_word' id='word_1_528' title='bbox 2133 2320 2235 2374; x_wconf 90' lang='lat' dir='ltr'><strong>sibi</strong></span> <span class='ocrx_word' id='word_1_529' title='bbox 2269 2320 2371 2374; x_wconf 87' lang='lat' dir='ltr'><strong>ista</strong></span> <span class='ocrx_word' id='word_1_530' title='bbox 2409 2319 2703 2388; x_wconf 85' lang='lat' dir='ltr'><strong>conﬁngit,</strong></span> <span class='ocrx_word' id='word_1_531' title='bbox 2740 2332 2838 2386; x_wconf 89' lang='lat' dir='ltr'><strong>pro</strong></span> <span class='ocrx_word' id='word_1_532' title='bbox 2871 2333 2977 2386; x_wconf 87' lang='lat' dir='ltr'><strong>quo</strong></span> <span class='ocrx_word' id='word_1_533' title='bbox 3002 2319 3169 2386; x_wconf 89' lang='lat' dir='ltr'><strong>possit</strong></span> <span class='ocrx_word' id='word_1_534' title='bbox 3194 2333 3389 2373; x_wconf 91' lang='lat' dir='ltr'><strong>nomen</strong></span> <span class='ocrx_word' id='word_1_535' title='bbox 3416 2321 3591 2376; x_wconf 91' lang='lat' dir='ltr'><strong>doctis</strong></span> <span class='ocrx_word' id='word_1_536' title='bbox 3621 2337 3719 2376; x_wconf 56' lang='grc' dir='ltr'><strong>δεον</strong></span> 
     </span>
    </p>
   </div>
   <div class='ocr_carea' id='block_1_68' title="bbox 2134 2408 3702 2473">
    <p class='ocr_par' dir='ltr' id='par_1_68' title="bbox 2134 2408 3702 2473">
     <span class='ocr_line' id='line_1_68' title="bbox 2134 2408 3702 2473; baseline 0.001 -9"><span class='ocrx_word' id='word_1_537' title='bbox 2134 2409 2305 2473; x_wconf 87' lang='lat' dir='ltr'><strong>sumi,</strong></span> <span class='ocrx_word' id='word_1_538' title='bbox 2344 2418 2400 2463; x_wconf 90' lang='lat' dir='ltr'><strong>et</strong></span> <span class='ocrx_word' id='word_1_539' title='bbox 2444 2423 2594 2461; x_wconf 88' lang='lat' dir='ltr'><strong>suam</strong></span> <span class='ocrx_word' id='word_1_540' title='bbox 2622 2408 2918 2462; x_wconf 88' lang='lat' dir='ltr'><strong>doctrinam</strong></span> <span class='ocrx_word' id='word_1_541' title='bbox 2963 2408 3128 2462; x_wconf 81' lang='lat' dir='ltr'><strong>mixta</strong></span> <span class='ocrx_word' id='word_1_542' title='bbox 3164 2423 3286 2462; x_wconf 89' lang='lat' dir='ltr'><strong>cum</strong></span> <span class='ocrx_word' id='word_1_543' title='bbox 3317 2408 3574 2463; x_wconf 69' lang='lat' dir='ltr'><strong>Ecclesia:</strong></span> <span class='ocrx_word' id='word_1_544' title='bbox 3613 2411 3702 2465; x_wconf 91' lang='lat' dir='ltr'><strong>do-</strong></span> 
     </span>
    </p>
   </div>
   <div class='ocr_carea' id='block_1_69' title="bbox 2133 2495 3704 2566">
    <p class='ocr_par' dir='ltr' id='par_1_69' title="bbox 2133 2495 3704 2566">
     <span class='ocr_line' id='line_1_69' title="bbox 2133 2495 3704 2566; baseline -0.001 -13"><span class='ocrx_word' id='word_1_545' title='bbox 2133 2500 2302 2555; x_wconf 89' lang='lat' dir='ltr'><strong>ctrina</strong></span> <span class='ocrx_word' id='word_1_546' title='bbox 2334 2497 2590 2566; x_wconf 85' lang='lat' dir='ltr'><strong>copulari.</strong></span> <span class='ocrx_word' id='word_1_547' title='bbox 2635 2496 2804 2562; x_wconf 85' lang='lat' dir='ltr'><strong>Quam</strong></span> <span class='ocrx_word' id='word_1_548' title='bbox 2834 2511 3025 2563; x_wconf 90' lang='lat' dir='ltr'><strong>aquam</strong></span> <span class='ocrx_word' id='word_1_549' title='bbox 3066 2495 3274 2566; x_wconf 80' lang='lat' dir='ltr'><strong>Moyses</strong></span> <span class='ocrx_word' id='word_1_550' title='bbox 3301 2497 3461 2550; x_wconf 80' lang='lat' dir='ltr'><strong>vertit</strong></span> <span class='ocrx_word' id='word_1_551' title='bbox 3499 2497 3555 2551; x_wconf 89' lang='lat' dir='ltr'><strong>in</strong></span> <span class='ocrx_word' id='word_1_552' title='bbox 3584 2513 3704 2552; x_wconf 86' lang='lat' dir='ltr'><strong>san-</strong></span> 
     </span>
    </p>
   </div>
   <div class='ocr_carea' id='block_1_70' title="bbox 2134 2585 3715 2656">
    <p class='ocr_par' dir='ltr' id='par_1_70' title="bbox 2134 2585 3715 2656">
     <span class='ocr_line' id='line_1_70' title="bbox 2134 2585 3715 2656; baseline 0 -15"><span class='ocrx_word' id='word_1_553' title='bbox 2134 2589 2385 2655; x_wconf 84' lang='lat' dir='ltr'><strong>guinem:</strong></span> <span class='ocrx_word' id='word_1_554' title='bbox 2431 2602 2550 2656; x_wconf 69' lang='lat' dir='ltr'><strong>qum</strong></span> <span class='ocrx_word' id='word_1_555' title='bbox 2577 2595 2660 2641; x_wconf 90' lang='lat' dir='ltr'><strong>est</strong></span> <span class='ocrx_word' id='word_1_556' title='bbox 2691 2587 2863 2655; x_wconf 88' lang='lat' dir='ltr'><strong>prima</strong></span> <span class='ocrx_word' id='word_1_557' title='bbox 2898 2585 3052 2654; x_wconf 88' lang='lat' dir='ltr'><strong>plaga</strong></span> <span class='ocrx_word' id='word_1_558' title='bbox 3077 2585 3315 2655; x_wconf 68' lang='lat' dir='ltr'><strong>ngypti.</strong></span> <span class='ocrx_word' id='word_1_559' title='bbox 3362 2586 3430 2640; x_wconf 87' lang='lat' dir='ltr'><strong>Et</strong></span> <span class='ocrx_word' id='word_1_560' title='bbox 3456 2587 3583 2641; x_wconf 87' lang='lat' dir='ltr'><strong>licet</strong></span> <span class='ocrx_word' id='word_1_561' title='bbox 3616 2588 3715 2641; x_wconf 81' lang='lat' dir='ltr'><strong>illa</strong></span> 
     </span>
    </p>
   </div>
   <div class='ocr_carea' id='block_1_71' title="bbox 2134 2672 3703 2744">
    <p class='ocr_par' dir='ltr' id='par_1_71' title="bbox 2134 2672 3703 2744">
     <span class='ocr_line' id='line_1_71' title="bbox 2134 2672 3703 2744; baseline -0.001 -14"><span class='ocrx_word' id='word_1_562' title='bbox 2134 2677 2186 2730; x_wconf 92' lang='lat' dir='ltr'><strong>in</strong></span> <span class='ocrx_word' id='word_1_563' title='bbox 2203 2675 2437 2744; x_wconf 67' lang='lat' dir='ltr'><strong>Egypto</strong></span> <span class='ocrx_word' id='word_1_564' title='bbox 2461 2672 2810 2743; x_wconf 85' lang='lat' dir='ltr'><strong>corporaliter</strong></span> <span class='ocrx_word' id='word_1_565' title='bbox 2830 2680 2977 2742; x_wconf 88' lang='lat' dir='ltr'><strong>gesta</strong></span> <span class='ocrx_word' id='word_1_566' title='bbox 3001 2672 3127 2736; x_wconf 88' lang='lat' dir='ltr'><strong>sint,</strong></span> <span class='ocrx_word' id='word_1_567' title='bbox 3152 2672 3502 2741; x_wconf 86' lang='lat' dir='ltr'><strong>spiritualiter</strong></span> <span class='ocrx_word' id='word_1_568' title='bbox 3527 2682 3703 2728; x_wconf 87' lang='lat' dir='ltr'><strong>tamen</strong></span> 
     </span>
    </p>
   </div>
   <div class='ocr_carea' id='block_1_72' title="bbox 2132 2763 3703 2837">
    <p class='ocr_par' dir='ltr' id='par_1_72' title="bbox 2132 2763 3703 2837">
     <span class='ocr_line' id='line_1_72' title="bbox 2132 2763 3703 2837; baseline -0.002 -15"><span class='ocrx_word' id='word_1_569' title='bbox 2132 2782 2277 2822; x_wconf 91' lang='lat' dir='ltr'><strong>nunc</strong></span> <span class='ocrx_word' id='word_1_570' title='bbox 2316 2774 2574 2837; x_wconf 88' lang='lat' dir='ltr'><strong>geruntur</strong></span> <span class='ocrx_word' id='word_1_571' title='bbox 2615 2765 2668 2819; x_wconf 94' lang='lat' dir='ltr'><strong>in</strong></span> <span class='ocrx_word' id='word_1_572' title='bbox 2714 2764 2887 2818; x_wconf 91' lang='lat' dir='ltr'><strong>nobis.</strong></span> <span class='ocrx_word' id='word_1_573' title='bbox 2935 2763 3200 2834; x_wconf 66' lang='lat' dir='ltr'><strong>[Egyptus</strong></span> <span class='ocrx_word' id='word_1_574' title='bbox 3248 2779 3480 2834; x_wconf 88' lang='lat' dir='ltr'><strong>namque</strong></span> <span class='ocrx_word' id='word_1_575' title='bbox 3521 2767 3703 2820; x_wconf 59' lang='lat' dir='ltr'><strong>saeculi</strong></span> 
     </span>
    </p>
   </div>
   <div class='ocr_carea' id='block_1_73' title="bbox 2133 2852 3703 2923">
    <p class='ocr_par' dir='ltr' id='par_1_73' title="bbox 2133 2852 3703 2923">
     <span class='ocr_line' id='line_1_73' title="bbox 2133 2852 3703 2923; baseline -0.001 -15"><span class='ocrx_word' id='word_1_576' title='bbox 2133 2854 2304 2910; x_wconf 85' lang='lat' dir='ltr'><strong>forma</strong></span> <span class='ocrx_word' id='word_1_577' title='bbox 2337 2864 2438 2918; x_wconf 90' lang='lat' dir='ltr'><strong>est,</strong></span> <span class='ocrx_word' id='word_1_578' title='bbox 2479 2855 2533 2907; x_wconf 92' lang='lat' dir='ltr'><strong>in</strong></span> <span class='ocrx_word' id='word_1_579' title='bbox 2570 2852 2722 2922; x_wconf 79' lang='lat' dir='ltr'><strong>cuius</strong></span> <span class='ocrx_word' id='word_1_580' title='bbox 2760 2853 2931 2922; x_wconf 90' lang='lat' dir='ltr'><strong>prima</strong></span> <span class='ocrx_word' id='word_1_581' title='bbox 2968 2853 3123 2923; x_wconf 83' lang='lat' dir='ltr'><strong>plaga</strong></span> <span class='ocrx_word' id='word_1_582' title='bbox 3165 2867 3320 2921; x_wconf 66' lang='lat' dir='ltr'><strong>aqua:</strong></span> <span class='ocrx_word' id='word_1_583' title='bbox 3340 2860 3626 2908; x_wconf 88' lang='lat' dir='ltr'><strong>vertuntur</strong></span> <span class='ocrx_word' id='word_1_584' title='bbox 3650 2856 3703 2909; x_wconf 92' lang='lat' dir='ltr'><strong>in</strong></span> 
     </span>
    </p>
   </div>
   <div class='ocr_carea' id='block_1_74' title="bbox 2134 2943 3704 3015">
    <p class='ocr_par' dir='ltr' id='par_1_74' title="bbox 2134 2943 3704 3015">
     <span class='ocr_line' id='line_1_74' title="bbox 2134 2943 3704 3015; baseline -0.001 -15"><span class='ocrx_word' id='word_1_585' title='bbox 2134 2946 2466 3015; x_wconf 86' lang='lat' dir='ltr'><strong>sanguinem.</strong></span> <span class='ocrx_word' id='word_1_586' title='bbox 2488 2944 2564 3002; x_wconf 78' lang='lat' dir='ltr'><strong>Et</strong></span> <span class='ocrx_word' id='word_1_587' title='bbox 2589 2958 2776 2998; x_wconf 89' lang='lat' dir='ltr'><strong>omnes</strong></span> <span class='ocrx_word' id='word_1_588' title='bbox 2799 2943 3031 2997; x_wconf 65' lang='lat' dir='ltr'><strong>haeretici</strong></span> <span class='ocrx_word' id='word_1_589' title='bbox 3065 2943 3364 3012; x_wconf 88' lang='lat' dir='ltr'><strong>philosophi</strong></span> <span class='ocrx_word' id='word_1_590' title='bbox 3387 2951 3512 2998; x_wconf 90' lang='lat' dir='ltr'><strong>sunt</strong></span> <span class='ocrx_word' id='word_1_591' title='bbox 3537 2961 3551 2998; x_wconf 88' lang='lat'><strong>:</strong></span> <span class='ocrx_word' id='word_1_592' title='bbox 3579 2946 3704 3013; x_wconf 84' lang='lat' dir='ltr'><strong>quia</strong></span> 
     </span>
    </p>
   </div>
   <div class='ocr_carea' id='block_1_75' title="bbox 2135 3032 3717 3104">
    <p class='ocr_par' dir='ltr' id='par_1_75' title="bbox 2135 3032 3717 3104">
     <span class='ocr_line' id='line_1_75' title="bbox 2135 3032 3717 3104; baseline 0 -14"><span class='ocrx_word' id='word_1_593' title='bbox 2135 3036 2366 3090; x_wconf 90' lang='lat' dir='ltr'><strong>rusticus</strong></span> <span class='ocrx_word' id='word_1_594' title='bbox 2405 3035 2689 3089; x_wconf 67' lang='lat' dir='ltr'><strong>haereticus</strong></span> <span class='ocrx_word' id='word_1_595' title='bbox 2730 3032 2837 3087; x_wconf 85' lang='lat' dir='ltr'><strong>dici</strong></span> <span class='ocrx_word' id='word_1_596' title='bbox 2882 3047 2991 3087; x_wconf 89' lang='lat' dir='ltr'><strong>non</strong></span> <span class='ocrx_word' id='word_1_597' title='bbox 3032 3040 3246 3101; x_wconf 90' lang='lat' dir='ltr'><strong>potest,</strong></span> <span class='ocrx_word' id='word_1_598' title='bbox 3288 3034 3356 3088; x_wconf 89' lang='lat' dir='ltr'><strong>ob</strong></span> <span class='ocrx_word' id='word_1_599' title='bbox 3384 3034 3509 3088; x_wconf 90' lang='lat' dir='ltr'><strong>inde</strong></span> <span class='ocrx_word' id='word_1_600' title='bbox 3553 3050 3717 3104; x_wconf 56' lang='lat' dir='ltr'><strong>aquas</strong></span> 
     </span>
    </p>
   </div>
   <div class='ocr_carea' id='block_1_76' title="bbox 2137 3123 3717 3196">
    <p class='ocr_par' dir='ltr' id='par_1_76' title="bbox 2137 3123 3717 3196">
     <span class='ocr_line' id='line_1_76' title="bbox 2137 3123 3717 3196; baseline 0.001 -15"><span class='ocrx_word' id='word_1_601' title='bbox 2137 3125 2355 3196; x_wconf 66' lang='lat' dir='ltr'><strong>Egypti</strong></span> <span class='ocrx_word' id='word_1_602' title='bbox 2391 3134 2568 3189; x_wconf 90' lang='lat' dir='ltr'><strong>erunt,</strong></span> <span class='ocrx_word' id='word_1_603' title='bbox 2618 3124 2673 3178; x_wconf 92' lang='lat' dir='ltr'><strong>id</strong></span> <span class='ocrx_word' id='word_1_604' title='bbox 2714 3132 2818 3189; x_wconf 89' lang='lat' dir='ltr'><strong>est,</strong></span> <span class='ocrx_word' id='word_1_605' title='bbox 2864 3124 3240 3178; x_wconf 69' lang='lat' dir='ltr'><strong>hmreticorum</strong></span> <span class='ocrx_word' id='word_1_606' title='bbox 3281 3123 3487 3183; x_wconf 87' lang='lat' dir='ltr'><strong>lubrica</strong></span> <span class='ocrx_word' id='word_1_607' title='bbox 3523 3134 3579 3182; x_wconf 90' lang='lat' dir='ltr'><strong>et</strong></span> <span class='ocrx_word' id='word_1_608' title='bbox 3612 3129 3717 3183; x_wconf 82' lang='lat' dir='ltr'><strong>ob-</strong></span> 
     </span>
    </p>
   </div>
   <div class='ocr_carea' id='block_1_77' title="bbox 2135 3210 3708 3283">
    <p class='ocr_par' dir='ltr' id='par_1_77' title="bbox 2135 3210 3708 3283">
     <span class='ocr_line' id='line_1_77' title="bbox 2135 3210 3708 3283; baseline 0.001 -15"><span class='ocrx_word' id='word_1_609' title='bbox 2135 3230 2292 3269; x_wconf 89' lang='lat' dir='ltr'><strong>scura</strong></span> <span class='ocrx_word' id='word_1_610' title='bbox 2328 3213 2764 3283; x_wconf 88' lang='lat' dir='ltr'><strong>philosophantes</strong></span> <span class='ocrx_word' id='word_1_611' title='bbox 2797 3211 3059 3266; x_wconf 87' lang='lat' dir='ltr'><strong>doctrina.</strong></span> <span class='ocrx_word' id='word_1_612' title='bbox 3118 3210 3247 3279; x_wconf 66' lang='lat' dir='ltr'><strong>Quae</strong></span> <span class='ocrx_word' id='word_1_613' title='bbox 3283 3214 3477 3268; x_wconf 92' lang='lat' dir='ltr'><strong>merito</strong></span> <span class='ocrx_word' id='word_1_614' title='bbox 3503 3216 3556 3269; x_wconf 91' lang='lat' dir='ltr'><strong>in</strong></span> <span class='ocrx_word' id='word_1_615' title='bbox 3587 3231 3708 3270; x_wconf 87' lang='lat' dir='ltr'><strong>san-</strong></span> 
     </span>
    </p>
   </div>
   <div class='ocr_carea' id='block_1_78' title="bbox 2136 3301 3705 3374">
    <p class='ocr_par' dir='ltr' id='par_1_78' title="bbox 2136 3301 3705 3374">
     <span class='ocr_line' id='line_1_78' title="bbox 2136 3301 3705 3374; baseline 0.002 -16"><span class='ocrx_word' id='word_1_616' title='bbox 2136 3303 2349 3374; x_wconf 89' lang='lat' dir='ltr'><strong>guinem</strong></span> <span class='ocrx_word' id='word_1_617' title='bbox 2378 3310 2660 3357; x_wconf 90' lang='lat' dir='ltr'><strong>vertuntur</strong></span> <span class='ocrx_word' id='word_1_618' title='bbox 2681 3342 2697 3367; x_wconf 91' lang='lat'><strong>,</strong></span> <span class='ocrx_word' id='word_1_619' title='bbox 2734 3301 2859 3370; x_wconf 90' lang='lat' dir='ltr'><strong>quia</strong></span> <span class='ocrx_word' id='word_1_620' title='bbox 2887 3301 3190 3370; x_wconf 87' lang='lat' dir='ltr'><strong>Scripturas</strong></span> <span class='ocrx_word' id='word_1_621' title='bbox 3220 3312 3432 3358; x_wconf 88' lang='lat' dir='ltr'><strong>sanctas</strong></span> <span class='ocrx_word' id='word_1_622' title='bbox 3473 3308 3705 3361; x_wconf 84' lang='lat' dir='ltr'><strong>carnali-</strong></span> 
     </span>
    </p>
   </div>
   <div class='ocr_carea' id='block_1_79' title="bbox 2139 3392 3707 3461">
    <p class='ocr_par' dir='ltr' id='par_1_79' title="bbox 2139 3392 3707 3461">
     <span class='ocr_line' id='line_1_79' title="bbox 2139 3392 3707 3461; baseline 0.003 -11"><span class='ocrx_word' id='word_1_623' title='bbox 2139 3405 2221 3450; x_wconf 89' lang='lat' dir='ltr'><strong>ter</strong></span> <span class='ocrx_word' id='word_1_624' title='bbox 2256 3394 2511 3449; x_wconf 90' lang='lat' dir='ltr'><strong>sentiunt.</strong></span> <span class='ocrx_word' id='word_1_625' title='bbox 2560 3392 2666 3447; x_wconf 88' lang='lat' dir='ltr'><strong>Sed</strong></span> <span class='ocrx_word' id='word_1_626' title='bbox 2710 3408 2835 3447; x_wconf 87' lang='lat' dir='ltr'><strong>mox</strong></span> <span class='ocrx_word' id='word_1_627' title='bbox 2864 3394 2955 3448; x_wconf 90' lang='lat' dir='ltr'><strong>ubi</strong></span> <span class='ocrx_word' id='word_1_628' title='bbox 2999 3409 3128 3449; x_wconf 83' lang='lat' dir='ltr'><strong>crux</strong></span> <span class='ocrx_word' id='word_1_629' title='bbox 3164 3393 3364 3449; x_wconf 89' lang='lat' dir='ltr'><strong>Christi</strong></span> <span class='ocrx_word' id='word_1_630' title='bbox 3409 3395 3588 3461; x_wconf 81' lang='lat' dir='ltr'><strong>fuerit,</strong></span> <span class='ocrx_word' id='word_1_631' title='bbox 3623 3399 3707 3453; x_wconf 87' lang='lat' dir='ltr'><strong>his</strong></span> 
     </span>
    </p>
   </div>
   <div class='ocr_carea' id='block_1_80' title="bbox 2135 3486 3706 3559">
    <p class='ocr_par' dir='ltr' id='par_1_80' title="bbox 2135 3486 3706 3559">
     <span class='ocr_line' id='line_1_80' title="bbox 2135 3486 3706 3559; baseline 0.001 -17"><span class='ocrx_word' id='word_1_632' title='bbox 2135 3487 2377 3542; x_wconf 85' lang='lat' dir='ltr'><strong>veritatis</strong></span> <span class='ocrx_word' id='word_1_633' title='bbox 2400 3486 2581 3541; x_wconf 88' lang='lat' dir='ltr'><strong>lumen</strong></span> <span class='ocrx_word' id='word_1_634' title='bbox 2603 3487 2869 3551; x_wconf 90' lang='lat' dir='ltr'><strong>ostendit,</strong></span> <span class='ocrx_word' id='word_1_635' title='bbox 2921 3494 2975 3541; x_wconf 87' lang='lat' dir='ltr'><strong>et</strong></span> <span class='ocrx_word' id='word_1_636' title='bbox 3007 3502 3102 3542; x_wconf 90' lang='lat' dir='ltr'><strong>eos</strong></span> <span class='ocrx_word' id='word_1_637' title='bbox 3127 3489 3305 3542; x_wconf 87' lang='lat' dir='ltr'><strong>acrius</strong></span> <span class='ocrx_word' id='word_1_638' title='bbox 3331 3489 3625 3559; x_wconf 85' lang='lat' dir='ltr'><strong>redarguit,</strong></span> <span class='ocrx_word' id='word_1_639' title='bbox 3650 3499 3706 3545; x_wconf 92' lang='lat' dir='ltr'><strong>ut</strong></span> 
     </span>
    </p>
   </div>
   <div class='ocr_carea' id='block_1_81' title="bbox 2137 3576 3706 3647">
    <p class='ocr_par' dir='ltr' id='par_1_81' title="bbox 2137 3576 3706 3647">
     <span class='ocr_line' id='line_1_81' title="bbox 2137 3576 3706 3647; baseline 0.001 -15"><span class='ocrx_word' id='word_1_640' title='bbox 2137 3591 2205 3632; x_wconf 81' lang='lat' dir='ltr'><strong>ex</strong></span> <span class='ocrx_word' id='word_1_641' title='bbox 2237 3576 2495 3646; x_wconf 89' lang='lat' dir='ltr'><strong>qualitate</strong></span> <span class='ocrx_word' id='word_1_642' title='bbox 2535 3589 2886 3645; x_wconf 89' lang='lat' dir='ltr'><strong>personarum</strong></span> <span class='ocrx_word' id='word_1_643' title='bbox 2928 3577 3176 3645; x_wconf 88' lang='lat' dir='ltr'><strong>proprios</strong></span> <span class='ocrx_word' id='word_1_644' title='bbox 3216 3587 3509 3647; x_wconf 88' lang='lat' dir='ltr'><strong>agnoscant</strong></span> <span class='ocrx_word' id='word_1_645' title='bbox 3559 3594 3706 3635; x_wconf 86' lang='lat' dir='ltr'><strong>erro—</strong></span> 
     </span>
    </p>
   </div>
   <div class='ocr_carea' id='block_1_82' title="bbox 2136 3667 3705 3740">
    <p class='ocr_par' dir='ltr' id='par_1_82' title="bbox 2136 3667 3705 3740">
     <span class='ocr_line' id='line_1_82' title="bbox 2136 3667 3705 3740; baseline 0.001 -17"><span class='ocrx_word' id='word_1_646' title='bbox 2136 3682 2243 3723; x_wconf 88' lang='lat' dir='ltr'><strong>res.</strong></span> <span class='ocrx_word' id='word_1_647' title='bbox 2292 3667 2361 3723; x_wconf 89' lang='lat' dir='ltr'><strong>Et</strong></span> <span class='ocrx_word' id='word_1_648' title='bbox 2393 3676 2521 3723; x_wconf 89' lang='lat' dir='ltr'><strong>tunc</strong></span> <span class='ocrx_word' id='word_1_649' title='bbox 2544 3668 2820 3739; x_wconf 88' lang='lat' dir='ltr'><strong>probatur,</strong></span> <span class='ocrx_word' id='word_1_650' title='bbox 2848 3681 2966 3737; x_wconf 72' lang='lat' dir='ltr'><strong>quae</strong></span> <span class='ocrx_word' id='word_1_651' title='bbox 2994 3679 3079 3723; x_wconf 89' lang='lat' dir='ltr'><strong>est</strong></span> <span class='ocrx_word' id='word_1_652' title='bbox 3108 3667 3339 3737; x_wconf 89' lang='lat' dir='ltr'><strong>Spiritus</strong></span> <span class='ocrx_word' id='word_1_653' title='bbox 3364 3669 3479 3735; x_wconf 89' lang='lat' dir='ltr'><strong>Dei,</strong></span> <span class='ocrx_word' id='word_1_654' title='bbox 3509 3679 3565 3725; x_wconf 89' lang='lat' dir='ltr'><strong>et</strong></span> <span class='ocrx_word' id='word_1_655' title='bbox 3589 3685 3705 3740; x_wconf 68' lang='lat' dir='ltr'><strong>qua:</strong></span> 
     </span>
    </p>
   </div>
   <div class='ocr_carea' id='block_1_83' title="bbox 2137 3758 2361 3814">
    <p class='ocr_par' dir='ltr' id='par_1_83' title="bbox 2137 3758 2361 3814">
     <span class='ocr_line' id='line_1_83' title="bbox 2137 3758 2361 3814; baseline -0.013 0"><span class='ocrx_word' id='word_1_656' title='bbox 2137 3758 2361 3814; x_wconf 89' lang='lat' dir='ltr'><strong>erroris.</strong></span> 
     </span>
    </p>
   </div>
   <div class='ocr_carea' id='block_1_84' title="bbox 2207 3846 3700 3918">
    <p class='ocr_par' dir='ltr' id='par_1_84' title="bbox 2207 3846 3700 3918">
     <span class='ocr_line' id='line_1_84' title="bbox 2207 3846 3700 3918; baseline 0.001 -16"><span class='ocrx_word' id='word_1_657' title='bbox 2207 3848 2314 3903; x_wconf 75' lang='grc' dir='ltr'>ιιι.</span> <span class='ocrx_word' id='word_1_658' title='bbox 2344 3848 2422 3903; x_wconf 89' lang='lat' dir='ltr'><strong>De</strong></span> <span class='ocrx_word' id='word_1_659' title='bbox 2446 3862 2554 3917; x_wconf 92' lang='lat' dir='ltr'><strong>quo</strong></span> <span class='ocrx_word' id='word_1_660' title='bbox 2583 3846 2783 3917; x_wconf 89' lang='lat' dir='ltr'><strong>Spiritu</strong></span> <span class='ocrx_word' id='word_1_661' title='bbox 2811 3847 3012 3903; x_wconf 87' lang='lat' dir='ltr'><strong>erroris</strong></span> <span class='ocrx_word' id='word_1_662' title='bbox 3036 3848 3091 3902; x_wconf 92' lang='lat' dir='ltr'><strong>in</strong></span> <span class='ocrx_word' id='word_1_663' title='bbox 3119 3848 3437 3918; x_wconf 82' lang='lat' dir='ltr'><strong>Apocalypsi</strong></span> <span class='ocrx_word' id='word_1_664' title='bbox 3467 3849 3700 3905; x_wconf 87' lang='lat' dir='ltr'><strong>dicitur:</strong></span> 
     </span>
    </p>
   </div>
   <div class='ocr_carea' id='block_1_85' title="bbox 2137 3934 3704 3999">
    <p class='ocr_par' dir='ltr' id='par_1_85' title="bbox 2137 3934 3704 3999">
     <span class='ocr_line' id='line_1_85' title="bbox 2137 3934 3704 3999; baseline 0 -8"><span class='ocrx_word' id='word_1_665' title='bbox 2137 3936 2208 3991; x_wconf 87' lang='lat' dir='ltr'><strong>Et</strong></span> <span class='ocrx_word' id='word_1_666' title='bbox 2231 3936 2335 3990; x_wconf 82' lang='lat' dir='ltr'><strong>vidi</strong></span> <span class='ocrx_word' id='word_1_667' title='bbox 2369 3953 2435 3990; x_wconf 79' lang='lat' dir='ltr'><strong>ea:</strong></span> <span class='ocrx_word' id='word_1_668' title='bbox 2474 3951 2561 3990; x_wconf 86' lang='lat' dir='ltr'><strong>ore</strong></span> <span class='ocrx_word' id='word_1_669' title='bbox 2598 3934 2869 3999; x_wconf 81' lang='lat' dir='ltr'><strong>draconis,</strong></span> <span class='ocrx_word' id='word_1_670' title='bbox 2910 3943 2959 3988; x_wconf 89' lang='lat' dir='ltr'><strong>et</strong></span> <span class='ocrx_word' id='word_1_671' title='bbox 2984 3951 3049 3989; x_wconf 79' lang='lat' dir='ltr'><strong>ea:</strong></span> <span class='ocrx_word' id='word_1_672' title='bbox 3086 3951 3174 3989; x_wconf 91' lang='lat' dir='ltr'><strong>ore</strong></span> <span class='ocrx_word' id='word_1_673' title='bbox 3206 3936 3402 3999; x_wconf 66' lang='lat' dir='ltr'><strong>bestiis,</strong></span> <span class='ocrx_word' id='word_1_674' title='bbox 3446 3945 3496 3990; x_wconf 87' lang='lat' dir='ltr'><strong>et</strong></span> <span class='ocrx_word' id='word_1_675' title='bbox 3526 3953 3592 3991; x_wconf 80' lang='lat' dir='ltr'><strong>ea:</strong></span> <span class='ocrx_word' id='word_1_676' title='bbox 3618 3954 3704 3991; x_wconf 83' lang='lat' dir='ltr'><strong>ore</strong></span> 
     </span>
    </p>
   </div>
   <div class='ocr_carea' id='block_1_86' title="bbox 2136 4025 3705 4099">
    <p class='ocr_par' dir='ltr' id='par_1_86' title="bbox 2136 4025 3705 4099">
     <span class='ocr_line' id='line_1_86' title="bbox 2136 4025 3705 4099; baseline -0.001 -17"><span class='ocrx_word' id='word_1_677' title='bbox 2136 4026 2590 4099; x_wconf 78' lang='lat' dir='ltr'><strong>pseudoprophette</strong></span> <span class='ocrx_word' id='word_1_678' title='bbox 2612 4025 2826 4095; x_wconf 73' lang='lat' dir='ltr'><strong>spiritus</strong></span> <span class='ocrx_word' id='word_1_679' title='bbox 2854 4034 2956 4080; x_wconf 86' lang='lat' dir='ltr'><strong>tres</strong></span> <span class='ocrx_word' id='word_1_680' title='bbox 2984 4026 3278 4080; x_wconf 87' lang='lat' dir='ltr'><strong>immundos</strong></span> <span class='ocrx_word' id='word_1_681' title='bbox 3302 4028 3358 4080; x_wconf 91' lang='lat' dir='ltr'><strong>in</strong></span> <span class='ocrx_word' id='word_1_682' title='bbox 3380 4027 3594 4080; x_wconf 84' lang='lat' dir='ltr'><strong>modum</strong></span> <span class='ocrx_word' id='word_1_683' title='bbox 3621 4045 3705 4080; x_wconf 83' lang='lat' dir='ltr'><strong>ra-</strong></span> 
     </span>
    </p>
   </div>
   <div class='ocr_carea' id='block_1_87' title="bbox 2137 4114 3704 4187">
    <p class='ocr_par' dir='ltr' id='par_1_87' title="bbox 2137 4114 3704 4187">
     <span class='ocr_line' id='line_1_87' title="bbox 2137 4114 3704 4187; baseline -0.004 -12"><span class='ocrx_word' id='word_1_684' title='bbox 2137 4115 2534 4187; x_wconf 77' lang='lat' dir='ltr'><strong>narunt(Apoc.</strong></span> <span class='ocrx_word' id='word_1_685' title='bbox 2565 4130 2677 4179; x_wconf 79' lang='lat' dir='ltr'><strong>xvr,</strong></span> <span class='ocrx_word' id='word_1_686' title='bbox 2715 4114 2823 4184; x_wconf 77' lang='grc'><strong>15).</strong></span> <span class='ocrx_word' id='word_1_687' title='bbox 2858 4114 3029 4169; x_wconf 87' lang='lat' dir='ltr'><strong>Draco</strong></span> <span class='ocrx_word' id='word_1_688' title='bbox 3055 4114 3175 4183; x_wconf 90' lang='lat' dir='ltr'><strong>quis</strong></span> <span class='ocrx_word' id='word_1_689' title='bbox 3198 4115 3335 4169; x_wconf 90' lang='lat' dir='ltr'><strong>alius</strong></span> <span class='ocrx_word' id='word_1_690' title='bbox 3376 4115 3480 4168; x_wconf 90' lang='lat' dir='ltr'><strong>nisi</strong></span> <span class='ocrx_word' id='word_1_691' title='bbox 3521 4116 3704 4169; x_wconf 84' lang='lat' dir='ltr'><strong>diabo-</strong></span> 
     </span>
    </p>
   </div>
   <div class='ocr_carea' id='block_1_88' title="bbox 2137 4202 3700 4272">
    <p class='ocr_par' dir='ltr' id='par_1_88' title="bbox 2137 4202 3700 4272">
     <span class='ocr_line' id='line_1_88' title="bbox 2137 4202 3700 4272; baseline -0.001 -12"><span class='ocrx_word' id='word_1_692' title='bbox 2137 4208 2222 4263; x_wconf 89' lang='lat' dir='ltr'><strong>lus</strong></span> <span class='ocrx_word' id='word_1_693' title='bbox 2248 4206 2372 4262; x_wconf 87' lang='lat' dir='ltr'><strong>est?</strong></span> <span class='ocrx_word' id='word_1_694' title='bbox 2404 4205 2585 4260; x_wconf 89' lang='lat' dir='ltr'><strong>Bestia</strong></span> <span class='ocrx_word' id='word_1_695' title='bbox 2613 4218 2644 4257; x_wconf 90' lang='lat' dir='ltr'><strong>a</strong></span> <span class='ocrx_word' id='word_1_696' title='bbox 2680 4204 2941 4258; x_wconf 87' lang='lat' dir='ltr'><strong>vastando</strong></span> <span class='ocrx_word' id='word_1_697' title='bbox 2965 4217 3156 4257; x_wconf 91' lang='lat' dir='ltr'><strong>nomen</strong></span> <span class='ocrx_word' id='word_1_698' title='bbox 3182 4202 3405 4272; x_wconf 90' lang='lat' dir='ltr'><strong>accepit,</strong></span> <span class='ocrx_word' id='word_1_699' title='bbox 3433 4204 3559 4272; x_wconf 91' lang='lat' dir='ltr'><strong>quia</strong></span> <span class='ocrx_word' id='word_1_700' title='bbox 3595 4219 3700 4258; x_wconf 91' lang='lat' dir='ltr'><strong>non</strong></span> 
     </span>
    </p>
   </div>
   <div class='ocr_carea' id='block_1_89' title="bbox 2137 4290 3701 4359">
    <p class='ocr_par' dir='ltr' id='par_1_89' title="bbox 2137 4290 3701 4359">
     <span class='ocr_line' id='line_1_89' title="bbox 2137 4290 3701 4359; baseline -0.003 -8"><span class='ocrx_word' id='word_1_701' title='bbox 2137 4296 2334 4351; x_wconf 88' lang='lat' dir='ltr'><strong>herbas</strong></span> <span class='ocrx_word' id='word_1_702' title='bbox 2366 4293 2588 4356; x_wconf 88' lang='lat' dir='ltr'><strong>mandit,</strong></span> <span class='ocrx_word' id='word_1_703' title='bbox 2619 4291 2713 4346; x_wconf 84' lang='lat' dir='ltr'><strong>sed</strong></span> <span class='ocrx_word' id='word_1_704' title='bbox 2756 4292 3066 4359; x_wconf 84' lang='lat' dir='ltr'><strong>sanguinem</strong></span> <span class='ocrx_word' id='word_1_705' title='bbox 3101 4290 3344 4355; x_wconf 80' lang='lat' dir='ltr'><strong>etl‘undit,</strong></span> <span class='ocrx_word' id='word_1_706' title='bbox 3387 4298 3442 4344; x_wconf 91' lang='lat' dir='ltr'><strong>et</strong></span> <span class='ocrx_word' id='word_1_707' title='bbox 3484 4307 3701 4346; x_wconf 87' lang='lat' dir='ltr'><strong>carnem</strong></span> 
     </span>
    </p>
   </div>
   <div class='ocr_carea' id='block_1_90' title="bbox 472 4380 3702 4478">
    <p class='ocr_par' dir='ltr' id='par_1_90' title="bbox 472 4380 3702 4478">
     <span class='ocr_line' id='line_1_90' title="bbox 472 4380 3702 4478; baseline -0.004 -15"><span class='ocrx_word' id='word_1_708' title='bbox 472 4380 621 4471; x_wconf 60' lang='lat' dir='ltr'><strong>ritus,</strong></span> <span class='ocrx_word' id='word_1_709' title='bbox 647 4406 783 4478; x_wconf 82' lang='lat' dir='ltr'><strong>quod</strong></span> <span class='ocrx_word' id='word_1_710' title='bbox 802 4380 875 4458; x_wconf 72' lang='lat' dir='ltr'><strong>est</strong></span> <span class='ocrx_word' id='word_1_711' title='bbox 899 4404 1104 4458; x_wconf 83' lang='lat' dir='ltr'><strong>verbum</strong></span> <span class='ocrx_word' id='word_1_712' title='bbox 1132 4402 1246 4455; x_wconf 89' lang='lat' dir='ltr'><strong>Dei.</strong></span> <span class='ocrx_word' id='word_1_713' title='bbox 1279 4402 1528 4455; x_wconf 87' lang='lat' dir='ltr'><strong>Dicamus</strong></span> <span class='ocrx_word' id='word_1_714' title='bbox 1552 4380 1674 4454; x_wconf 85' lang='lat' dir='ltr'><strong>cum</strong></span> <span class='ocrx_word' id='word_1_715' title='bbox 1696 4380 2035 4458; x_wconf 86' lang='lat' dir='ltr'><strong>sanctissimo</strong></span> <span class='ocrx_word' id='word_1_716' title='bbox 2066 4406 2111 4466; x_wconf 84' lang='grc' dir='ltr'><strong>Ι)</strong></span> <span class='ocrx_word' id='word_1_717' title='bbox 2138 4389 2360 4478; x_wconf 50' lang='lat' dir='ltr'><strong>lacerati</strong></span> <span class='ocrx_word' id='word_1_718' title='bbox 2387 4385 2700 4478; x_wconf 57' lang='lat' dir='ltr'><strong>‘lnde_ViVi‘-</strong></span> <span class='ocrx_word' id='word_1_719' title='bbox 2734 4383 3068 4478; x_wconf 55' lang='lat' dir='ltr'><strong>H$°_be§&#39;_ni_ai</strong></span> <span class='ocrx_word' id='word_1_720' title='bbox 3099 4381 3226 4452; x_wconf 70' lang='lat' dir='ltr'><strong>quid</strong></span> <span class='ocrx_word' id='word_1_721' title='bbox 3250 4380 3531 4478; x_wconf 62' lang='lat' dir='ltr'><strong>au“_d_“i5i_</strong></span> <span class='ocrx_word' id='word_1_722' title='bbox 3542 4383 3702 4478; x_wconf 67' lang='grc' dir='ltr'><strong>δουξο</strong></span> 
     </span>
    </p>
   </div>
   <div class='ocr_carea' id='block_1_91' title="bbox 473 4489 2035 4565">
    <p class='ocr_par' dir='ltr' id='par_1_91' title="bbox 473 4489 2035 4565">
     <span class='ocr_line' id='line_1_91' title="bbox 473 4489 2035 4565; baseline -0.004 -13"><span class='ocrx_word' id='word_1_723' title='bbox 473 4496 635 4553; x_wconf 83' lang='lat' dir='ltr'><strong>David</strong></span> <span class='ocrx_word' id='word_1_724' title='bbox 660 4496 918 4565; x_wconf 89' lang='lat' dir='ltr'><strong>propheta</strong></span> <span class='ocrx_word' id='word_1_725' title='bbox 947 4509 960 4547; x_wconf 90' lang='lat'><strong>:</strong></span> <span class='ocrx_word' id='word_1_726' title='bbox 994 4492 1326 4563; x_wconf 82' lang='lat' dir='ltr'><strong>Adjutorium</strong></span> <span class='ocrx_word' id='word_1_727' title='bbox 1356 4500 1586 4545; x_wconf 87' lang='lat' dir='ltr'><strong>nostrum</strong></span> <span class='ocrx_word' id='word_1_728' title='bbox 1613 4508 1645 4544; x_wconf 93' lang='lat' dir='ltr'><strong>a</strong></span> <span class='ocrx_word' id='word_1_729' title='bbox 1670 4489 1915 4556; x_wconf 88' lang='lat' dir='ltr'><strong>Domino,</strong></span> <span class='ocrx_word' id='word_1_730' title='bbox 1945 4493 2035 4563; x_wconf 88' lang='lat' dir='ltr'><strong>qui</strong></span> 
     </span>
    </p>
   </div>
   <div class='ocr_carea' id='block_1_92' title="bbox 475 4585 2029 4667">
    <p class='ocr_par' dir='ltr' id='par_1_92' title="bbox 475 4585 2029 4667">
     <span class='ocr_line' id='line_1_92' title="bbox 475 4585 2029 4667; baseline -0.005 -21"><span class='ocrx_word' id='word_1_731' title='bbox 475 4592 590 4667; x_wconf 69' lang='lat' dir='ltr'><strong>fecit</strong></span> <span class='ocrx_word' id='word_1_732' title='bbox 620 4589 800 4643; x_wconf 72' lang='lat' dir='ltr'><strong>caelum</strong></span> <span class='ocrx_word' id='word_1_733' title='bbox 825 4598 870 4640; x_wconf 91' lang='lat' dir='ltr'><strong>et</strong></span> <span class='ocrx_word' id='word_1_734' title='bbox 896 4598 1105 4640; x_wconf 89' lang='lat' dir='ltr'><strong>terram.</strong></span> <span class='ocrx_word' id='word_1_735' title='bbox 1136 4586 1362 4640; x_wconf 87' lang='lat' dir='ltr'><strong>Donavit</strong></span> <span class='ocrx_word' id='word_1_736' title='bbox 1379 4585 1711 4640; x_wconf 89' lang='lat' dir='ltr'><strong>certantibus</strong></span> <span class='ocrx_word' id='word_1_737' title='bbox 1731 4585 2029 4650; x_wconf 87' lang='lat' dir='ltr'><strong>victoriam,</strong></span> 
     </span>
    </p>
   </div>
   <div class='ocr_carea' id='block_1_93' title="bbox 473 4673 2033 4748">
    <p class='ocr_par' dir='ltr' id='par_1_93' title="bbox 473 4673 2033 4748">
     <span class='ocr_line' id='line_1_93' title="bbox 473 4673 2033 4748; baseline -0.003 -16"><span class='ocrx_word' id='word_1_738' title='bbox 473 4679 563 4748; x_wconf 90' lang='lat' dir='ltr'><strong>qui</strong></span> <span class='ocrx_word' id='word_1_739' title='bbox 590 4677 825 4732; x_wconf 82' lang='lat' dir='ltr'><strong>certandi</strong></span> <span class='ocrx_word' id='word_1_740' title='bbox 851 4675 994 4730; x_wconf 91' lang='lat' dir='ltr'><strong>dedit</strong></span> <span class='ocrx_word' id='word_1_741' title='bbox 1018 4675 1313 4729; x_wconf 89' lang='lat' dir='ltr'><strong>audaciam.</strong></span> <span class='ocrx_word' id='word_1_742' title='bbox 1338 4673 1455 4729; x_wconf 93' lang='lat' dir='ltr'><strong>Non</strong></span> <span class='ocrx_word' id='word_1_743' title='bbox 1479 4689 1578 4728; x_wconf 90' lang='lat' dir='ltr'><strong>nos</strong></span> <span class='ocrx_word' id='word_1_744' title='bbox 1600 4674 1833 4728; x_wconf 64' lang='lat' dir='ltr'><strong>hostium</strong></span> <span class='ocrx_word' id='word_1_745' title='bbox 1856 4674 2033 4737; x_wconf 88' lang='lat' dir='ltr'><strong>turba,</strong></span> 
     </span>
    </p>
   </div>
   <div class='ocr_carea' id='block_1_94' title="bbox 474 4762 2035 4833">
    <p class='ocr_par' dir='ltr' id='par_1_94' title="bbox 474 4762 2035 4833">
     <span class='ocr_line' id='line_1_94' title="bbox 474 4762 2035 4833; baseline -0.003 -11"><span class='ocrx_word' id='word_1_746' title='bbox 474 4784 581 4822; x_wconf 85' lang='lat' dir='ltr'><strong>non</strong></span> <span class='ocrx_word' id='word_1_747' title='bbox 607 4766 917 4821; x_wconf 85' lang='lat' dir='ltr'><strong>bellantium</strong></span> <span class='ocrx_word' id='word_1_748' title='bbox 963 4775 1176 4820; x_wconf 89' lang='lat' dir='ltr'><strong>revocet</strong></span> <span class='ocrx_word' id='word_1_749' title='bbox 1201 4764 1371 4819; x_wconf 84' lang='lat' dir='ltr'><strong>forma</strong></span> <span class='ocrx_word' id='word_1_750' title='bbox 1395 4805 1410 4829; x_wconf 94' lang='lat'><strong>,</strong></span> <span class='ocrx_word' id='word_1_751' title='bbox 1448 4780 1555 4818; x_wconf 92' lang='lat' dir='ltr'><strong>non</strong></span> <span class='ocrx_word' id='word_1_752' title='bbox 1587 4764 1738 4833; x_wconf 88' lang='lat' dir='ltr'><strong>quasi</strong></span> <span class='ocrx_word' id='word_1_753' title='bbox 1782 4762 2035 4833; x_wconf 82' lang='lat' dir='ltr'><strong>fulgentia</strong></span> 
     </span>
    </p>
   </div>
   <div class='ocr_carea' id='block_1_95' title="bbox 473 4854 2035 4930">
    <p class='ocr_par' dir='ltr' id='par_1_95' title="bbox 473 4854 2035 4930">
     <span class='ocr_line' id='line_1_95' title="bbox 473 4854 2035 4930; baseline -0.004 -18"><span class='ocrx_word' id='word_1_754' title='bbox 473 4861 639 4913; x_wconf 87' lang='lat' dir='ltr'><strong>vitrea</strong></span> <span class='ocrx_word' id='word_1_755' title='bbox 675 4872 821 4910; x_wconf 90' lang='lat' dir='ltr'><strong>arma</strong></span> <span class='ocrx_word' id='word_1_756' title='bbox 845 4864 1099 4910; x_wconf 90' lang='lat' dir='ltr'><strong>terreant.</strong></span> <span class='ocrx_word' id='word_1_757' title='bbox 1136 4855 1207 4907; x_wconf 91' lang='lat' dir='ltr'><strong>Hi</strong></span> <span class='ocrx_word' id='word_1_758' title='bbox 1233 4856 1289 4907; x_wconf 92' lang='lat' dir='ltr'><strong>in</strong></span> <span class='ocrx_word' id='word_1_759' title='bbox 1317 4854 1575 4930; x_wconf 58' lang='lat' dir='ltr'><strong>currigus,</strong></span> <span class='ocrx_word' id='word_1_760' title='bbox 1618 4862 1664 4906; x_wconf 91' lang='lat' dir='ltr'><strong>et</strong></span> <span class='ocrx_word' id='word_1_761' title='bbox 1691 4854 1745 4905; x_wconf 86' lang='lat' dir='ltr'><strong>hi</strong></span> <span class='ocrx_word' id='word_1_762' title='bbox 1773 4854 1827 4904; x_wconf 88' lang='lat' dir='ltr'><strong>in</strong></span> <span class='ocrx_word' id='word_1_763' title='bbox 1852 4854 2035 4922; x_wconf 86' lang='lat' dir='ltr'><strong>equis;</strong></span> 
     </span>
    </p>
   </div>
   <div class='ocr_carea' id='block_1_96' title="bbox 473 4942 2033 5011">
    <p class='ocr_par' dir='ltr' id='par_1_96' title="bbox 473 4942 2033 5011">
     <span class='ocr_line' id='line_1_96' title="bbox 473 4942 2033 5011; baseline -0.003 -11"><span class='ocrx_word' id='word_1_764' title='bbox 473 4965 561 5000; x_wconf 88' lang='lat' dir='ltr'><strong>nos</strong></span> <span class='ocrx_word' id='word_1_765' title='bbox 591 4957 759 5000; x_wconf 83' lang='lat' dir='ltr'><strong>autem</strong></span> <span class='ocrx_word' id='word_1_766' title='bbox 786 4945 839 4999; x_wconf 85' lang='lat' dir='ltr'><strong>in</strong></span> <span class='ocrx_word' id='word_1_767' title='bbox 863 4946 1065 4998; x_wconf 89' lang='lat' dir='ltr'><strong>nomine</strong></span> <span class='ocrx_word' id='word_1_768' title='bbox 1097 4943 1188 4997; x_wconf 91' lang='lat' dir='ltr'><strong>Dei</strong></span> <span class='ocrx_word' id='word_1_769' title='bbox 1216 4945 1376 4997; x_wconf 89' lang='lat' dir='ltr'><strong>nostri</strong></span> <span class='ocrx_word' id='word_1_770' title='bbox 1406 4942 1877 5011; x_wconf 82' lang='lat' dir='ltr'><strong>magni/icabimur.</strong></span> <span class='ocrx_word' id='word_1_771' title='bbox 1919 4942 2033 4996; x_wconf 92' lang='lat' dir='ltr'><strong>Non</strong></span> 
     </span>
    </p>
   </div>
   <div class='ocr_carea' id='block_1_97' title="bbox 471 5029 2036 5099">
    <p class='ocr_par' dir='ltr' id='par_1_97' title="bbox 471 5029 2036 5099">
     <span class='ocr_line' id='line_1_97' title="bbox 471 5029 2036 5099; baseline -0.002 -11"><span class='ocrx_word' id='word_1_772' title='bbox 471 5038 771 5088; x_wconf 87' lang='lat' dir='ltr'><strong>timeamus.</strong></span> <span class='ocrx_word' id='word_1_773' title='bbox 816 5033 931 5087; x_wconf 94' lang='lat' dir='ltr'><strong>Non</strong></span> <span class='ocrx_word' id='word_1_774' title='bbox 965 5041 1092 5086; x_wconf 91' lang='lat' dir='ltr'><strong>sunt</strong></span> <span class='ocrx_word' id='word_1_775' title='bbox 1128 5031 1430 5086; x_wconf 90' lang='lat' dir='ltr'><strong>bellatores.</strong></span> <span class='ocrx_word' id='word_1_776' title='bbox 1463 5029 1832 5099; x_wconf 88' lang='lat' dir='ltr'><strong>Negotiatores</strong></span> <span class='ocrx_word' id='word_1_777' title='bbox 1855 5031 2036 5086; x_wconf 55' lang='lat' dir='ltr'><strong>saeculi</strong></span> 
     </span>
    </p>
   </div>
   <div class='ocr_carea' id='block_1_98' title="bbox 470 5121 2035 5192">
    <p class='ocr_par' dir='ltr' id='par_1_98' title="bbox 470 5121 2035 5192">
     <span class='ocr_line' id='line_1_98' title="bbox 470 5121 2035 5192; baseline -0.003 -14"><span class='ocrx_word' id='word_1_778' title='bbox 470 5132 612 5178; x_wconf 89' lang='lat' dir='ltr'><strong>sunt.</strong></span> <span class='ocrx_word' id='word_1_779' title='bbox 655 5122 822 5177; x_wconf 87' lang='lat' dir='ltr'><strong>Suum</strong></span> <span class='ocrx_word' id='word_1_780' title='bbox 848 5121 1118 5192; x_wconf 87' lang='lat' dir='ltr'><strong>negotium</strong></span> <span class='ocrx_word' id='word_1_781' title='bbox 1156 5128 1401 5189; x_wconf 87' lang='lat' dir='ltr'><strong>portant,</strong></span> <span class='ocrx_word' id='word_1_782' title='bbox 1452 5134 1560 5173; x_wconf 91' lang='lat' dir='ltr'><strong>non</strong></span> <span class='ocrx_word' id='word_1_783' title='bbox 1607 5126 1891 5184; x_wconf 89' lang='lat' dir='ltr'><strong>nostrum;</strong></span> <span class='ocrx_word' id='word_1_784' title='bbox 1922 5133 2035 5173; x_wconf 84' lang='lat' dir='ltr'><strong>sua</strong></span> 
     </span>
    </p>
   </div>
   <div class='ocr_carea' id='block_1_99' title="bbox 472 5207 2038 5282">
    <p class='ocr_par' dir='ltr' id='par_1_99' title="bbox 472 5207 2038 5282">
     <span class='ocr_line' id='line_1_99' title="bbox 472 5207 2038 5282; baseline -0.003 -17"><span class='ocrx_word' id='word_1_785' title='bbox 472 5220 737 5282; x_wconf 64' lang='lat' dir='ltr'><strong>quaarunt,</strong></span> <span class='ocrx_word' id='word_1_786' title='bbox 781 5226 887 5265; x_wconf 92' lang='lat' dir='ltr'><strong>non</strong></span> <span class='ocrx_word' id='word_1_787' title='bbox 922 5225 1038 5279; x_wconf 72' lang='lat' dir='ltr'><strong>qua:</strong></span> <span class='ocrx_word' id='word_1_788' title='bbox 1072 5210 1199 5265; x_wconf 83' lang='lat' dir='ltr'><strong>Jesu</strong></span> <span class='ocrx_word' id='word_1_789' title='bbox 1247 5209 1465 5264; x_wconf 91' lang='lat' dir='ltr'><strong>Christi.</strong></span> <span class='ocrx_word' id='word_1_790' title='bbox 1515 5208 1719 5261; x_wconf 86' lang='lat' dir='ltr'><strong>Aurum</strong></span> <span class='ocrx_word' id='word_1_791' title='bbox 1759 5222 1817 5261; x_wconf 89' lang='lat' dir='ltr'><strong>se</strong></span> <span class='ocrx_word' id='word_1_792' title='bbox 1854 5207 2038 5262; x_wconf 88' lang='lat' dir='ltr'><strong>dicunt</strong></span> 
     </span>
    </p>
   </div>
   <div class='ocr_carea' id='block_1_100' title="bbox 472 5296 2035 5373">
    <p class='ocr_par' dir='ltr' id='par_1_100' title="bbox 472 5296 2035 5373">
     <span class='ocr_line' id='line_1_100' title="bbox 472 5296 2035 5373; baseline -0.004 -16"><span class='ocrx_word' id='word_1_793' title='bbox 472 5314 526 5357; x_wconf 87' lang='lat' dir='ltr'><strong>et</strong></span> <span class='ocrx_word' id='word_1_794' title='bbox 558 5308 836 5373; x_wconf 86' lang='lat' dir='ltr'><strong>argentum</strong></span> <span class='ocrx_word' id='word_1_795' title='bbox 862 5308 1078 5369; x_wconf 90' lang='lat' dir='ltr'><strong>portare</strong></span> <span class='ocrx_word' id='word_1_796' title='bbox 1102 5316 1116 5364; x_wconf 91' lang='lat'><strong>;</strong></span> <span class='ocrx_word' id='word_1_797' title='bbox 1148 5300 1240 5354; x_wconf 90' lang='lat' dir='ltr'><strong>sed</strong></span> <span class='ocrx_word' id='word_1_798' title='bbox 1266 5299 1494 5353; x_wconf 80' lang='lat' dir='ltr'><strong>mixtum</strong></span> <span class='ocrx_word' id='word_1_799' title='bbox 1520 5307 1633 5362; x_wconf 92' lang='lat' dir='ltr'><strong>est,</strong></span> <span class='ocrx_word' id='word_1_800' title='bbox 1679 5296 2035 5350; x_wconf 90' lang='lat' dir='ltr'><strong>adulteratum</strong></span> 
     </span>
    </p>
   </div>
   <div class='ocr_carea' id='block_1_101' title="bbox 474 5378 2035 5457">
    <p class='ocr_par' dir='ltr' id='par_1_101' title="bbox 474 5378 2035 5457">
     <span class='ocr_line' id='line_1_101' title="bbox 474 5378 2035 5457; baseline -0.006 -10"><span class='ocrx_word' id='word_1_801' title='bbox 474 5403 575 5457; x_wconf 91' lang='lat' dir='ltr'><strong>est,</strong></span> <span class='ocrx_word' id='word_1_802' title='bbox 608 5378 800 5446; x_wconf 80' lang='lat' dir='ltr'><strong>falsum</strong></span> <span class='ocrx_word' id='word_1_803' title='bbox 841 5398 942 5446; x_wconf 91' lang='lat' dir='ltr'><strong>est.</strong></span> <span class='ocrx_word' id='word_1_804' title='bbox 990 5391 1219 5444; x_wconf 80' lang='lat' dir='ltr'><strong>Veniant</strong></span> <span class='ocrx_word' id='word_1_805' title='bbox 1247 5389 1541 5456; x_wconf 71' lang='lat' dir='ltr'><strong>trapezitae,</strong></span> <span class='ocrx_word' id='word_1_806' title='bbox 1588 5395 1642 5439; x_wconf 91' lang='lat' dir='ltr'><strong>et</strong></span> <span class='ocrx_word' id='word_1_807' title='bbox 1668 5386 1881 5439; x_wconf 91' lang='lat' dir='ltr'><strong>videant</strong></span> <span class='ocrx_word' id='word_1_808' title='bbox 1910 5385 2035 5452; x_wconf 90' lang='lat' dir='ltr'><strong>quia</strong></span> 
     </span>
    </p>
   </div>
   <div class='ocr_carea' id='block_1_102' title="bbox 477 5476 2032 5545">
    <p class='ocr_par' dir='ltr' id='par_1_102' title="bbox 477 5476 2032 5545">
     <span class='ocr_line' id='line_1_102' title="bbox 477 5476 2032 5545; baseline -0.007 -9"><span class='ocrx_word' id='word_1_809' title='bbox 477 5483 809 5537; x_wconf 88' lang='lat' dir='ltr'><strong>mendacium</strong></span> <span class='ocrx_word' id='word_1_810' title='bbox 836 5488 937 5535; x_wconf 90' lang='lat' dir='ltr'><strong>est.</strong></span> <span class='ocrx_word' id='word_1_811' title='bbox 981 5478 1149 5533; x_wconf 90' lang='lat' dir='ltr'><strong>Nemo</strong></span> <span class='ocrx_word' id='word_1_812' title='bbox 1177 5493 1244 5532; x_wconf 81' lang='lat' dir='ltr'><strong>ex</strong></span> <span class='ocrx_word' id='word_1_813' title='bbox 1277 5478 1361 5531; x_wconf 90' lang='lat' dir='ltr'><strong>his</strong></span> <span class='ocrx_word' id='word_1_814' title='bbox 1387 5476 1633 5545; x_wconf 90' lang='lat' dir='ltr'><strong>accipiat,</strong></span> <span class='ocrx_word' id='word_1_815' title='bbox 1680 5488 1837 5528; x_wconf 92' lang='lat' dir='ltr'><strong>nemo</strong></span> <span class='ocrx_word' id='word_1_816' title='bbox 1870 5481 2032 5536; x_wconf 91' lang='lat' dir='ltr'><strong>emat,</strong></span> 
     </span>
    </p>
   </div>
   <div class='ocr_carea' id='block_1_103' title="bbox 479 5560 2033 5635">
    <p class='ocr_par' dir='ltr' id='par_1_103' title="bbox 479 5560 2033 5635">
     <span class='ocr_line' id='line_1_103' title="bbox 479 5560 2033 5635; baseline -0.006 -14"><span class='ocrx_word' id='word_1_817' title='bbox 479 5582 545 5621; x_wconf 89' lang='lat' dir='ltr'><strong>ne</strong></span> <span class='ocrx_word' id='word_1_818' title='bbox 584 5567 922 5634; x_wconf 90' lang='lat' dir='ltr'><strong>postmodum</strong></span> <span class='ocrx_word' id='word_1_819' title='bbox 964 5564 1240 5635; x_wconf 66' lang='lat' dir='ltr'><strong>paeniteat.</strong></span> <span class='ocrx_word' id='word_1_820' title='bbox 1296 5564 1493 5617; x_wconf 91' lang='lat' dir='ltr'><strong>Vinum</strong></span> <span class='ocrx_word' id='word_1_821' title='bbox 1540 5562 1696 5616; x_wconf 88' lang='lat' dir='ltr'><strong>nobis</strong></span> <span class='ocrx_word' id='word_1_822' title='bbox 1734 5560 2033 5630; x_wconf 81' lang='lat' dir='ltr'><strong>porrigunt,</strong></span> 
     </span>
    </p>
   </div>
   <div class='ocr_carea' id='block_1_104' title="bbox 480 5651 2030 5721">
    <p class='ocr_par' dir='ltr' id='par_1_104' title="bbox 480 5651 2030 5721">
     <span class='ocr_line' id='line_1_104' title="bbox 480 5651 2030 5721; baseline -0.003 -15"><span class='ocrx_word' id='word_1_823' title='bbox 480 5668 636 5708; x_wconf 89' lang='lat' dir='ltr'><strong>nemo</strong></span> <span class='ocrx_word' id='word_1_824' title='bbox 695 5654 956 5721; x_wconf 86' lang='lat' dir='ltr'><strong>accipiat,</strong></span> <span class='ocrx_word' id='word_1_825' title='bbox 1017 5667 1175 5708; x_wconf 88' lang='lat' dir='ltr'><strong>nemo</strong></span> <span class='ocrx_word' id='word_1_826' title='bbox 1223 5653 1400 5718; x_wconf 85' lang='lat' dir='ltr'><strong>bibat,</strong></span> <span class='ocrx_word' id='word_1_827' title='bbox 1466 5651 1695 5705; x_wconf 78' lang='lat' dir='ltr'><strong>mixtum</strong></span> <span class='ocrx_word' id='word_1_828' title='bbox 1745 5658 1827 5703; x_wconf 87' lang='lat' dir='ltr'><strong>est</strong></span> <span class='ocrx_word' id='word_1_829' title='bbox 1874 5665 2030 5718; x_wconf 87' lang='lat' dir='ltr'><strong>aqua.</strong></span> 
     </span>
    </p>
   </div>
   <div class='ocr_carea' id='block_1_105' title="bbox 2134 4470 3701 4545">
    <p class='ocr_par' dir='ltr' id='par_1_105' title="bbox 2134 4470 3701 4545">
     <span class='ocr_line' id='line_1_105' title="bbox 2134 4470 3701 4545; baseline -0.003 -13"><span class='ocrx_word' id='word_1_830' title='bbox 2134 4485 2236 4542; x_wconf 90' lang='grc' dir='ltr'>εει,</span> <span class='ocrx_word' id='word_1_831' title='bbox 2273 4476 2365 4545; x_wconf 88' lang='lat' dir='ltr'><strong>qui</strong></span> <span class='ocrx_word' id='word_1_832' title='bbox 2407 4474 2677 4529; x_wconf 91' lang='lat' dir='ltr'><strong>hominem</strong></span> <span class='ocrx_word' id='word_1_833' title='bbox 2717 4471 2914 4542; x_wconf 88' lang='lat' dir='ltr'><strong>premit</strong></span> <span class='ocrx_word' id='word_1_834' title='bbox 2950 4470 3152 4543; x_wconf 86' lang='lat' dir='ltr'><strong>[Forte,</strong></span> <span class='ocrx_word' id='word_1_835' title='bbox 3179 4470 3437 4542; x_wconf 87' lang='lat' dir='ltr'><strong>perimit].</strong></span> <span class='ocrx_word' id='word_1_836' title='bbox 3495 4471 3701 4527; x_wconf 86' lang='lat' dir='ltr'><strong>Pseudo</strong></span> 
     </span>
    </p>
   </div>
   <div class='ocr_carea' id='block_1_106' title="bbox 2134 4562 3700 4636">
    <p class='ocr_par' dir='ltr' id='par_1_106' title="bbox 2134 4562 3700 4636">
     <span class='ocr_line' id='line_1_106' title="bbox 2134 4562 3700 4636; baseline -0.006 -12"><span class='ocrx_word' id='word_1_837' title='bbox 2134 4576 2311 4624; x_wconf 90' lang='lat' dir='ltr'><strong>autem</strong></span> <span class='ocrx_word' id='word_1_838' title='bbox 2337 4567 2591 4636; x_wconf 84' lang='lat' dir='ltr'><strong>propheta</strong></span> <span class='ocrx_word' id='word_1_839' title='bbox 2630 4564 2915 4618; x_wconf 62' lang='lat' dir='ltr'><strong>haereticus</strong></span> <span class='ocrx_word' id='word_1_840' title='bbox 2938 4569 3054 4630; x_wconf 75' lang='lat' dir='ltr'><strong>est.</strong></span> <span class='ocrx_word' id='word_1_841' title='bbox 3102 4562 3235 4616; x_wconf 88' lang='lat' dir='ltr'><strong>Tres</strong></span> <span class='ocrx_word' id='word_1_842' title='bbox 3267 4562 3486 4631; x_wconf 88' lang='lat' dir='ltr'><strong>spiritus</strong></span> <span class='ocrx_word' id='word_1_843' title='bbox 3526 4578 3586 4617; x_wconf 90' lang='lat' dir='ltr'><strong>se</strong></span> <span class='ocrx_word' id='word_1_844' title='bbox 3623 4564 3700 4616; x_wconf 86' lang='lat' dir='ltr'><strong>vi-</strong></span> 
     </span>
    </p>
   </div>
   <div class='ocr_carea' id='block_1_107' title="bbox 2134 4652 3700 4721">
    <p class='ocr_par' dir='ltr' id='par_1_107' title="bbox 2134 4652 3700 4721">
     <span class='ocr_line' id='line_1_107' title="bbox 2134 4652 3700 4721; baseline -0.004 -7"><span class='ocrx_word' id='word_1_845' title='bbox 2134 4661 2276 4715; x_wconf 89' lang='lat' dir='ltr'><strong>disse</strong></span> <span class='ocrx_word' id='word_1_846' title='bbox 2298 4664 2542 4721; x_wconf 88' lang='lat' dir='ltr'><strong>testatur,</strong></span> <span class='ocrx_word' id='word_1_847' title='bbox 2567 4655 2660 4711; x_wconf 88' lang='lat' dir='ltr'><strong>sed</strong></span> <span class='ocrx_word' id='word_1_848' title='bbox 2681 4668 2819 4707; x_wconf 92' lang='lat' dir='ltr'><strong>unus</strong></span> <span class='ocrx_word' id='word_1_849' title='bbox 2840 4652 3057 4721; x_wconf 87' lang='lat' dir='ltr'><strong>spiritus</strong></span> <span class='ocrx_word' id='word_1_850' title='bbox 3076 4660 3177 4707; x_wconf 90' lang='lat' dir='ltr'><strong>est.</strong></span> <span class='ocrx_word' id='word_1_851' title='bbox 3201 4652 3355 4717; x_wconf 80' lang='lat' dir='ltr'><strong>Quia,</strong></span> <span class='ocrx_word' id='word_1_852' title='bbox 3376 4653 3519 4707; x_wconf 88' lang='lat' dir='ltr'><strong>sicut</strong></span> <span class='ocrx_word' id='word_1_853' title='bbox 3541 4655 3700 4708; x_wconf 89' lang='lat' dir='ltr'><strong>homo</strong></span> 
     </span>
    </p>
   </div>
   <div class='ocr_carea' id='block_1_108' title="bbox 2135 4743 3700 4813">
    <p class='ocr_par' dir='ltr' id='par_1_108' title="bbox 2135 4743 3700 4813">
     <span class='ocr_line' id='line_1_108' title="bbox 2135 4743 3700 4813; baseline -0.007 -7"><span class='ocrx_word' id='word_1_854' title='bbox 2135 4752 2410 4806; x_wconf 66' lang='lat' dir='ltr'><strong>adhaerens</strong></span> <span class='ocrx_word' id='word_1_855' title='bbox 2437 4749 2547 4802; x_wconf 93' lang='lat' dir='ltr'><strong>Deo</strong></span> <span class='ocrx_word' id='word_1_856' title='bbox 2582 4747 2644 4799; x_wconf 80' lang='lat' dir='ltr'><strong>lit</strong></span> <span class='ocrx_word' id='word_1_857' title='bbox 2687 4759 2827 4799; x_wconf 89' lang='lat' dir='ltr'><strong>unus</strong></span> <span class='ocrx_word' id='word_1_858' title='bbox 2866 4743 3102 4813; x_wconf 75' lang='lat' dir='ltr'><strong>Spiritus,</strong></span> <span class='ocrx_word' id='word_1_859' title='bbox 3146 4743 3305 4797; x_wconf 89' lang='lat' dir='ltr'><strong>homo</strong></span> <span class='ocrx_word' id='word_1_860' title='bbox 3328 4743 3501 4797; x_wconf 87' lang='lat' dir='ltr'><strong>malus</strong></span> <span class='ocrx_word' id='word_1_861' title='bbox 3526 4743 3700 4797; x_wconf 69' lang='lat' dir='ltr'><strong>adhre-</strong></span> 
     </span>
    </p>
   </div>
   <div class='ocr_carea' id='block_1_109' title="bbox 2134 4832 3697 4903">
    <p class='ocr_par' dir='ltr' id='par_1_109' title="bbox 2134 4832 3697 4903">
     <span class='ocr_line' id='line_1_109' title="bbox 2134 4832 3697 4903; baseline -0.005 -9"><span class='ocrx_word' id='word_1_862' title='bbox 2134 4841 2299 4896; x_wconf 91' lang='lat' dir='ltr'><strong>rendo</strong></span> <span class='ocrx_word' id='word_1_863' title='bbox 2336 4839 2588 4893; x_wconf 67' lang='lat' dir='ltr'><strong>haeretica</strong></span> <span class='ocrx_word' id='word_1_864' title='bbox 2616 4837 2676 4891; x_wconf 84' lang='lat' dir='ltr'><strong>ﬁt</strong></span> <span class='ocrx_word' id='word_1_865' title='bbox 2700 4850 2839 4889; x_wconf 90' lang='lat' dir='ltr'><strong>unus</strong></span> <span class='ocrx_word' id='word_1_866' title='bbox 2880 4834 3099 4903; x_wconf 91' lang='lat' dir='ltr'><strong>spiritus</strong></span> <span class='ocrx_word' id='word_1_867' title='bbox 3121 4847 3243 4887; x_wconf 87' lang='lat' dir='ltr'><strong>cum</strong></span> <span class='ocrx_word' id='word_1_868' title='bbox 3269 4832 3516 4899; x_wconf 85' lang='lat' dir='ltr'><strong>diabolo;</strong></span> <span class='ocrx_word' id='word_1_869' title='bbox 3560 4834 3697 4887; x_wconf 87' lang='lat' dir='ltr'><strong>sicut</strong></span> 
     </span>
    </p>
   </div>
   <div class='ocr_carea' id='block_1_110' title="bbox 2133 4920 3697 4997">
    <p class='ocr_par' dir='ltr' id='par_1_110' title="bbox 2133 4920 3697 4997">
     <span class='ocr_line' id='line_1_110' title="bbox 2133 4920 3697 4997; baseline -0.006 -12"><span class='ocrx_word' id='word_1_870' title='bbox 2133 4939 2189 4985; x_wconf 90' lang='lat' dir='ltr'><strong>et</strong></span> <span class='ocrx_word' id='word_1_871' title='bbox 2217 4931 2329 4997; x_wconf 91' lang='lat' dir='ltr'><strong>ipse</strong></span> <span class='ocrx_word' id='word_1_872' title='bbox 2358 4925 2599 4982; x_wconf 89' lang='lat' dir='ltr'><strong>diabolus</strong></span> <span class='ocrx_word' id='word_1_873' title='bbox 2635 4923 2703 4978; x_wconf 87' lang='lat' dir='ltr'><strong>de</strong></span> <span class='ocrx_word' id='word_1_874' title='bbox 2746 4923 3029 4990; x_wconf 90' lang='lat' dir='ltr'><strong>semetipso</strong></span> <span class='ocrx_word' id='word_1_875' title='bbox 3060 4922 3175 4975; x_wconf 89' lang='lat' dir='ltr'><strong>ait:</strong></span> <span class='ocrx_word' id='word_1_876' title='bbox 3223 4920 3422 4976; x_wconf 87' lang='lat' dir='ltr'><strong>Sedebo</strong></span> <span class='ocrx_word' id='word_1_877' title='bbox 3450 4923 3505 4975; x_wconf 90' lang='lat' dir='ltr'><strong>in</strong></span> <span class='ocrx_word' id='word_1_878' title='bbox 3530 4931 3697 4975; x_wconf 87' lang='lat' dir='ltr'><strong>monte</strong></span> 
     </span>
    </p>
   </div>
   <div class='ocr_carea' id='block_1_111' title="bbox 2132 5011 3697 5082">
    <p class='ocr_par' dir='ltr' id='par_1_111' title="bbox 2132 5011 3697 5082">
     <span class='ocr_line' id='line_1_111' title="bbox 2132 5011 3697 5082; baseline -0.007 -8"><span class='ocrx_word' id='word_1_879' title='bbox 2132 5020 2438 5080; x_wconf 86' lang='lat' dir='ltr'><strong>testamenti,</strong></span> <span class='ocrx_word' id='word_1_880' title='bbox 2473 5026 2520 5071; x_wconf 88' lang='lat' dir='ltr'><strong>et</strong></span> <span class='ocrx_word' id='word_1_881' title='bbox 2548 5016 2604 5070; x_wconf 90' lang='lat' dir='ltr'><strong>in</strong></span> <span class='ocrx_word' id='word_1_882' title='bbox 2642 5014 2888 5068; x_wconf 83' lang='lat' dir='ltr'><strong>lateribus</strong></span> <span class='ocrx_word' id='word_1_883' title='bbox 2929 5011 3211 5082; x_wconf 86' lang='lat' dir='ltr'><strong>aquilonis.</strong></span> <span class='ocrx_word' id='word_1_884' title='bbox 3260 5012 3490 5067; x_wconf 83' lang='lat' dir='ltr'><strong>Montem</strong></span> <span class='ocrx_word' id='word_1_885' title='bbox 3538 5021 3697 5067; x_wconf 75' lang='grc' dir='ltr'>ιεειειο</span> 
     </span>
    </p>
   </div>
   <div class='ocr_carea' id='block_1_112' title="bbox 2132 5100 3695 5172">
    <p class='ocr_par' dir='ltr' id='par_1_112' title="bbox 2132 5100 3695 5172">
     <span class='ocr_line' id='line_1_112' title="bbox 2132 5100 3695 5172; baseline -0.005 -10"><span class='ocrx_word' id='word_1_886' title='bbox 2132 5108 2297 5163; x_wconf 89' lang='lat' dir='ltr'><strong>menti</strong></span> <span class='ocrx_word' id='word_1_887' title='bbox 2328 5105 2570 5161; x_wconf 88' lang='lat' dir='ltr'><strong>diabolus</strong></span> <span class='ocrx_word' id='word_1_888' title='bbox 2596 5102 2865 5172; x_wconf 68' lang='lat' dir='ltr'><strong>praesidet,</strong></span> <span class='ocrx_word' id='word_1_889' title='bbox 2890 5116 3014 5156; x_wconf 89' lang='lat' dir='ltr'><strong>cum</strong></span> <span class='ocrx_word' id='word_1_890' title='bbox 3037 5100 3199 5155; x_wconf 88' lang='lat' dir='ltr'><strong>corda</strong></span> <span class='ocrx_word' id='word_1_891' title='bbox 3225 5101 3598 5155; x_wconf 65' lang='lat' dir='ltr'><strong>hmreticorum</strong></span> <span class='ocrx_word' id='word_1_892' title='bbox 3626 5110 3695 5154; x_wconf 81' lang='lat' dir='ltr'><strong>tc-</strong></span> 
     </span>
    </p>
   </div>
   <div class='ocr_carea' id='block_1_113' title="bbox 2132 5191 3698 5260">
    <p class='ocr_par' dir='ltr' id='par_1_113' title="bbox 2132 5191 3698 5260">
     <span class='ocr_line' id='line_1_113' title="bbox 2132 5191 3698 5260; baseline -0.008 -8"><span class='ocrx_word' id='word_1_893' title='bbox 2132 5206 2241 5252; x_wconf 89' lang='lat' dir='ltr'><strong>net.</strong></span> <span class='ocrx_word' id='word_1_894' title='bbox 2274 5197 2473 5249; x_wconf 67' lang='lat' dir='ltr'><strong>Latere</strong></span> <span class='ocrx_word' id='word_1_895' title='bbox 2490 5191 2647 5260; x_wconf 84' lang='lat' dir='ltr'><strong>hujus</strong></span> <span class='ocrx_word' id='word_1_896' title='bbox 2675 5191 2874 5246; x_wconf 89' lang='lat' dir='ltr'><strong>montis</strong></span> <span class='ocrx_word' id='word_1_897' title='bbox 2896 5200 3021 5245; x_wconf 91' lang='lat' dir='ltr'><strong>sunt</strong></span> <span class='ocrx_word' id='word_1_898' title='bbox 3043 5205 3231 5244; x_wconf 91' lang='lat' dir='ltr'><strong>omnes</strong></span> <span class='ocrx_word' id='word_1_899' title='bbox 3258 5192 3347 5258; x_wconf 90' lang='lat' dir='ltr'><strong>qui</strong></span> <span class='ocrx_word' id='word_1_900' title='bbox 3370 5192 3451 5245; x_wconf 89' lang='lat' dir='ltr'><strong>eis</strong></span> <span class='ocrx_word' id='word_1_901' title='bbox 3478 5206 3698 5245; x_wconf 84' lang='lat' dir='ltr'><strong>consen-</strong></span> 
     </span>
    </p>
   </div>
   <div class='ocr_carea' id='block_1_114' title="bbox 2134 5282 3694 5351">
    <p class='ocr_par' dir='ltr' id='par_1_114' title="bbox 2134 5282 3694 5351">
     <span class='ocr_line' id='line_1_114' title="bbox 2134 5282 3694 5351; baseline -0.007 -7"><span class='ocrx_word' id='word_1_902' title='bbox 2134 5291 2273 5345; x_wconf 87' lang='lat' dir='ltr'><strong>tiunt</strong></span> <span class='ocrx_word' id='word_1_903' title='bbox 2294 5296 2348 5343; x_wconf 89' lang='lat' dir='ltr'><strong>et</strong></span> <span class='ocrx_word' id='word_1_904' title='bbox 2371 5302 2556 5342; x_wconf 89' lang='lat' dir='ltr'><strong>eorum</strong></span> <span class='ocrx_word' id='word_1_905' title='bbox 2585 5283 2891 5341; x_wconf 82' lang='lat' dir='ltr'><strong>defensores</strong></span> <span class='ocrx_word' id='word_1_906' title='bbox 2906 5284 3179 5338; x_wconf 85' lang='lat' dir='ltr'><strong>assistunt.</strong></span> <span class='ocrx_word' id='word_1_907' title='bbox 3210 5283 3275 5337; x_wconf 82' lang='lat' dir='ltr'><strong>lli</strong></span> <span class='ocrx_word' id='word_1_908' title='bbox 3293 5284 3511 5351; x_wconf 85' lang='lat' dir='ltr'><strong>spiritus</strong></span> <span class='ocrx_word' id='word_1_909' title='bbox 3535 5282 3694 5336; x_wconf 85' lang='lat' dir='ltr'><strong>verba</strong></span> 
     </span>
    </p>
   </div>
   <div class='ocr_carea' id='block_1_115' title="bbox 2133 5371 3693 5448">
    <p class='ocr_par' dir='ltr' id='par_1_115' title="bbox 2133 5371 3693 5448">
     <span class='ocr_line' id='line_1_115' title="bbox 2133 5371 3693 5448; baseline -0.007 -14"><span class='ocrx_word' id='word_1_910' title='bbox 2133 5382 2369 5448; x_wconf 89' lang='lat' dir='ltr'><strong>ipsorum</strong></span> <span class='ocrx_word' id='word_1_911' title='bbox 2407 5385 2549 5439; x_wconf 90' lang='lat' dir='ltr'><strong>sunt,</strong></span> <span class='ocrx_word' id='word_1_912' title='bbox 2581 5377 2705 5444; x_wconf 91' lang='lat' dir='ltr'><strong>quia</strong></span> <span class='ocrx_word' id='word_1_913' title='bbox 2741 5375 2881 5443; x_wconf 90' lang='lat' dir='ltr'><strong>quod</strong></span> <span class='ocrx_word' id='word_1_914' title='bbox 2915 5372 3159 5429; x_wconf 90' lang='lat' dir='ltr'><strong>diabolus</strong></span> <span class='ocrx_word' id='word_1_915' title='bbox 3200 5373 3282 5427; x_wconf 89' lang='lat' dir='ltr'><strong>eis</strong></span> <span class='ocrx_word' id='word_1_916' title='bbox 3324 5372 3567 5439; x_wconf 86' lang='lat' dir='ltr'><strong>inspirat,</strong></span> <span class='ocrx_word' id='word_1_917' title='bbox 3597 5371 3693 5424; x_wconf 91' lang='lat' dir='ltr'><strong>hoc</strong></span> 
     </span>
    </p>
   </div>
   <div class='ocr_carea' id='block_1_116' title="bbox 2133 5458 3689 5536">
    <p class='ocr_par' dir='ltr' id='par_1_116' title="bbox 2133 5458 3689 5536">
     <span class='ocr_line' id='line_1_116' title="bbox 2133 5458 3689 5536; baseline -0.008 -14"><span class='ocrx_word' id='word_1_918' title='bbox 2133 5468 2464 5536; x_wconf 88' lang='lat' dir='ltr'><strong>loquuntur:</strong></span> <span class='ocrx_word' id='word_1_919' title='bbox 2515 5480 2675 5533; x_wconf 86' lang='lat' dir='ltr'><strong>quem</strong></span> <span class='ocrx_word' id='word_1_920' title='bbox 2722 5463 2941 5532; x_wconf 90' lang='lat' dir='ltr'><strong>spiritus</strong></span> <span class='ocrx_word' id='word_1_921' title='bbox 2991 5463 3122 5517; x_wconf 73' lang='lat' dir='ltr'><strong>dicit</strong></span> <span class='ocrx_word' id='word_1_922' title='bbox 3165 5458 3286 5515; x_wconf 86' lang='lat' dir='ltr'><strong>esse</strong></span> <span class='ocrx_word' id='word_1_923' title='bbox 3328 5460 3480 5530; x_wconf 90' lang='lat' dir='ltr'><strong>quasi</strong></span> <span class='ocrx_word' id='word_1_924' title='bbox 3530 5472 3689 5513; x_wconf 63' lang='lat' dir='ltr'><strong>ranae.</strong></span> 
     </span>
    </p>
   </div>
   <div class='ocr_carea' id='block_1_117' title="bbox 2135 5549 3692 5623">
    <p class='ocr_par' dir='ltr' id='par_1_117' title="bbox 2135 5549 3692 5623">
     <span class='ocr_line' id='line_1_117' title="bbox 2135 5549 3692 5623; baseline -0.007 -11"><span class='ocrx_word' id='word_1_925' title='bbox 2135 5559 2283 5612; x_wconf 82' lang='lat' dir='ltr'><strong>Rana</strong></span> <span class='ocrx_word' id='word_1_926' title='bbox 2331 5564 2414 5611; x_wconf 91' lang='grc' dir='ltr'><strong>εει</strong></span> <span class='ocrx_word' id='word_1_927' title='bbox 2471 5555 2844 5623; x_wconf 79' lang='lat' dir='ltr'><strong>loquacissima</strong></span> <span class='ocrx_word' id='word_1_928' title='bbox 2898 5554 3125 5608; x_wconf 88' lang='lat' dir='ltr'><strong>vanitas.</strong></span> <span class='ocrx_word' id='word_1_929' title='bbox 3179 5552 3322 5606; x_wconf 85' lang='lat' dir='ltr'><strong>Nihil</strong></span> <span class='ocrx_word' id='word_1_930' title='bbox 3375 5551 3519 5605; x_wconf 87' lang='lat' dir='ltr'><strong>enim</strong></span> <span class='ocrx_word' id='word_1_931' title='bbox 3576 5549 3692 5603; x_wconf 76' lang='lat' dir='ltr'><strong>cibo</strong></span> 
     </span>
    </p>
   </div>
   <div class='ocr_carea' id='block_1_118' title="bbox 2136 5636 3678 5716">
    <p class='ocr_par' dir='ltr' id='par_1_118' title="bbox 2136 5636 3678 5716">
     <span class='ocr_line' id='line_1_118' title="bbox 2136 5636 3678 5716; baseline -0.008 -14"><span class='ocrx_word' id='word_1_932' title='bbox 2136 5658 2315 5716; x_wconf 89' lang='lat' dir='ltr'><strong>aptum</strong></span> <span class='ocrx_word' id='word_1_933' title='bbox 2341 5656 2424 5702; x_wconf 87' lang='lat' dir='ltr'><strong>est</strong></span> <span class='ocrx_word' id='word_1_934' title='bbox 2445 5645 2639 5700; x_wconf 81' lang='lat' dir='ltr'><strong>animal</strong></span> <span class='ocrx_word' id='word_1_935' title='bbox 2670 5644 2827 5706; x_wconf 89' lang='lat' dir='ltr'><strong>istud,</strong></span> <span class='ocrx_word' id='word_1_936' title='bbox 2853 5643 3107 5713; x_wconf 86' lang='lat' dir='ltr'><strong>quoniam</strong></span> <span class='ocrx_word' id='word_1_937' title='bbox 3127 5641 3455 5696; x_wconf 84' lang='lat' dir='ltr'><strong>immundum</strong></span> <span class='ocrx_word' id='word_1_938' title='bbox 3477 5649 3577 5695; x_wconf 87' lang='lat' dir='ltr'><strong>cst.</strong></span> <span class='ocrx_word' id='word_1_939' title='bbox 3604 5636 3678 5693; x_wconf 69' lang='lat' dir='ltr'><strong>Ni</strong></span> 
     </span>
    </p>
   </div>
  </div>
