3992 6176
256 291 367 348 925

928 290 1201 347 HETERII
1237 289 1326 345 ET
1365 287 1422 343 S.
1464 285 1665 340 BEATI
1702 285 1795 339 AD
1830 284 2224 342 ELIPANDUM
2260 284 2475 339 EPIST.
2513 314 2585 324 —
2620 282 2747 338 LIB.
2786 281 2828 335 I.

3380 276 3482 332 928

254 404 334 459 hil
363 402 507 458 aliud
532 401 732 456 animal
756 401 898 456 istud
921 402 1048 456 utile
1076 410 1176 465 est,
1203 401 1306 456 nisi
1332 399 1472 468 quod
1502 412 1691 452 sonum
1718 410 1815 450 vo-
1845 398 1895 454 A
1918 395 2001 449 vel
2024 396 2091 450 ad
2127 395 2308 450 saeculi
2353 409 2446 449 eos
2478 393 2758 462 strepitum
2786 394 3129 451 revocantes,
3168 385 3255 440 vel
3280 384 3348 439 ad
3375 386 3481 440 hae-

253 493 356 558 eis,
380 492 638 560 improbis
671 499 727 545 et
747 492 1065 561 importunis
1088 490 1408 546 clamoribus
1432 488 1642 553 reddit;
1693 500 1820 539 nam

257 585 313 639 in
336 585 564 651 lacunis,
607 591 663 639 et
685 599 871 649 aeno,
918 591 1077 652 atque
1120 583 1523 638 collectionibus
1561 594 1819 649 aquarum

168 709 177 751 λ
254 674 507 729 sordibus
528 673 857 728 volutantur.
910 672 1000 728 Sic
1024 674 1284 738 haeretici,
1330 687 1437 727 non
1460 673 1515 725 in
1539 686 1677 740 aqua
1700 670 1822 723 lim-

252 764 552 834 pidissima,
579 779 718 833 aqua
746 765 887 828 viva,
913 778 1032 833 qua:
1056 763 1120 818 de
1153 763 1382 832 fontibus
1427 762 1732 824 Saluatoris,
1766 760 1820 814 id

214 908 215 911 η
252 860 360 918 est,
407 853 648 908 doctrina
679 853 1039 922 apostolorum
1073 861 1157 908 est
1176 892 1191 917 ,
1234 851 1329 908 sed
1370 851 1427 906 in
1468 851 1584 919 ipso
1625 849 1821 918 populo

252 944 442 1015 ignaro
476 950 533 997 et
563 943 768 998 lubrico
798 944 1032 1014 indignis
1058 943 1404 1007 clamoribus,
1430 942 1582 1011 quasi
1618 956 1763 995 rana:
1788 955 1820 994 e

251 1047 430 1096 cceno,
463 1047 622 1088 voces
651 1033 936 1088 emittunt:
971 1033 1065 1101 qui
1109 1033 1254 1087 inani
1290 1032 1522 1101 quadam
1556 1039 1611 1086 et
1638 1029 1818 1085 inflata

252 1121 614 1177 modulatione
651 1123 930 1191 superbiae,
961 1122 1107 1176 velut
1142 1136 1393 1176 ranarum
1427 1121 1575 1177 sonis
1607 1128 1663 1175 et
1684 1135 1817 1175 can-

251 1210 397 1266 tibus
421 1211 574 1266 novis
597 1211 927 1280 deceptionis
950 1210 1161 1266 fabulas
1184 1211 1442 1266 scribunt.

321 1300 452 1355 LIII.
483 1300 573 1356 Sic
600 1316 792 1356 aurum
835 1309 891 1357 et
917 1310 1198 1373 argentum
1242 1315 1435 1369 purum
1483 1297 1814 1363 simulantes,

248 1406 352 1445 nos
391 1389 614 1446 illudere
646 1398 892 1459 quaerunt
934 1392 989 1445 in
1025 1392 1236 1462 negotio
1274 1405 1383 1459 quo
1426 1398 1482 1443 et
1505 1390 1646 1444 istud
1682 1405 1818 1443 mra—

251 1489 434 1537 mento
476 1488 532 1535 et
573 1489 823 1537 stannum
863 1483 1211 1536 miscuerunt.
1254 1480 1362 1536 Nos
1404 1489 1585 1536 tamen
1613 1478 1814 1535 eﬂicia-

250 1586 394 1636 mur,
426 1572 718 1626 secundum
744 1579 1067 1640 praeceptum
1092 1571 1324 1636 Domini,
1371 1569 1674 1639 probabiles
1701 1578 1813 1623 tra-

247 1660 438 1728 pezita:
462 1676 476 1724 ;
527 1660 650 1728 quia
673 1660 879 1729 peritiae
912 1660 1190 1729 disciplina
1224 1667 1307 1714 est
1337 1660 1566 1728 probare
1589 1659 1717 1728 quid
1743 1659 1815 1713 sit

249 1764 443 1803 aurum
468 1750 833 1819 purissimum,
859 1750 1002 1819 quod
1027 1749 1184 1819 vulgo
1206 1749 1397 1803 dicitur
1422 1749 1698 1818 obryzum,
1731 1747 1816 1801 vel
1845 1736 1889 1793 Β

249 1839 378 1908 quid
407 1839 475 1894 sit
514 1840 691 1894 minus
715 1840 1028 1909 purgatione
1056 1840 1196 1910 ignis
1236 1846 1432 1903 terrea,
1480 1836 1665 1910 [aereo]
1693 1838 1817 1891 vili-

249 1945 357 1999 que
378 1929 618 1985 denario.
659 1928 717 1983 Si
741 1929 1031 1999 pretiosum
1063 1929 1327 1983 numisma
1351 1926 1556 1998 fulgore
1579 1927 1697 1981 auri
1717 1924 1819 1979 ful-

248 2019 425 2089 gentis
451 2026 714 2083 mutetur,
753 2018 1166 2089 prudentissima
1192 2018 1512 2073 discretione
1536 2017 1819 2086 providen-

247 2110 375 2163 dum
406 2117 491 2162 est
509 2123 578 2163 ne
609 2108 939 2178 decipiamur
963 2123 977 2162 :
1013 2115 1068 2162 et
1098 2123 1205 2162 non
1229 2108 1398 2162 solum
1423 2108 1818 2163 consideremus

247 2205 294 2259 si
324 2218 513 2259 aurum
534 2219 726 2273 purum
749 2210 852 2270 est,
881 2202 975 2259 sed
1019 2202 1180 2256 etiam
1214 2209 1372 2255 acute
1403 2209 1701 2265 cernentes,
1729 2215 1822 2254 cu-

241 2294 336 2363 jus
359 2294 592 2364 imagine
617 2293 878 2362 sculptum
907 2292 1089 2358 habet,
1116 2291 1161 2347 si
1186 2292 1300 2346 veri
1321 2290 1480 2360 regis,
1504 2291 1548 2344 si
1574 2290 1814 2344 latronis.

249 2385 384 2439 Nam
419 2385 575 2450 latro,
613 2386 736 2453 quia
765 2399 955 2438 aurum
1000 2382 1226 2449 furatur,
1274 2383 1375 2437 hoc
1404 2380 1613 2450 publice
1654 2394 1819 2449 nego-

247 2477 386 2531 tiare
410 2490 515 2529 non
542 2475 855 2545 praesumit:
880 2475 973 2528 sed
996 2474 1168 2528 denuo
1209 2474 1264 2526 in
1291 2469 1659 2526 conﬂatorium
1687 2468 1814 2522 mit-

248 2568 334 2631 tit,
361 2575 418 2622 et
439 2567 641 2621 vultum
677 2567 1015 2635 imperatoris
1038 2573 1198 2635 atque
1234 2563 1519 2635 imaginem
1546 2562 1645 2617 sub
1670 2560 1816 2616 falsi—

246 2667 358 2713 tate
390 2658 657 2725 exprimit.
685 2658 755 2712 Et
776 2658 879 2712 hoc
907 2657 1164 2712 debemus
1191 2657 1460 2725 sapienter
1490 2668 1810 2726 agnoscere;

246 2758 305 2802 et
342 2748 430 2802 illa
454 2764 573 2817 qum
600 2749 670 2803 sit
695 2749 810 2804 veri
848 2749 991 2818 regis
1018 2756 1248 2813 moneta,
1280 2763 1350 2800 an
1376 2745 1496 2799 falsi
1525 2744 1816 2815 negotiato-

249 2842 331 2895 ris
360 2855 464 2896 non
493 2840 729 2911 legitime
755 2839 1002 2909 figurata,
1031 2837 1310 2907 prudentia
1335 2835 1587 2889 velociori
1612 2834 1819 2887 discer-

244 2943 396 2995 nere,
442 2939 497 2984 et
535 2931 660 2983 dum
702 2928 994 2983 viderimus
1031 2927 1171 2996 quod
1204 2940 1396 2995 purum
1425 2938 1612 2977 aurum
1640 2931 1722 2976 est
1760 2929 1817 2974 et

244 3022 449 3088 absque
475 3020 725 3084 mixtura,
768 3026 823 3072 et
862 3018 973 3072 veri
1005 3018 1147 3087 regis
1180 3015 1461 3085 imaginem
1492 3014 1669 3077 habet,
1718 3012 1812 3065 ad-

245 3112 356 3165 huc
399 3109 744 3165 dubitandum
777 3117 861 3165 est
903 3116 957 3165 et
981 3107 1392 3177 comparandum
1423 3121 1527 3160 non
1565 3111 1664 3167 est,
1704 3103 1809 3157 nisi

246 3200 464 3254 trutina:
490 3200 807 3269 imponatur.
858 3198 934 3253 Ne
964 3197 1101 3267 forte
1146 3197 1323 3252 minus
1354 3197 1419 3251 de
1443 3195 1677 3265 pondere
1718 3194 1813 3247 ha-

244 3291 389 3353 beat,
429 3290 711 3360 diligenter
734 3291 1054 3359 inquiratur.

316 3381 448 3436 LIV.
482 3381 610 3448 Quae
643 3382 824 3436 omnia
867 3396 967 3436 nos
1002 3394 1214 3450 quoque
1248 3379 1594 3449 spiritualiter
1629 3378 1812 3432 obser-

246 3486 376 3526 vare
417 3472 643 3534 debere,
684 3471 1022 3543 evangelieus
1066 3485 1244 3526 sermo
1273 3471 1373 3524 sub
1398 3469 1554 3537 hujus
1596 3467 1812 3521 nomine

245 3562 577 3616 demonstrat
611 3561 871 3631 exemplo.
902 3561 1161 3626 Primum,
1194 3568 1253 3613 ut
1275 3559 1532 3628 quidquid
1562 3558 1615 3610 in
1639 3556 1813 3609 cordi-

248 3654 346 3708 bus
380 3654 583 3708 nostris
627 3653 923 3721 irrepserit,
968 3652 1052 3705 vel
1081 3650 1339 3719 quidquid
1379 3663 1529 3702 nova:
1557 3646 1812 3701 doctrinm

243 3744 410 3798 fuerit
454 3742 819 3795 intromissum
846 3780 860 3802 ,
905 3740 1131 3809 probare
1171 3739 1464 3801 debemus,
1518 3730 1809 3806 [spiritum]

241 3844 429 3889 utrum
454 3833 525 3886 sit
549 3832 728 3885 divino
758 3830 847 3884 illo
884 3839 939 3883 et
973 3828 1174 3884 caelesti
1206 3826 1438 3896 Spiritus
1477 3825 1646 3880 sancti
1692 3823 1813 3893 igne

240 3931 550 3996 purgatum,
589 3937 657 3975 an
680 3921 872 3990 spiritu
900 3919 1101 3973 erroris
1128 3919 1408 3986 irreptum,
1442 3916 1585 3985 quod
1608 3914 1675 3968 de
1705 3915 1813 3968 bae-

247 4014 415 4068 retica
445 4011 706 4080 pravitate
729 4008 965 4073 veniens,
994 4021 1086 4061 seu
1110 4007 1174 4061 de
1198 4006 1439 4061 saeculari
1467 4003 1813 4074 philosophiae

246 4113 456 4158 tumore
477 4100 827 4165 descendens,
850 4099 949 4153 sub
970 4098 1181 4152 nomine
1196 4096 1493 4153 sanctitatis
1506 4095 1809 4165 hypocrisin

246 4197 550 4263 prmferens,
587 4193 642 4246 in
689 4190 971 4260 superficie
1012 4197 1215 4243 tantum
1258 4188 1504 4243 ostendat
1534 4188 1807 4256 pietatem,

244 4281 653 4353 diligentissime
697 4279 1022 4349 perscrutari
1067 4279 1341 4333 debemus.
1389 4274 1540 4343 Quod
1570 4276 1642 4329 ita
1661 4286 1811 4344 pote-

246 4372 416 4426 rimus
450 4370 687 4440 implere,
730 4370 775 4423 si
816 4369 948 4423 illud
983 4367 1330 4437 apostolicum
1352 4365 1671 4421 fecerimus:
1704 4365 1811 4419 No-
1838 4397 1886 4454 η

244 4462 333 4516 lite
354 4462 492 4514 omni
520 4461 723 4529 spiritui
745 4458 954 4513 credere
976 4476 994 4512 :
1037 4458 1126 4512 scd
1155 4458 1366 4528 probate
1386 4458 1618 4528 spiritus,
1662 4457 1706 4511 si
1748 4473 1811 4510 ea:

248 4551 355 4605 Deo
382 4560 521 4604 sunt.
571 4549 687 4615 Quo
714 4563 907 4620 genere
952 4548 1027 4602 illi
1052 4563 1263 4617 quoque
1298 4547 1503 4615 decepti
1538 4553 1681 4611 sunt,
1719 4546 1808 4614 qui

243 4655 303 4698 se
330 4640 439 4694 Deo
462 4639 665 4694 servire
691 4639 1051 4707 promiserunt
1071 4646 1125 4691 et
1143 4644 1265 4707 post
1297 4636 1678 4705 professionem
1704 4652 1815 4690 mo-

243 4732 428 4794 nachi,
468 4732 642 4785 nitore
669 4729 949 4792 sermonis,
984 4736 1040 4782 et
1071 4727 1389 4798 quibusdam
1432 4735 1557 4781 sunt
1579 4726 1814 4794 philoso-

243 4823 475 4891 phorum
502 4821 840 4891 dogmatibus
881 4820 1040 4874 illecti
1068 4836 1080 4871 :
1114 4827 1170 4872 et
1209 4833 1306 4886 per
1340 4818 1442 4871 hoc
1465 4816 1814 4871 ascendentes

246 4914 315 4966 ad
342 4912 544 4979 primas
563 4910 867 4977 cathedras,
903 4919 961 4964 ut
994 4910 1205 4978 publice
1234 4909 1301 4961 ab
1333 4907 1637 4962 hominibus
1668 4908 1815 4978 igna-

1922 490 2117 544 reticos
2161 502 2373 543 errores
2414 488 2517 541 hac
2557 481 2971 553 praesumptione
3008 478 3237 533 tumidos
3274 486 3466 546 pertra-

1920 580 2127 634 hentes.
2165 577 2316 644 Quod
2337 576 2497 632 etiam
2524 573 2727 629 Acham
2753 573 2805 625 in
2834 570 2972 624 libro
2995 566 3122 622 Iesu
3154 565 3296 619 Nave
3318 564 3483 619 fuisse

1918 684 2247 739 perpessum,
2281 668 2373 737 qui
2403 664 2470 719 de
2492 662 2705 717 Jericho
2730 660 2963 729 linguam
2988 669 3205 709 auream
3232 654 3482 721 concupi-

1920 776 2092 823 scens,
2135 774 2232 828 pro
2256 772 2380 827 quo,
2426 755 2689 809 irascente
2714 749 2938 803 Domino
2962 788 2976 810 ,
3022 744 3174 798 multi
3207 742 3481 812 perierunt

1918 868 2080 906 manu
2100 849 2283 905 hostili
2308 863 2372 902 ex
2399 845 2594 915 pepulo
2620 858 2634 894 :
2662 851 2820 910 atque
2842 846 3024 908 postea
3062 836 3151 892 ille
3170 851 3265 907 pro
3307 833 3481 888 furato

1919 944 2257 999 anathemate
2298 941 2365 994 ab
2403 937 2547 993 omni
2578 934 2770 1005 populo
2814 931 3038 999 lapidari
3081 930 3311 1007 meruit,
3361 936 3416 983 et
3451 943 3482 982 a

1917 1034 2143 1089 Domino
2168 1039 2368 1086 aeterna
2392 1034 2563 1082 morte
2587 1022 2846 1079 damnari.
2878 1022 2989 1076 Hoc
3025 1019 3361 1091 significavit,
3391 1017 3481 1087 qui

1916 1125 1970 1179 in
2007 1120 2246 1176 Ecclesia
2272 1116 2645 1173 hmreticorum
2674 1109 2934 1167 inferrent
2958 1111 3167 1179 dogma,
3193 1108 3278 1161 vel
3300 1122 3483 1175 super-

1916 1212 2123 1268 stitiosa
2149 1206 2484 1264 saecularium
2511 1203 2811 1257 litterarum
2838 1200 3032 1255 studia.
3069 1197 3194 1252 Haec
3221 1205 3304 1251 est
3336 1196 3480 1250 enim

1914 1302 2093 1371 lingua
2119 1314 2279 1353 aurea
2302 1295 2501 1368 (Iosue,
2525 1309 2619 1355 vn,
2643 1291 2732 1359 21)
2763 1291 2814 1344 in
2834 1289 3100 1348 luculento
3122 1301 3369 1342 sermone
3390 1301 3483 1355 ap-

1915 1397 2043 1443 tata.
2078 1387 2232 1442 Hanc
2257 1382 2488 1438 fraudati
2519 1386 2643 1434 sunt
2668 1376 2849 1439 Arius,
2892 1375 3174 1439 Sabellius,
3201 1374 3477 1435 Bonosius,

1914 1481 2144 1543 Marcio,
2174 1475 2434 1532 Basilides
2455 1514 2470 1538 ,
2512 1469 2801 1539 Elipandus
2831 1466 3100 1521 Toletanae
3133 1465 3275 1519 sedis
3305 1463 3481 1517 archi-

1913 1571 2211 1641 episcopus.
2248 1563 2430 1619 Furati
2452 1569 2577 1617 sunt
2599 1559 2741 1613 enim
2768 1557 2857 1612 isti
2878 1556 3089 1626 regulas
3110 1564 3301 1609 aureas
3321 1556 3386 1610 de
3398 1551 3484 1609 Je-

1913 1660 2085 1721 ricbo,
2114 1657 2167 1711 id
2194 1664 2274 1710 est
2296 1654 2360 1709 de
2382 1649 2564 1707 schola
2587 1647 2847 1710 sreculari,
2880 1652 2935 1700 et
2950 1644 3379 1714 philosophorum
3399 1658 3482 1698 se-

1916 1757 2058 1803 ctam
2085 1760 2192 1800 non
2223 1752 2422 1798 rectam
2444 1737 2740 1794 Ecclesiam
2762 1735 2938 1790 conati
2973 1741 3098 1788 sunt
3124 1733 3478 1798 introducere,

1916 1846 1970 1893 et
2004 1834 2271 1890 maculare
2298 1844 2510 1886 omnem
2545 1826 2839 1882 Ecclesiam
2862 1823 3074 1878 Domini
3099 1822 3170 1876 ita
3198 1829 3256 1875 ut
3277 1822 3483 1890 disper-

1916 1929 2171 1983 derentur
2199 1922 2350 1977 multi
2375 1934 2473 1988 per
2501 1933 2615 1973 eos.
2648 1915 2876 1985 Ideoque
2895 1912 3088 1980 abiecti
3118 1913 3477 1976 anathemate,

1915 2018 2067 2089 quasi
2093 2029 2285 2070 acervo
2317 2010 2553 2080 lapidum
2577 2049 2590 2074 ,
2628 2008 2683 2061 id
2720 2016 2821 2071 est,
2864 2005 3204 2059 multitudine
3234 2011 3482 2071 peccato-

1914 2088 2034 2163 rum
2082 2088 2322 2175 oppressi
2365 2109 2527 2169 atque
2576 2098 2826 2153 exstincti
2875 2104 3030 2160 sunt,
3087 2095 3227 2150 sicut
3277 2094 3480 2149 Acham

1915 2217 2104 2258 acervo
2138 2199 2372 2268 lapidum
2413 2206 2698 2262 oppressus
2736 2191 2803 2244 ab
2834 2187 2995 2243 Israel
3040 2187 3336 2241 exstinctus
3378 2194 3482 2240 est.

1915 2290 2078 2359 Cujus
2097 2300 2281 2342 errore
2303 2290 2593 2354 perempto,
2613 2294 2704 2332 rex
2720 2277 2855 2347 Hay,
2883 2277 2985 2331 hoc
2996 2282 3079 2330 est
3102 2275 3361 2339 diabolus,
3388 2274 3479 2343 qui

1912 2396 2008 2452 per
2038 2380 2248 2434 illorum
2280 2375 2608 2444 impietatem
2645 2369 2879 2424 fidelium
2898 2368 3157 2437 quosdam
3189 2365 3477 2433 abiecerat,

1914 2471 2107 2526 iterum
2131 2475 2411 2536 superatus
2440 2461 2756 2522 devincitur,
2784 2465 2942 2526 atque
2972 2472 3001 2510 a
3025 2455 3220 2525 popqu
3246 2455 3340 2510 Dei
3368 2470 3482 2510 sus-

1913 2574 2109 2632 pensus
2138 2556 2263 2627 ligni
2293 2554 2467 2609 crucis
2492 2552 2687 2604 virtute
2709 2547 2991 2603 occiditur.

1982 2652 2091 2708 LV.
2117 2650 2359 2704 Primum
2391 2644 2621 2701 diximus
2646 2641 2893 2715 demum
2928 2637 3117 2703 mixto,
3157 2636 3210 2691 id
3241 2642 3341 2697 est,
3372 2635 3481 2688 haec

1914 2742 2204 2797 reticorum
2238 2738 2407 2792 mixta
2443 2733 2684 2789 doctrina
2708 2772 2722 2797 ,
2761 2737 2815 2785 et
2839 2744 2973 2799 puro
3010 2743 3141 2781 auro
3181 2728 3245 2781 de
3265 2725 3479 2779 Jericho

1914 2831 2107 2896 furato,
2135 2831 2236 2885 hoc
2261 2835 2364 2892 est,
2391 2824 2672 2880 hmreticos
2693 2812 2760 2875 de
2785 2818 2966 2875 mundi
2993 2815 3326 2886 philosophia
3350 2828 3478 2868 eru-

1914 2925 2054 2979 ditos
2100 2922 2154 2975 in
2198 2916 2499 2974 sacerdotio
2526 2914 2742 2968 electos.
2792 2909 2945 2964 Nunc
2993 2907 3226 2963 secundo
3253 2905 3481 2960 sollicite

1913 3028 2012 3067 nos
2052 3010 2372 3079 investigare
2414 3003 2716 3067 conveniat,
2760 3016 2828 3055 ne
2853 3014 2984 3054 auro
3007 2998 3293 3068 purissimo
3331 2995 3479 3050 Scri-

1839 3069 1883 3129 ς
1911 3111 2189 3172 pturarum
2225 3069 2391 3167 pyrava
2429 3096 2652 3150 intentio
2672 3100 2893 3161 coapata
2927 3089 3125 3143 metalli
3150 3089 3481 3159 pretiositate

1910 3206 2007 3245 nos
2044 3189 2209 3244 fallat.
2255 3187 2313 3240 In
2348 3200 2452 3254 quo
2486 3185 2648 3239 etiam
2688 3180 2911 3237 Domino
2953 3177 3216 3231 Salvatori
3260 3177 3482 3231 astutis-

1910 3283 2079 3338 simus
2109 3277 2370 3340 diabolus,
2413 3275 2558 3329 velut
2585 3272 2788 3327 homini
2813 3284 2948 3338 puro
2970 3276 3025 3321 et
3048 3266 3273 3335 simplici
3303 3271 3476 3319 tenta-

1908 3378 1986 3430 vit
2018 3375 2311 3444 imponere,
2356 3370 2629 3425 :estimans
2656 3380 2777 3419 eum
2812 3376 2979 3417 unum
3006 3374 3125 3414 esse
3166 3360 3230 3413 de
3269 3357 3479 3411 cmteris

1910 3468 2129 3523 sanctis.
2170 3464 2237 3517 Et
2262 3462 2350 3515 illa
2375 3474 2494 3529 quae
2529 3454 2854 3527 generaliter
2899 3457 3024 3505 sunt
3051 3463 3212 3517 super
3237 3447 3476 3501 omnium

1903 3555 2169 3624 iustorum
2196 3547 2536 3616 intelligenda
2562 3542 2833 3614 personis,
2876 3539 3132 3593 malevola
3160 3539 3477 3604 interpreta-

1913 3646 2057 3699 tione
2084 3651 2432 3706 corrumpens
2448 3677 2462 3700 ,
2511 3630 2813 3704 specialiter
2838 3628 3062 3684 Domino
3089 3625 3212 3680 Jesu
3238 3623 3472 3690 Christo,

1911 3732 2002 3802 qui
2028 3729 2336 3799 angelorum
2365 3723 2604 3779 custodia
2630 3736 2734 3775 non
2767 3721 2973 3790 egebat,
3020 3726 3245 3771 conatur
3270 3722 3472 3783 aptare,

1911 3825 2095 3879 dicens
2123 3838 2134 3873 :
2171 3817 2431 3884 Quoniam
2464 3812 2660 3884 angelis
2701 3813 2810 3865 suis
2841 3808 3103 3864 mandavit
3147 3806 3211 3859 de
3243 3814 3306 3867 te,
3340 3813 3395 3857 ut
3422 3804 3477 3857 in

1910 3913 2149 3968 manibus
2177 3908 2358 3964 tollant
2401 3915 2468 3970 te,
2508 3921 2571 3958 ne
2602 3903 2735 3973 forte
2763 3899 2997 3970 offendas
3037 3897 3106 3950 ad
3134 3895 3356 3966 lapidem
3390 3909 3479 3964 pe.

1909 4005 2026 4058 dem
2077 4011 2244 4054 tuum.
2293 3997 2534 4051 Pretiosa
2577 3993 2781 4048 scilicet
2826 3988 3038 4058 eloquia
3073 3987 3481 4055 Scripturarum

1910 4092 2102 4149 callida
2138 4087 2500 4155 assumptione
2533 4090 2867 4141 convertens,
2901 4086 2956 4132 et
2986 4077 3256 4137 Christum
3283 4074 3477 4128 Filium

1908 4200 2074 4239 unum
2109 4198 2176 4238 ex
2213 4181 2422 4236 caeteris
2449 4176 2753 4232 hominibus
2793 4172 3081 4233 existimat,
3121 4184 3279 4238 quem
3305 4168 3478 4221 homi-

1909 4292 2032 4333 nem
2055 4275 2239 4328 videt:
2282 4279 2335 4326 et
2364 4285 2427 4324 ea
2460 4284 2580 4338 qua:
2604 4281 2701 4335 pro
2735 4264 2934 4320 sanctis
2975 4260 3313 4330 intelligenda
3353 4265 3478 4312 sunt

1911 4364 1979 4418 ad
2022 4358 2349 4416 contrarium
2397 4369 2613 4409 sensum
2658 4352 2982 4418 noxiumque
3015 4348 3370 4414 detorquens,
3417 4350 3479 4397 ut

1912 4454 2194 4524 imaginem
2236 4447 2496 4519 tyrannici
2526 4445 2705 4498 vultus
2755 4444 2853 4497 sub
2878 4441 3057 4496 colore
3098 4439 3214 4492 auri
3245 4435 3478 4491 fallentis

1913 4544 2066 4599 nobis
2122 4539 2357 4608 objiciat.
2429 4534 2615 4588 Nullus
2672 4546 2800 4602 ergo
2853 4529 3068 4585 Christo
3114 4532 3473 4595 comparetur,

1911 4631 2156 4702 quamvis
2184 4627 2465 4683 sanctitate
2488 4621 2828 4692 prtefulgeat,
2872 4635 2994 4675 cum
3019 4618 3169 4672 audit
3195 4611 3336 4685 quod
3375 4615 3473 4668 Fi-

1911 4724 2012 4779 lius
2053 4722 2274 4776 hominis
2320 4718 2559 4773 dicitur:
2609 4729 2709 4768 ncc
2756 4713 2848 4766 illo
2895 4725 3053 4766 sensu
3106 4708 3300 4765 diaboli
3352 4722 3476 4762 eum

1911 4830 2076 4869 unum
2114 4814 2178 4869 de
2210 4811 2333 4866 filiis
2376 4809 2654 4863 hominum
2690 4805 2952 4866 aestimet,
2999 4801 3065 4855 de
3111 4801 3307 4869 quibus
3343 4798 3477 4852 scri-

1912 4915 2060 4975 ptum
2087 4911 2203 4957 est:
2240 4899 2367 4953 Filii
2399 4897 2663 4951 hominum
2692 4895 2744 4947 in
2774 4891 3088 4963 protectione
3121 4886 3324 4941 alarum
3360 4894 3478 4938 tua-

247 5002 328 5057 ris
348 5002 656 5056 viderentur
674 5016 792 5056 esse
814 5000 1074 5070 magistri,
1093 4996 1447 5053 sacerdotium
1464 5003 1588 5050 sunt
1616 4996 1810 5065 adepti.
1912 5014 2029 5051 rum
2056 4993 2352 5065 sperabunt.

247 5090 351 5156 Qui
379 5091 434 5143 in
470 5090 642 5158 prima
670 5088 845 5143 fronte
866 5065 1071 5142 ordinis
1096 5084 1451 5140 humilitatem
1476 5090 1530 5136 et
1556 5084 1813 5138 sanctita-
1985 5086 2116 5141 LVI.
2167 5083 2273 5137 Sed
2319 5079 2469 5134 multi
2506 5074 2744 5132 haeretici
2791 5074 2843 5126 in
2883 5068 3119 5126 Ecclesia
3166 5065 3481 5136 prodierunt

246 5187 359 5234 tem
388 5156 716 5243 simulantes,
753 5180 859 5248 piis
897 5179 1215 5247 quibusdam
1253 5176 1353 5230 hac
1394 5175 1582 5245 religio
1622 5175 1818 5230 mentis
1916 5178 2006 5247 qui
2035 5174 2370 5229 mediatorem
2397 5169 2490 5222 Dei
2515 5176 2561 5221 et
2588 5165 2889 5228 hominum,
2928 5160 3185 5215 hominem
3219 5156 3480 5211 Christum

246 5281 485 5323 consone
528 5244 813 5323 suadentes
859 5244 931 5331 ει,-
971 5266 1117 5321 velut
1161 5266 1277 5319 auri
1323 5263 1512 5334 fulguri
1560 5262 1814 5327 fallentia,
1915 5244 2095 5321 jesum
2121 5304 2135 5329 ,
2181 5275 2375 5331 purum
2414 5258 2681 5312 hominem
2717 5261 2956 5309 creatum
2997 5250 3253 5308 dicerent,
3294 5244 3390 5300 sed
3415 5257 3481 5297 ex

248 5378 386 5434 quos
418 5360 583 5416 semel
608 5360 663 5415 in
704 5358 985 5428 superficie
1007 5357 1359 5412 simulationis
1383 5333 1687 5419 illexerunt,
1729 5369 1819 5408 ve—
1918 5357 2090 5428 gratia
2132 5351 2465 5412 deificatum,
2508 5354 2822 5411 tantumque
2859 5342 2907 5395 ei
2935 5337 3235 5394 sanctitatis
3284 5333 3484 5434 tribue-

251 5419 333 5509 lht
370 5419 786 5507 numismatibus
824 5448 982 5502 mreis
1020 5445 1172 5502 falsis
1209 5454 1264 5499 et
1294 5445 1640 5499 mendacibus
1671 5442 1822 5497 dece-
1919 5419 2049 5509 rint,
2092 5450 2350 5513 quantum
2387 5438 2453 5493 de
2488 5435 2689 5491 sanctis
2734 5431 2966 5494 caeteris,
2997 5426 3113 5497 ejus
3137 5424 3385 5480 videlicet
3407 5419 3487 5513 fa-
3588 5468 3603 5477 ,

251 5554 388 5613 ptos.
439 5543 609 5596 nudos
653 5556 718 5596 ac
754 5540 981 5593 miseros
1024 5537 1075 5590 in
1109 5544 1418 5605 perpetuum
1455 5535 1818 5599 reddiderunt,
1921 5512 2497 5603 mulispaguovissent.
2529 5526 2679 5594 Quod
2706 5525 2896 5580 beatus
2925 5520 3025 5576 Job
3051 5514 3347 5589 prophetia:
3373 5512 3486 5582 spi-

325 5650 350 5677 ι
381 5635 561 5701 Forte,
590 5633 925 5689 hortamentis
963 5646 1189 5685 consona
1215 5629 1507 5683 suadentes.
