3992 6176
503 317 606 373 9‘27

1329 318 1734 385 ELIPANDUS,
1775 321 1999 387 FELIX,
2042 320 2387 407 IIETERIUS
2426 326 2513 380 ET
2553 325 2610 381 S.
2651 326 2941 386 BEATUS.

3651 339 3758 396 9‘28

505 435 608 486 ritu
646 432 853 486 alllatus
886 431 1162 486 sententia:
1196 447 1306 486 sua:
1327 432 1636 489 deﬁnitione
1665 436 1956 505 redarguit,
1989 437 2070 490 di-
2096 437 2148 496 Α
2172 434 2367 503 quippe
2395 437 2445 490 ei
2490 439 2556 492 ab
2584 437 2857 495 Elisabeth
2903 441 3106 497 dicitur
3133 458 3148 497 :
3193 443 3343 501 Unde
3371 447 3468 502 hoc
3499 451 3648 514 mihi,
3700 463 3761 507 ut

501 539 672 578 cens:
725 521 847 576 Non
889 523 1251 592 adwquabitur
1291 525 1339 576 ei
1377 525 1642 592 topadium
1687 527 1751 579 de
1798 526 2070 596 Aithiopia

502 614 621 685 (Job
685 631 876 678 xxvm,
918 616 1026 686 l9).
1079 615 1215 682 Quid
1253 615 1576 686 Ethiopia?
1608 620 1709 674 nisi
1749 629 2070 688 prtesentem

500 705 754 759 mundum
781 706 1125 774 accipiemus,
1158 722 1276 776 quae
1307 707 1503 762 coloris
1532 709 1806 778 nigredine
1832 711 2075 779 designat

499 805 832 864 peccatorem
883 799 1131 866 populum
1179 797 1420 852 fmditate
1468 800 1802 854 meritorum.
1855 801 1929 855 De
1967 817 2074 870 quo

500 885 767 956 Propheta
796 888 925 942 dicit
953 906 964 940 :
1016 889 1289 958 {Ethiopia
1315 892 1585 960 prteveniet
1615 892 1742 946 dare
1765 910 1950 947 manus
1977 893 2074 947 Dei

501 974 672 1045 (Psal.
703 992 884 1038 wau,
919 976 994 1044 5).
1027 977 1085 1031 Id
1102 986 1199 1040 est,
1234 980 1545 1047 priusquam
1570 978 1752 1035 Iudaea
1771 985 1954 1038 credat
1976 985 2074 1038 sal-

499 1067 729 1120 vandam
773 1082 847 1126 se,
889 1065 1076 1122 oﬂ'eret
1114 1070 1462 1138 omnipotenti
1502 1071 1727 1125 Domino
1760 1089 1816 1127 se
1842 1078 2076 1144 peccatis

499 1155 650 1224 nigra
679 1156 966 1224 gentilitas.
1025 1157 1313 1226 Topadium
1359 1175 1486 1214 vero
1515 1164 1781 1228 pretiosus
1810 1164 1944 1233 lapis
1970 1175 2072 1220 est.

501 1251 592 1319 (Et
619 1251 744 1319 quia
770 1251 958 1307 Graeca
999 1253 1199 1322 lingua,
1249 1272 1374 1323 pan,
1417 1271 1575 1310 omne
1619 1258 1832 1324 dicitur,
1872 1277 1969 1328 pro
2011 1277 2076 1317 eo

499 1340 641 1406 quod
667 1347 750 1394 est
789 1341 932 1394 omni
967 1341 1083 1396 loco
1128 1344 1449 1411 resplendet,
1488 1346 1774 1415 topadium,
1818 1352 1971 1418 quasi
2005 1361 2079 1405 to-

497 1430 708 1497 pazium
733 1429 1001 1501 vocatur.)
1044 1431 1180 1486 Dum
1209 1448 1336 1486 vero
1361 1434 1413 1487 in
1437 1435 1602 1489 Deum
1626 1453 1882 1493 conversa
1913 1445 2079 1510 genti-

499 1517 626 1572 litas
648 1521 876 1574 credidit
897 1537 962 1575 ex
985 1537 1068 1584 ea,
1102 1524 1175 1577 ita
1211 1525 1361 1578 multi
1389 1537 1515 1580 sunt
1549 1528 1690 1583 dono
1731 1529 1962 1599 Spiritus
2001 1533 2078 1588 lo-

500 1609 773 1677 cupletati,
809 1620 870 1665 ut
890 1614 1015 1681 quia
1055 1614 1196 1668 sicut
1222 1616 1403 1670 multis
1441 1619 1742 1685 coloribus,
1792 1625 1870 1678 sic
1895 1627 2078 1682 multis

498 1698 792 1755 virtutibus
829 1700 1058 1755 luceant.
1112 1702 1216 1758 Sed
1247 1720 1350 1760 non
1387 1709 1620 1776 acceptis
1658 1713 1941 1781 quisquam
1968 1717 2076 1770 vir-

2175 525 2343 577 veniat
2371 535 2536 579 mater
2558 525 2770 582 Domini
2807 531 2907 583 mei
2935 532 3004 584 ad
3033 534 3159 587 me?
3207 531 3273 589 Et
3318 536 3431 605 ipsa
3457 537 3611 609 virgo
3633 557 3760 596 con-

2173 612 2375 679 cipiens
2401 615 2530 668 dicit
2559 633 2576 669 :
2609 616 2746 670 Ecce
2770 619 2965 673 ancilla
2995 620 3210 677 Domini
3240 639 3258 676 :
3285 625 3383 693 ﬁat
3411 629 3538 680 mihi
3568 646 3758 684 secun-

2173 699 2296 750 dum
2323 701 2528 755 verbum
2560 713 2729 757 tuum.
2775 706 2840 760 Et
2873 711 3118 777 quamvis
3145 711 3259 780 ipse
3289 713 3435 768 aliud
3479 732 3547 769 ex
3575 717 3758 785 Patre,

2174 789 2316 844 aliud
2354 807 2421 845 ex
2471 793 2731 864 Virgine;
2783 812 2887 851 non
2938 804 3117 854 tamen
3157 802 3293 857 alius
3337 818 3403 858 ex
3453 806 3615 862 Patre
3652 821 3757 874 est,

2176 877 2311 932 alius
2345 895 2410 934 ex
2445 882 2701 950 Virgine:
2753 886 2847 938 sed
2891 886 3007 956 ipse
3052 896 3135 942 est
3182 898 3418 946 aeternus
3461 909 3525 948 cx
3575 895 3758 963 Patre,

2175 957 2287 1038 ipse
2335 975 2640 1042 temporalis
2669 989 2732 1029 ex
2778 987 2968 1031 matre.
3017 979 3132 1047 Ipse
3172 983 3264 1050 qni
3303 983 3468 1048 fecit,
3514 987 3630 1055 ipse
3668 993 3758 1058 qui

2175 1059 2346 1115 lactus
2371 1069 2471 1116 est.
2524 1064 2638 1131 Ipse
2664 1067 2924 1134 speciosus
2968 1068 3142 1136 forma
3178 1086 3288 1139 prce
3323 1072 3453 1140 ﬁliis
3487 1076 3758 1132 hominum

2174 1161 2271 1218 per
2296 1150 2626 1205 divinitatem
2655 1170 2668 1216 ;
2699 1161 2752 1206 et
2781 1155 2893 1224 ipse
2921 1165 3004 1209 est
3035 1157 3099 1210 de
3125 1173 3233 1225 quo
3265 1160 3468 1214 dictum
3504 1173 3624 1217 est:
3677 1165 3764 1220 Vi-

2175 1239 2346 1294 dimus
2376 1259 2524 1307 eum,
2567 1251 2614 1296 ct
2651 1261 2753 1296 non
2779 1254 2890 1298 erat
2927 1257 3161 1315 aspectus
3196 1263 3216 1302 :
3252 1260 3299 1302 et
3327 1269 3429 1305 non
3456 1264 3530 1307 est
3567 1259 3764 1325 species

2176 1328 2242 1391 ei,
2282 1346 2373 1383 nec
2417 1330 2589 1384 decor.
2635 1331 2738 1386 Per
2769 1334 3104 1390 divinitatem
3149 1339 3263 1407 ipse
3302 1351 3426 1395 ante
3456 1347 3653 1400 saecula
3695 1351 3759 1404 de

2177 1417 2336 1474 Patre
2367 1422 2480 1475 sine
2510 1430 2700 1487 matre,
2748 1425 2860 1492 ipse
2894 1425 2946 1479 in
2994 1427 3098 1480 line
3138 1431 3462 1485 sa-culorum
3492 1436 3557 1488 de
3585 1447 3764 1493 matre

2177 1509 2291 1564 sine
2318 1510 2514 1566 Patre:
2558 1514 2670 1581 ipse
2705 1515 3000 1572 conditoris
3047 1519 3321 1587 templum,
3367 1523 3481 1590 ipse
3509 1529 3765 1584 conditor

2177 1600 2381 1669 templi.
2419 1601 2534 1670 Ipse
2561 1611 2747 1657 auctor
2769 1607 2968 1673 operis,
2998 1608 3111 1675 ipse
3137 1623 3273 1677 opus
3304 1615 3538 1668 auctoris
3567 1632 3582 1679 ;
3639 1634 3759 1671 ma—

2177 1706 2310 1745 nens
2335 1708 2472 1746 unus
2507 1707 2574 1746 ex
2607 1703 2836 1764 utraque
2858 1706 2912 1752 et
2938 1699 2989 1751 in
3020 1710 3247 1770 utraque
3273 1715 3479 1758 natura.
3521 1704 3630 1762 Nec
3660 1727 3764 1767 na-

500 1791 705 1844 tutibus
730 1791 1036 1856 extollatur,
1071 1809 1100 1846 a
1141 1805 1327 1851 sancto
1366 1799 1483 1852 viro
1508 1815 1649 1854 nunc
1680 1778 1914 1858 dicitur:
1952 1806 2074 1862 Non
2108 1778 2149 1835 Β
2179 1789 2419 1835 marum
2464 1783 2800 1851 ⁰⁰Ρ¹¹Ῑ³ίί⁰¹¹θ
2833 1785 3128 1854 confusu“
3173 1805 3273 1846 nec
3317 1802 3632 1851 naturarum
3675 1800 3762 1854 di‘

501 1886 864 1956 adxequabitur
889 1891 937 1942 ei
981 1890 1250 1960 topadium
1292 1894 1357 1948 de
1380 1894 1672 1966 Ethiopia.
1709 1898 1788 1953 Ac
1816 1901 1860 1954 si
1897 1912 2080 1971 aperte

500 1975 811 2037 diceretur:
858 1979 1046 2035 Nullus
1075 1993 1406 2047 sanctorum,
1441 1987 1765 2055 quibuslibet
1795 1991 2080 2050 virtutibus

498 2065 708 2134 plenus,
745 2076 922 2123 tamen
953 2071 1020 2126 de
1045 2072 1320 2142 nigredine
1355 2079 1538 2132 mundi
1569 2080 1844 2146 collectus,
1875 2087 2080 2153 aequari

497 2164 678 2222 potest
702 2157 750 2210 ei
775 2159 840 2212 de
865 2174 970 2228 quo
1000 2161 1200 2216 dictum
1229 2174 1330 2219 est.
1368 2165 1501 2232 Quia
1524 2169 1637 2238 ipsa
1667 2180 1870 2226 natura:
1895 2189 2082 2229 corru-

498 2245 702 2314 ptibilis
743 2251 1050 2307 conditione
1090 2256 1528 2326 constringimur,
1564 2270 1622 2313 ut
1658 2278 1780 2317 cum
1811 2263 2080 2334 Propheta

498 2333 742 2389 dicamus
772 2353 785 2389 :
834 2337 969 2392 Ecce
991 2341 1126 2394 enim
1156 2343 1212 2394 in
1249 2344 1607 2414 iniquitatibus
1635 2333 2076 2421 conceptusrsum,

496 2432 545 2476 et
569 2424 626 2478 in
650 2425 850 2480 delictis
885 2432 1082 2498 peperit
1115 2448 1196 2486 me
1234 2443 1401 2487 mater
1428 2453 1561 2490 mea.
1604 2438 1695 2494 Ille
1721 2451 1898 2496 autem
1933 2445 2079 2500 solus

495 2516 760 2570 veraciter
783 2529 999 2574 sanctus
1027 2530 1130 2588 est,
1164 2525 1253 2593 qui
1294 2533 1350 2579 ut
1391 2527 1558 2595 ipsam
1597 2531 1957 2588 conditionem
1987 2552 2081 2589 na-

496 2610 632 2659 tura:
665 2611 1028 2678 corruptibilis
1051 2614 1311 2680 vinceret,
1348 2632 1415 2671 ex
1441 2622 1821 2678 commixtione
1849 2627 2080 2681 carnalis

498 2694 700 2761 copulae
735 2708 1025 2767 conceptus
1061 2718 1165 2757 non
1206 2698 1308 2759 es't.
1360 2706 1495 2762 Huic
1519 2724 1576 2763 se
1605 2713 1878 2782 sapientia:
1925 2713 2075 2785 quasi

497 2784 763 2851 quoddam
805 2791 1054 2857 topadion
1087 2794 1153 2847 de
1180 2794 1457 2866 Ethiopia
1486 2804 1688 2869 mquari
1721 2806 1905 2870 voluit,
1945 2784 2079 2863 cum

499 2876 716 2942 quidam
747 2878 1101 2936 bteresiarcha
1132 2885 1301 2939 dixit:
1335 2899 1359 2926 ⁸
1395 2906 1413 2938 ‹
1450 2889 1663 2946 Christo
1689 2894 1798 2950 Deo
1819 2897 1997 2964 facto;
2033 2901 2078 2954 si

497 2968 638 3033 volo,
665 2979 719 3022 ct
744 2971 857 3040 ipse
882 2987 1099 3040 possum
1127 2975 1262 3030 ﬁeri.
1307 2998 1324 3029 ι
1361 2979 1424 3032 Ει
1463 2981 1548 3035 ille
1583 2998 1640 3037 se
1661 2989 1862 3055 mquari
1890 2989 2078 3056 voluit,

495 3061 588 3128 qui
617 3061 780 3117 simili
819 3078 978 3118 sensu
1009 3066 1075 3119 de
1104 3081 1168 3120 eo
1209 3069 1389 3124 dixit:
1439 3092 1456 3123 ι
1495 3074 1561 3128 Ει
1602 3077 1689 3132 ille
1715 3079 1980 3148 Christus,
2022 3094 2076 3138 et
2101 3112 2148 3175 ο

495 3165 596 3206 nos
624 3154 833 3208 christi.
866 3155 933 3208 Et
967 3156 1055 3212 ille
1081 3158 1378 3228 adoptivus,
1411 3171 1464 3216 ct
1497 3181 1592 3219 nos
1617 3169 1870 3238 adoptivi.
1902 3173 1966 3226 Et
1989 3175 2076 3230 ille

495 3241 767 3308 parvulus,
785 3251 948 3299 etnos
971 3247 1197 3314 parvuli.
1224 3249 1292 3302 Et
1317 3251 1403 3304 ille
1429 3268 1633 3322 servus,
1659 3266 1714 3311 et
1737 3276 1836 3314 nos
1863 3265 2023 3316 servi.
2049 3285 2067 3316 ι

497 3329 598 3395 Qui
637 3329 821 3387 Iesum
858 3335 1140 3390 Dominum
1186 3348 1447 3407 nostrum,
1489 3360 1596 3398 non
1631 3362 1728 3416 per
1760 3352 2075 3419 mysterium

496 3426 880 3492 conceptionis,
928 3429 1020 3482 sed
1062 3443 1158 3498 per
1187 3433 1483 3500 profectum
1511 3439 1697 3504 gratias
1726 3440 1893 3494 Deum
1919 3451 2074 3512 puta-

495 3514 606 3578 vit;
638 3529 890 3582 perversa
917 3519 1222 3590 alligatione
1263 3533 1509 3581 astruens
1533 3543 1655 3582 cum
1684 3546 1876 3598 purum
1901 3533 2076 3588 homi-

498 3617 623 3657 nem
667 3614 868 3671 natum,
916 3611 1010 3663 sed
1049 3619 1107 3664 ut
1131 3613 1272 3668 Deus
1297 3624 1440 3670 esset
1478 3633 1575 3686 per
1616 3622 1862 3676 meritum
1896 3625 2074 3692 profe-

493 3695 653 3760 cisse,
684 3705 843 3764 atque
868 3700 934 3752 ab
961 3701 1060 3756 hoc
1082 3703 1396 3759 existimans
1422 3717 1476 3759 et
1500 3723 1556 3762 se
1586 3717 1638 3761 ct
1661 3712 1926 3778 quoslibet
1951 3715 2072 3770 illos

496 3788 547 3841 ei
573 3803 729 3855 posse
756 3794 1022 3858 coaequari
1047 3793 1139 3860 qui
1166 3794 1258 3848 lilii
1275 3796 1368 3850 Dei
1393 3812 1490 3865 per
1511 3800 1738 3867 gratiam
1767 3802 1894 3857 ﬁant
1920 3821 1935 3869 ;
1965 3821 2071 3859 non

495 3883 673 3936 adhuc
703 3883 1022 3953 intelligens,
1059 3902 1164 3940 non
1189 3889 1488 3954 attendens,
1519 3893 1661 3958 quod
1697 3909 1801 3947 non
1825 3896 2071 3966 adwqua-

497 3970 638 4024 bitur
669 3972 715 4023 ei
743 3973 1011 4040 topadium
1037 3975 1100 4027 de
1127 3975 1418 4045 zEthiopia.
1456 3978 1613 4032 Aliud
1639 3991 1721 4035 est
1750 3984 1891 4036 enim
1917 3995 2071 4041 natos

497 4061 742 4116 homines
761 4077 857 4130 per
879 4064 1107 4132 gratiam
1132 4066 1434 4134 adoptionis
1455 4071 1716 4139 accipere,
1747 4074 1888 4130 aliud
1910 4093 2070 4133 unam

497 4152 837 4221 singulariter
877 4169 973 4222 per
1000 4155 1294 4211 divinitatis
1327 4161 1620 4227 potentiam
1651 4163 1818 4218 Deum
1858 4182 1924 4221 ex
1954 4168 2070 4237 ipso

495 4251 810 4312 conceptum
839 4247 1183 4315 processisse.
1233 4247 1415 4317 Neque
1454 4254 1654 4318 aequari
1693 4261 1866 4322 potest
1899 4257 2068 4329 gloria

496 4334 764 4405 Unigeuiti
793 4337 974 4390 habita
998 4352 1095 4405 per
1123 4346 1388 4405 naturam,
1435 4343 1553 4397 aliis
1578 4355 1794 4414 accepta
1819 4363 1916 4415 per
1941 4366 2066 4420 gra-

2181 1871 2468 1926 stinctione
2494 1874 2811 1943 geminatus.
3296 1889 3332 1921 ο

2247 1962 2400 2017 LVII.
2429 1964 2534 2019 Sed
2568 1966 2692 2034 quia
2721 1983 2823 2021 non
2853 1969 2967 2024 haec
2993 1973 3265 2026 tractanda
3293 1977 3651 2044 suscepimus,
3681 1981 3748 2034 ad

2181 2067 2242 2106 ea
2267 2067 2386 2120 quae
2413 2069 2570 2123 supra
2599 2057 2848 2123 diximus,
2886 2061 3185 2126 exponendi
3205 2063 3394 2117 ordine
3421 2067 3706 2122 redeamus
3733 2087 3747 2121 :

2179 2143 2321 2210 quod
2350 2143 2525 2198 nullus
2551 2145 2600 2198 ei
2639 2147 2935 2211 hominum,
2965 2148 3018 2201 in
3057 2164 3166 2217 quo
3207 2151 3370 2206 homo
3415 2163 3517 2218 est,
3563 2156 3752 2213 similis

2180 2233 2461 2288 habeatur.
2490 2234 2791 2290 Notandum
2830 2237 2984 2292 nobis
3013 2249 3096 2293 est
3136 2243 3274 2308 quod
3303 2251 3524 2298 sanctus
3549 2244 3667 2308 Job,
3694 2257 3751 2300 ut

2180 2321 2334 2390 longe
2361 2323 2562 2378 distare
2583 2341 2612 2378 a
2637 2324 2852 2378 Christo
2876 2326 3093 2395 angelos
3122 2329 3542 2395 demonstraret,
3569 2334 3701 2388 dixit
3733 2355 3748 2388 :

2181 2410 2305 2465 Non
2336 2413 2546 2466 dabitur
2572 2431 2759 2468 aurum
2783 2416 3031 2486 obryzum
3056 2435 3148 2487 pro
3175 2436 3235 2472 ea
3269 2421 3390 2491 (Job
3431 2439 3619 2486 xxvm,
3647 2426 3749 2494 15),

2181 2501 2233 2555 id
2259 2512 2359 2566 est,
2385 2519 2481 2572 pro
2507 2520 2572 2558 ea
2598 2506 2855 2575 sapientia
2887 2523 3006 2576 qua:
3029 2509 3274 2566 Christus
3303 2521 3406 2567 est.
3448 2513 3584 2580 Quia
3616 2526 3673 2570 ut
3699 2524 3751 2570 et

2180 2596 2431 2663 antiquos
2469 2599 2631 2651 etiam
2659 2598 2846 2653 Patres
2872 2601 3012 2655 sacri
3037 2603 3229 2670 eloquii
3258 2611 3580 2662 tractatores
3622 2608 3754 2665 infe»

2180 2688 2350 2741 riores
2386 2687 2584 2743 Christi
2611 2691 2938 2757 ostenderet,
2965 2691 3208 2761 adjunxit
3251 2711 3263 2747 :
3303 2695 3417 2749 Nec
3439 2701 3756 2766 appende‘tur

2178 2791 2448 2851 argentum
2478 2783 2532 2836 in
2563 2786 2964 2839 commutatione
2989 2787 3102 2856 ejus
3140 2788 3362 2860 (lbid.);
3406 2799 3462 2844 et
3498 2801 3556 2845 ut
3583 2795 3754 2862 philo—

2179 2875 2466 2943 sophorum
2518 2881 2732 2944 qucque
2788 2879 3103 2946 sapientiam
3157 2879 3374 2937 Christo
3425 2896 3749 2941 monstraret

2180 2963 2332 3034 longe
2358 2965 2595 3031 subesse,
2627 2967 2806 3020 intulit
2828 2967 3012 3023 dicens
3045 2988 3058 3022 :
3103 2969 3226 3024 Non
3259 2972 3556 3042 conferetur
3581 2977 3752 3029 tinctis

2181 3052 2351 3108 India:
2385 3054 2642 3109 coloribus
2693 3055 2855 3126 (Ibid.
2896 3075 3027 3112 vers.
3073 3058 3180 3130 16).
3230 3061 3406 3132 Atque
3432 3064 3748 3132 sul-junxit:

2179 3144 2290 3198 Nec
2314 3144 2476 3223 lapidi
2506 3146 2829 3215 sardonyche
2857 3150 3250 3217 pretiosissima,
3275 3151 3354 3205 vel
3373 3155 3640 3223 sapphiro.
3685 3157 3751 3212 Et

2175 3242 2234 3288 ut
2260 3222 2423 3288 in'illa
2454 3251 2664 3305 quoque
2693 3253 2922 3306 superna
2957 3240 3176 3296 civitate
3213 3239 3508 3298 Jerusalem
3545 3247 3747 3301 nullum

2173 3327 2454 3395 pervenire
2482 3326 2547 3378 ad
2592 3329 2955 3395 aequalitatem
3005 3329 3281 3400 Unigeniti
3327 3333 3746 3402 demonstraret,

2173 3417 2377 3470 addidit
2437 3430 2451 3468 :
2510 3416 2623 3470 Nec
2673 3418 3036 3488 ada’quabitur
3081 3421 3128 3473 ei
3173 3436 3383 3487 aurum,
3432 3421 3509 3477 vel
3561 3427 3747 3479 vitrum

2175 3503 2338 3576 (Ibid.
2385 3524 2514 3560 vers.
2569 3507 2679 3579 17).
2722 3508 2790 3562 Et
2824 3519 2880 3563 ut
2925 3511 3215 3579 prophetas
3259 3510 3475 3567 Christo
3524 3516 3745 3570 subesse

2173 3597 2510 3663 ostenderet,
2543 3597 2786 3666 adjunxit
2822 3617 2835 3652 :
2881 3599 2992 3653 Nec
3041 3602 3498 3656 commutabunmr
3542 3621 3635 3672 pro
3683 3622 3744 3658 ea

2173 3704 2295 3741 vasa
2327 3689 2464 3752 auri,
2491 3687 2696 3741 excelsa
2715 3688 3000 3741 eminentia
3025 3704 3043 3741 :
3083 3706 3174 3742 nec
3202 3693 3745 3746 commemorabuntur

2172 3779 2556 3846 comparatione
2573 3777 2707 3847 ejus.
2732 3776 2980 3830 Trahitur
2999 3779 3137 3832 enim
3155 3781 3411 3848 sapientia
3437 3781 3500 3834 de
3529 3783 3741 3837 occultis

2173 3863 2334 3935 (Ibid.
2374 3883 2502 3920 vers.
2541 3865 2650 3936 18).

2241 3957 2415 4012 LVIII.
2447 3957 2526 4014 Ad
2553 3966 2852 4013 extremum
2883 3974 3014 4014 vero
3035 3968 3095 4013 ut
3127 3961 3271 4030 ipsos
3306 3976 3520 4031 quoque
3563 3964 3618 4017 in
3644 3963 3742 4017 Ec-

2171 4049 2332 4104 clesia
2360 4052 2640 4106 luereticos
2664 4052 2994 4123 increparet,
3022 4055 3112 4123 qui
3163 4053 3321 4109 ﬁdem
3368 4071 3532 4123 quam
3571 4060 3743 4126 perci-

2169 4140 2323 4209 piunt
2343 4156 2440 4210 per
2465 4142 2767 4211 superbiam
2791 4145 3060 4210 scindunt,
3086 4144 3288 4200 addidit
3313 4163 3324 4197 :
3352 4145 3476 4199 Non
3495 4148 3744 4218 uda-qua-

2172 4231 2311 4284 bitur
2337 4233 2384 4284 ei
2422 4235 2682 4301 topazium
2713 4231 2778 4286 de
2801 4227 3074 4304 {Ethiopia
3099 4235 3259 4306 (Ibid.
3289 4254 3420 4290 vers.
3448 4238 3560 4309 19).
3591 4239 3669 4294 Ac
3697 4239 3740 4292 si

2169 4330 2414 4391 patenter
2440 4323 2691 4388 insinuet,
2723 4323 2908 4378 dicens
2939 4343 2951 4377 :
2982 4324 3046 4378 Ili
3083 4327 3173 4394 qui
3197 4326 3250 4379 in
3285 4329 3524 4396 peccatis
3552 4345 3742 4384 conce-

493 4426 646 4480 tiam.
701 4426 963 4480 Mediator
1007 4430 1202 4499 quippe
1247 4431 1346 4485 Dei
1399 4443 1549 4504 atque
1593 4413 1860 4491 hominum
1914 4413 2066 4495 homo
2095 4413 2263 4507 Dpti’
2297 4413 2438 4507 etin
2470 4413 2707 4507 99°93“
2742 4415 2872 4478 nati’
2917 4415 2982 4469 ad
3039 4417 3446 4507 conversion?!“
3497 4421 3737 4507 vgiiim’

494 4517 732 4571 Christus
750 4517 924 4572 Iesus.
959 4518 1095 4584 Non,
1125 4521 1263 4575 sicut
1288 4521 1396 4585 iste,
1415 4524 1699 4580 haareticus
1725 4527 1941 4596 decipit,
1971 4531 2069 4584 ali-

492 4617 577 4659 ter
599 4607 650 4657 in
684 4607 1036 4672 humanitate,
1076 4609 1231 4663 aliter
1273 4610 1325 4663 in
1363 4611 1562 4666 deitate
1599 4622 1700 4667 est.
1748 4613 1862 4668 Non
1902 4632 2066 4684 purus

492 4696 652 4750 homo
679 4707 968 4764 conceptus
990 4708 1150 4768 atque
1173 4702 1364 4764 editus,
1392 4711 1510 4770 post
1538 4705 1808 4770 meritum,
1844 4715 1902 4760 ut
1925 4709 2066 4762 Deus

490 4794 652 4851 esset,
681 4789 924 4856 accepit:
977 4791 1069 4844 sed
1099 4792 1374 4844 nuntiante
1414 4793 1622 4862 angelo,
1657 4803 1710 4848 et
1748 4797 2064 4853 adveniente

491 4875 712 4945 Spiritu,
765 4893 886 4932 mox
915 4878 1149 4934 Verbum
1187 4880 1242 4932 in
1283 4887 1454 4946 utero,
1502 4898 1620 4936 mox
1672 4886 1810 4937 intra
1846 4895 2058 4940 uterum

490 4967 726 5022 Verbum
756 4984 902 5022 caro.
953 4969 1018 5021 Et
1064 4980 1312 5024 manente
1345 4972 1762 5028 incommutabili
1801 4978 2055 5040 essentia,

489 5069 607 5122 qua:
647 5058 696 5110 ei
737 5065 820 5111 est
844 5073 966 5112 cum
1007 5058 1164 5113 Patre
1204 5067 1257 5113 et
1297 5061 1499 5130 Spiritu
1541 5072 1724 5118 sancto
1767 5075 2056 5131 coaeterna,

489 5148 775 5216 assumpsit
806 5151 947 5203 intra
970 5151 1208 5220 virginea
1235 5152 1468 5216 viscera,
1504 5155 1590 5209 ubi
1633 5163 1686 5208 et
1718 5157 2061 5226 impassibilis

487 5239 614 5305 pati,
667 5246 721 5291 et
772 5239 1088 5294 immortalis
1131 5243 1292 5305 mori,
1346 5251 1400 5296 et
1440 5253 1673 5300 aeternus
1698 5255 1820 5301 ante
1863 5249 2056 5302 sarcula

490 5329 795 5394 temporalis
815 5337 995 5397 posset
1029 5331 1081 5382 in
1111 5331 1214 5385 ﬁne
1250 5333 1564 5387 seculorum
1595 5335 1823 5388 ostendi.
1868 5335 1936 5390 Ut
1963 5351 2059 5404 per

487 5413 753 5471 ineffabile
793 5429 1184 5473 sacramentum
1214 5433 1501 5492 conceptus
1520 5465 1534 5487 ,
1583 5433 1767 5479 sancto
1794 5433 1951 5494 partu
1979 5427 2061 5480 in-

487 5505 746 5568 violabili,
775 5509 1064 5562 :emndum
1092 5511 1369 5567 veritatem
1404 5516 1680 5584 utriusque
1705 5525 1940 5579 naturae,
1969 5532 2058 5572 ea-

488 5592 610 5644 dem
660 5595 808 5661 virgo
848 5605 900 5649 et
944 5600 1135 5653 ancilla
1180 5601 1388 5655 Domini
1431 5614 1572 5658 esset
1616 5614 1670 5660 et
1719 5618 1910 5661 mater.
1967 5606 2056 5661 Sic

2170 4498 2371 4565 atquari
2396 4496 2596 4550 homini
2623 4497 2732 4550 Deo
2757 4513 2864 4550 non
2891 4507 3134 4565 possunt,
3156 4501 3402 4568 quamvis
3433 4502 3619 4556 multis
3652 4517 3741 4556 co-

2169 4589 2343 4642 lorum
2373 4587 2660 4641 virtutibus
2695 4587 3036 4655 resplendere
3062 4588 3365 4642 videantur.
3411 4590 3652 4656 Quorum
3681 4600 3740 4646 ut

2167 4677 2415 4745 superbia
2462 4676 2742 4741 refutetur,
2770 4685 2892 4745 apte
2931 4675 3271 4746 subjungitur
3305 4697 3316 4732 :
3355 4679 3467 4733 Nec
3498 4683 3737 4735 tinctura:

2167 4766 2521 4819 mundissima:
2543 4774 2875 4834 componatur
2896 4764 3104 4836 (Ibid.).
3130 4767 3400 4822 Tinctum:
3420 4769 3563 4823 enim
3587 4785 3738 4823 mun-

2165 4856 2398 4910 dissimze
2431 4864 2692 4909 vocantur
2725 4854 2778 4907 hi
2821 4855 2908 4924 qui
2942 4857 3204 4910 veraciter
3245 4865 3371 4911 sunt
3416 4858 3648 4914 humiles
3682 4868 3734 4914 et

2161 4947 2424 5001 veraciter
2447 4950 2635 5002 sancti.
2663 4945 2761 5012 Qui
2785 4949 3195 5016 sciuntquidcm
3242 4949 3367 5017 quia
3422 4964 3489 5002 ex
3535 4959 3733 5005 semet—-

2161 5041 2292 5108 ipsis
2312 5041 2568 5094 virtutum
2587 5039 2819 5107 speciem
2855 5053 2958 5092 non
2985 5039 3200 5104 habent,
3226 5041 3318 5094 sed
3343 5041 3480 5093 hanc
3504 5057 3573 5095 ex
3594 5041 3730 5095 dono

2159 5132 2346 5200 gratiae
2363 5130 2783 5199 supervenientis
2805 5137 3003 5183 tenent.
3033 5129 3207 5184 Tincti
3229 5131 3370 5184 enim
3398 5146 3504 5184 non
3529 5142 3725 5196 essent,

2161 5222 2204 5276 si
2246 5224 2578 5277 sanctitatem
2606 5221 2920 5274 naturaliter
2958 5222 3291 5277 habuissent.
3344 5222 3450 5277 Sed
3494 5225 3728 5278 mundisp

2161 5315 2310 5368 simae
2335 5314 2579 5366 tincturaa
2606 5320 2748 5378 sunt,
2772 5313 2896 5380 quia
2919 5313 3194 5366 humiliter
3217 5315 3526 5368 custodiunt
3547 5331 3727 5384 snper-

2161 5403 2458 5456 venientem
2486 5403 2539 5454 in
2571 5416 2626 5455 se
2647 5402 2902 5454 virtutum
2936 5403 3161 5471 gratiam
3193 5418 3352 5471 quam
3379 5413 3719 5472 acceperunt.

2159 5494 2294 5547 llinc
2322 5501 2404 5546 cst
2422 5493 2565 5545 enim
2590 5493 2730 5559 quod
2754 5493 2948 5560 Sponsi
2973 5508 3103 5547 voce
3143 5492 3210 5545 de
3259 5501 3442 5546 saneta
3488 5493 3721 5546 Ecclesia

2157 5583 2381 5638 dicitur:
2401 5581 2530 5645 Quae
2561 5593 2632 5635 est
2655 5583 2773 5644 ista,
2787 5599 2900 5652 qute
2915 5583 3144 5636 ascendit
3161 5583 3434 5636 dealbata?
3457 5583 3628 5655 (Cant.
3648 5597 3715 5647 Iv,

559 5692 583 5722 ι
627 5681 720 5732 Est
759 5683 906 5736 Pauli
937 5686 1268 5742 Samosatcni
1307 5695 1568 5746 sententia
1599 5696 1793 5750 aientis
1832 5711 1844 5749 :
1885 5715 1902 5748 ι
1940 5695 2054 5750 Non
2093 5693 2306 5748 invideo
2329 5690 2541 5745 Christo
2565 5690 2672 5744 Deo
2697 5689 2855 5743 facto.
2893 5709 2910 5740 ι
