3992 6176
254 344 368 399 929

940 317 1339 393 HETERIPET
1378 338 1436 392 S.
1479 337 1676 393 BEATI
1713 338 1807 393 AD
1847 337 2240 397 ELIPANDUM
2277 340 2493 396 EPIST.
2534 372 2603 382 -—
2639 342 2767 398 LIB.
2807 344 2847 398 ῐ.

3387 348 3493 405 950

253 452 338 525 6.)
366 448 502 518 Quia
524 446 666 502 enim
693 455 878 503 saneta
908 447 1144 503 Ecclesia
1168 447 1443 502 caelestem
1471 448 1632 501 vitam
1669 455 1823 502 natu-
1848 452 1901 510 Α
1923 456 1980 501 ει
2008 448 2168 504 habet
2195 465 2389 507 nomen
2420 451 2631 509 Petrus.
2663 454 2731 508 Et
2758 454 3007 512 Christus
3032 472 3101 513 ex
3145 460 3319 517 tribus
3369 465 3494 520 sub-

254 544 445 600 raliter
464 556 575 594 non
602 540 785 605 habet,
800 539 891 593 sed
914 538 1324 607 superveniente
1351 538 1552 607 Spiritu
1583 538 1823 606 pulchri-

253 632 444 688 tudine
470 629 732 684 donorum
761 629 1117 696 componitur,
1142 643 1248 681 non
1274 627 1392 681 alba
1410 668 1425 691 ,
1449 628 1545 682 sed
1581 628 1824 683 dealbata

252 729 605 781 memoratur.
630 719 698 772 Et
723 718 1012 773 notandum
1032 718 1174 785 quod
1199 719 1444 787 superius
1492 734 1616 773 cum
1660 719 1827 775 dixis=

250 819 338 869 set
369 829 383 864 :
426 809 546 864 Non
589 807 883 877 conferetur
912 808 1082 861 tinctis
1114 805 1283 860 India:
1304 806 1579 870 coloribus,
1608 809 1824 864 eosdem

252 902 468 958 colores
496 914 602 953 non
639 896 820 951 intulit
870 896 1117 950 mundos.
1166 896 1279 950 lloc
1323 911 1452 951 vero
1497 897 1549 950 in
1602 896 1735 959 loco,
1767 904 1827 950 nt

253 994 547 1048 tincturam
583 988 855 1043 veracium
890 987 1147 1041 virtutum
1182 1002 1459 1044 servorum
1502 987 1593 1041 Dei
1624 988 1695 1041 ab
1735 987 1824 1042 illa

251 1081 631 1138 haereticorum
687 1077 1126 1146 philosophorum
1187 1077 1419 1133 factione
1473 1085 1820 1147 segregaret,

252 1175 514 1229 tincturus
563 1177 619 1224 et
667 1168 1037 1221 mundissimas
1102 1168 1304 1223 dicens.
1365 1167 1632 1222 Tinctum:
1682 1167 1825 1220 enim

252 1271 400 1317 recte
424 1260 775 1315 nominantur
798 1258 1161 1332 mundissima:
1187 1259 1242 1312 hi
1262 1258 1520 1327 quiprius
1542 1273 1637 1327 per
1659 1272 1825 1326 prava

251 1368 419 1422 opera
469 1351 598 1407 findi
641 1349 888 1415 fuerunt;
945 1349 1351 1419 superveniente
1396 1347 1599 1417 Spiritu
1650 1348 1826 1402 nitore

250 1442 442 1514 gratia:
491 1440 834 1503 vestiuntur,
882 1447 941 1493 ut
984 1439 1139 1509 longe
1186 1438 1329 1492 aliud
1372 1445 1666 1507 appareant
1704 1452 1826 1492 esse

252 1545 417 1600 quam
436 1536 607 1583 erant.
638 1527 790 1583 Unde
824 1527 987 1580 etiam
1024 1527 1288 1595 baptisma
1317 1526 1502 1580 tinctio
1524 1526 1738 1590 dicitur,
1771 1526 1826 1581 id

253 1629 359 1684 est,
375 1620 487 1688 ipsa
508 1626 692 1673 nostra
719 1617 771 1672 in
797 1632 990 1687 aquam
1017 1616 1312 1671 descensio.
1332 1616 1611 1686 Tingimur
1630 1616 1826 1685 quippe

253 1718 313 1762 ut
342 1707 433 1777 qui
463 1707 612 1776 prius
638 1705 875 1759 indecori
911 1719 1124 1759 eramus
1167 1702 1506 1758 deformitate
1548 1703 1820 1767 vitiorum,

1926 538 2161 603 stantiis,
2187 540 2396 597 duabus
2430 544 2640 602 naturis
2676 559 2781 598 una
2829 560 3057 614 persona
3102 558 3203 610 est,
3232 560 3286 606 et
3332 553 3495 609 habet

1925 642 2118 683 nomen
2143 628 2407 687 Christus.
2434 631 2674 689 Mortuus
2710 643 2793 691 est
2827 635 3020 693 Petrus
3053 639 3108 693 in
3146 642 3257 697 sola
3310 660 3494 712 carne,

1925 733 2032 773 non
2056 720 2255 777 anima.
2278 720 2467 777 Anima
2489 726 2730 779 ascendit
2756 729 2823 787 ad
2849 728 3063 794 caelum,
3087 745 3282 800 corpus
3314 735 3495 792 Romae

1924 810 2155 877 quiescit
2185 812 2237 866 in
2276 814 2479 869 tumulo
2504 830 2518 869 :
2543 826 2596 870 et
2635 825 2812 872 tamen
2852 818 3044 874 Petrus
3067 824 3296 890 quiescit
3326 828 3379 880 in
3410 836 3497 881 tu-

1924 899 2070 955 mulo
2104 910 2365 968 mortuus,
2394 912 2447 957 et
2486 905 2599 973 ipse
2638 905 2831 961 Petrus
2871 908 2926 961 in
2960 911 3097 965 caelo
3134 928 3254 966 cum
3284 914 3498 971 Christo

1918 998 2008 1045 est
2030 991 2200 1046 vivus.
2231 993 2298 1047 Et
2323 994 2435 1049 sola
2458 1011 2584 1050 caro
2611 1006 2820 1051 mortua
2845 997 3053 1062 Petrus,
3090 1010 3145 1055 et
3169 1004 3281 1057 sola
3317 1007 3497 1061 anima

1924 1082 2044 1135 viva
2068 1081 2278 1138 Petrus.
2305 1086 2371 1139 Et
2403 1101 2465 1140 ex
2493 1094 2719 1156 utroque
2743 1104 2850 1144 non
2875 1091 2981 1144 duo
3025 1092 3308 1157 Petri,-sed
3355 1113 3497 1154 unus

1922 1178 2007 1225 est
2028 1171 2238 1227 Petrus.
2265 1172 2355 1228 Sic
2381 1182 2435 1227 et
2462 1174 2710 1231 Christus
2740 1185 2852 1231 tres
2900 1178 3060 1234 habet
3106 1182 3437 1239 substantias
3478 1200 3495 1239 :

1925 1275 2030 1316 una
2050 1271 2268 1327 aeterna,
2299 1279 2419 1332 quin
2443 1280 2565 1319 cum
2591 1265 2750 1321 Patre
2775 1276 2858 1322 est
2901 1268 2976 1323 illi
3022 1272 3262 1339 aequalis,
3294 1274 3346 1328 id
3391 1285 3495 1341 est,

1926 1353 2266 1421 immortalis,
2281 1357 2419 1411 sicut
2437 1356 2599 1411 Pater
2622 1376 2635 1412 :
2666 1360 3136 1426 incommutabilis,
3152 1365 3291 1419 sicut
3305 1365 3493 1434 Pater;

1925 1443 2225 1505 invisibilis,
2257 1447 2398 1501 sicut
2424 1446 2614 1513 Pater;
2673 1448 2935 1514 inlocalis,
2969 1451 3107 1506 sicut
3154 1452 3343 1521 Pater;
3395 1459 3498 1512 im-

1924 1533 2212 1601 passibilis,
2242 1534 2380 1589 sicut
2406 1536 2585 1590 Pater.
2620 1537 2761 1591 Duas
2794 1552 2923 1593 vero
2964 1541 3296 1598 substantias
3338 1545 3497 1603 habet

1929 1624 2268 1691 temporales,
2297 1641 2416 1694 qua:
2445 1627 2510 1681 de
2535 1637 2719 1683 nostro
2748 1640 2891 1694 sunt,
2923 1632 2977 1686 id
3005 1643 3106 1697 est,
3133 1635 3367 1691 animam
3413 1653 3494 1691 ra-

1930 1714 2178 1783 tionalem
2205 1725 2260 1770 et
2284 1732 2523 1772 carnem.
2557 1719 2633 1772 De
2665 1728 2848 1775 nostro
2877 1721 3037 1777 habet
3079 1734 3332 1804 aeternus2
3358 1729 3499 1783 unde

254 1775 479 1868 accepta
500 1797 603 1852 fide
628 1796 915 1851 reddantur
938 1794 1146 1865 pulclu‘i
1183 1793 1357 1865 gratia
1405 1801 1462 1848 ει
1503 1801 1820 1849 ornamento
1854 1775 1897 1839 Β
1928 1780 2237 1877 temporalis
2250 1816 2351 1862 est.
2377 1810 2452 1863 De
2474 1819 2661 1866 nostro
2684 1813 2843 1868 habet
2864 1815 3025 1879 Deus,
3044 1817 3185 1871 unde
3211 1775 3372 1874 homo
3391 1828 3495 1875 est.

255 1886 538 1940 virtutum.

326 1998 460 2053 LIX.
490 1998 599 2053 lloc
630 2006 800 2053 totum
824 2010 990 2066 quare
1014 1996 1272 2052 dicimus?
1314 1996 1417 2052 nisi
1450 2006 1510 2053 ut
1552 2013 1710 2051 nemo
1763 2012 1822 2053 se

248 2098 546 2160 praesumat
564 2086 994 2143 Christianorum
1030 2086 1245 2143 Christo
1267 2087 1598 2156 comparari,
1622 2096 1681 2141 ut
1707 2088 1822 2141 Eli-

250 2178 462 2250 pandus
491 2175 638 2238 facit,
669 2176 759 2244 qui
782 2175 912 2233 dicit
949 2189 963 2229 :
1006 2190 1047 2225 «ν
1073 2175 1139 2230 Ει
1178 2176 1266 2229 ille
1307 2175 1571 2240 Christus,
1617 2185 1672 2230 et
1724 2192 1823 2233 nos

248 2267 442 2323 christi
466 2284 478 2318 :
503 2274 559 2323 et
584 2265 672 2319 ille
700 2278 907 2329 servus,
932 2273 986 2318 et
1013 2280 1112 2319 nos
1138 2266 1302 2321 servi.
1341 2285 1360 2321 ι
1393 2264 1563 2331 Quem
1590 2266 1737 2320 audit
1767 2266 1822 2321 in

251 2357 548 2427 Scripturis
580 2371 701 2411 eum
725 2358 997 2412 hominem
1024 2357 1304 2412 nominare
1321 2398 1334 2421 ,
1357 2358 1448 2425 qui
1476 2366 1694 2427 propter
1718 2358 1825 2411 dis-

250 2447 622 2517 pensationem
668 2446 1049 2515 redemptionis
1097 2454 1295 2502 nostrae
1344 2446 1515 2502 factus
1564 2456 1646 2502 est
1684 2448 1823 2504 Deus

248 2539 431 2601 homo,
453 2554 520 2592 ex
541 2552 785 2592 sermone
809 2539 973 2592 David
995 2538 1283 2593 secundum
1323 2554 1540 2594 carnem
1569 2554 1583 2593 :
1625 2540 1823 2594 nullam

248 2625 606 2681 dili‘erentiam
625 2627 778 2696 ponit
798 2628 937 2682 inter
961 2628 1128 2684 Deum
1154 2630 1444 2695 hominem,
1468 2630 1661 2699 quiest
1685 2630 1825 2685 Deus

246 2716 559 2771 essentialis
585 2731 748 2786 super
781 2718 983 2783 omnia,
1013 2727 1068 2773 ct
1107 2720 1235 2775 deos
1278 2719 1664 2788 nuncupativos
1716 2734 1823 2772 non

246 2805 571 2861 essentiales
589 2806 717 2863 deos
738 2822 898 2876 super
917 2809 1117 2873 omnia,
1137 2810 1229 2863 sed
1245 2816 1449 2863 tantum
1466 2810 1603 2863 intra
1623 2811 1822 2864 omnia.

248 2895 415 2951 Certe
433 2896 605 2951 dictus
635 2911 650 2951 :
687 2916 705 2951 ι
750 2898 840 2953 ille
863 2899 1042 2963 homo,
1058 2908 1112 2952 et
1139 2914 1237 2954 nos
1264 2900 1526 2953 homines.
1551 2899 1642 2953 llle
1664 2900 1823 2963 Deus,

178 3046 187 3057 ί
247 2996 310 3043 ει
338 3003 437 3043 nos
460 2989 553 3043 dii.
586 2988 678 3042 Ille
713 2989 871 3054 filius,
894 2999 947 3044 et
974 3005 1072 3044 nos
1094 2989 1207 3044 filii.
1232 2990 1322 3045 llle
1344 2990 1611 3057 Christus,
1632 2999 1688 3046 et
1726 3006 1827 3046 nos

250 3076 467 3133 christi.
492 3077 584 3133 llle
611 3093 817 3144 servus,
835 3088 890 3134 et
916 3095 1013 3134 nos
1036 3080 1198 3135 servi.
1226 3080 1317 3135 Ille
1344 3081 1616 3150 parvulus,
1644 3090 1697 3136 et
1724 3096 1822 3136 nos
1849 3109 1896 3172 ρ

250 3167 482 3238 parvuli.
517 3188 535 3221 ι
564 3167 670 3223 Sed
691 3184 797 3223 non
818 3170 1110 3227 secundum
1131 3171 1371 3225 eamdem
1397 3172 1659 3226 rationem
1685 3185 1824 3226 unus

252 3273 322 3314 ex
352 3258 507 3315 nobis
531 3260 906 3331 intelligendus
930 3269 1032 3327 est,
1055 3263 1181 3331 quia
1221 3263 1312 3317 ille
1357 3262 1699 3332 singulariter
1746 3263 1826 3318 di-

253 3355 399 3414 ctus,
429 3358 483 3404 et
509 3364 610 3404 nos
642 3348 941 3419 pluraliter.
974 3348 1107 3404 Nam
1131 3366 1253 3405 cum
1285 3350 1375 3406 ille
1423 3351 1478 3405 in
1533 3349 1826 3422 Scripturis

254 3436 470 3508 legitur,
509 3453 610 3493 nos
658 3448 1051 3508 consequenter
1098 3440 1448 3510 intelligimus
1490 3441 1662 3511 ipsum
1707 3454 1827 3495 esse

256 3528 428 3582 Deum
454 3543 660 3589 verum,
687 3536 743 3583 et
771 3529 942 3584 solum
982 3546 1046 3584 ea:
1089 3531 1283 3585 semine
1328 3529 1496 3583 David
1543 3529 1826 3584 secundum

256 3633 468 3673 carnem
495 3635 513 3672 :
534 3618 621 3688 qui
642 3628 715 3671 est
740 3634 894 3687 super
922 3620 1097 3676 omnia
1128 3619 1270 3674 Deus
1306 3620 1598 3675 benedictus
1630 3621 1686 3673 in
1729 3636 1829 3674 sar-

256 3703 401 3757 culo.
426 3705 560 3759 Cum
589 3721 715 3759 vero
736 3707 790 3767 in
813 3706 1105 3774 Scripturis
1138 3708 1277 3762 Deus
1305 3707 1519 3771 dicitur,
1548 3708 1831 3777 singulari-

256 3801 343 3847 ter
369 3792 587 3855 dicitur,
611 3809 717 3847 non
750 3793 1048 3860 pluraliter,
1073 3795 1213 3849 sicut
1255 3795 1409 3851 multi
1434 3796 1527 3859 dii,
1557 3806 1650 3850 aut
1676 3795 1830 3851 multi

253 3882 486 3939 domini.
519 3881 653 3948 Quia
694 3883 835 3938 Deus
863 3885 1147 3939 essentiale
1196 3901 1387 3945 nomen
1429 3895 1531 3940 est.
1583 3888 1690 3943 Sed
1732 3903 1832 3943 nos

258 3989 386 4029 cum
416 3972 580 4029 Deum
611 3974 837 4045 legimus
874 3977 928 4030 in
963 3976 1276 4046 Scripturis,
1300 3988 1693 4047 consequenter
1729 3981 1830 4035 ho-

260 4064 464 4118 minem
492 4063 844 4134 intelligimus
870 4067 1043 4136 ipsum
1069 4068 1235 4122 Deum
1267 4083 1385 4123 esse
1411 4077 1594 4123 natum
1622 4071 1687 4124 de
1711 4070 1832 4125 Vir.-

256 4155 404 4224 gine,
432 4154 523 4223 qui
549 4156 647 4211 sub
673 4156 863 4212 Pontio
890 4157 1061 4213 Pilato
1084 4168 1165 4214 est
1192 4159 1502 4215 cruciﬁxus.
1530 4159 1665 4227 Quia
1689 4161 1831 4216 Deus

258 4253 345 4299 est
364 4246 575 4315 genitus
598 4248 664 4302 de
692 4248 929 4318 ingenito
955 4250 1116 4305 Patre
1138 4252 1247 4306 Deo
1274 4266 1288 4306 :
1316 4268 1378 4306 ac
1405 4267 1502 4321 per
1527 4254 1630 4309 hoc
1658 4268 1834 4324 segre-
1877 4266 1880 4270 λ

258 4351 451 4407 gamus
486 4352 607 4394 eum
647 4339 713 4393 de
740 4341 950 4396 caeteris
978 4342 1161 4396 multis
1192 4340 1513 4408 hominibus,
1543 4345 1633 4412 qui
1655 4344 1729 4399 dii
1749 4344 1831 4399 di-

1923 1899 1998 1952 De
2026 1908 2213 1955 nostro
2243 1901 2545 1967 invisibilis,
2573 1904 2714 1959 unde
2762 1905 2992 1961 visibilis
3034 1917 3137 1963 est.
3190 1909 3265 1963 De
3315 1919 3499 1966 nostro

1923 1988 2183 2053 inlocalis,
2201 1991 2343 2045 unde
2365 1991 2551 2046 localis
2572 2001 2674 2046 est.
2700 1993 2775 2047 De
2795 2002 2976 2049 nostro
3000 1979 3338 2061 immortalis,
3357 2000 3498 2054 unde

1923 2080 2167 2134 mortalis
2197 2088 2298 2136 est.
2325 2079 2404 2135 Ac
2429 2096 2527 2149 per
2550 2082 2653 2137 hoc
2692 2083 2802 2151 agit
2844 2094 3080 2141 aeternus
3111 2089 3496 2157 temporaliter.

1923 2170 2119 2224 crescit
2146 2177 2450 2240 perpetuus,
2478 2171 2689 2225 videtur
2710 2173 2971 2238 inlocalis,
3003 2177 3208 2243 patitur
3248 2178 3498 2247 impassi-

1922 2262 2066 2326 bilis,
2095 2262 2324 2317 moritur
2342 2262 2680 2328 immortalis,
2706 2264 2797 2334 qui
2824 2273 2969 2320 totus
2991 2268 3192 2335 absque
3217 2268 3498 2323 mendacio

1923 2352 2114 2407 unicus
2140 2361 2224 2407 est
2253 2354 2345 2408 Dei
2370 2352 2564 2407 Patris.
2597 2354 2951 2420 Quamobrem
2978 2365 3033 2411 et
3059 2357 3171 2412 sola
3200 2373 3329 2414 caro
3358 2375 3498 2415 mor-

1930 2450 2022 2495 tua
2043 2457 2162 2510 qua:
2190 2442 2243 2495 in
2272 2443 2522 2513 sepulcro
2561 2442 2753 2510 jacuit,
2797 2444 3043 2501 Christus
3077 2446 3246 2502 Filius
3271 2448 3366 2502 Dei
3391 2458 3495 2504 est.

1925 2532 1993 2586 Et
2049 2532 2163 2587 sola
2208 2532 2387 2587 anima
2448 2549 2569 2602 quae
2624 2535 2692 2589 ad
2736 2535 2944 2589 inferna
2983 2537 3293 2603 descendit,
3337 2537 3498 2593 Chri-

1924 2632 2041 2678 stus
2070 2622 2240 2677 Filius
2272 2624 2366 2680 Dei
2396 2631 2499 2679 est.
2550 2625 2617 2679 Et
2661 2625 2895 2681 Verbum
2934 2626 3124 2691 Patris,
3153 2630 3247 2698 qni
3288 2645 3502 2701 semper

1924 2711 2148 2779 inqualis
2169 2713 2375 2766 exstitit
2404 2711 2602 2778 Patris,
2632 2713 2882 2770 Christus
2904 2715 3074 2771 Filius
3101 2717 3197 2772 Dei
3226 2728 3330 2773 εει.
3374 2719 3502 2775 Haec

1928 2798 2031 2853 tria
2055 2816 2161 2854 non
2187 2809 2297 2857 tres
2324 2800 2525 2857 Christi
2549 2803 2641 2857 lilii
2668 2804 2759 2858 Dei
2795 2813 2939 2871 sunt,
2970 2807 3065 2861 sed
3085 2823 3224 2863 unus
3249 2808 3502 2865 Christus

1925 2886 2094 2944 Filius
2129 2889 2223 2943 Dei
2253 2896 2355 2944 est.
2384 2888 2535 2946 Sicut
2554 2891 2640 2946 illa
2662 2892 2767 2948 duo
2786 2909 2906 2962 quae
2929 2910 3090 2966 supra
3113 2897 3367 2964 diximus,
3392 2915 3500 2955 non

1926 2981 2032 3033 duo
2060 2978 2223 3041 Petri,
2263 2979 2359 3034 sed
2392 2996 2534 3036 unus
2572 2981 2765 3039 Petrus
2797 2992 2900 3051 est,
2944 2986 3017 3065 ita
3058 2988 3173 3043 haec
3216 2990 3321 3044 tria
3360 3006 3504 3047 unus

1927 3070 2193 3126 Christus.
2219 3070 2343 3139 Agit
2365 3086 2595 3140 persona
2621 3090 2846 3146 quicque
2874 3078 3173 3135 substantia
3196 3088 3368 3137 totum
3395 3100 3502 3139 una

1927 3174 2176 3229 persona.
2202 3159 2454 3218 Naturale
2481 3171 2565 3218 est
2593 3165 2667 3219 illi
2694 3168 2877 3222 venire
2903 3169 2956 3223 in
2983 3171 3086 3225 hoc
3110 3174 3311 3229 mundo
3352 3174 3503 3231 solus

1926 3250 2218 3305 minoratus
2247 3251 2404 3321 paulo
2437 3254 2611 3307 minus
2640 3254 2704 3308 ab
2753 3258 2970 3325 angelis.
3020 3258 3275 3316 Naturale
3310 3270 3394 3318 est
3427 3262 3504 3317 illi

1928 3339 2127 3409 ubique
2150 3354 2269 3395 esse
2299 3356 2423 3395 cum
2444 3341 2625 3396 Patre.
2655 3343 2910 3399 Naturale
2940 3353 3025 3400 est
3059 3347 3131 3401 illi
3164 3347 3350 3404 localis
3383 3364 3505 3406 esse

1927 3430 2074 3486 solus
2098 3431 2284 3485 Filius.
2313 3431 2567 3487 Naturale
2586 3444 2669 3488 est
2696 3435 2770 3489 illi
2804 3435 3086 3491 invisibilis
3113 3453 3234 3494 esse
3257 3455 3380 3494 cum
3402 3440 3505 3495 Pa-

1929 3529 2031 3573 tre.
2064 3518 2316 3574 Naturale
2343 3527 2427 3575 est
2459 3521 2533 3575 illi
2577 3522 2917 3579 invisibiliter
2958 3541 3078 3582 esse
3117 3528 3264 3584 solus
3313 3529 3500 3587 Filius.
3541 3513 3546 3519 ”

1928 3608 2182 3664 Naturale
2199 3617 2282 3663 est
2302 3609 2378 3667 illi
2405 3610 2748 3681 impassibilis
2771 3627 2891 3669 esse
2910 3629 3031 3670 cum
3052 3616 3230 3672 Patre.
3248 3618 3505 3676 Naturale

1928 3709 2012 3754 est
2037 3698 2109 3751 illi
2150 3698 2297 3753 solus
2328 3698 2496 3755 Filius
2535 3701 2784 3758 subditus
2820 3705 3075 3773 passioni.
3125 3707 3379 3765 Naturale
3418 3721 3506 3767 est

1930 3787 2006 3842 illi
2033 3787 2352 3843 immortalis
2379 3802 2500 3847 esse
2519 3805 2639 3844 cum
2669 3790 2851 3848 Patre.
2873 3792 3129 3851 Naturale
3153 3805 3236 3852 est
3260 3798 3334 3852 illi
3358 3798 3507 3856 solus

1930 3876 2098 3931 Filius
2120 3878 2277 3931 mori.
2310 3878 2493 3934 Solum
2517 3879 2710 3935 Filium
2737 3882 2859 3937 dico
2891 3883 3050 3949 mori,
3074 3886 3201 3956 quia
3242 3888 3388 3943 solus
3415 3889 3505 3944 Fi-

1930 3965 2035 4023 lius
2057 3980 2115 4021 se
2134 3967 2448 4023 exinanivit.
2483 3968 2791 4029 Esinanitio
2811 3971 2947 4041 ejus,
2965 3975 3228 4032 adventus
3250 3975 3366 4045 ejus
3393 3988 3499 4035 est.

1930 4061 2207 4117 Adventus
2240 4062 2374 4132 ejus,
2404 4064 2710 4121 humanitas
2730 4066 2847 4135 ejus
2874 4076 2958 4122 est
2987 4085 3000 4120 :
3032 4083 3152 4138 qua:
3198 4069 3505 4130 humanitas

1932 4169 2059 4210 caro
2083 4153 2201 4223 ejus
2233 4162 2316 4209 est
2339 4165 2395 4210 et
2428 4156 2627 4222 anima,
2652 4157 2705 4212 id
2731 4165 2843 4223 est,
2869 4166 3014 4212 totus
3040 4157 3200 4212 homo
3230 4156 3504 4226 perfectus

1930 4252 2032 4300 est.
2064 4245 2128 4299 Et
2161 4245 2275 4314 ipse
2303 4247 2461 4302 homo
2492 4245 2660 4301 Filius
2696 4248 2822 4312 Dei,
2845 4248 2988 4302 Deus
3019 4254 3119 4301 est.
3151 4247 3218 4300 Et
3248 4246 3392 4301 solus
3413 4248 3502 4302 Fi-

1931 4334 2035 4388 lius
2066 4343 2147 4389 est
2173 4335 2352 4395 homo,
2377 4335 2470 4403 qui
2491 4351 2614 4389 eum
2642 4335 2803 4390 Patre
2822 4343 2878 4390 et
2908 4335 3109 4404 Spiritu
3150 4344 3337 4390 sancto
3365 4351 3504 4391 unus

260 4433 458 4479 cuntur
481 4427 779 4495 pluraliter,
815 4438 870 4485 et
915 4431 1158 4487 homines
1204 4434 1499 4502 pluraliter.
1545 4435 1679 4491 Nam
1729 4438 1829 4492 iste

1933 4435 2015 4482 est
2044 4424 2205 4478 Deus.
2237 4422 2354 4477 Non
2381 4439 2503 4481 cum
2534 4424 2692 4479 Patre
2721 4432 2775 4479 et
2802 4424 3006 4494 Spiritu
3028 4425 3226 4481 Sancto
3251 4442 3387 4481 unus
3418 4434 3502 4482 est

222 4583 228 4586 4
261 4515 424 4571 homo
445 4516 789 4587 singulariter
817 4521 956 4575 Deus
993 4530 1093 4576 est.
1141 4520 1198 4577 Si
1247 4524 1491 4578 nominas
1539 4526 1830 4591 hominem,

263 4603 408 4659 Deus
434 4612 519 4660 est
538 4621 715 4662 verus.
739 4606 1197 4674 Quemadmodum
1222 4612 1266 4666 si
1296 4628 1463 4681 ponas
1488 4622 1611 4668 ante
1650 4615 1835 4669 oculos

259 4695 558 4765 quemlibet
586 4698 876 4763 hominem,
905 4709 958 4755 et
982 4703 1228 4756 nominas
1268 4718 1390 4757 eum
1437 4719 1682 4769 carnem,
1721 4706 1834 4772 ipse

261 4794 447 4840 tamen
474 4792 528 4839 et
550 4786 728 4841 anima
750 4796 850 4842 est.
874 4788 931 4842 Si
958 4790 1203 4845 nominas
1226 4791 1482 4857 animam,
1502 4791 1615 4860 ipse
1639 4807 1764 4846 vero
1780 4799 1836 4846 et

260 4891 396 4931 caro
419 4884 537 4931 est:
566 4886 621 4931 et
648 4891 713 4931 ex
742 4886 988 4947 utroque,
1019 4881 1071 4934 id
1107 4887 1190 4935 est
1231 4881 1407 4933 anima
1446 4888 1501 4934 et
1541 4896 1700 4936 carne
1729 4898 1833 4952 qua

263 4974 477 5021 constat
501 4967 679 5033 homo,
706 4984 808 5023 una
835 4983 1064 5038 persona
1097 4980 1181 5024 est
1205 4984 1219 5023 :
1245 4978 1300 5024 et
1324 4986 1487 5024 unum
1523 4970 1599 5024 illi
1639 4987 1833 5027 nomen

261 5063 372 5122 est,
395 5057 574 5111 carnis
600 5064 655 5111 et
679 5058 887 5122 animae,
913 5068 973 5113 ut
995 5058 1369 5128 puta,Petrus.
1393 5059 1604 5114 Etcum
1627 5061 1837 5129 sapien-

267 5156 354 5201 ter
398 5145 632 5215 loquitur
678 5148 806 5217 ipse,
846 5164 973 5204 caro
1008 5148 1122 5217 ejus
1150 5148 1362 5203 videtur
1392 5168 1406 5203 :
1436 5151 1693 5220 sapientia
1719 5150 1835 5219 ejus

269 5245 478 5291 tantum
503 5237 737 5303 auditur,
764 5253 869 5293 non
889 5239 1119 5292 videtur.
1146 5239 1212 5292 Et
1236 5246 1411 5293 tamen
1439 5240 1553 5309 ipsa
1575 5241 1834 5310 sapientia

267 5325 326 5380 in
359 5326 538 5381 anima
563 5334 664 5391 est,
696 5342 815 5396 qua:
842 5343 936 5397 per
959 5342 1177 5382 carnem
1207 5327 1339 5383 foris
1366 5329 1599 5383 auditur.
1649 5330 1738 5384 sic
1779 5337 1835 5385 et

267 5415 517 5475 Christus
547 5434 560 5468 :
595 5431 725 5473 caro
740 5415 855 5485 ejus
874 5417 1170 5480 videbatur,
1194 5426 1248 5472 et
1287 5418 1539 5473 divinitas
1568 5417 1684 5487 ejus
1726 5434 1832 5474 non

269 5505 570 5565 videbatur.
607 5506 673 5561 Et
712 5506 972 5574 sapientia
1016 5505 1148 5574 ejus,
1169 5522 1289 5577 qua:
1324 5523 1421 5578 per
1459 5524 1674 5565 carnem
1702 5509 1835 5567 foris

268 5593 566 5663 videbatur,
595 5599 661 5655 de
690 5597 1110 5667 divinitatisejus
1136 5609 1255 5653 erat
1281 5610 1565 5670 apparatu.

338 5688 451 5744 LX.
480 5690 650 5748 Homo
675 5708 749 5749 ex
771 5692 976 5748 duabus
995 5691 1309 5748 substantiis
1337 5708 1440 5747 una
1466 5708 1697 5765 persona
1727 5703 1830 5767 est,

1936 4516 2116 4576 homo,
2145 4512 2239 4567 sed
2263 4527 2385 4566 cum
2413 4520 2522 4566 tota
2562 4512 2801 4568 Ecclesia
2847 4530 2987 4569 unus
3035 4522 3121 4569 est
3168 4515 3345 4581 homo,
3372 4517 3502 4586 quis

1935 4610 2095 4671 caput
2119 4611 2173 4655 et
2196 4615 2393 4669 corpus
2419 4616 2524 4663 una
2548 4616 2777 4669 persona
2805 4611 2887 4657 est
2914 4602 3179 4658 Christus.

2003 4693 2138 4746 LXI.
2171 4691 2310 4760 Ergo
2334 4706 2490 4745 nemo
2516 4691 2660 4746 dicat
2690 4706 2704 4745 :
2750 4710 2768 4753 ς
2806 4692 2875 4747 Ει
2898 4692 2984 4749 ille
3021 4693 3289 4761 Christus,
3315 4703 3370 4752 et
3398 4713 3500 4754 nos

1934 4785 2143 4841 christi.
2176 4803 2194 4836 ι
2222 4783 2289 4837 Ει
2307 4798 2406 4838 nos
2422 4783 2565 4839 unde
2586 4784 2818 4839 dicimur
2840 4785 3047 4850 christi.
3064 4787 3167 4841 nisi
3193 4802 3223 4841 a
3249 4787 3500 4844 Christo?

1932 4875 1979 4929 Α
2003 4874 2219 4930 Christo
2240 4873 2552 4938 Christiani,
2572 4875 2712 4933 sicut
2735 4876 2801 4930 ah
2828 4875 3005 4930 Heher
3029 4876 3260 4932 Hebriei.
3292 4877 3443 4933 Sicut
3465 4893 3499 4939 ε

1932 4962 2117 5027 Jacob,
2136 4963 2229 5033 qui
2252 4964 2426 5018 dictus
2453 4970 2533 5017 est
2557 4962 2739 5027 Israel,
2767 4962 3041 5017 Israelitze.
3086 4963 3238 5019 Sicut
3289 4979 3321 5018 a
3362 4962 3499 5027 Iuda

1932 5058 2121 5113 Judaei.
2146 5057 2279 5124 Quia
2300 5057 2600 5126 omnis,qui
2627 5071 2821 5111 novum
2856 5072 3049 5113 nomen
3073 5058 3287 5129 accipit,
3303 5076 3336 5113 a
3357 5059 3499 5116 male

1935 5148 2139 5222 [Forte,
2164 5164 2196 5202 a
2221 5146 2427 5201 meliori
2448 5145 2529 5217 se]
2559 5160 2618 5200 se
2639 5160 2833 5201 nomen
2853 5148 3065 5215 accipit.
3094 5147 3163 5204 Ut
3189 5155 3337 5217 puta,
3378 5146 3501 5203 γωδ.

1933 5240 2040 5293 tina
2064 5254 2157 5292 rex
2179 5235 2278 5291 fuit
2306 5249 2322 5289 :
2362 5236 2457 5291 sed
2477 5235 2629 5289 multi
2654 5237 2813 5290 hodie
2840 5236 2906 5291 ab
2928 5236 3045 5304 ipso
3061 5252 3254 5292 nomen
3278 5244 3500 5295 sumunt

1943 5328 2227 5394 Vuitizam‘,
2256 5329 2416 5384 etiam
2444 5342 2725 5397 pauperes,
2751 5334 2811 5383 ut
2835 5342 2931 5397 per
2960 5342 3154 5385 nomen
3174 5337 3501 5398 agnoscatur

1934 5421 2076 5492 quod
2097 5421 2163 5475 de
2180 5420 2343 5488 stirpe
2371 5418 2516 5487 regia
2538 5425 2636 5480 est,
2652 5417 2746 5488 qui
2761 5424 2815 5471 et
2834 5418 2948 5485 ipse
2968 5433 3059 5472 rex
3084 5425 3334 5489 potuerat
3353 5432 3496 5481 esse,

1933 5514 1979 5568 si
2002 5526 2195 5566 nomen
2215 5510 2430 5565 fecisset
2452 5524 2648 5580 regem.
2673 5508 2765 5564 Sic
2787 5508 3123 5565 Christianus
3143 5523 3248 5564 non
3266 5517 3350 5564 est
3373 5509 3500 5564 inde

1933 5605 2168 5662 christus
2191 5603 2331 5658 unde
2356 5618 2548 5658 nomen
2568 5603 2670 5659 sibi
2690 5603 2915 5673 imponit
2937 5601 3324 5659 Christianum.
3346 5600 3499 5669 Quod

1934 5700 1979 5757 si
2018 5711 2208 5754 nomen
2247 5694 2610 5753 Christianum
2643 5693 2859 5753 fecisset
2907 5695 3190 5763 christum,
3226 5702 3335 5751 tam
3372 5691 3499 5751 boni
