3992 6176
520 364 617 419 925i
1331 344 1736 408 ELIPANDUS,
1775 337 1997 395 FELIX.
2040 331 2384 388 HETERIUS
2418 332 2506 385 ET
2545 331 2603 386 S.
2644 292 2936 385 BEATUS.
3653 324 3758 379 952

522 473 814 541 Christiani
837 482 998 540 quam
1027 467 1187 529 etiam
1216 461 1341 518 mali
1379 458 1567 515 cbristi
1608 456 1933 510 dicerentur.
1968 446 2083 501 Non
2112 444 2156 502 Α
2185 442 2533 497 Desiderabat
2567 442 2712 497 enim
2750 455 2933 495 coram
2963 437 3270 494 hominibus
3306 452 3527 493 sanctus
3566 438 3756 501 videri,

524 527 609 622 εέι
633 527 969 619 Christianus
994 553 1089 623 qui
1119 527 1263 606 recte
1300 564 1407 603 non
1434 546 1605 602 credit
1645 542 1940 598 Christum.
1970 535 2087 590 Non
2188 547 2297 587 non
2334 546 2473 586 esse.
2497 531 2613 585 Non
2642 539 2771 585 tunc
2796 530 3075 584 dicebatur
3107 527 3411 591 haereticus,
3450 529 3546 583 sed
3591 529 3761 598 hypo-

525 666 607 710 est
632 651 893 709 christus.
919 646 975 700 id
1012 619 1095 699 est
1119 647 1328 715 unctus,
1361 638 1453 706 qui
1482 632 1681 690 Christi
1733 645 1839 684 non
1893 623 2091 692 accipit
2189 624 2345 686 crita,
2370 623 2494 691 quia
2539 622 2713 676 adhuc
2735 622 2880 675 intus
2916 620 3200 674 videbatur
3234 619 3287 672 in
3326 619 3588 673 Ecclesia.
3628 619 3762 675 Cum

528 744 804 814 Spiritum,
832 737 925 806 qui
959 735 1149 789 doceat
1174 744 1298 787 eum
1323 727 1465 796 quod
1491 723 1647 779 Jesus
1680 730 1763 775 est
1785 718 1952 771 Filius
1972 713 2088 768 Dei.

530 811 643 887 Non
665 838 747 885 est
764 825 1004 883 Ecclesia
1039 822 1127 875 ubi
1153 835 1258 874 non
1276 826 1363 873 est
1380 816 1513 870 ﬁdes
1537 828 1682 866 vera.
1715 811 1897 864 Justus
1919 814 2092 860 autem

528 938 592 976 ea:
618 921 723 989 ﬁde
748 917 882 971 vivit.
910 914 1051 981 Ergo
1088 910 1180 978 qui
1212 908 1370 962 ﬁdem
1396 919 1578 959 veram
1624 916 1731 956 non
1779 899 1957 958 habet,
1984 908 2093 948 non

532 985 683 1072 vivit,
712 1005 804 1060 sed
834 1010 1077 1057 mortuus
1104 1005 1186 1053 est
1213 1014 1226 1049 :
1259 1011 1375 1062 non.
1388 992 1587 1063 poterit
1614 998 1775 1050 stare,
1799 985 1923 1055 quia
1951 996 2096 1037 mor-

533 1108 655 1153 tuus
674 1096 837 1164 jacet.
866 1093 931 1146 Et
955 1090 1045 1161 qui
1070 1095 1314 1143 mortuus
1336 1094 1437 1148 est,
1464 1085 1574 1138 Deo
1611 1082 1735 1134 vivo
1760 1075 1965 1132 servire
1990 1086 2096 1126 non

531 1197 725 1261 potest.
753 1186 869 1240 Non
891 1185 959 1239 de
984 1182 1089 1236 illis
1144 1179 1314 1235 servis
1357 1184 1459 1239 est,
1484 1176 1551 1230 de
1596 1171 1792 1242 quibus
1832 1165 2096 1233 Propheta

533 1278 706 1334 dicit:
737 1274 873 1328 Ecce
908 1287 1043 1326 nunc
1088 1267 1367 1323 benedicite
1404 1263 1704 1324 Dominum,
1743 1272 1918 1311 omnes
1966 1251 2099 1306 servi

532 1369 765 1425 Domini.
794 1365 897 1431 Qui
922 1364 1072 1418 statis
1097 1362 1154 1414 in
1180 1358 1334 1412 domo
1364 1354 1594 1415 Domini,
1621 1352 1677 1404 in
1716 1346 1865 1401 atriis
1912 1343 2099 1397 domus

535 1458 633 1513 Dei
660 1457 842 1511 nostri.
867 1453 937 1509 Ut
966 1448 1258 1507 secundum
1280 1444 1425 1516 quod
1452 1443 1527 1496 ait
1553 1436 1839 1510 Apostolus
1866 1451 1878 1464 ι
1902 1433 2096 1492 Donec,

535 1547 727 1616 inquit,
750 1544 979 1600 venimus
1009 1548 1122 1609 :Jut
1148 1538 1285 1592 scias
1326 1530 1582 1605 quomodo
1612 1528 1855 1598 disponas
1888 1522 2102 1576 domum

536 1636 655 1699 Dei,
679 1648 794 1704 quae
830 1640 903 1685 est
944 1626 1199 1682 Ecclesia.

2192 730 2320 769 vero
2360 714 2585 782 eruperit
2608 713 2884 782 discipulis
2905 712 3218 782 praedicare,
3263 718 3319 764 et
3366 727 3460 765 eos
3506 713 3575 766 ad
3610 728 3764 767 suam

2191 819 2499 874 perversam
2524 803 2681 858 fidem
2712 803 2997 865 instruere,
3031 808 3251 870 apparet
3274 801 3583 855 haereticus.
3615 802 3769 857 Tunc

2194 892 2379 947 folium
2420 893 2765 962 cognoscitur
2793 891 2935 959 quod
2966 890 3059 944 diu
3097 890 3151 943 in
3183 897 3327 943 terra
3365 890 3550 944 cordis
3591 891 3767 945 latue—

2195 992 2279 1037 rat
2307 984 2360 1037 in
2390 982 2612 1037 semine.
2642 981 2871 1049 thuia,
2890 989 2950 1034 ut
2970 979 3218 1045 dicimus,
3246 995 3461 1050 semper
3486 980 3765 1050 hypocrita

2196 1074 2350 1138 vixit,
2387 1081 2442 1128 et
2467 1072 2582 1126 laus
2607 1071 2840 1126 humana
2873 1088 2997 1127 cum
3035 1072 3219 1140 pavit;
3272 1087 3395 1126 cum
3430 1087 3460 1124 a
3491 1072 3771 1126 catholicis

2196 1163 2359 1221 fuerit
2383 1163 2759 1233 reprehensus,
2783 1162 2957 1230 surgit
2991 1161 3044 1214 in
3072 1160 3340 1229 superbia,
3364 1160 3646 1229 despectui
3674 1162 3769 1214 ha-

2196 1258 2289 1312 bet
2315 1257 2534 1325 petiisse
2562 1256 2807 1319 veniam;
2857 1254 3085 1323 requirit
3117 1254 3423 1307 laudatores
3450 1269 3579 1308 suos
3625 1254 3772 1322 plus-

2200 1361 2359 1414 quam
2411 1346 2645 1399 maxime
2672 1343 2976 1404 saeculares,
3011 1352 3071 1397 ut
3106 1358 3225 1397 cum
3252 1344 3331 1397 eis
3364 1358 3516 1397 suam
3536 1344 3775 1397 vindicet

2200 1448 2510 1504 perversam
2546 1433 2865 1488 doctrinam.
2914 1432 2981 1485 Et
3014 1439 3296 1501 postquam
3328 1431 3616 1484 maximam
3659 1439 3776 1483 tur-

2202 1528 2327 1582 bam
2370 1524 2743 1594 imperitorum
2789 1522 3100 1591 deceperit,
3152 1521 3340 1592 dirigit
3386 1536 3485 1589 per
3533 1521 3780 1574 diversas

2205 1617 2510 1688 provincias
2540 1615 2795 1685 epistolas
2828 1629 2973 1678 suas,
3018 1621 3076 1667 ut
3102 1628 3238 1682 quos
3262 1612 3494 1683 potuerit
3523 1612 3781 1676 inopina-

799 1719 1037 1777 Ecclesia
1060 1732 1168 1771 non
1196 1711 1524 1784 parietibus,
1554 1722 1661 1762 non
1690 1702 1951 1774 lapidibus
1978 1713 2108 1754 con—

2219 1718 2293 1764 tos
2317 1709 2523 1778 primus
2549 1707 2616 1760 ad
2638 1719 2790 1760 suam
2830 1705 2987 1758 tidem
3025 1702 3316 1767 inﬂectere,
3349 1702 3586 1756 videatur
3615 1700 3784 1769 quasi

539 1798 700 1880 sistit,
729 1816 824 1870 sed
849 1813 1156 1882 dogtnatum
1181 1779 1426 1859 veritate.
1451 1800 1555 1855 Sed
1576 1798 1701 1868 quia
1733 1802 1788 1848 et
1834 1794 1949 1861 ipsa
1977 1789 2106 1843 visi-

2219 1815 2331 1855 cum
2357 1799 2502 1853 omni
2530 1797 2767 1853 Ecclesia
2795 1802 2940 1850 recta
2973 1795 3192 1849 sentire.
3223 1792 3323 1859 Qui
3358 1806 3540 1847 omnes
3563 1790 3783 1859 decepti

542 1909 663 1964 bilis
683 1907 894 1967 domus,
908 1916 1029 1973 qua:
1041 1897 1262 1954 basilica
1280 1894 1491 1955 dicitur,
1509 1904 1627 1959 qua:
1646 1885 1839 1941 Latino
1858 1892 2108 1937 sermone

545 2000 683 2070 regis
722 1998 914 2051 domus
927 1970 1303 2058 nuncupatur,
1328 1999 1435 2040 non
1473 1980 1769 2037 aediﬁcatur
1796 1974 1898 2029 nisi
1919 1970 2109 2040 lapidi-

542 2062 642 2145 bus
661 2086 934 2158 quadratis
956 2099 971 2137 :
1002 2092 1056 2136 et
1082 2080 1216 2149 lapis
1234 2076 1496 2148 portando
1520 2072 1771 2141 lapidem,
1794 2067 1847 2120 in
1875 2064 1982 2118 alto
1999 2062 2107 2117 eri-

540 2156 704 2249 gitur,
728 2188 1004 2245 quousque
1022 2170 1333 2242 perﬁciatur
1354 2166 1544 2221 domus
1575 2176 1588 2215 :
1627 2160 1693 2214 de
1724 2156 1859 2212 foris
1898 2168 2108 2225 ponun-

542 2245 631 2326 tur
654 2269 854 2339 lapides
881 2264 1111 2332 majores
1132 2259 1294 2315 dolati
1308 2298 1323 2322 ,
1346 2264 1401 2312 et
1425 2255 1572 2310 intus
1592 2249 1756 2322 lapilli
1784 2245 2104 2317 qualescun-

542 2378 644 2432 que
674 2332 1035 2415 niinutissimi.
1063 2351 1204 2419 Quid
1229 2346 1529 2420 signiﬁcant
1555 2341 1611 2397 hi
1650 2338 1851 2411 lapides
1876 2332 2108 2402 majores

540 2426 631 2523 qui
655 2465 793 2507 unus
830 2446 1057 2503 alterum
1082 2449 1279 2512 portat,
1309 2437 1410 2494 nisi
1435 2436 1533 2490 hos
1552 2431 1720 2503 quiin
1748 2444 1855 2484 una
1880 2426 1987 2482 ﬁde
2026 2439 2110 2479 se—

542 2547 775 2602 ctarunt,
807 2545 863 2591 et
896 2549 1036 2591 unus
1087 2530 1239 2587 alteri
1284 2541 1450 2583 onera
1496 2520 1778 2594 portando,
1809 2515 2005 2572 crescit
2055 2514 2108 2567 in

545 2634 711 2688 altum
735 2630 789 2683 in
813 2626 1075 2683 charitate
1099 2636 1204 2677 una
1230 2621 1419 2675 domus
1440 2611 1729 2670 Ecclesiae?
1781 2608 1849 2662 Et
1879 2606 1959 2661 sic
1985 2619 2111 2674 per-

549 2720 837 2779 liciturch
869 2716 1089 2774 Christi.
1114 2711 1302 2782 Lapilli
1338 2722 1467 2763 vero
1496 2699 1840 2761 minutissimi
1885 2697 1938 2751 hi
1991 2702 2116 2749 sunt

548 2812 640 2883 qui
664 2811 731 2865 ab
760 2808 890 2877 ipsis
916 2805 1165 2861 foventur
1191 2799 1407 2870 fragiles
1435 2805 1490 2852 et
1530 2800 1709 2849 mente
1737 2786 1962 2859 parvuli.
2005 2784 2119 2838 Hoc

550 2876 720 2958 totum
747 2876 843 2968 per
864 2897 1023 2952 ﬁdem
1043 2901 1098 2949 et
1118 2890 1437 2948 charitatem
1460 2886 1539 2940 ﬁt.
1558 2883 1693 2938 Nam
1719 2880 1837 2936 sine
1857 2876 2120 2933 charitate

551 2992 684 3045 ﬁdes
716 2965 849 3043 nihil
879 2983 1115 3055 prodest.
1143 2979 1277 3034 Nam
1310 2977 1356 3032 si
1395 2974 1703 3045 prodesset,
1742 2976 1803 3023 ut
1850 2966 1962 3021 sola
1990 2965 2122 3018 ﬁdes

551 3082 668 3137 sine
701 3054 961 3133 cliaritate
996 3072 1256 3133 salvaret,
1283 3072 1531 3137 poterant
1567 3070 1624 3118 et
1671 3062 1939 3115 daemones
1987 3054 2120 3110 salvi

2208 1889 2305 1943 ﬁlii
2327 1887 2444 1957 ejus
2483 1896 2607 1942 sunt
2628 1901 2738 1950 non
2767 1883 3010 1955 legitimi,
3042 1883 3135 1937 sed
3158 1879 3458 1934 adulterino
3486 1879 3655 1931 verbo
3688 1892 3782 1931 eos

2206 1979 2499 2051 generavit.
2531 1978 2683 2043 Quod
2710 1977 2754 2031 si
2793 1974 3153 2029 adulterinum
3184 1988 3289 2026 non
3319 1971 3531 2032 fuisset,
3561 1977 3780 2039 aposto-

2206 2071 2291 2126 lus
2314 2070 2513 2124 Paulus
2537 2067 2604 2122 ad
2626 2067 2935 2123 Corinthios
2961 2080 3069 2119 non
3111 2063 3416 2132 scripsisset
3448 2076 3463 2114 :
3496 2059 3618 2113 Non
3645 2061 3779 2112 enim

2205 2179 2405 2227 sumus,
2428 2162 2561 2214 sicut
2581 2158 2809 2229 plurimi,
2835 2155 3188 2209 adulterantes
3214 2151 3421 2206 verbum
3450 2149 3581 2202 Dei:
3603 2148 3694 2201 sed
3720 2164 3783 2199 ex

2205 2255 2500 2309 sinceritate
2540 2269 2558 2306 :
2593 2249 2682 2304 sed
2706 2250 2839 2303 sicut
2866 2264 2929 2301 ea:
2976 2246 3085 2299 Deo
3110 2260 3287 2298 coram
3325 2241 3434 2294 Deo
3473 2241 3532 2293 in
3579 2238 3782 2293 Christo

2207 2344 2486 2415 loquimur.
2513 2340 2737 2395 Adulter
2769 2337 2967 2406 quippe
3006 2336 3058 2388 in
3084 2332 3288 2389 carnali
3324 2331 3470 2385 coitu
3502 2344 3610 2383 non
3637 2328 3782 2381 acci-

2207 2436 2286 2505 pit
2308 2448 2530 2489 uxorem
2574 2431 2717 2484 unde
2751 2429 2890 2483 ﬁlios
2933 2428 3149 2487 habeat,
3187 2422 3282 2478 sed
3308 2436 3406 2490 per
3431 2420 3678 2474 diversas
3707 2417 3782 2472 fc-

2210 2524 2384 2577 minas
2406 2518 2779 2582 adulterando,
2795 2532 2902 2571 non
2919 2514 3057 2569 filios
3077 2512 3171 2567 sed
3193 2511 3523 2580 voluptatem
3550 2508 3744 2577 qmerit
3766 2523 3781 2558 :

2211 2616 2286 2671 ita
2313 2622 2367 2668 et
2391 2611 2675 2667 haereticus
2701 2616 2759 2662 et
2777 2619 3063 2678 perversus
3084 2603 3311 2672 quisque
3330 2614 3526 2668 aquam
3549 2595 3789 2651 ecclesia

2215 2703 2455 2759 serviens
2477 2714 2526 2765 α,
2555 2706 2702 2753 recte
2730 2696 3038 2751 adulterare
3058 2692 3279 2746 verbum
3306 2688 3401 2744 Dei
3426 2687 3641 2747 dicitur,
3664 2685 3788 2752 quia

2216 2810 2314 2863 per
2334 2807 2545 2849 sacrum
2590 2787 2859 2857 eloquium
2897 2799 3004 2839 non
3041 2783 3151 2837 Deo
3195 2780 3338 2835 filios
3371 2790 3652 2849 generare,
3696 2774 3788 2827 sed

2220 2861 2371 2938 suam
2419 2879 2698 2937 scientiam
2743 2875 3014 2930 desiderat
3039 2870 3344 2925 ostendere.
3388 2864 3525 2920 Cum
3552 2863 3699 2917 enim
3732 2861 3790 2912 li-

2220 2974 2347 3029 bido
2384 2971 2568 3041 gloriae
2611 2969 2685 3023 ad
2718 2963 3041 3033 loquendum
3088 2959 3285 3022 tiahit,
3321 2954 3584 3024 voluptati
3623 2950 3791 3019 magis

2223 3080 2384 3134 quam
2447 3057 2783 3132 generationi
2837 3066 3058 3123 operam
3118 3047 3400 3118 impendit.
3476 3042 3794 3098 Adulterare

552 3188 692 3236 esse,
730 3170 877 3239 quia,
905 3165 1199 3223 secundum
1233 3159 1491 3215 Iacobum
1526 3173 1539 3209 :
1582 3155 1855 3208 Dmmones
1881 3148 2113 3209 credunt,

2220 3126 2570 3224 namque‘est
2611 3151 2834 3205 verbum
2880 3146 2998 3209 Dei,
3036 3150 3129 3196 aut
3153 3140 3309 3194 aliter
3344 3139 3410 3192 de
3457 3136 3550 3189 illo
3595 3132 3793 3187 sentire

551 3273 598 3317 et
623 3237 1048 3317 contremiscunt;
1080 3254 1173 3309 sed
1196 3262 1372 3306 tamen
1401 3262 1509 3302 non
1535 3244 1782 3313 diligunt.
1819 3239 1921 3306 Qui
1962 3237 2122 3291 habet

555 3353 873 3410 charitatem
893 3356 948 3402 et
971 3345 1151 3409 fidem,
1167 3338 1457 3409 discipulus
1473 3344 1557 3391 est
1575 3331 1797 3389 Christi.
1817 3329 1885 3383 Et
1903 3327 1994 3396 qui
2017 3340 2118 3379 non

558 3444 713 3498 habet
740 3438 1060 3495 charitatem
1089 3442 1144 3486 et
1166 3430 1343 3491 ﬁdem,
1362 3423 1654 3494 discipulus
1680 3429 1763 3475 est
1784 3414 2119 3478 Antichristi,

555 3543 607 3589 ct
628 3530 967 3603 persequitur
986 3522 1301 3582 Ecclesiam,
1328 3517 1383 3572 id
1415 3523 1498 3571 est
1521 3526 1706 3568 servos
1734 3506 1958 3565 Christi.
1987 3503 2124 3571 Quia

556 3601 697 3680 unde
716 3622 985 3678 Christum
1007 3614 1197 3677 nescit,
1221 3610 1346 3666 inde
1368 3606 1609 3662 membra
1637 3601 1754 3671 ejus
1782 3614 1888 3653 non
1930 3608 2126 3664 cogno-

556 3715 681 3773 scit.
703 3720 757 3767 et
776 3722 986 3777 semper
1010 3701 1300 3772 discipulus
1330 3694 1647 3752 Antichristi
1673 3691 1793 3745 fuit.
1836 3688 1970 3754 Quia
1993 3700 2127 3755 qua-

559 3808 680 3861 liter
721 3800 1173 3858 manifestaretur,
1205 3792 1541 3848 occasionem
1580 3780 1974 3855 praedicationis
2019 3792 2126 3831 non

560 3894 764 3951 habuit.
806 3890 942 3956 Quia
979 3884 1229 3942 catholici
1263 3889 1320 3937 et
1364 3876 1603 3936 hatretici
1645 3874 1700 3928 in
1745 3868 2128 3940 prtedicatione

563 3980 993 4038 manifestantur.
1021 3972 1284 4029 Catholici
1313 3981 1525 4036 semper
1558 3961 1804 4019 catholici
1835 3966 1979 4020 sunt,
2001 3956 2127 4025 quia

563 4083 774 4138 semper
811 4064 1081 4133 simplices
1112 4070 1167 4115 et
1211 4057 1346 4114 recti
1387 4055 1550 4110 corde
1588 4058 1742 4115 sunt;
1779 4058 1833 4115 et
1862 4047 2003 4101 bona
2033 4059 2127 4097 sua

563 4133 773 4228 semper
812 4155 989 4210 celare
1029 4155 1275 4221 quaerunt
1320 4154 1373 4201 et
1413 4144 1550 4199 mala
1588 4140 1881 4211 publicare,
1913 4142 1973 4189 ut
1999 4133 2131 4188 tales

565 4252 633 4305 ab
656 4224 962 4304 hominibus
981 4256 1099 4297 esse
1121 4239 1407 4294 credantur
1427 4235 1571 4289 intus
1589 4230 1774 4302 quales
1794 4226 1925 4281 foris
1949 4224 2134 4278 viden-

567 4349 673 4395 tur.
719 4335 826 4390 Sed
868 4347 974 4388 non
1011 4327 1420 4384 manifestantur
1454 4323 1509 4378 in
1542 4335 1695 4392 pace,
1718 4317 1824 4372 nisi
1849 4322 2132 4385 postquam

566 4426 863 4485 surrexerit
888 4437 1061 4494 pugna
1088 4417 1355 4489 perﬁdia},
1383 4423 1444 4469 ut
1478 4412 1741 4481 Propheta
1774 4408 1851 4462 ait
1883 4424 1896 4460 :
1934 4405 2001 4461 In
2048 4403 2132 4456 die

568 4519 830 4577 mandavit
858 4515 1111 4570 Dominus
1151 4506 1562 4564 misericordiam
1604 4517 1783 4566 suam,
1810 4509 1857 4554 et
1892 4500 1949 4552 in
1991 4505 2135 4550 nocte

569 4608 852 4665 declarabit
883 4602 1053 4678 (Psal.
1078 4599 1278 4668 xu,9).
1307 4597 1431 4652 Dies
1456 4592 1741 4664 aliquando
1764 4590 1817 4643 in
1843 4584 2138 4655 Scripturis

570 4698 740 4756 sacris
784 4710 883 4765 pro
895 4676 1264 4763 'prOSperitate
1290 4686 1524 4757 ponitur,
1552 4698 1655 4737 nox
1687 4694 1816 4734 vero
1841 4693 1940 4748 pro
1968 4676 2139 4731 tribu-

573 4790 771 4845 latione
822 4779 1227 4854 persecutionis.
1281 4777 1432 4831 Tunc
1473 4772 1616 4829 servi
1670 4770 1765 4825 Dei
1799 4768 2141 4824 declarantur

571 4896 669 4953 per
691 4877 869 4939 ﬁdem,
883 4887 1005 4929 cum
1027 4867 1266 4925 haeretici
1287 4863 1550 4935 eruperint
1570 4862 1803 4916 haereses
1823 4855 2135 4925 praedicare.

575 4945 641 5027 Et
666 4968 788 5024 inde
811 4960 1102 5035 Apostolus
1133 4958 1208 5013 ait
1247 4975 1261 5011 :
1301 4954 1511 5026 Oportet
1539 4954 1778 5012 Iucreses,
1799 4949 1937 5002 intra
1959 4945 2142 5001 Eccle-

572 5061 730 5124 siam,
759 5072 888 5120 esse,
910 5063 965 5108 ut
998 5048 1202 5123 probati
1244 5044 1503 5114 manifesti
1539 5042 1692 5111 ﬁant.
1745 5038 1896 5094 Tunc
1951 5038 2140 5091 catho-

575 5153 663 5209 lici
704 5146 972 5205 manifesti
1009 5142 1333 5213 probantur,
1369 5151 1492 5193 cum
1528 5135 1596 5189 ab
1632 5133 1712 5189 eis
1739 5146 1867 5186 vera
1893 5129 2025 5184 ﬁdes
2049 5129 2142 5184 de-

578 5239 835 5297 fenditur.

643 5327 821 5386 LXIII.
862 5323 1001 5392 Quid
1046 5329 1130 5375 est
1176 5316 1511 5375 catholicus?
1555 5312 1657 5380 Qui
1704 5306 1979 5380 nunquam
2038 5306 2142 5363 fuit

575 5419 880 5481 haereticus.
926 5412 1223 5468 llmreticus
1263 5416 1445 5461 tamen
1488 5420 1520 5459 a
1562 5418 1728 5475 parva
1755 5400 1980 5455 infantia
2010 5414 2146 5453 nun-

752 5508 867 5567 .fuit
892 5503 1207 5565 catholicus,
1236 5499 1362 5568 quia
1389 5510 1664 5565 nunquam
1688 5493 1789 5549 fuit
1812 5507 1983 5563 purus
2007 5509 2020 5544 :
2051 5491 2146 5546 sed

752 5526 867 5567 ,ιωι
892 5526 1207 5565 οδιιιυιιυιιδ,
1236 5526 1362 5568 qua!
1390 5526 1664 5565 uuuquaru
1688 5526 1789 5549 ιιιιι
1813 5526 1983 5563 νυιιω
2008 5532 2020 5544 .
2051 5526 2143 5546 ουν

488 5526 942 5711 ΆἭΠΘ
987 5593 1290 5651 sanctitatis
1340 5598 1459 5645 erat
1504 5587 1784 5658 hypocrita
1842 5584 2143 5656 religiosus.

1003 5721 1150 5764 una:
1173 5703 1354 5777 gloria:
1381 5699 1625 5753 serviens.

902 5808 1093 6061 ι

2221 3221 2382 3317 quam
2423 3251 2527 3307 est,
2551 3250 2639 3295 aut
2667 3255 2774 3294 non
2820 3233 3124 3306 spirituales
3148 3229 3377 3292 fructus,
3408 3226 3502 3280 sed
3536 3221 3791 3278 adulteri-

2222 3351 2321 3390 nos
2345 3346 2585 3402 quierere
2606 3329 2777 3383 laudis
2802 3327 3066 3388 humanae,
3096 3322 3222 3391 quia
3252 3317 3539 3373 sinceriter
3570 3328 3678 3367 non
3718 3310 3790 3362 lo-

2223 3401 2426 3496 quitur.
2456 3424 2536 3476 Ex
2570 3420 2880 3475 sinceritate
2923 3429 3054 3469 vero
3098 3410 3265 3480 loqui,
3301 3415 3385 3463 est
3418 3405 3553 3460 nihil
3588 3404 3644 3457 in
3685 3401 3793 3455 elo—

2223 3515 2411 3584 quium
2447 3525 2607 3581 quam
2648 3515 2914 3577 oporteat,
2956 3516 3200 3574 quaerere
3223 3540 3239 3564 ,
3291 3498 3387 3552 sed
3437 3497 3543 3551 hoc
3580 3502 3787 3575 tantum

2224 3609 2367 3679 quod
2390 3624 2420 3661 a
2442 3607 2553 3661 Deo
2587 3604 2890 3659 institutum
2936 3570 3038 3656 est.
3069 3598 3221 3652 Sicut
3253 3610 3321 3650 ex
3362 3594 3474 3648 Deo
3516 3570 3697 3645 autem
3720 3588 3791 3641 lo-

2225 3702 2425 3771 quitur,
2457 3699 2548 3767 qui
2576 3697 2679 3751 scit
2698 3710 2805 3748 non
2838 3708 2897 3748 se
2919 3709 2949 3746 a
2973 3706 3030 3745 se
3052 3691 3270 3752 habere,
3298 3686 3392 3740 sed
3419 3699 3488 3740 ex
3516 3684 3625 3738 Deo
3649 3694 3796 3734 acce-

2226 3791 2387 3860 pisse,
2418 3789 2560 3858 quod
2598 3786 2746 3841 dicit.
2773 3783 2966 3839 Coram
3006 3782 3116 3836 Deo
3148 3794 3275 3833 vero
3318 3777 3578 3846 loquitur,
3620 3773 3713 3844 qui
3742 3772 3792 3824 in

2226 3894 2387 3933 omne
2423 3876 2565 3947 quod
2590 3876 2740 3937 dicit,
2786 3889 2892 3928 non
2920 3873 3182 3926 humanos
3208 3868 3424 3922 favores
3453 3865 3678 3934 appetit,
3705 3861 3795 3917 sed

2227 3964 2611 4035 omnipotentis
2636 3963 2726 4017 Dei
2754 3959 3147 4031 praescientiam
3185 3956 3447 4020 intendit;
3492 3969 3600 4007 non
3625 3966 3792 4015 suam,

2230 4058 2323 4111 sed
2358 4054 2607 4109 Auctoris
2633 4052 2856 4122 gloriam
2894 4049 3143 4117 requirit.

2304 4148 2480 4202 LXIV.
2506 4145 2607 4212 Qui
2634 4152 2814 4198 autem
2854 4142 2956 4195 scit
2979 4139 3195 4208 quidem
3219 4152 3282 4191 ex
3305 4136 3418 4189 Deo
3443 4148 3502 4188 se
3530 4132 3796 4200 accepisse

2230 4238 2373 4307 quod
2404 4237 2553 4298 dicit,
2582 4244 2636 4289 et
2670 4242 2848 4288 tamen
2892 4230 3116 4285 dicendo
3154 4228 3424 4296 propriam
3462 4223 3687 4293 gloriam
3714 4237 3798 4274 ac-

2232 4329 2419 4407 quirit,
2452 4326 2593 4380 sicut
2620 4341 2683 4378 ea:
2716 4323 2822 4376 Deo
2865 4320 3113 4389 loquitur,
3135 4326 3190 4372 et
3214 4331 3320 4369 non
3352 4329 3531 4368 coram
3557 4312 3667 4366 Deo
3696 4310 3712 4379 (
3736 4307 3797 4362 11

2235 4405 2357 4473 Cor.
2394 4434 2453 4482 ιι,
2499 4415 2620 4485 l7),
2670 4412 2793 4482 quia
2822 4425 2964 4474 eum,
2998 4422 3154 4477 quem
3200 4405 3350 4460 cordi
3404 4418 3504 4457 suo
3544 4417 3650 4457 non
3682 4416 3805 4469 pro-

2236 4507 2388 4576 ponit
2422 4520 2545 4560 cum
2592 4502 2882 4572 praedicat,
2932 4497 3089 4567 quasi
3141 4498 3421 4551 absentem
3472 4500 3646 4562 putat.
3700 4490 3805 4543 Sed

2235 4597 2409 4652 sancti
2435 4596 2535 4649 viri
2557 4603 2611 4647 et
2640 4609 2709 4647 ex
2738 4593 2847 4646 Deo
2886 4590 3179 4658 loquuntur
3203 4594 3257 4641 et
3291 4600 3473 4640 coram
3524 4583 3651 4645 Deo,
3682 4581 3805 4648 quia

2235 4687 2385 4742 etab
2422 4700 2487 4739 eo
2529 4698 2646 4737 sese
2673 4681 2853 4735 sciunt
2882 4679 3082 4733 habere
3119 4674 3260 4744 quod
3298 4673 3506 4734 dicunt,
3549 4678 3606 4723 et
3634 4670 3805 4736 ipsum

2236 4778 2348 4833 suis
2374 4775 2710 4831 sermonibus
2749 4771 2940 4824 adesse
2957 4766 3190 4835 judiccm
3220 4772 3604 4828 auctoremque
3632 4757 3809 4813 consi-

2237 4867 2448 4922 derant.
2477 4862 2629 4918 Unde
2651 4862 2711 4914 ﬁt
2739 4869 2797 4913 ut
2828 4874 2951 4912 cum
2989 4870 3047 4911 se
3077 4873 3107 4909 a
3137 4853 3397 4923 proximis
3419 4849 3621 4919 despici
3650 4862 3811 4915 agno-

2239 4966 2416 5020 scunt,
2446 4968 2651 5024 suaque
2675 4953 2783 5006 vita
2827 4952 2970 5005 dicta
3016 4948 3345 5003 audientium
3375 4946 3500 4997 vita:
3529 4957 3639 4997 non
3681 4955 3780 5009 pro

2239 5049 2415 5110 desse,
2442 5043 2777 5099 abscondunt
2803 5042 3017 5109 Quanta:
3047 5039 3263 5092 virtutis
3289 5045 3431 5097 sunt,
3462 5051 3531 5088 ne
3557 5034 3602 5087 si
3638 5046 3811 5086 secre-

2241 5146 2353 5191 tum
2389 5136 2569 5191 cordis
2616 5132 2878 5187 inutiliter
2930 5144 3108 5184 sermo
3155 5129 3412 5196 probatus
3464 5123 3697 5192 aperiat,
3746 5119 3811 5172 ad

2241 5228 2455 5281 inanem
2497 5224 2719 5294 gloriam
2763 5225 3095 5288 prorumpat.
3125 5216 3207 5270 Ab
3233 5216 3315 5269 his
3344 5228 3488 5267 nunc
3515 5208 3814 5265 detrahitur

2241 5316 2504 5378 Ecclesia,
2531 5315 2656 5383 quia
2680 5327 2787 5365 non
2813 5309 3108 5380 cognoscit.
3132 5307 3208 5360 De
3250 5306 3443 5373 quibus
3479 5302 3737 5356 Dominus
3762 5299 3814 5352 in

2244 5404 2532 5472 Evangelio
2557 5401 2730 5457 dixit:
2760 5399 2819 5453 Si
2861 5415 2941 5452 me
2981 5396 3234 5466 persecuti
3264 5404 3404 5455 sunt,
3438 5403 3488 5446 et
3521 5408 3607 5445 ros
3646 5404 3817 5459 pene-

2242 5508 2485 5568 quen:ur.
2522 5493 2590 5546 Et
2616 5492 2723 5544 alio
2774 5489 2895 5543 loco
2920 5503 2936 5542 :
2978 5486 3038 5542 Si
3060 5488 3115 5539 in
3146 5484 3300 5538 viridi
3329 5484 3429 5536 hoc
3473 5482 3579 5550 ﬁet,
3606 5477 3733 5548 quid
3762 5477 3816 5527 in

2247 5566 2442 5641 arido?
2469 5582 2576 5638 Sed
2599 5582 2722 5652 quia
2745 5580 2846 5635 hoc
2874 5578 3051 5633 fumus
3074 5584 3176 5642 est,
3207 5590 3310 5630 non
3333 5573 3511 5627 adhuc
3545 5571 3658 5640 ipse
3679 5566 3818 5635 ignis
