3992 6176
279 320 384 376 935

945 318 1216 374 IIETERII
1254 317 1340 371 ΕΤ
1382 316 1438 370 S.
1480 317 1680 371 BEATI
1719 317 1808 370 AD

1944 314 2243 371 [PANDUM
2280 316 2496 372 EPIST.
2538 348 2607 357 —
2642 317 2769 371 LIB.
2810 318 2849 371 Ι.

3392 323 3494 377 954

269 429 588 484 ostenditur.
617 427 804 483 Veniet
852 436 1075 498 tempus,
1116 429 1328 497 quando
1377 428 1694 482 catholicam
1736 429 1835 482 Ec—
1863 433 1912 491 Α
1939 427 2075 480 sicut
2095 427 2182 481 isti
2207 428 2408 491 dicunt,
2436 428 2529 482 sed
2554 428 2696 482 sicut
2722 443 2839 482 nos.
2868 428 2936 482 Et
2963 429 3266 486 obscuratus
3291 442 3362 487 est
3394 435 3494 502 sol,

270 519 490 573 clesiam
510 532 618 571 non
640 517 812 571 solum
840 517 1052 586 injustis
1077 517 1317 579 vocibus,
1345 517 1439 570 sed
1461 517 1621 570 etiam
1652 517 1836 570 crude-

269 607 412 660 libus
460 605 631 675 plagis
663 596 1067 675 persequentur.
1111 605 1194 659 Ab
1237 605 1558 659 adversariis
1605 621 1834 674 namque

269 695 382 750 suis
422 694 630 748 duobus
660 695 832 748 modis
876 694 1114 749 Ecclesia
1158 695 1585 764 persecutionem
1611 694 1829 763 patitur,

270 783 478 845 scilicet
506 789 598 835 aut
625 782 803 836 verbis
825 791 915 836 aut
945 783 1153 852 gladiis.
1189 781 1294 836 Sed
1334 798 1455 835 cum
1493 782 1672 836 verbis
1713 798 1835 851 per-

268 874 600 928 secutionem
621 873 866 935 sustinet,
891 874 1191 927 ostenditur
1211 888 1486 927 servorum
1508 873 1601 926 Dei
1625 873 1836 942 sapien-

268 965 365 1016 tia.
400 963 534 1018 Cum
575 977 702 1016 vero
746 962 954 1031 gladiis,
995 962 1294 1016 ostenditur
1326 977 1513 1016 eorum
1552 961 1829 1029 patientia.

261 1054 377 1107 Sed
403 1054 682 1107 verborum
705 1053 1102 1121 persecutiones
1125 1053 1190 1106 ab
1218 1052 1483 1105 haereticis
1505 1068 1646 1106 nunc
1675 1051 1836 1104 etiam

271 1143 510 1212 quotidie
536 1141 842 1205 toleramus,
871 1157 990 1197 cum
1026 1142 1127 1210 ipsi
1167 1141 1399 1195 haeretici
1423 1141 1576 1195 nobis
1613 1142 1834 1195 subdola

270 1240 325 1284 et
358 1231 492 1284 falsa
531 1231 833 1285 humilitate
865 1231 1225 1286 blandiuntur.
1263 1231 1668 1286 Persecutiones
1707 1247 1835 1286 vero

273 1320 572 1389 gladiorum
588 1319 741 1387 juxta
765 1319 924 1374 ﬁnem
951 1321 1135 1374 mundi
1178 1328 1441 1375 secuturae
1469 1329 1611 1374 sunt.
1659 1321 1836 1375 Grana

274 1411 583 1466 cmlestibns
623 1413 834 1466 horreis
877 1411 1212 1466 recondenda
1239 1418 1390 1466 tanto
1419 1411 1599 1465 verius
1642 1427 1671 1464 a
1715 1427 1839 1481 pec-

275 1511 517 1554 catorum
562 1499 730 1570 paleis
781 1510 1070 1566 exuuntur,
1106 1510 1305 1570 quanto
1350 1500 1550 1554 arctius
1599 1500 1840 1570 aﬁligun-

272 1599 378 1642 tur.
409 1589 558 1644 Tunc
593 1589 838 1644 ctelestes
861 1605 1048 1645 omnes
1087 1591 1178 1658 qui
1224 1591 1279 1644 in
1312 1589 1402 1642 illa
1437 1588 1637 1643 fuerint
1667 1590 1837 1644 tribu-

275 1681 472 1735 latione
508 1681 898 1752 comprehensi,
929 1681 1354 1736 rccordabuntur
1385 1678 1589 1748 justum
1631 1688 1842 1750 tempus

1933 525 1979 566 et
2001 531 2093 568 aer
2122 514 2186 567 de
2206 515 2350 583 fumo
2375 517 2535 584 putei.
2579 516 2669 570 Sol
2693 526 2746 571 et
2772 532 2866 570 aer
2911 518 3148 574 Ecclesia
3173 529 3273 586 est,
3303 523 3367 576 de
3393 539 3496 591 qua

1933 604 2135 657 dictum
2178 611 2261 658 est
2309 621 2320 656 :
2364 604 2545 658 Electa
2587 615 2642 658 ut
2671 606 2769 668 sol,
2824 607 3068 661 terribilis
3106 623 3161 661 ut
3211 622 3499 666 castrorum

1933 693 2068 745 acies
2093 693 2696 748 ordinata.0bscuratnr
2718 695 2796 748 sol
2817 695 2882 750 de
2917 697 3062 750 fumo
3091 700 3255 766 putei,
3284 703 3496 768 quando

1932 781 1988 834 hi
2020 781 2109 848 qui
2155 782 2221 834 de
2253 781 2488 835 Ecclesia
2533 784 2819 846 recedunt,
2873 785 3156 840 hmreticos
3187 788 3495 843 defendunt.

1936 868 2084 922 Sicut
2131 869 2325 937 fumus,
2375 871 2567 938 inquit,
2598 888 2798 941 magna:
2844 872 3093 940 fornacis.
3126 875 3326 930 Fumus
3354 879 3497 931 enim

1935 958 2114 1027 ignem
2151 961 2323 1028 praeit.
2352 962 2419 1014 Et
2453 963 2581 1029 quid
2609 972 2693 1017 est
2738 963 2891 1032 ignis,
2939 967 3042 1020 nisi
3077 968 3235 1022 homo
3271 971 3494 1036 peccati,

1937 1048 2078 1102 ﬁlius
2098 1051 2426 1118 perditionis,
2450 1052 2854 1107 Antichristus?
2886 1056 2954 1109 Et
2993 1058 3121 1125 quid
3164 1057 3363 1125 fumus,
3397 1062 3500 1116 nisi

1937 1137 1992 1190 hi
2028 1138 2261 1192 ministri
2311 1141 2583 1194 haeretici?
2633 1143 2765 1206 Quia
2826 1155 3112 1212 antequam
3171 1148 3309 1217 ignis
3346 1166 3504 1219 appa-

1939 1236 2080 1290 reat,
2137 1226 2315 1282 fumus
2359 1231 2698 1284 tenebrarum
2741 1231 2854 1300 ejus
2912 1244 3120 1290 mentes
3165 1238 3501 1295 inﬁrmorum

1939 1319 2216 1372 hominum
2240 1329 2424 1375 cacat.
2461 1320 2567 1375 Sed
2592 1329 2733 1377 nunc
2759 1338 2822 1376 ex
2865 1323 2981 1392 ipso
3016 1325 3162 1382 fumo
3181 1327 3292 1396 jam
3319 1341 3503 1399 aperte

1938 1407 2072 1464 foris
2098 1410 2299 1478 aliquid
2328 1412 2566 1466 videmus
2591 1414 2756 1478 exire,
2785 1429 2904 1468 cum
2939 1414 3074 1469 dixit
3100 1432 3113 1469 :
3145 1418 3212 1471 Et
3255 1435 3318 1472 ea:
3355 1421 3499 1489 fumo

1939 1498 2079 1566 putei
2108 1500 2341 1551 exierunt
2385 1499 2596 1553 locusta:
2626 1501 2679 1553 in
2723 1513 2881 1554 terra.
2931 1503 3176 1561 Locustae
3205 1508 3331 1574 quid
3356 1519 3498 1574 sunt,

1941 1587 2045 1640 nisi
2071 1589 2351 1643 multitudo
2376 1589 2591 1658 p0puli?
2627 1591 2730 1658 Ipsi
2773 1592 3022 1646 dicuntur
3058 1595 3292 1658 locustae,
3323 1599 3504 1666 ipsiet

1944 1687 2106 1732 terra.
2137 1679 2380 1734 Locusta:
2428 1695 2524 1748 pro
2576 1682 2872 1737 mobilitate
2915 1683 3148 1739 levitatis
3181 1688 3505 1757 accipiendae

274 1786 329 1840 in
371 1783 476 1837 quo
501 1784 642 1822 nunc
667 1768 905 1822 Ecclesia
931 1769 1053 1823 ﬁdei
1107 1783 1294 1838 pacem
1338 1776 1484 1822 tenet
1524 1774 1578 1821 et
1611 1769 1839 1836 superba
1874 1767 1915 1824 Β
1942 1776 2086 1832 sunt,
2108 1775 2362 1837 tanquam
2389 1784 2534 1838 vagae
2556 1777 2610 1823 ct
2645 1770 2895 1826 salientes
2916 1775 3107 1827 animae
3147 1775 3200 1828 in
3223 1775 3378 1843 hujus
3406 1792 3505 1831 sae-

273 1860 651 1914 haereticorum
689 1859 825 1914 colla
876 1859 1066 1925 calcat,
1099 1874 1205 1916 non
1249 1866 1528 1928 potentatu
1573 1857 1842 1924 culminis,

269 1953 365 2004 sed
382 1949 511 2020 jngo
539 1950 782 2004 rationis.

343 2041 503 2096 LXV.
533 2041 827 2095 Iltereticus
853 2049 1030 2094 tamen
1052 2039 1454 2111 Scripturarum
1474 2057 1580 2096 non
1607 2040 1734 2094 facit
1758 2056 1846 2094 ra-

260 2131 491 2193 ‘tionem,
541 2131 635 2184 sed
663 2145 782 2184 cum
813 2130 1123 2200 potentibus
1163 2131 1344 2186 saeculi
1393 2131 1686 2184 Ecclesiam
1729 2131 1845 2184 vin-

269 2235 396 2272 cere
425 2220 634 2288 quierit.
668 2218 776 2273 Sed
820 2220 1022 2273 veritas
1063 2219 1273 2290 fatigari
1306 2227 1502 2289 potest,
1546 2220 1686 2273 vinci
1737 2235 1842 2274 non

270 2316 466 2377 potest.
514 2308 572 2362 In
616 2316 851 2362 mentem
891 2309 1163 2363 habebunt
1203 2309 1342 2363 servi
1383 2309 1475 2361 Dei
1505 2316 1631 2362 tunc
1657 2308 1709 2361 in
1752 2309 1843 2362 illo

272 2402 396 2468 igne
439 2399 826 2467 persecutionis
855 2399 1210 2461 Antichristi,
1268 2399 1359 2467 qui
1410 2414 1552 2452 nunc
1594 2398 1646 2451 in
1697 2396 1843 2452 fumo

271 2487 442 2556 ipsius
497 2487 654 2556 ignis,
691 2487 831 2555 quod
883 2496 1006 2541 sunt
1047 2487 1310 2551 haeretici,
1369 2487 1421 2541 in
1475 2487 1578 2540 ﬁde
1623 2485 1839 2540 Patrum

270 2577 470 2631 fuerint
495 2578 739 2648 plantati.
767 2579 840 2632 De
865 2593 970 2646 quo
1001 2577 1145 2632 fumo
1185 2586 1239 2632 et
1274 2577 1395 2648 igne
1422 2578 1476 2630 in
1519 2577 1838 2648 Apocalypsi

270 2667 472 2720 dicitur
497 2683 510 2721 :
539 2666 609 2719 Et
629 2667 838 2736 quintus
871 2666 1084 2736 angelus
1113 2667 1236 2720 tuba
1262 2668 1464 2720 cecinit.
1493 2667 1556 2720 Et
1584 2667 1685 2721 ridi
1719 2667 1842 2720 810l—

263 2755 380 2806 lam
406 2753 530 2807 caelo
561 2755 803 2807 cecidisse
819 2756 874 2807 in
894 2763 1103 2817 terram,
1133 2763 1180 2807 et
1219 2755 1345 2806 data
1371 2766 1444 2808 est
1470 2755 1517 2807 ei
1561 2754 1719 2809 clavis
1744 2772 1841 2825 pu-

271 2848 345 2899 tei
368 2846 557 2914 abyssi.
590 2844 660 2898 Et
688 2846 888 2915 aperuit
912 2855 1122 2914 puteum
1161 2845 1352 2914 abyssi.
1381 2845 1447 2898 Et
1482 2847 1712 2899 ascendit
1750 2847 1838 2916 fu-

271 2952 391 2987 mus
442 2935 505 2987 de
544 2944 695 3004 puteo
726 2950 744 2987 :
789 2935 940 3004 quasi
979 2934 1154 2999 fumus
1219 2951 1424 3004 magna:
1476 2935 1740 3004 fornacis,
1790 2947 1838 2991 et

271 3024 576 3076 obscuratus
600 3031 672 3076 est
695 3022 792 3087 sol,
841 3030 889 3075 et
927 3038 1017 3075 aer
1039 3022 1102 3074 de
1124 3021 1268 3090 fumo
1290 3024 1452 3092 putei.
1487 3023 1557 3077 Et
1594 3041 1657 3077 ea:
1692 3025 1837 3093 fumo

1947 1857 2052 1912 culi
2082 1859 2402 1928 voluptates.
2434 1860 2496 1912 In
2519 1870 2708 1913 terram
2735 1863 2989 1929 exierunt,
3013 1865 3135 1932 quia
3167 1873 3377 1922 terrena
3420 1885 3506 1923 sa-

1944 1944 2116 2012 piunt,
2142 1961 2246 1999 non
2290 1947 2550 2000 cmlestia.
2597 1946 2820 2016 Semper
2872 1950 3015 2002 enim
3046 1952 3280 2007 hazretici
3326 1955 3507 2011 saeculi

1944 2035 2289 2089 securitatem
2339 2036 2690 2104 promittunt,
2742 2046 2794 2090 et
2844 2037 2967 2092 inde
3014 2047 3222 2095 terrena
3269 2045 3503 2112 sapiunt.

1944 2121 2185 2177 Ecclesia
2223 2139 2352 2177 vero
2380 2123 2510 2177 nulli
2551 2125 2893 2179 securitatem
2919 2129 3204 2196 promittit,
3231 2131 3316 2184 cui
3346 2141 3507 2201 caput

1943 2211 2084 2264 viam
2111 2213 2483 2266 amaritudinis
2520 2215 2780 2276 ostendit,
2828 2216 2918 2283 qui
2953 2219 3246 2284 praecessit.
3277 2220 3506 2275 Proinde

1941 2300 2135 2354 cmlum
2165 2301 2377 2366 dicitur,
2416 2302 2538 2370 quia
2564 2304 2801 2357 coelestia
2823 2306 2980 2372 sapit,
3008 2322 3112 2360 non
3140 2323 3259 2376 quae
3285 2319 3495 2365 terrena

1941 2400 2104 2455 sunt,
2143 2393 2432 2446 secundum
2462 2393 2771 2460 Apostolum
2821 2396 2912 2464 qui
2963 2397 3135 2450 dicit:
3185 2396 3246 2452 Si
3289 2417 3506 2454 consur-

1943 2481 2147 2533 rexistis
2187 2497 2302 2533 cum
2347 2479 2571 2545 Christo,
2607 2497 2722 2551 qua:
2749 2500 2958 2536 sursum
3006 2494 3125 2538 sunt
3159 2488 3352 2556 sapite,
3401 2506 3505 2544 non

1939 2583 2055 2636 qua:
2084 2583 2237 2637 super
2273 2577 2484 2620 terram.
2539 2568 2736 2622 Μονιαί
2764 2572 2900 2624 enim
2940 2575 3085 2637 estis,
3122 2584 3168 2627 et
3208 2576 3311 2630 vita
3341 2587 3504 2631 vestra

1940 2657 2242 2710 abscondita
2269 2665 2342 2710 est
2367 2673 2483 2710 cum
2510 2656 2714 2712 Christo
2756 2661 2812 2713 in
2837 2661 2966 2715 Deo.
2992 2662 3108 2718 Non
3138 2665 3277 2720 sicut
3315 2681 3504 2734 pecca-

1943 2744 2044 2797 tori
2068 2745 2268 2798 dictum
2308 2753 2391 2799 est
2437 2763 2449 2797 :
2495 2745 2654 2799 Terra
2677 2763 2749 2811 es,
2784 2758 2831 2802 et
2871 2747 3303 2807 in‘terram'ibis.
3351 2755 3503 2821 Quod

1940 2833 2135 2888 ccclum
2169 2833 2408 2888 Ecclesia
2436 2845 2540 2890 est.
2589 2828 2855 2905 Propheta
2891 2847 3206 2908 attestante,
3251 2845 3342 2913 qui
3388 2849 3500 2902 ait:

1941 2922 2008 2977 In
2055 2933 2341 2988 wternum,
2389 2924 2642 2991 Domine,
2696 2939 2959 2998 permanet
3012 2928 3226 2985 Verbum
3269 2945 3415 2988 tuum
3449 2938 3504 2991 in

1940 3010 2084 3075 caelo,
2113 3012 2167 3066 id
2191 3022 2272 3067 est
2304 3014 2358 3066 in
2405 3013 2640 3070 Ecclesia
2687 3031 2701 3069 :
2736 3017 2788 3070 in
2834 3034 2935 3086 qua
2961 3031 3235 3088 permanet
3274 3025 3505 3080 Verbum

271 3113 414 3182 putei
461 3114 695 3165 exierunt
753 3111 966 3164 locusta:
1018 3112 1074 3164 in
1130 3121 1367 3165 terram:
1397 3121 1443 3164 et
1487 3112 1611 3166 data
1642 3123 1716 3166 est
1764 3115 1838 3167 eis
1868 3095 1912 3156 Ο
1944 3103 2139 3170 Patris.
2189 3107 2314 3174 (lilia
2358 3122 2463 3161 non
2515 3109 2867 3176 perambulat,
2898 3127 3002 3164 non
3051 3116 3362 3181 pertransit,
3411 3118 3503 3172 sed

271 3209 518 3268 potestas,
548 3201 682 3254 sicut
704 3198 889 3253 habent
914 3207 1216 3267 potestatem
1252 3199 1441 3269 scorpii
1480 3209 1632 3253 terra:
1656 3199 1838 3271 (Apoc.

273 3304 355 3350 ix,
392 3289 524 3360 1-5).
574 3288 754 3350 Stella,
803 3303 964 3357 quam
1007 3289 1138 3344 dicit
1187 3290 1251 3344 de
1294 3289 1430 3343 cmlo
1480 3290 1737 3344 cecidisse
1787 3290 1842 3343 in

276 3389 511 3444 terram,
560 3380 938 3448 praedicatores
981 3389 1104 3435 sunt
1146 3381 1382 3435 haeretici
1425 3382 1745 3448 quiescunt
1779 3382 1844 3436 de

276 3469 539 3522 Ecclesia.
579 3469 782 3524 Caelum
810 3469 911 3524 hoc
938 3470 1056 3524 loco
1082 3470 1320 3526 Ecclesia
1351 3470 1564 3524 dicitur.
1605 3471 1672 3524 Et
1717 3471 1844 3539 quia

278 3560 574 3628 hypocrita:
617 3567 775 3614 erunt
817 3568 871 3614 et
909 3562 1249 3616 sanctitatem
1301 3562 1648 3624 simulabunt,
1694 3561 1845 3614 stella

279 3649 641 3702 nominantur.
670 3651 734 3704 Et
758 3652 883 3719 quia
912 3651 1052 3704 inter
1081 3666 1137 3704 se
1176 3651 1229 3704 in
1257 3650 1636 3719 praedicatione
1678 3666 1846 3703 unum

278 3751 497 3795 sensum
527 3740 722 3794 habere
745 3756 849 3794 non
877 3748 1114 3809 possunt,
1143 3740 1235 3794 sed
1259 3755 1445 3794 omnes
1477 3747 1662 3794 contra
1685 3755 1846 3792 unam

276 3827 579 3884 Ecclesiam
625 3829 720 3882 Dei
763 3830 1087 3897 conspirant,
1129 3844 1234 3882 una
1279 3828 1432 3884 stella
1477 3829 1693 3894 dicitur,
1729 3843 1847 3896 quae

275 3918 468 3974 multa:
489 3927 633 3972 sunt.
664 3919 739 3971 De
765 3918 958 3986 quibus
998 3917 1168 3971 stellis
1192 3931 1287 3986 per
1312 3915 1411 3972 Job
1455 3918 1653 3971 dicitur
1685 3932 1698 3971 :
1743 3917 1846 3971 0b-

275 4017 556 4064 scurenlur
597 4007 758 4062 stellae
806 4006 1024 4077 caligine
1057 4007 1188 4075 ejus.
1229 4007 1286 4061 Id
1334 4015 1416 4061 est
1448 4006 1716 4070 haeretici,
1753 4008 1845 4076 qui

278 4107 441 4154 erunt
462 4100 780 4169 hypocritae;
807 4106 860 4152 et
886 4107 1008 4153 ante
1030 4099 1291 4153 humanos
1313 4098 1495 4154 oculos
1514 4100 1667 4168 quasi
1692 4100 1846 4154 bonis

268 4189 535 4257 operibus
577 4188 875 4258 splendent,
907 4189 1110 4242 malitia
1151 4190 1354 4257 antiqui
1403 4189 1572 4243 hostis
1618 4191 1845 4244 obscura

281 4277 572 4344 prievaleat
609 4294 620 4329 :
655 4285 709 4330 et
757 4277 877 4341 hoc,
912 4278 1055 4346 quod
1089 4285 1212 4330 ante
1247 4279 1478 4331 humana
1516 4279 1715 4347 judicia
1749 4279 1846 4332 ful-

267 4369 458 4435 gebat,
491 4367 668 4422 lumen
699 4369 872 4423 laudis
887 4369 1173 4437 deponant.
1189 4369 1427 4440 Caligine
1456 4371 1650 4439 quippe
1673 4370 1846 4424 noctis

281 4455 655 4521 obscurantur,
693 4472 814 4511 cum
843 4473 1027 4512 eorum
1074 4473 1237 4528 prava
1265 4459 1505 4513 doctrina
1549 4466 1735 4527 aperto
1761 4475 1847 4512 er-

283 4559 408 4598 rore
441 4544 817 4600 confunditur:
857 4555 916 4600 ut
939 4547 1053 4602 sine
1080 4548 1240 4602 dubio
1271 4548 1402 4602 tales
1440 4548 1602 4602 etiam
1630 4547 1760 4602 foris
1796 4548 1850 4600 in

283 4635 496 4688 actione
520 4644 829 4704 appareant,
863 4637 1046 4704 quales
1089 4638 1228 4705 apud
1252 4639 1567 4705 semetipsos
1602 4638 1744 4690 intus
1772 4638 1852 4690 di-

281 4726 410 4778 vino
439 4741 628 4793 parere
664 4724 867 4792 judicio
894 4741 998 4780 non
1036 4725 1344 4780 formidant.

357 4833 536 4887 LXVI.
568 4834 635 4887 Et
663 4835 786 4888 data
816 4845 890 4889 est
911 4837 956 4888 ei
981 4835 1138 4889 clavis
1171 4836 1312 4906 putei
1353 4836 1544 4905 abyssi.
1586 4836 1852 4906 Abyssum

279 4923 514 4977 dicimus
547 4932 764 4992 puteum
793 4964 807 4987 ,
858 4925 948 4979 ubi
1006 4923 1134 4977 solis
1185 4924 1365 4976 lumen
1411 4938 1516 4976 non
1565 4924 1849 4992 spargitur.

281 5012 524 5082 Abyssns
575 5023 657 5067 est
709 5022 914 5067 secreta
970 5013 1146 5066 cordis
1207 5027 1420 5074 eorum,
1491 5019 1551 5064 ut
1596 5013 1854 5081 quidquid

283 5105 436 5158 intus
485 5103 649 5156 lateat
691 5104 911 5156 minime
953 5109 1328 5172 cognoscatur,
1357 5101 1458 5153 nisi
1499 5114 1595 5168 per
1633 5101 1852 5167 januam

282 5196 479 5265 lingua:
527 5193 929 5258 manifestetur,
976 5202 1034 5246 ut
1075 5193 1142 5246 ab
1180 5192 1428 5246 omnibus
1451 5191 1727 5246 catholicis
1765 5206 1855 5243 co-

283 5294 594 5358 gnoscatur.
615 5284 792 5338 Clavis
824 5285 969 5353 putei
1014 5282 1193 5352 abyssi
1222 5289 1304 5335 est
1331 5282 1442 5349 ipsa
1471 5279 1848 5334 manifestatio.

288 5377 357 5430 Et
383 5377 584 5446 aperuit
633 5384 843 5444 puteum
874 5373 1062 5442 abyssi,
1110 5373 1165 5425 id
1202 5379 1303 5434 est,
1352 5368 1714 5423 manifestavit
1760 5383 1855 5422 cor

287 5483 464 5530 suum,
489 5476 544 5521 et
585 5467 701 5521 sine
742 5465 848 5518 ulla
893 5462 1213 5519 verecundia
1238 5469 1423 5516 contra
1466 5462 1756 5516 Ecclesiam
1801 5461 1854 5514 in

288 5559 593 5628 superbiam
629 5557 820 5623 surgit,
870 5562 924 5608 et
963 5553 1397 5622 praedicationem
1427 5552 1678 5606 Ecclesiae
1724 5566 1854 5605 con—

295 5648 502 5715 temnit,
529 5657 584 5704 et
630 5647 882 5704 obscurat
923 5645 1029 5711 ita,
1076 5651 1134 5698 ut
1176 5643 1426 5700 dicatur:
1456 5642 1572 5698 Non
1622 5649 1704 5698 est
1754 5641 1852 5706 sic,

1878 4427 1926 4486 D

1941 3204 2217 3262 permanet
2246 3203 2300 3248 et
2333 3197 2557 3251 habitat.
2581 3198 2680 3264 Qui
2712 3200 2941 3253 Verbum
2978 3216 3102 3255 caro
3128 3202 3326 3256 factum
3350 3202 3507 3259 Jcsus

1942 3284 2189 3339 Christus
2214 3285 2382 3340 Filius
2437 3286 2528 3340 Dei
2576 3288 2783 3351 unicus,
2817 3293 2870 3340 et
2905 3288 3128 3357 virginis
3174 3290 3351 3344 Mariae
3401 3303 3503 3346 est.

1944 3375 2094 3430 Unde
2120 3391 2260 3428 nunc
2280 3376 2502 3428 intentio
2528 3384 2628 3430 est.
2655 3377 2720 3428 Et
2753 3378 2878 3444 quia
2903 3393 2969 3430 ex
3007 3387 3231 3446 utraque
3261 3381 3507 3434 substan-

1943 3467 2018 3519 tia
2047 3467 2238 3519 unicus
2263 3465 2357 3519 Dei
2391 3466 2566 3520 Patris
2598 3475 2698 3520 est.
2730 3465 2796 3518 Et
2825 3466 2908 3519 lea:
2949 3476 2996 3519 et
3025 3467 3358 3539 Evangelium
3402 3473 3506 3527 duo

1943 3557 2059 3625 ejus
2087 3565 2406 3610 testamenta
2437 3565 2577 3622 sunt,
2630 3573 2750 3610 cum
2798 3557 3011 3627 legitur,
3060 3569 3113 3613 et
3146 3562 3213 3615 ab
3260 3563 3508 3618 omnibus

1942 3661 2078 3716 pene
2105 3646 2332 3710 auditur,
2367 3655 2421 3701 et
2463 3649 2530 3702 ab
2579 3648 2827 3702 omnibus
2872 3634 3116 3704 Christus
3160 3651 3420 3717 laudatur,
3453 3662 3509 3708 et

1945 3738 2154 3792 diversa
2183 3738 2249 3790 de
2283 3737 2496 3791 Christo
2529 3739 2775 3792 sentitur.
2819 3738 2886 3790 Et
2917 3739 3018 3793 hoc
3069 3740 3250 3794 dicunt
3291 3755 3408 3795 esse
3443 3744 3508 3798 de

1945 3828 2159 3882 Christo
2187 3829 2328 3897 quod
2355 3829 2598 3883 Christus
2623 3845 2726 3882 non
2755 3837 2856 3884 est.
2887 3829 3004 3898 Ipse
3028 3831 3169 3884 enim
3195 3846 3252 3884 se
3283 3847 3511 3901 sequen-

1947 3921 2089 3974 tibus
2131 3920 2265 3972 dixit
2308 3935 2322 3972 :
2367 3919 2468 3985 Qui
2516 3921 2902 3974 manducauerit
2947 3939 3155 3976 carnem
3215 3940 3414 3990 meam,
3460 3936 3509 3980 et

1947 4009 2127 4061 biberit
2159 4009 2462 4078 sanguinem
2509 4026 2717 4074 meum,
2759 4011 2813 4064 in
2854 4027 2933 4064 me
2979 4023 3187 4079 manet,
3237 4024 3284 4067 et
3326 4031 3417 4084 ego
3455 4019 3510 4071 in

1946 4099 2055 4152 illo.
2086 4099 2150 4151 Et
2171 4099 2275 4151 alio
2309 4099 2427 4153 loco
2449 4099 2575 4153 dicit
2600 4117 2612 4151 :
2640 4099 2751 4169 Ego
2779 4116 2893 4152 sum
2922 4102 3072 4169 panis
3122 4103 3289 4166 vivus,
3316 4104 3404 4172 qui
3446 4104 3510 4157 de

1947 4188 2070 4243 caelo
2098 4189 2356 4242 descendi.
2391 4188 2450 4243 Si
2472 4189 2586 4258 q..is
2612 4191 2813 4258 exjpso
2839 4189 3247 4254 manducauerit,
3273 4207 3375 4242 non
3403 4208 3512 4244 mo-

1948 4282 2112 4333 rietnr
2137 4281 2190 4332 in
2220 4290 2500 4344 (sternam;
2546 4279 2635 4332 sed
2664 4280 2867 4332 habebit
2918 4281 3073 4331 vitam
3126 4288 3393 4331 wternam.
3443 4280 3511 4332 Et

1949 4386 2071 4424 cum
2112 4371 2240 4424 dicit
2285 4386 2302 4421 :
2335 4369 2454 4421 Nisi
2489 4384 2708 4436 granum
2747 4368 2906 4420 tritici
2954 4366 3192 4420 ceciderit
3245 4367 3299 4419 in
3345 4375 3511 4434 terra,

1950 4466 2118 4532 ipsum
2147 4460 2313 4514 solum
2341 4468 2530 4511 manet.
2577 4457 2637 4512 Si
2689 4469 2860 4510 autem
2899 4458 3006 4525 ipse
3035 4456 3293 4520 ceciderit,
3321 4455 3511 4509 multos

1951 4553 2118 4607 salvos
2143 4552 2317 4619 faciet.
2352 4549 2464 4602 Hoc
2492 4556 2684 4612 totum,
2713 4548 2766 4601 id
2811 4555 2910 4610 est,
2944 4563 3069 4601 caro
3097 4556 3151 4600 et
3185 4548 3423 4617 sanguis,
3455 4556 3511 4602 et

1949 4643 2105 4713 panis
2132 4642 2194 4695 de
2217 4639 2372 4702 caelo,
2404 4648 2456 4692 et
2497 4653 2721 4708 granum
2755 4638 2917 4691 triti'ci
2955 4653 3119 4692 unum
3145 4646 3252 4701 est,
3278 4648 3334 4692 et
3371 4655 3513 4694 unus

1951 4738 2105 4802 panis
2150 4740 2249 4786 est.
2279 4731 2345 4784 Et
2373 4732 2513 4785 hunc
2549 4745 2742 4798 panem
2786 4729 3069 4782 manducat
3107 4729 3366 4784 Ecclesia.
3407 4730 3512 4784 Sed

1952 4825 2076 4893 quia
2103 4823 2298 4877 diversi
2335 4823 2542 4877 diversa
2573 4822 2801 4890 sapiunt,
2829 4821 3068 4874 diversos
3094 4835 3312 4887 sapores
3352 4823 3512 4874 habet

1953 4930 2074 4968 cum
2099 4914 2414 4968 comeditur.
2441 4913 2698 4966 Dominus
2723 4918 2904 4965 uoster
2923 4907 3080 4963 Jesus
3108 4908 3352 4963 Christus
3389 4926 3511 4980 gra-

1952 5022 2081 5060 num
2119 5005 2281 5059 tritici
2316 5004 2367 5057 in
2411 5011 2607 5057 terram
2634 5000 2890 5064 condidit,
2919 5007 2972 5053 et
2997 5014 3095 5053 nos
3118 4999 3505 5067 multiplicavit.

1955 5097 2060 5152 Sed
2100 5095 2238 5150 istud
2263 5109 2483 5163 granum
2512 5091 2764 5145 frumenti
2805 5089 3212 5158 pinguissimum
3241 5097 3352 5154 est;
3403 5104 3500 5143 ine-

1957 5187 2154 5241 dullam
2181 5185 2360 5246 habet,
2383 5183 2589 5262 adipem
2617 5180 2793 5241 habet,
2825 5178 3196 5247 pinguedinem
3223 5178 3400 5241 habet,
3425 5180 3514 5232 ha-

1957 5277 2048 5330 bet
2063 5277 2202 5329 intus
2216 5273 2356 5342 quod
2387 5286 2612 5340 quaeras.
2634 5267 2913 5322 Medullam
2929 5283 3156 5336 quaeres,
3171 5284 3288 5337 quae
3300 5270 3514 5338 pinguis

1954 5375 2057 5430 est,
2101 5374 2148 5418 et
2177 5363 2326 5432 adipe
2349 5359 2592 5429 frumenti
2617 5358 2772 5410 satiat
2799 5365 2866 5409 te.
2907 5355 3055 5410 Felix
3089 5367 3170 5411 est
3207 5359 3295 5426 qui
3321 5358 3373 5410 in
3400 5357 3512 5410 fru-

1955 5463 2134 5510 mento
2160 5454 2260 5506 isto
2288 5451 2496 5520 adipem
2521 5448 2785 5517 intelligit,
2814 5446 3095 5501 medullam
3124 5447 3376 5501 intuetur.
3416 5447 3513 5501 Le-

1955 5560 2140 5614 gamus
2163 5551 2378 5596 sanctas
2418 5539 2742 5608 Scripturas.
2783 5536 2921 5602 Quid
2946 5545 3030 5591 est
3055 5537 3217 5601 aliud,
3248 5537 3350 5590 nisi
3395 5551 3512 5590 cor-

1954 5636 2086 5707 pus?
2123 5633 2272 5701 Quod
2301 5633 2478 5702 lingua
2506 5631 2718 5699 legitur,
2743 5631 2881 5699 quod
2918 5628 3134 5700 syllabis
3167 5629 3512 5699 comprehen-
