3992 6176
471 374 605 434 ν935

1308 362 1713 427 ELIPANDUS,
1755 362 1982 425 FELI’X,
2024 358 2371 416 IIETEIlIUS
2409 357 2495 413 ΕΤ
2535 359 2593 413 S.
2632 355 2922 411 BEATUS.

3634 357 3743 414 936

476 491 662 552 .ditur,
690 485 831 556 quod
875 481 1094 537 auribus
1120 479 1351 541 insonat,
1383 475 1596 530 auditur
1620 476 1687 528 ab
1731 473 2057 534 hominibus,
2091 476 2137 532 Α
2163 477 2247 523 cta
2274 469 2530 532 Trinitas,
2556 485 2674 539 quae
2726 484 2864 521 unus
2912 476 2996 521 est
3055 467 3214 532 Deus,
3260 467 3393 522 Novi
3441 475 3498 525 et
3531 470 3742 525 Veteris

500 580 604 634 hoc
638 584 807 630 totum
848 582 1045 638 corpus
1084 572 1185 621 est.
1224 567 1337 619 Hoc
1370 573 1544 619 totum
1592 562 1728 617 liber
1768 569 1870 616 est.
1907 559 2065 614 Intel-

500 668 670 720 lectus
691 677 815 717 vero
838 660 995 728 hujus
1017 656 1262 711 lectionis
1290 653 1517 707 medulla
1543 660 1646 715 est,
1676 649 1942 719 pinguedo
1962 655 2063 710 est,

503 758 665 822 adeps
709 760 810 807 est.
840 751 908 808 Et
955 748 1059 802 nisi
1108 743 1436 799 intellexeris
1488 741 1616 810 quid
1650 741 1721 793 sit
1763 740 1817 792 in
1869 738 2063 799 littera,

506 846 715 912 adipem
746 839 997 895 frumenti
1021 852 1128 891 non
1160 835 1471 888 manducas.
1516 831 1774 884 Litteram
1805 829 1858 881 in
1886 842 2072 896 super-

508 936 628 990 ﬁcic
651 933 800 1000 legis,
830 938 885 983 et
908 928 1117 996 adipem
1144 922 1399 977 frumenti
1425 927 1532 974 nan
1577 918 1851 986 intelligis.
1896 916 2073 969 Ilodcs

509 1026 781 1084 corticem,
819 1028 875 1079 et
908 1018 1112 1079 folium,
1140 1015 1278 1069 sicut
1298 1011 1541 1074 Judmus,
1570 1008 1798 1062 mandis.
1827 1006 1964 1072 Quid
1993 1012 2076 1057 est

512 1116 626 1167 haec
646 1113 822 1163 littera
845 1122 1003 1176 quam
1020 1105 1073 1157 in
1088 1100 1374 1170 Evangelio
1393 1099 1524 1165 legis
1537 1097 1619 1151 vel
1639 1098 1690 1149 in
1706 1095 1917 1149 caeteris
1935 1091 2077 1145 Scri-

511 1202 686 1272 pturis
703 1199 932 1260 sanctis,
957 1193 1061 1251 nisi
1085 1205 1282 1260 corpus
1311 1188 1529 1249 Christi,
1563 1186 1668 1239 nisi
1696 1198 1821 1238 caro
1856 1180 2073 1242 Christi,

653 1292 719 1344 ab
733 1289 983 1345 omnibus
1001 1280 1323 1341 Christianis
1337 1276 1663 1333 comeditur?
1686 1284 1739 1329 et
1760 1283 1885 1327 tunc
1903 1285 2081 1325 come-

510 1383 674 1441 ditur,
693 1377 905 1449 quando
950 1374 1160 1442 legitur,
1191 1378 1248 1424 et
1283 1367 1497 1437 quando
1541 1366 1775 1419 auditur.
1803 1363 1870 1416 Et
1896 1375 2082 1415 omnes

512 1488 620 1527 uno
666 1470 882 1524 nomine
909 1459 1199 1520 Christiani
1229 1460 1478 1514 dicuntur
1505 1455 1598 1524 qui
1625 1451 1969 1523 Evangelium
1998 1464 2083 1503 re-

495 1562 736 1631 .cipiunt,
767 1566 822 1611 et
849 1571 955 1609 uno
981 1568 1075 1607 ore
1096 1550 1373 1606 Christum
1403 1548 1641 1606 laudant,
1685 1551 1740 1598 et
1767 1542 1943 1597 erucis
1971 1539 2084 1608 ejus

514 1653 724 1721 signum
755 1649 808 1701 in
847 1645 1024 1699 fronte
1051 1648 1307 1712 portant;
1349 1648 1404 1693 et
1430 1648 1613 1692 tamen
1640 1636 1780 1700 cibo,
1822 1633 1907 1687 vel
1932 1639 2080 1701 potu,

519 1742 574 1796 in
602 1740 750 1801 sella,
778 1738 936 1799 lecto,
964 1735 1229 1803 ingressu,
1278 1744 1547 1800 regressu,
1581 1736 1637 1782 et
1684 1726 1880 1780 cetera
1905 1724 2086 1778 omnia

2168 556 2493 612 Testamenti
2547 572 2579 609 a
2625 557 2866 626 patribus
2934 556 3133 610 nostris
3190 556 3506 626 prxsciebat
3559 557 3745 614 oﬂcrri

2168 648 2465 711 sacriﬁciis,
2492 646 2619 700 Jesn
2660 646 2860 700 Christi
2908 645 3029 700 Filii
3068 646 3150 700 sui
3191 645 3596 715 signiﬁcabatur
3621 663 3749 718 δη.

2171 738 2436 791 tissimum
2462 752 2674 799 munus,
2723 751 2830 805 quo
2875 751 2972 805 pro
3003 736 3158 795 nobis
3191 737 3424 804 seipsum
3458 737 3603 793 solus
3650 739 3748 793 Dei

2171 828 2338 882 Filius
2366 827 2657 883 secundum
2688 841 2904 880 carnem
2952 834 3096 880 esset
3133 826 3557 883 misericorditer
3596 828 3751 882 obia-

2175 924 2346 971 turus.
2373 916 2489 987 Ipse
2508 916 2671 978 enim,
2694 916 2986 970 secundum
3008 914 3248 984 Apostoli
3290 915 3515 977 dictum,
3561 915 3750 970 obtulit

2173 1008 2498 1076 semetipsum
2528 1023 2621 1075 pro
2651 1006 2796 1059 nobis
2836 1005 3145 1058 oblationem
3186 1013 3236 1060 et
3270 1005 3495 1058 hostium
3537 1002 3647 1057 Deo
3691 1007 3748 1057 in

2176 1097 2385 1150 odorem
2409 1097 2698 1154 suavitatis.
2724 1095 2842 1169 Ipse
2864 1111 3024 1151 verus
3043 1095 3185 1148 Deus
3209 1104 3265 1149 et
3293 1110 3452 1150 verus
3486 1093 3750 1167 pontifex.

2177 1189 2266 1256 qui
2283 1203 2379 1257 pro
2396 1187 2569 1249 nobis,
2582 1202 2687 1241 non
2713 1187 2766 1240 in
2790 1186 3050 1257 sanguine
3079 1194 3354 1241 taurorum
3376 1192 3432 1240 et
3451 1186 3750 1249 hircorum,

2178 1280 2273 1334 sed
2299 1280 2353 1334 in
2381 1279 2639 1349 sanguine
2676 1293 2772 1334 suo
2809 1276 2965 1332 semel
2998 1277 3224 1332 introivit
3268 1279 3324 1331 in
3369 1288 3572 1335 sancta.
3600 1279 3759 1344 Quod

2180 1382 2307 1427 tunc
2356 1371 2594 1441 pontifex
2639 1371 2727 1429 ille
2773 1372 3127 1442 signiﬁcabat,
3181 1373 3273 1440 qui
3328 1373 3496 1430 semel
3552 1373 3757 1430 Sancta

2181 1470 2487 1519 sanctorum
2532 1476 2629 1530 per
2671 1476 2840 1519 annos
2870 1462 3106 1531 singulos
3137 1462 3410 1517 introibat.
3442 1464 3547 1520 Iste
3590 1465 3759 1534 igitur

2183 1564 2267 1609 est
2307 1555 2398 1623 qui
2426 1555 2482 1608 in
2525 1569 2583 1609 se
2610 1569 2718 1611 uno
2747 1561 2915 1611 totum
2943 1554 3204 1619 exhibuit,
3230 1555 3375 1622 quod
3411 1556 3615 1611 sciebat
3660 1572 3761 1611 nc-

2184 1647 2478 1701 cessarium
2507 1661 2626 1701 esse
2638 1645 2705 1703 ad
2733 1645 3115 1714 redemptionis
3141 1653 3339 1700 nostra:
3353 1645 3616 1700 effectum.
3634 1646 3764 1714 Ipse

2187 1739 2391 1797 scilicet
2418 1739 2667 1795 sacerdos
2694 1745 2749 1793 et
2788 1736 3132 1793 sacriﬁcium.
3169 1736 3289 1805 Ipse
3345 1737 3473 1791 Deus
3515 1744 3573 1791 et
3607 1745 3764 1791 tem-

518 1831 674 1901 signo
701 1827 878 1885 crucis
899 1825 1173 1887 muniunt;
1205 1829 1260 1874 et
1287 1835 1346 1873 se
1389 1834 1421 1873 a
1457 1818 1676 1874 Christo
1721 1816 2001 1881 custodiri,
2030 1824 2085 1871 et
2118 1818 2126 1877 1

2210 1829 2353 1884 ἡαπ).
2386 1828 2653 1885 Sacerdos
2689 1835 2773 1883 est
2816 1827 2929 1897 ipse
2949 1826 3193 1881 Christus
3213 1865 3227 1891 ,
3256 1840 3355 1894 per
3378 1840 3532 1893 quem
3567 1840 3767 1880 sumus

518 1920 711 1975 salvari
735 1923 941 1988 petunt,
973 1921 1027 1967 et
1049 1912 1280 1966 dicunt:
1334 1909 1493 1967 Salva
1542 1927 1655 1975 nos,
1701 1909 1830 1964 Jesu
1863 1906 2085 1972 Christe,

522 2010 631 2064 Fili
655 2010 771 2063 Dei.
801 2005 998 2078 Etipsi
1038 2005 1090 2060 in
1121 2005 1361 2060 Ecclesia
1404 2003 1715 2057 sacerdotes
1738 2008 1792 2056 et
1826 2000 2016 2063 levitas,
2044 1999 2090 2055 si

508 2102 744 2160 cuilibet
772 2098 1069 2153 transeunti
1097 2097 1260 2159 viam,
1318 2092 1640 2161 ingredienti
1686 2092 1743 2146 in
1785 2090 2089 2155 ecclesiam,

506 2195 817 2250 orationem
846 2191 927 2246 vel
964 2188 1396 2246 benedictionem
1448 2184 1730 2252 dederint,
1778 2199 1899 2238 cum
1949 2195 2095 2235 com-

524 2283 788 2355 pleverint
813 2281 1149 2343 orationem,
1202 2277 1489 2331 absolvunt
1530 2283 1585 2330 et
1631 2275 1853 2329 dicunt:
1888 2272 1955 2327 In
2008 2288 2098 2325 no-

522 2376 662 2429 mine
705 2372 913 2427 Domini
960 2370 1122 2423 nostri
1172 2368 1301 2422 Jesu
1319 2367 1533 2431 Christi,
1578 2382 1755 2419 eamus
1794 2380 1911 2417 cum
1946 2379 2093 2434 pace.

529 2465 599 2520 Et
643 2465 689 2519 si
739 2465 792 2518 in
834 2463 993 2517 domo
1039 2461 1315 2521 oraverit,
1364 2458 1437 2511 ita
1471 2456 1616 2518 dicit,
1649 2456 1694 2509 si
1735 2455 1790 2508 in
1818 2454 1906 2508 via
1948 2452 2097 2507 simi-
2168 2458 2176 2466 ‘

529 2555 680 2620 liter;
711 2555 757 2608 si
778 2554 831 2607 in
852 2551 1172 2620 vespertinis
1193 2548 1554 2603 lucernarium
1587 2553 1711 2599 ante
1739 2544 1909 2597 altare
1936 2542 2096 2596 obtu-

532 2646 674 2709 lerit,
704 2659 808 2698 non
841 2649 1015 2713 potest
1062 2639 1217 2693 aliter
1244 2636 1449 2699 olferri,
1480 2635 1584 2690 nisi
1632 2633 1827 2689 dixerit
1852 2646 1866 2686 :
1897 2630 1964 2684 In
2007 2645 2100 2684 no-

532 2734 670 2786 mine
699 2730 911 2783 Domini
939 2729 1100 2783 nostri
1139 2728 1268 2781 Iesu
1314 2724 1542 2790 Christi,
1588 2723 1762 2777 lumen
1799 2738 1916 2776 cum
1950 2738 2098 2790 pace.

537 2821 630 2876 Sic
646 2821 809 2874 etiam
831 2818 1097 2886 completo
1123 2815 1297 2870 oﬁlcio
1324 2829 1431 2868 non
1459 2819 1635 2882 potest
1654 2811 1835 2881 egredi
1859 2810 1972 2863 sine
2001 2810 2103 2863 hac

538 2908 817 2970 solutione,
852 2906 954 2959 nisi
982 2906 1129 2974 prius
1151 2904 1346 2958 dixerit
1380 2919 1393 2955 ε
1426 2901 1493 2955 In
1527 2902 1730 2956 nomine
1752 2900 1961 2954 Domini
2004 2915 2102 2953 no-

538 2998 634 3054 stri
656 2996 782 3051 Iesu
812 2993 1028 3057 Christi,
1051 3007 1229 3045 eamus
1251 3007 1367 3044 cum
1390 3006 1535 3060 pace.
1561 2988 1652 3047 Sic
1681 2989 1735 3042 in
1759 2987 2101 3058 vespertinis,

539 3089 620 3145 sic
647 3089 703 3142 in
729 3085 1021 3149 matutinis,
1042 3084 1121 3138 sic
1145 3083 1393 3154 omnibus
1423 3082 1589 3146 horis,
1621 3080 1815 3150 quibus
1862 3093 2105 3135 necessa-

2190 1918 2540 1975 reconciliati.
2569 1918 2710 1971 Deus
2738 1923 2822 1971 est
2856 1906 2967 1984 ipse
2995 1913 3271 1979 Christus,
3303 1914 3393 1982 qui
3433 1928 3531 1967 nos
3571 1928 3768 1971 recon-

2192 2010 2340 2066 ciliat
2361 2009 2464 2064 sibi
2505 2016 2559 2062 et
2583 2007 2753 2071 Patri,
2783 2012 2838 2060 et
2866 2003 3087 2073 Spiritui
3128 2010 3334 2058 sancto.
3383 2001 3546 2056 Solus
3584 2008 3765 2055 tamen

2195 2100 2443 2156 sacerdos
2487 2096 2809 2152 sacriﬁcium
2850 2101 2907 2148 et
2947 2082 3226 2161 templum,
3283 2090 3376 2160 qui
3420 2090 3536 2143 hmo
3585 2089 3766 2142 omnia

2193 2191 2337 2245 Deus
2358 2196 2442 2243 est
2480 2186 2773 2241 secundum
2799 2183 3025 2239 formam
3071 2182 3244 2247 servi;
3274 2196 3381 2236 non
3405 2189 3589 2234 autem
3618 2180 3766 2232 solus

2195 2280 2353 2343 Deus,
2388 2276 2515 2346 quia
2540 2276 2642 2330 hoc
2685 2290 2807 2328 cum
2834 2272 2993 2326 Patre
3028 2278 3083 2326 et
3101 2342 3108 2350 .
3126 2268 3331 2343 Spiritu
3358 2275 3547 2325 sancto
3574 2282 3766 2323 secun-

2196 2371 2324 2427 dum
2353 2367 2582 2422 formam
2618 2365 2732 2419 Dei.

2266 2457 2471 2517 LXVII.
2503 2453 2849 2511 Rcconciliati
2870 2452 3030 2522 igitur
3050 2465 3237 2509 sumus
3257 2465 3354 2520 per
3376 2449 3550 2505 solum
3572 2447 3767 2504 Filium

2200 2550 2491 2611 secundum
2519 2560 2767 2608 carnem,
2801 2545 2895 2601 sed
2933 2549 3038 2601 nun
3071 2542 3169 2597 soli
3201 2540 3336 2596 Filio
3369 2540 3664 2595 secundum
3694 2538 3774 2591 di-

2200 2642 2499 2697 vinitatem.
2543 2638 2729 2709 Neque
2761 2644 2936 2706 potest
2970 2635 3073 2691 hoc
3105 2634 3427 2692 sacriﬁcium
3457 2631 3639 2687 oﬂerri
3684 2645 3776 2699 per

2202 2731 2495 2803 quemlibet
2523 2729 2886 2790 sacerdotem,
2919 2726 3021 2781 nisi
3046 2741 3142 2795 per
3169 2725 3504 2783 sacerdotem
3533 2732 3774 2778 sanctum

2203 2832 2258 2880 et
2275 2822 2500 2892 justum.
2531 2820 2713 2888 Neque
2753 2824 2929 2887 potest
2965 2817 3068 2873 hoc
3096 2816 3423 2872 sacriﬁcium
3451 2815 3593 2884 quod
3620 2813 3779 2869 οσα-

2205 2922 2312 2981 tur,
2339 2930 2370 2970 a
2399 2913 2805 2986 quibuscunque
2830 2907 3108 2965 comedere
3132 2915 3188 2962 et
3212 2907 3414 2970 bibere,
3441 2906 3546 2960 nisi
3572 2913 3777 2960 tantum

2204 3006 2273 3060 ab
2296 3003 2425 3074 ipsis
2449 3016 2547 3071 pro
2570 3000 2763 3074 quibus
2787 2996 3007 3055 oﬁ‘ertur
3027 3012 3043 3052 :
3067 3004 3205 3054 utet
3230 2997 3480 3057 sacerdos
3504 2996 3598 3065 qui
3625 2994 3781 3051 offert

2209 3098 2326 3152 sine
2355 3095 2483 3149 vitio
2527 3093 2630 3157 sit,
2671 3100 2728 3146 et
2772 3099 2830 3146 ut
2869 3106 2968 3160 pro
3005 3090 3215 3148 vitiosis
3255 3091 3576 3146 mandandis
3613 3090 3783 3160 possit

543 3179 628 3234 ria
646 3174 841 3241 olﬁcia,
868 3174 953 3227 vel
978 3172 1236 3228 canonica
1260 3172 1315 3225 in
1331 3170 1555 3226 ecclesia
1569 3178 1915 3241 peraguntur.
1942 3170 2033 3226 Sic
2055 3173 2109 3232 in
2136 3159 2185 3223 C
2213 3186 2413 3242 οῆεηί,
2451 3185 2564 3241 “oc
2595 3191 2740 3238 θοι-ιθ
2767 3159 2955 3243 Olmie;
2986 3182 3292 3239 desiderant
3317 3190 3374 3237 ει
3405 3182 3658 3251 cupiam,
3694 3180 3783 3251 qui

542 3269 708 3325 missa
736 3282 842 3321 non
881 3264 1053 3320 solum
1088 3264 1382 3319 Dominicis
1410 3263 1616 3327 diebus,
1661 3263 1754 3317 sed
1784 3264 1948 3317 etiam
1993 3265 2113 3335 qui—
2213 3293 2312 3350 pro
2341 3292 2398 3333 se
2425 3274 2618 3331 oﬁ‘erre
2643 3274 2966 3331 sacriﬁcium
2995 3273 3105 3329 Deo
3129 3272 3333 3329 νοιυηι,
3361 3272 3493 3339 Quis
3520 3287 3653 3342 ergo
3677 3280 3782 3326 iam

542 3363 856 3428 buscunque
870 3356 1267 3420 festivitatibus,
1282 3367 1308 3394 ι
1330 3353 1511 3409 Gloria
1533 3354 1589 3407 in
1615 3353 1830 3408 excelsis
1849 3354 1976 3419 Deo,
1992 3364 2039 3408 et
2060 3356 2116 3411 in
2210 3367 2389 3439 justus
2415 3375 2470 3420 ει
2493 3373 2712 3423 sanctus
2739 3363 3008 3426 sacerdos,
3039 3377 3202 3433 quam
3225 3363 3417 3417 unicus
3441 3362 3647 3417 Filius?
3670 3361 3785 3417 Non

545 3462 686 3507 terra
708 3466 812 3521 pax
835 3447 1148 3505 hominibus.
1170 3446 1587 3501 Conclama'mus.
1612 3444 1703 3500 Sic
1735 3461 1855 3500 cum
1875 3446 2117 3514 Evange-

2217 3460 2341 3530 qula
2373 3471 2507 3526 opus
2535 3456 2673 3520 vita,
2704 3455 3059 3512 adducuntur.
3098 3454 3167 3508 Et
3191 3454 3319 3524 quid
3350 3460 3462 3507 tam
3489 3453 3787 3508 amabiliter

548 3543 676 3598 lium
698 3556 729 3595 a
747 3541 907 3594 levita
920 3553 1080 3608 super
1094 3538 1262 3593 altare
1282 3537 1506 3601 levatur,
1522 3553 1551 3590 a
1567 3536 1725 3591 levita
1750 3537 1982 3609 primum
1994 3535 2123 3591 dici-

550 3632 826 3686 turtLaus
846 3631 961 3694 tibi,
989 3629 1131 3682 etab
1162 3628 1411 3681 omnibus
1442 3626 1978 3696 respondeturzLaus
2004 3627 2117 3691 tibi,

555 3723 774 3777 Domine
798 3721 925 3775 Iesu
953 3719 1175 3782 Christe,
1196 3718 1307 3773 Rea:
1331 3728 1538 3773 teternaz
1559 3718 1759 3790 glorite.
1785 3718 2124 3774 Prrecedente

556 3811 902 3882 Evangelium
931 3824 1210 3865 eereorum
1235 3809 1437 3862 lumine
1466 3808 1519 3861 in
1542 3808 1694 3877 signo
1720 3809 1900 3879 gaudii
1940 3817 1996 3862 et
2034 3809 2125 3862 ιω-

561 3902 710 3964 titias,
732 3916 796 3953 eo
818 3900 959 3967 quod
988 3899 1092 3952 tale
1119 3899 1363 3951 nuntium
1384 3898 1658 3963 diannus,
1687 3899 1742 3954 id
1760 3907 1862 3965 est,
1892 3900 2129 3970 Evange-

560 3988 691 4044 lium
720 3988 930 4042 Domini
968 3987 1139 4041 nostri
1166 3984 1294 4040 Jesu
1336 3985 1553 4047 Christi,
1587 3987 1735 4042 clara
1763 4003 1892 4042 voce
1933 3989 2129 4057 populo

563 4081 723 4139 habet
751 4079 1015 4132 intonare.
1047 4076 1199 4131 Tunc
1224 4076 1495 4130 silentium
1525 4078 1774 4132 omnibus
1803 4080 2047 4149 imperat,
2075 4088 2132 4135 et

565 4171 731 4226 dicit:
769 4169 943 4223 Lectio
970 4169 1137 4222 sancti
1183 4166 1452 4238 Evangelii
1494 4168 1777 4222 secundum
1803 4167 2127 4235 Matthwum,

564 4268 657 4314 aut
677 4257 968 4329 quemlibet
993 4272 1059 4312 ex
1105 4257 1299 4311 tribus.
1348 4255 1720 4325 Respondetur
1765 4257 1833 4310 ab
1858 4257 2003 4312 omni
2033 4273 2132 4329 po-

564 4348 691 4420 pulo
718 4361 734 4400 :
776 4345 959 4402 Gloria
985 4346 1097 4410 tibi,
1127 4344 1365 4398 Domine.
1395 4344 1463 4398 In
1490 4344 1580 4398 illo
1625 4353 1851 4416 tempore
1880 4346 2133 4401 Dominus

569 4444 745 4493 noster
771 4434 924 4488 Iesus
954 4433 1162 4488 Chistus
1182 4433 1495 4504 ambulavit,
1526 4442 1619 4488 aut
1638 4434 1788 4500 dixit,
1816 4443 1908 4489 aut
1924 4434 2133 4491 fecitil-

564 4523 660 4585 iud
677 4532 732 4579 et
752 4523 881 4581 illud
896 4523 1038 4592 quod
1054 4524 1312 4591 sequitur.
1330 4522 1445 4589 Quo
1457 4501 1694 4592 peracto,
1709 4524 1931 4580 offertur.
1959 4527 2129 4582 sacri-
2159 4501 2213 4562 D

568 4614 752 4675 licium
798 4627 960 4682 super
982 4612 1150 4669 altare
1179 4626 1195 4664 :
1224 4627 1343 4680 qua:
1383 4620 1553 4667 totum
1579 4609 1735 4669 Jesus
1762 4613 2007 4670 Christus
2046 4615 2135 4671 Fi-

568 4701 677 4763 lius
703 4703 797 4757 Dei
818 4710 918 4759 est.
946 4701 1062 4771 Ipse
1086 4716 1207 4755 cum
1222 4700 1380 4755 Patre
1407 4708 1462 4754 et
1488 4700 1690 4771 Spiritu
1715 4710 1900 4758 sancto
1923 4711 2135 4759 creator

566 4794 809 4849 omnium
837 4792 999 4846 Deus.
1029 4790 1148 4860 Ipse
1198 4790 1346 4846 solus
1396 4791 1689 4845 secundum
1728 4790 1957 4846 formam
1993 4794 2135 4849 servi

568 4899 689 4949 sua,
715 4890 771 4938 et
795 4882 971 4939 Patris
997 4888 1052 4934 et
1068 4880 1298 4950 Spiritus
1318 4880 1487 4934 sancti
1515 4882 1825 4949 operatione
1853 4881 2132 4938 formatus.

570 4971 726 5047 Quod
795 4978 1009 5025 creator
1053 4976 1136 5023 est
1161 5009 1174 5032 ,
1240 4983 1525 5023 commune
1570 4970 1776 5024 habens
1823 4971 2138 5026 naturaliter

573 5078 695 5118 cum
724 5061 884 5116 Patre
917 5068 973 5115 et
1000 5060 1204 5133 Spiritu
1254 5068 1459 5116 sancto.
1502 5060 1655 5127 Quod
1700 5070 1880 5116 autem
1926 5071 2139 5119 creatus

574 5164 676 5218 est,
707 5152 853 5207 solus
899 5153 1104 5207 habens
1148 5152 1501 5220 personaliter
1556 5152 1611 5207 in
1662 5154 1839 5222 seipso
1894 5152 2045 5221 cujus
2087 5162 2143 5209 et

577 5244 908 5297 nativitatem
936 5240 1169 5296 futuram
1211 5244 1502 5298 secundum
1531 5258 1768 5307 carnem,
1813 5251 1868 5297 et
1893 5253 2139 5309 mortem,

575 5342 631 5387 et
658 5330 1119 5393 resurrectionem,
1150 5340 1311 5401 atque
1352 5332 1408 5385 in
1455 5331 1619 5386 cmlos
1660 5332 2027 5387 ascensionem
2055 5332 2144 5388 lex

577 5428 631 5473 et
687 5420 959 5489 propheta:
1011 5421 1360 5490 pronuntiare
1417 5437 1688 5490 nunquam
1753 5430 2137 5488 cessaverunt,

577 5516 734 5576 prout
774 5510 888 5577 ipse
914 5510 1230 5577 przeseiebat
1255 5518 1310 5565 et
1333 5512 1514 5565 verbis
1538 5519 1592 5566 et
1616 5510 1791 5566 factis.
1820 5510 1953 5565 Nam
2000 5519 2056 5567 et
2086 5512 2139 5565 in

582 5598 1175 5654 sacriﬁciiscarnalium
1199 5600 1555 5665 victimarum,
1582 5616 1701 5669 qua:
1724 5602 1825 5657 sibi
1870 5601 1983 5672 ipsa
2016 5616 2142 5656 san-

2217 3556 2273 3602 et
2307 3543 2707 3614 acceptabiliter
2739 3544 2808 3599 ab
2841 3543 3092 3601 omnibus
3125 3550 3368 3615 sumetur
3400 3542 3543 3611 quod
3579 3557 3681 3611 pro
3711 3542 3788 3596 eis

2219 3635 2463 3699 oﬁ'ertur,
2494 3649 2655 3705 quam
2682 3633 2882 3689 Christi
2927 3634 3159 3691 humana
3201 3633 3367 3688 caro?
3406 3642 3463 3688 et
3504 3633 3634 3702 quid
3679 3641 3787 3685 tam

2222 3732 2500 3797 acceptum
2534 3731 2589 3777 et
2621 3730 2803 3791 aptum
2837 3721 3214 3785 immolationi,
3241 3736 3405 3791 quam
3437 3736 3565 3776 caro
3590 3719 3790 3775 Christi

2223 3816 2497 3873 mortalis?
2522 3815 2588 3869 Et
2611 3814 2739 3884 quid
2764 3822 2873 3875 tam
2901 3813 3155 3873 mundum
3181 3828 3279 3883 pro
3303 3814 3625 3868 mundandis
3649 3813 3789 3868 vitiis

2224 3918 2279 3963 et
2316 3908 2551 3978 peccatis
2588 3906 2926 3972 mortalium,
2975 3922 3135 3975 quam
3180 3907 3298 3962 sine
3339 3906 3447 3961 ulla
3476 3908 3792 3977 contagione

2226 3998 2456 4055 carnalis
2481 3996 2926 4066 concupiscentia
2955 4010 3082 4051 caro
3115 4004 3242 4051 nata
3274 3997 3331 4050 in
3363 4005 3521 4052 utero
3550 4013 3616 4051 ex
3645 4005 3793 4052 utero

2226 4088 2507 4159 virginali?
2542 4087 2610 4145 Et
2633 4088 2763 4157 quid
2787 4094 2896 4143 tam
2922 4097 3074 4157 grate
3098 4085 3277 4142 oﬁ‘erri
3301 4094 3356 4141 et
3381 4088 3579 4158 suscipi
3607 4088 3791 4157 possit,

2228 4195 2388 4249 quam
2413 4195 2541 4237 caro
2565 4178 2814 4239 sacrificii
2837 4178 3027 4243 nostri,
3059 4192 3253 4247 corpus
3276 4176 3478 4237 Christi
3501 4177 3793 4247 perfectum

2229 4268 2524 4324 sacerdotis
2550 4268 2756 4327 nostri?

2301 4357 2526 4412 LXVIII.
2547 4358 2615 4412 Et
2634 4357 2885 4427 quoniam
2905 4364 3136 4426 quatuor
3151 4357 3562 4413 considerantur
3580 4358 3636 4411 in
3655 4356 3797 4412 omni

2234 4446 2519 4513 sacriﬁcio,
2557 4446 2609 4505 id
2633 4454 2736 4510 est,
2766 4446 2851 4505 cui
2876 4445 3150 4513 oﬂ'eratur,
3180 4462 3212 4501 a
3237 4461 3345 4516 quo
3367 4446 3643 4508 oﬂ'emtur,
3675 4448 3799 4516 quid

2236 4535 2509 4600 olferatur,
2538 4550 2635 4604 pro
2664 4536 2857 4604 quibus
2879 4534 3153 4600 oﬁ‘eratur,
3183 4537 3285 4591 hoc
3313 4544 3483 4590 totum
3517 4536 3631 4605 ipse
3666 4550 3800 4590 unus

2238 4642 2503 4697 vetusque
2550 4627 2812 4685 mediator
2856 4626 3103 4683 Christus
3149 4641 3245 4699 per
3290 4628 3611 4684 sacriﬁcium
3655 4628 3804 4696 pacis

2239 4718 2591 4773 reconcilians
2620 4733 2718 4772 nos
2744 4718 2874 4783 Deo,
2897 4726 2952 4773 et
2973 4717 3101 4774 fecit
3131 4733 3295 4773 unum
3323 4734 3446 4774 cum
3474 4718 3566 4773 illo
3590 4732 3807 4772 manere

2240 4808 2328 4864 cui
2353 4807 2629 4864 offerebat.
2665 4806 2842 4862 Unum
2870 4808 2926 4865 in
2955 4822 3013 4863 se
3043 4805 3241 4873 facere,
3273 4822 3373 4877 pro
3400 4807 3594 4876 quibus
3618 4804 3807 4862 odere-

2239 4900 2353 4959 bat.
2375 4898 2535 4953 Panis
2558 4899 2664 4964 hic,
2689 4899 2777 4967 qui
2798 4897 3021 4953 oﬁ‘ertur
3044 4914 3205 4968 super
3225 4899 3412 4964 altare,
3439 4908 3499 4953 ut
3520 4913 3683 4968 supra
3695 4895 3808 4965 jam

2240 4988 2495 5055 diximus,
2522 5002 2716 5056 corpus
2741 4987 2939 5042 Christi
2966 4989 3030 5042 de
3054 4987 3145 5042 illo
3169 5003 3336 5059 grano
3362 4988 3525 5043 tritici
3550 4988 3698 5057 quod
3720 5000 3810 5041 ea

2243 5079 2372 5134 cidit
2418 5079 2471 5133 in
2515 5087 2716 5133 terram
2758 5085 2813 5132 et
2850 5086 3123 5133 mortuum
3163 5088 3266 5134 est.
3305 5078 3374 5133 Et
3413 5078 3479 5133 de
3520 5077 3611 5133 illo
3644 5091 3812 5146 grano

2244 5166 2409 5222 multa
2450 5174 2576 5220 nata
2617 5174 2742 5221 sunt
2779 5180 2965 5234 grana,
3001 5166 3144 5235 quod
3184 5174 3267 5221 est
3296 5166 3557 5231 Ecclesia,
3596 5174 3652 5221 et
3692 5179 3811 5227 nos.

2247 5256 2357 5310 Deo
2397 5254 2703 5318 miserante,
2750 5254 2872 5311 inde
2916 5270 3141 5313 sumus:
3173 5262 3352 5311 tamen
3395 5255 3442 5310 si
3489 5255 3817 5317 seminemus

2247 5346 2571 5417 spirituales,
2606 5355 2662 5401 et
2702 5361 3045 5407 renascentur
3068 5345 3135 5401 de
3175 5347 3285 5402 Deo
3310 5345 3473 5403 Patre
3495 5354 3551 5401 et
3574 5345 3813 5401 Ecclesia

2247 5446 2418 5492 matre
2444 5454 2456 5489 :
2487 5436 2564 5491 De
2590 5436 2784 5505 quibus
2808 5435 3130 5505 evangelista
3153 5434 3322 5495 dixit:
3346 5433 3450 5500 Qui
3476 5452 3583 5490 non
3602 5451 3670 5489 ea
3693 5451 3817 5489 san—

2243 5528 2484 5601 guinibus
2509 5542 2668 5597 neque
2694 5542 2757 5581 ex
2781 5524 3036 5597 voluptate
3059 5524 3253 5590 carnis,
3284 5541 3445 5596 neque
3472 5541 3538 5581 ea:
3562 5522 3817 5594 υοιυρωω

2245 5620 2360 5683 riri,
2388 5618 2477 5674 sed
2500 5634 2565 5673 ex
2588 5618 2697 5673 Deo
2721 5618 2833 5673 nati
2857 5628 2974 5673 sunt
3005 5616 3185 5691 (Joan.
3214 5635 3253 5687 ι,
3284 5618 3392 5689 l3).
3417 5616 3574 5679 Illum
3598 5629 3815 5690 panem.

655 5708 688 5742 ⁸
710 5707 903 5764 Deusu
929 5705 1088 5775 huius
1111 5707 1402 5777 doxologiac
1414 5709 1633 5764 consule
1660 5707 2145 5765 Sacramentarium
2182 5709 2353 5765 sancti
2381 5707 2646 5779 Gregorii.
