3992 6176
294 376 404 434 937

958 377 1240 433 IIETERII
1278 378 1366 435 ET
1405 379 1463 432 S.
1506 377 1706 433 BEATI
1742 377 1836 430 AD
1872 374 2266 432 ELIPANDUM
2300 375 2516 432 EPIST.
2554 406 2622 419 -—-
2652 377 2780 434 LIB.
2815 379 2860 435 I.

3408 388 3516 464 ass

281 486 426 555 quod
447 498 644 552 corpus
669 491 754 539 est
775 483 992 550 Christi,
1022 487 1225 557 lignum
1251 488 1426 543 crucis
1449 487 1615 553 coxit,
1643 486 1844 542 erimus
1869 488 1920 546 Δ
1945 499 2068 540 cum
2106 487 2402 542 comeditur
2441 497 2496 542 et
2538 489 2757 554 bibitur,
2806 504 2834 532 ι
2875 490 2936 546 ﬁt
2973 506 3166 562 corpus
3204 506 3258 550 et
3299 467 3519 572 sanguis

279 591 406 632 cum
430 589 496 630 eo
518 589 659 629 unus
680 575 856 644 panis.
898 575 955 630 Si
979 583 1033 630 et
1061 592 1157 631 nos
1183 577 1295 645 ipsa
1323 591 1456 630 crux
1480 576 1686 630 coxerit
1703 615 1718 640 ,
1747 575 1854 630 eri-

204 667 206 670 ’
280 678 405 718 mus
447 661 563 730 ejus
601 678 818 733 corpus.
861 663 962 730 Qui
999 681 1105 719 non
1141 667 1426 720 manducat
1466 666 1609 720 hunc
1633 680 1846 734 panem,

278 751 424 821 quod
447 760 532 806 est
555 765 752 820 corpus
777 751 995 814 Christi,
1020 753 1198 807 vivere
1223 768 1327 808 non
1354 763 1550 823 potest.
1580 753 1730 808 Sicut
1753 769 1853 808 nec

279 844 370 898 ille
395 842 577 896 vivere
602 850 781 911 potest
801 842 857 896 in
884 857 1064 907 carne,
1095 844 1184 912 qui
1216 844 1358 898 hunc
1382 859 1572 912 panem
1601 859 1854 912 corpora-

277 943 385 997 lem
412 949 520 988 non
545 933 788 1002 prandet,
808 933 946 988 sicut
969 935 1082 1002 ipse
1102 935 1177 988 ait
1201 949 1216 988 :
1241 934 1353 1005 Ego
1377 951 1490 988 sum
1515 937 1664 1005 panis
1687 937 1848 998 vivus,

273 1025 364 1094 qui
389 1024 454 1077 de
481 1023 606 1077 calo
651 1022 926 1086 descendi;
965 1024 1010 1077 si
1039 1025 1154 1094 quis
1181 1041 1246 1078 ex
1276 1025 1386 1094 ipso
1427 1024 1846 1088 manducauerit,

275 1114 402 1168 uiuet
430 1114 489 1167 in
513 1122 764 1166 wternum
794 1112 973 1183 (Joan.
998 1129 1070 1176 γι,
1100 1113 1211 1184 51).
1243 1114 1438 1168 Vinum
1462 1114 1604 1182 quod
1627 1112 1850 1168 offertur

274 1217 437 1272 super
471 1201 661 1265 altare,
704 1202 922 1272 sanguis
957 1201 1158 1258 Christi
1201 1213 1306 1268 est,
1337 1204 1401 1259 de
1446 1203 1536 1257 illa
1576 1203 1682 1258 vite
1721 1220 1849 1259 vera

271 1312 396 1366 qua:
423 1295 557 1350 dixit
585 1310 600 1348 :
632 1295 745 1364 Ego
774 1311 890 1348 sum
920 1297 1036 1349 vitis
1076 1312 1212 1360 vera,
1256 1305 1302 1349 et
1334 1295 1495 1349 Pater
1530 1312 1674 1350 meus
1703 1298 1848 1366 agri-

270 1389 414 1444 cola.
451 1386 739 1457 Apostolus
775 1385 951 1441 dixit:
990 1385 1090 1440 Vos
1129 1403 1244 1440 vero
1283 1386 1538 1456 palmites.
1592 1385 1852 1440 Palmites

269 1495 401 1536 vero
424 1485 680 1548 potantur
698 1486 751 1532 et
774 1485 1088 1548 purgantur,
1114 1489 1178 1530 ex
1209 1475 1339 1544 ipsis
1365 1475 1655 1545 gignuntur
1681 1474 1846 1538 acini,

271 1573 326 1627 id
351 1579 434 1627 est
456 1570 648 1634 sancti,
676 1569 765 1638 qui
788 1570 852 1624 de
876 1567 1117 1623 doctrina
1144 1575 1437 1622 nascuntur
1462 1565 1846 1635 apostolorum.

269 1665 652 1734 Unusquisque
671 1662 858 1717 acinus
881 1661 1118 1731 pendens
1137 1660 1200 1717 de
1223 1659 1464 1730 palmite,
1479 1656 1848 1726 unusquisque

268 1768 462 1809 servus
488 1753 584 1806 Dei
612 1759 728 1818 est,
773 1759 882 1805 tam
922 1752 1216 1806 monachus
1241 1765 1404 1819 quam
1445 1747 1632 1805 laicus.
1667 1745 1846 1802 Grana

1951 573 2134 628 Verbi.
2167 573 2241 628 Ita
2275 575 2418 629 enim
2453 577 2727 643 Dominus,
2763 579 2856 648 qui
2887 581 2943 634 in
2976 583 3229 654 principio
3252 599 3364 643 erat
3394 589 3519 646 Ver-

1951 664 2089 726 bum,
2123 674 2169 719 et
2202 663 2421 721 Verbum
2450 679 2563 723 erat
2593 671 2733 740 apud
2763 671 2960 738 Deum,
2995 683 3044 727 et
3076 675 3216 731 Deus
3247 691 3360 736 erat
3395 683 3518 739 Ver-

1950 754 2106 819 bum;
2145 765 2362 826 propter
2399 758 2820 817 misericordiam
2863 779 3013 818 suam
3058 784 3070 820 :
3114 769 3208 837 qui
3244 787 3352 826 non
3390 790 3518 830 con-

1949 846 2165 914 tempsit
2209 848 2353 916 quod
2397 851 2634 914 creavit,
2687 852 2741 906 in
2797 854 3322 914 transformationem
3367 878 3516 918 suam

1949 950 2071 1023 caro
2100 936 2269 1004 factus
2293 948 2387 1003 est,
2415 950 2463 993 et
2491 941 2740 996 habitavit
2765 943 2819 996 in
2846 946 3022 1010 nobis;
3051 947 3189 1003 sicut
3217 952 3366 1006 scitis
3393 956 3515 1023 quia

1949 1021 2122 1092 ipsum
2151 1026 2382 1081 Verbum
2409 1030 2696 1098 assumpsit
2722 1031 3021 1098 hominem,
3051 1036 3104 1091 id
3135 1046 3244 1103 est,
3282 1021 3515 1097 animum

1949 1117 2260 1172 rationalem
2299 1128 2355 1174 et
2397 1135 2615 1176 carnem
2654 1123 2904 1189 hominis,
2947 1135 3002 1181 et
3039 1129 3200 1184 homo
3230 1129 3402 1188 factus
3436 1145 3519 1191 est

1946 1209 2210 1262 manendo
2254 1208 2414 1264 Deus.
2458 1210 2683 1280 Propter
2717 1214 2818 1269 hoc
2855 1217 2979 1284 quia
3022 1218 3195 1274 factus
3236 1230 3320 1278 est
3356 1225 3518 1282 homo

1945 1311 2042 1365 pro
2069 1297 2241 1362 nobis,
2279 1299 2670 1355 commendavit
2705 1304 2861 1358 nobis
2895 1306 2998 1362 isto
3032 1322 3366 1368 sacramento
3393 1330 3518 1370 cor-

1945 1399 2045 1451 pus
2085 1395 2141 1440 et
2185 1389 2496 1457 sanguinem
2541 1406 2734 1456 suum,
2775 1397 2916 1463 quod
2957 1399 3118 1453 etiam
3158 1400 3287 1456 fecit
3322 1414 3378 1459 et
3417 1422 3518 1462 nos

1947 1474 2108 1542 ipsos.
2147 1477 2213 1530 Et
2248 1493 2346 1532 nos
2377 1494 2572 1548 corpus
2610 1481 2777 1550 ipsius
2805 1483 2928 1540 facti
2961 1502 3144 1544 sumus
3181 1506 3279 1560 per
3305 1494 3518 1548 miseri-

1945 1567 2181 1621 cordiam
2213 1568 2399 1636 ipsius,
2431 1572 2571 1639 quod
2596 1575 2917 1642 accepimus,
2947 1587 3292 1651 nostrumque
3324 1599 3518 1652 corpus

1946 1654 2147 1710 Christi
2190 1657 2511 1726 accipimus,
2554 1669 2608 1714 et
2647 1663 2771 1717 audi
2806 1665 2932 1732 quid
2974 1667 3148 1722 dicit:
3183 1671 3306 1739 quia
3347 1673 3516 1741 ipsum

1948 1759 2133 1813 corpus
2162 1759 2254 1800 nos
2281 1761 2480 1800 sumus.
2505 1746 2572 1800 Et
2595 1762 2780 1804 verum
2807 1760 2908 1817 est,
2936 1753 3058 1820 quia
3086 1771 3248 1810 unum
3281 1757 3516 1812 triduum

267 1846 414 1902 acini
449 1846 676 1900 virtutes
717 1844 832 1914 ejus
875 1853 1028 1910 sunt,
1060 1845 1114 1900 id
1153 1853 1266 1910 est,
1301 1845 1558 1911 charitas,
1597 1843 1839 1911 castitas,
1867 1822 1915 1884 Β
1943 1842 2025 1889 εει
2053 1850 2068 1889 =
2099 1845 2155 1891 et
2182 1853 2350 1892 unum
2383 1854 2567 1894 semen
2606 1842 2760 1910 grani
2787 1842 2950 1898 multa
2981 1860 3146 1914 grana
3175 1845 3376 1911 molita,
3408 1863 3515 1902 una

266 1935 566 2000 humilitas,
589 1935 806 1997 veritas,
831 1935 1152 2000 obedientia,
1173 1933 1456 2004 jejunium,
1483 1935 1837 2006 eleemosyna,

265 2025 466 2089 oratio,
498 2024 698 2094 vigilia,
727 2024 906 2095 lingua
933 2025 1209 2088 benevola,
1238 2026 1608 2088 mansuetudo,
1638 2025 1843 2094 patien-

264 2119 342 2171 tia
363 2157 378 2180 ,
423 2124 478 2171 et
503 2124 699 2170 cetera
725 2131 847 2186 qua:
871 2116 940 2170 ad
965 2115 1223 2170 virtutum
1251 2130 1412 2186 opera
1445 2115 1712 2184 pertinent
1743 2133 1758 2168 :
1788 2122 1845 2170 et

178 2251 180 2253 .
266 2209 564 2263 multorum
609 2223 896 2278 granorum
944 2207 1200 2275 majorem
1248 2206 1376 2262 facit
1425 2207 1668 2273 acinum,
1721 2223 1843 2262 cum

266 2299 438 2354 multa
467 2299 714 2354 habuerit
739 2298 796 2352 in
824 2313 883 2354 se
910 2298 1048 2354 dona
1074 2299 1353 2353 virtutum.

339 2389 527 2445 LXIX.
567 2389 706 2445 Vitis
731 2404 880 2453 vero,
911 2397 972 2444 ut
998 2389 1244 2452 diximus,
1272 2388 1519 2444 Christus
1543 2395 1646 2452 est,
1668 2396 1723 2444 et
1745 2387 1847 2441 Pa-

264 2489 352 2535 ter
392 2479 650 2550 agricola.
693 2477 852 2534 Solus
892 2477 1140 2534 Christus
1177 2478 1302 2533 vitis
1339 2487 1443 2533 est.
1489 2476 1647 2532 Solus
1684 2477 1846 2531 Pater

264 2571 502 2642 agricola
529 2585 635 2625 non
661 2577 762 2634 est,
793 2570 917 2640 quia
943 2567 1244 2625 communis
1271 2574 1354 2621 est
1379 2565 1621 2636 operatio
1646 2563 1841 2627 Patris,

264 2670 320 2716 et
350 2660 502 2723 Filii,
533 2668 588 2715 et
621 2659 855 2730 Spiritus
883 2659 1075 2715 sancti.
1113 2657 1377 2722 Christus,
1405 2658 1459 2712 in
1487 2672 1594 2726 quo
1621 2655 1846 2726 arqualis

261 2759 350 2806 est
384 2750 553 2816 Patri,
583 2750 817 2822 agricola
843 2757 927 2804 est
955 2765 1078 2804 cum
1106 2749 1286 2803 Patre.
1319 2748 1377 2802 ln
1405 2763 1513 2817 quo
1542 2748 1718 2801 minor
1739 2746 1844 2800 Pa-

261 2851 371 2905 tre,
398 2841 522 2896 vitis
545 2849 629 2895 est
652 2855 799 2895 vera.
826 2841 893 2893 Et
916 2854 1084 2910 quare
1110 2839 1248 2892 dixit
1284 2839 1434 2892 vitem
1464 2853 1634 2891 ueram
1652 2836 1678 2890 1’
1706 2835 1845 2902 Quia

261 2941 392 2987 sunt
414 2932 551 2986 vites
582 2931 858 2996 silvaticae,
883 2938 1008 2984 sunt
1028 2930 1164 2984 vites
1186 2936 1444 3000 agrestes,
1477 2943 1705 2999 quorum
1738 2942 1845 2982 non

261 3031 351 3077 est
387 3022 545 3076 Pater
579 3022 835 3092 agricola,
869 3036 1006 3090 quos
1029 3036 1186 3076 nemo
1207 3020 1437 3086 claudet,
1478 3035 1636 3075 nemo
1670 3026 1844 3088 putat,

261 3129 427 3168 nemo
455 3121 667 3184 purgat.
702 3114 778 3168 De
810 3113 1004 3182 quibus
1029 3113 1142 3182 ipse
1171 3113 1426 3168 Dominus
1465 3112 1541 3166 ait
1581 3129 1595 3165 :
1640 3111 1709 3166 Et
1735 3111 1843 3166 Pa-

261 3215 347 3258 ter
382 3221 524 3258 meus
559 3204 798 3276 purgabit
835 3221 984 3269 eum,
1028 3213 1082 3258 ut
1113 3204 1230 3274 plus
1257 3203 1456 3274 fructus
1485 3205 1693 3274 afferat.
1724 3203 1842 3259 Non

263 3302 354 3349 est
374 3294 438 3348 de
459 3294 590 3364 ipsis
610 3294 829 3360 vitibus,
856 3295 950 3350 sed
975 3295 1118 3350 illius
1143 3295 1267 3350 vitis
1290 3303 1375 3350 est
1398 3310 1560 3364 quam
1583 3304 1846 3366 exspecta-

265 3384 356 3446 cit,
399 3393 455 3436 ut
493 3383 684 3453 faceret
726 3401 871 3448 uuas,
915 3384 1034 3454 fecit
1077 3395 1250 3440 autem
1291 3385 1580 3440 labruscas.
1623 3385 1699 3440 De
1735 3401 1843 3454 qua

263 3475 527 3544 propheta
549 3473 720 3529 dicit:
745 3472 856 3529 Uva
879 3491 1078 3540 eorum,
1105 3492 1203 3529 uva
1230 3475 1386 3544 fellis.
1418 3475 1486 3528 Et
1513 3474 1578 3529 de
1601 3490 1708 3544 qua
1740 3473 1846 3528 Do-

264 3565 444 3619 minus
466 3565 704 3635 loquitur
725 3566 794 3620 ad
811 3564 1106 3620 Jerusalem
1131 3583 1145 3620 :
1177 3565 1287 3637 Ego
1309 3576 1358 3620 te
1387 3566 1615 3635 plantavi
1645 3567 1843 3620 vineam

263 3669 438 3707 veram
451 3670 469 3718 ;
483 3654 739 3724 quomodo
757 3663 956 3707 mutata
975 3671 1027 3708 es
1046 3654 1101 3708 in
1121 3653 1469 3707 amaritudine
1489 3654 1602 3707 vitis
1623 3653 1846 3707 alieme?

261 3743 463 3806 Amara
491 3743 614 3796 vitis
642 3757 886 3796 amarum
913 3742 1094 3795 vinum
1121 3740 1280 3805 facit,
1309 3756 1428 3810 qua:
1458 3741 1708 3809 propinat
1741 3741 1846 3794 Do-

261 3835 474 3888 minum
498 3843 740 3886 nostrum
768 3830 953 3888 Iesum
974 3831 1270 3888 Christum.
1298 3831 1368 3887 Ut
1399 3832 1683 3901 impleatur
1702 3833 1845 3901 quod

261 3923 528 3991 scriptum
559 3931 678 3978 est:
710 3922 776 3977 Et
800 3922 1050 3978 dederunt
1078 3924 1133 3978 in
1163 3939 1334 3978 escam
1366 3940 1532 3977 meam
1562 3922 1634 3993 fel
1661 3940 1681 3978 :
1712 3933 1760 3977 et
1790 3923 1844 3978 in

261 4012 350 4066 siti
372 4027 487 4063 mea
507 4019 806 4080 putaverunt
828 4028 908 4066 me
927 4022 1094 4066 aceto.
1119 4013 1195 4066 De
1215 4027 1322 4082 quo
1345 4013 1467 4068 vino
1487 4012 1613 4068 dum
1641 4022 1847 4084 gustas-

264 4110 362 4164 set,
397 4099 562 4154 noluit
593 4100 780 4155 bibere.

340 4193 501 4248 LXX.
543 4193 656 4248 IIoc
678 4204 846 4249 totum
867 4196 996 4265 quid
1015 4206 1098 4252 est
1115 4239 1130 4262 ,
1155 4199 1259 4253 nisi
1282 4207 1408 4255 tunc
1427 4199 1608 4256 Judzea
1629 4201 1684 4256 in
1707 4200 1840 4272 lege,

263 4300 386 4354 quau
410 4299 512 4338 non
546 4285 795 4354 cognovit
821 4284 1018 4340 Filium
1049 4287 1142 4341 Dei
1174 4302 1270 4356 per
1292 4289 1485 4360 legem,
1507 4291 1601 4345 sed
1633 4292 1845 4361 negavit

264 4385 323 4432 et
345 4375 640 4430 cruciﬁxit?
672 4376 825 4432 Nunc
852 4379 906 4432 in
928 4378 1166 4434 Ecclesia
1191 4382 1439 4436 haeretica
1472 4383 1724 4451 pravitas,
1749 4384 1842 4454 qui

1936 1921 2108 1983 farina
2143 1933 2246 1982 est.
2297 1928 2364 1982 Et
2404 1944 2509 1983 una
2543 1928 2714 1986 farina
2749 1947 3035 2002 conspersa
3078 1942 3319 1990 et—wcta
3366 1953 3508 1990 unus

1938 2018 2093 2085 panis
2131 2028 2235 2074 est.
2282 2017 2660 2081 Recordamini
2701 2023 2829 2091 quid
2875 2021 2976 2076 fuit
3021 2032 3266 2078 creatura
3310 2025 3412 2079 ista
3458 2026 3512 2079 in

1940 2122 2090 2177 agro.
2119 2109 2396 2176 Quomodo
2434 2127 2554 2167 eam
2596 2121 2739 2168 terra
2781 2112 3008 2186 peperit,
3051 2111 3229 2180 pluvia
3268 2113 3512 2178 nutrivit,

1942 2200 2010 2253 ad
2033 2200 2233 2268 spicam
2261 2202 2526 2270 perduxit,
2556 2203 2746 2259 deinde
2774 2204 2924 2260 labor
2946 2205 3211 2260 humanus
3234 2203 3301 2260 ad
3329 2218 3514 2261 aream

1941 2288 2202 2356 portavit,
2233 2290 2532 2357 trituravit,
2560 2293 2861 2357 ventilavit,
2893 2302 2947 2348 et
2971 2295 3296 2359 recondi-.it,
3326 2302 3511 2363 porta-

1942 2377 2038 2442 vit,
2070 2378 2275 2444 moluit,
2304 2388 2358 2435 et
2385 2381 2548 2447 coxit,
2577 2389 2633 2437 et
2657 2383 2746 2437 vix
2773 2383 3058 2454 aliquando
3083 2385 3150 2438 ad
3173 2399 3364 2454 panem
3390 2399 3514 2453 per-

1944 2469 2112 2524 duxit.
2145 2470 2258 2528 Hoc
2290 2480 2461 2528 totum
2487 2489 2583 2530 vos
2605 2475 2757 2530 estis.
2791 2475 3164 2531 Recordamini
3189 2484 3244 2531 et
3267 2491 3361 2531 vos
3385 2476 3511 2545 quia

1943 2575 2048 2614 non
2094 2560 2292 2629 fuistis,
2341 2573 2396 2619 et
2439 2567 2606 2622 creati
2652 2567 2802 2631 estis,
2851 2574 2905 2622 et
2950 2582 3132 2622 aream
3179 2568 3508 2622 Dominicam

1943 2654 2320 2722 composuistis
2376 2655 2651 2712 laboribus
2704 2660 2866 2714 boum
2891 2699 2906 2725 ,
2967 2658 3021 2714 id
3072 2668 3154 2714 est
3204 2659 3512 2715 nuntiantes

1945 2738 2290 2812 Evangelium
2330 2745 2594 2811 triturati,
2639 2748 2854 2818 quando
2894 2749 3263 2804 catechumeni
3297 2750 3514 2804 diceba-

1945 2831 2096 2898 mini,
2119 2832 2174 2888 in
2197 2834 2392 2890 horreo
2415 2837 2792 2902 servabamini,
2819 2838 3035 2892 nomina
3065 2845 3241 2892 vestra
3267 2838 3510 2902 dedistis,

1945 2922 2185 2990 cepistis
2210 2924 2334 2978 moli
2349 2923 2569 2993 jejuniis
2589 2935 2644 2981 et
2662 2928 2996 2983 exorcismis.
3020 2929 3209 2984 Postea
3232 2929 3298 2984 ad
3317 2945 3512 3000 aquam

1945 3016 2188 3080 venistis,
2218 3019 2490 3088 conspersi
2520 3019 2671 3086 estis,
2701 3028 2755 3075 et
2777 3036 2914 3076 unus
2939 3022 3092 3090 panis
3116 3021 3244 3076 facti
3271 3023 3423 3078 estis.

2017 3105 2224 3160 LXXII.
2264 3106 2600 3163 Accendente
2623 3124 2750 3164 vero
2778 3107 2958 3164 favore
2984 3109 3214 3179 Spiritus
3239 3112 3431 3178 sancti,
3459 3113 3514 3168 ί]

1947 3211 2052 3250 una
2077 3195 2361 3254 dilectione
2385 3200 2683 3265 charitatis,
2721 3199 2774 3255 in
2809 3217 2912 3256 una
2949 3201 3052 3255 [ide
3082 3210 3134 3256 et
3168 3202 3221 3255 in
3251 3218 3343 3273 spe
3375 3207 3514 3260 cocti

1942 3285 2093 3350 estis,
2117 3288 2270 3356 panis
2293 3289 2602 3344 Dominicus
2623 3289 2750 3344 facti
2774 3291 2904 3346 estis
2931 3308 2943 3342 :
2970 3291 3110 3344 sicut
3137 3300 3190 3345 et
3217 3293 3317 3347 iste
3337 3295 3513 3362 panis,

1943 3375 2033 3444 qui
2060 3374 2221 3446 super
2246 3378 2416 3432 altare
2441 3385 2684 3433 sacratus
2708 3387 2808 3442 est,
2831 3380 2924 3448 qui
2951 3395 3145 3448 corpus
3170 3381 3368 3437 Christi
3395 3393 3511 3448 est;

1943 3470 1998 3518 et
2024 3479 2091 3518 ex
2119 3465 2300 3520 multis
2327 3467 2508 3536 granis
2537 3482 2676 3520 unus
2703 3467 2876 3536 panis,
2905 3477 2960 3522 et
2985 3484 3121 3524 unus
3153 3471 3306 3526 cibus
3333 3481 3518 3528 noster

1941 3561 2046 3618 est,
2074 3562 2129 3608 et
2161 3555 2215 3608 in
2244 3555 2502 3610 membris
2527 3556 2728 3611 nostris
2756 3556 3018 3625 trajicitur
3042 3577 3055 3612 :
3085 3561 3164 3615 sic
3187 3570 3241 3616 et
3265 3579 3364 3617 nos
3392 3579 3515 3618 cum

1945 3641 2000 3696 in
2036 3658 2138 3696 una
2166 3656 2276 3711 spe,
2311 3643 2413 3699 fide
2443 3654 2498 3700 et
2525 3647 2788 3703 charitate
2817 3647 3092 3713 fuerimus,
3126 3653 3278 3708 cibus
3305 3656 3515 3712 Domini

1944 3745 2151 3794 sumus,
2195 3739 2249 3785 et
2297 3732 2350 3786 in
2398 3735 2654 3791 membris
2698 3735 2813 3804 ejus
2864 3738 3326 3797 transformamur.
3377 3744 3518 3801 Ecce

1944 3821 2361 3888 Eucharistiam,
2408 3824 2460 3879 id
2503 3834 2586 3881 est
2629 3827 2825 3883 bonam
2866 3831 3123 3901 gratiam,
3166 3849 3328 3903 quam
3366 3850 3521 3892 acce-

1942 3913 2118 3984 pistis,
2167 3915 2338 3970 oculis
2383 3918 2579 3972 vestris
2620 3919 2854 3976 vidistis.
2903 3920 3180 3988 Quomodo
3224 3925 3290 3980 de
3335 3927 3519 3983 multis

1943 4001 2127 4071 granis
2152 4001 2349 4058 factum
2381 4013 2463 4059 est
2490 4022 2673 4070 unum,
2703 4009 2783 4064 sic
2809 4025 2974 4063 unum
3000 4019 3174 4067 estote
3201 4022 3256 4068 et
3282 4030 3400 4082 vos,
3433 4017 3516 4072 di-

1943 4094 2172 4164 ligendo,
2203 4099 2465 4166 gemendo
2495 4115 2656 4154 unam
2685 4100 2872 4170 ﬁdem,
2905 4121 3068 4159 unam
3106 4121 3286 4176 spem,
3327 4110 3519 4166 indivi-

1943 4201 2060 4240 sam
2085 4187 2404 4244 charitatem
2431 4193 2594 4261 :quia
2619 4194 2694 4248 illi
2717 4197 2808 4266 qui
2836 4197 2963 4252 mali
2989 4207 3113 4253 sunt
3138 4216 3244 4254 non
3271 4213 3518 4269 quazrunt

1944 4277 2048 4332 nisi
2076 4278 2413 4347 divisionem,
2455 4283 2743 4340 haereticus
2782 4302 2888 4341 non
2920 4288 3115 4356 qumrit
3154 4289 3256 4342 nisi
3300 4305 3518 4358 separa-

1945 4370 2178 4434 tionem,
2207 4379 2260 4424 et
2286 4371 2390 4426 hoc
2411 4373 2654 4428 elaborat
2683 4384 2741 4430 ut
2780 4377 3016 4441 scindat,
3051 4387 3106 4434 et
3145 4396 3250 4433 non
3285 4381 3513 4441 sarciat;

266 4483 374 4521 non
398 4469 670 4556 cognoscit
706 4469 898 4523 Filium
935 4471 1028 4525 Dei
1064 4487 1161 4541 per
1195 4473 1540 4544 Evangelium
1567 4490 1580 4527 :
1606 4473 1699 4528 sed
1719 4488 1842 4528 eum
1870 4493 1925 4556 υ
1945 4466 2006 4512 ul
2030 4467 2272 4528 rumpat:
2305 4476 2410 4556 ηίξξι
2432 4460 2642 4556 Ξυιξεθιο
2677 4463 2904 4533 seP3Pat
2931 4468 3164 4523 Verbum
3189 4485 3220 4523 ³
3248 4485 3430 4536 came.
3463 4480 3518 4526 *ξι

266 4555 540 4609 hominem
572 4557 964 4634 similcmﬁicit
989 4574 1110 4615 esse
1142 4562 1478 4628 hominibus,
1515 4571 1571 4617 et
1606 4565 1843 4619 membra

264 4640 402 4708 ejus,
441 4643 581 4712 quod
611 4653 694 4699 est
731 4645 989 4712 Ecclesia,
1021 4663 1126 4702 non
1163 4650 1456 4718 cognoscit,
1487 4652 1581 4706 sed
1609 4651 1846 4720 quotidie

266 4733 556 4788 crucifixit.
600 4736 706 4790 Sed
744 4737 869 4805 quia
910 4738 975 4792 de
1014 4739 1121 4792 vite
1160 4739 1295 4795 falsa
1336 4742 1615 4795 tractanda
1656 4757 1844 4797 avera

268 4823 378 4877 vite
414 4825 736 4879 sententiam
773 4825 1160 4896 elongavimus,
1191 4829 1258 4882 ad
1297 4838 1536 4883 nostram
1565 4829 1727 4883 vitem
1755 4845 1847 4885 ve-

269 4929 406 4977 ram,
441 4922 495 4968 et
529 4916 594 4968 ad
625 4923 868 4969 nostrum
895 4931 1117 4986 granum
1147 4917 1333 4983 tritici,
1369 4918 1486 4973 sine
1525 4933 1633 4988 quo
1666 4919 1846 4974 vivere

269 5018 375 5057 non
403 5017 706 5070 possumus,
736 5005 1037 5060 redeamus.

339 5091 524 5147 LXXI.
565 5094 632 5148 Et
659 5095 800 5150 hunc
829 5111 1023 5165 panem
1047 5096 1247 5159 vivum,
1273 5097 1365 5166 qui
1392 5097 1445 5151 in
1471 5097 1669 5154 Christi
1697 5098 1845 5154 fran-

267 5183 414 5252 gitur
448 5200 650 5252 mensa,
689 5189 1092 5252 manducemus,
1132 5196 1186 5242 et
1222 5189 1487 5244 sorbendo
1517 5191 1723 5259 parvuli
1752 5193 1846 5246 de-

267 5272 562 5342 glutiamus
579 5315 594 5339 ,
625 5277 751 5331 dum
777 5276 844 5331 ad
869 5277 1094 5332 solidum
1119 5279 1294 5334 cibum
1320 5280 1640 5349 quandoque
1665 5282 1846 5336 venia-

272 5378 394 5417 mus
420 5382 433 5416 :
463 5371 522 5418 ut
549 5364 793 5432 Patrem,
821 5365 973 5436 cujus
997 5366 1090 5422 ﬁlii
1121 5383 1219 5438 per
1242 5369 1468 5440 gratiam
1497 5384 1702 5436 sumus,
1731 5372 1846 5442 ipso

273 5449 507 5520 t‘ovente,
524 5470 848 5526 cognoscere
881 5456 1171 5514 valeamus.
1216 5458 1316 5514 Hic
1353 5459 1507 5528 panis
1545 5467 1600 5514 et
1639 5460 1841 5527 vinum,

344 5603 372 5633 ι
411 5592 495 5648 Fit
533 5594 707 5659 nobis,
749 5595 852 5649 hoc
877 5600 1068 5664 est,ut
1089 5594 1278 5664 habitet
1316 5595 1372 5647 in
1412 5594 1577 5656 nobis,
1605 5594 1695 5664 qui
1729 5593 1842 5662 jam

274 5677 374 5731 per
410 5665 705 5745 sacerdotis
740 5663 1162 5745 benedictionem
1205 5662 1394 5745 factus
1415 5672 1498 5745 est
1531 5662 1752 5745 sanguis
1788 5674 1843 5720 et

276 5747 492 5804 corpus,
522 5742 582 5788 ut
607 5735 850 5789 subesset
875 5732 1132 5805 symbolis
1151 5733 1310 5802 panis
1348 5741 1402 5788 et
1437 5734 1564 5787 vini.
1599 5732 1694 5788 Hic
1721 5750 1840 5790 sen-

563 5847 833 5908 Ριτιιοι.
879 5843 1096 5908 XCVI.

1947 4565 2192 4604 seorsum
2227 4551 2482 4619 praadicat
2507 4553 2706 4618 Deum,
2742 4564 2795 4609 et
2823 4572 3064 4612 seorsum
3089 4561 3382 4617 hominem.
3422 4563 3519 4620 Se-

1946 4647 2101 4708 parat
2124 4648 2284 4710 caput
2321 4657 2352 4696 a
2391 4657 2634 4712 corpore,
2663 4661 2907 4702 seorsum
2944 4651 3199 4718 praedicat
3241 4664 3422 4724 caput,
3463 4664 3520 4713 et

1948 4744 2190 4784 seorsum
2230 4745 2456 4800 corpus;
2503 4741 2558 4787 et
2598 4735 2802 4800 nescit,
2849 4737 3061 4802 infelix,
3109 4741 3234 4809 quia
3283 4743 3424 4800 Deus
3464 4754 3519 4800 et

1948 4821 2118 4901 homo,
2135 4837 2272 4878 unus
2307 4831 2391 4879 est
2416 4823 2680 4892 Christus,
2713 4837 2766 4882 et
2807 4838 2968 4898 caput
3009 4831 3261 4888 Ecclesia:
3291 4851 3422 4900 suae,
3465 4837 3517 4890 in

1949 4926 2054 4980 quo
2082 4913 2241 4967 homo
2267 4922 2323 4968 et
2345 4913 2594 4971 Christus
2619 4935 2631 4970 :
2661 4925 2715 4972 et
2743 4927 2902 4988 caput
2930 4920 3128 4976 Christi
3155 4923 3297 4979 Deus
3327 4933 3438 4989 est,
3467 4927 3520 4980 id

1948 5013 2051 5070 est,
2098 5013 2208 5060 tota
2253 5006 2506 5062 divinitas
2547 5017 2708 5078 caput
2747 5018 2831 5064 est
2872 5011 3124 5076 hominis,
3171 5028 3330 5082 quem
3377 5013 3522 5068 solus

1949 5097 2182 5165 suscepit
2220 5096 2406 5152 Filius.
2445 5098 2512 5152 Et
2548 5099 2709 5154 homo
2743 5099 2910 5156 Filius
2944 5109 3027 5155 est
3060 5111 3222 5171 caput
3267 5103 3521 5158 Ecclesiae

1949 5202 2080 5251 suae,
2103 5202 2221 5256 qua:
2248 5187 2325 5241 illi
2353 5189 2515 5257 capiti
2541 5189 2903 5259 coniungitur,
2925 5199 2980 5245 et
3002 5191 3061 5246 fit
3088 5201 3231 5249 totus
3252 5194 3518 5261 Christus,

1951 5279 2004 5333 id
2031 5286 2128 5340 est,
2161 5285 2319 5350 caput
2344 5287 2398 5333 et
2423 5296 2617 5350 corpus
2642 5297 2748 5335 una
2780 5296 3028 5350 persona.
3057 5285 3172 5340 Non
3201 5295 3324 5341 sunt
3352 5287 3508 5342 haere-

1952 5370 2043 5424 tici
2071 5370 2223 5425 cibus
2250 5370 2481 5425 Domini.
2520 5369 2635 5426 Non
2663 5371 2808 5426 enim
2834 5373 2900 5428 de
2929 5374 3034 5429 illis
3057 5377 3190 5431 dixit
3217 5377 3476 5432 Dominus
3499 5394 3513 5406 ·

1956 5461 2103 5516 Meus
2123 5461 2267 5515 cibus
2285 5471 2359 5515 est
2380 5471 2436 5515 ut
2459 5462 2653 5531 faciam
2677 5463 2991 5520 voluntatem
3010 5469 3126 5538 ejus
3145 5470 3233 5541 qui
3251 5471 3395 5525 misit
3417 5486 3518 5526 me.

1949 5611 2143 5738 Eugvcx.
2185 5595 2251 5718 iris
2290 5611 2409 5664 qua:
2457 5595 2847 5651 subnectuntur
2893 5597 3026 5653 satis
3070 5598 3254 5669 liquet.
3300 5599 3498 5659 Confer

2045 5683 2098 5731 ο,
2131 5682 2182 5720 In
2212 5681 2287 5720 ra.

2045 5683 2098 5731 δ,
2131 5681 2287 5720 Intra.

2968 5842 3043 5904 30
