  <div class='ocr_page' id='page_1' title='image "/cluster/home/n/w/nwhite01/storage/ocr_20150623/96/hvd.32044052819901/475.png"; bbox 0 0 3992 6176; ppageno 0'>
   <div class='ocr_carea' id='block_1_1' title="bbox 493 373 3743 460">
    <p class='ocr_par' dir='ltr' id='par_1_1' title="bbox 493 373 3743 460">
     <span class='ocr_line' id='line_1_1' title="bbox 493 373 3743 460; baseline -0.01 -1"><span class='ocrx_word' id='word_1_1' title='bbox 493 403 594 460; x_wconf 79' lang='lat'><strong>9&#39;59</strong></span> <span class='ocrx_word' id='word_1_2' title='bbox 1301 387 1702 452; x_wconf 69' lang='lat' dir='ltr'><strong>ELIPANDUS,</strong></span> <span class='ocrx_word' id='word_1_3' title='bbox 1745 382 1968 439; x_wconf 78' lang='lat' dir='ltr'><strong>FELIX.</strong></span> <span class='ocrx_word' id='word_1_4' title='bbox 2013 379 2357 436; x_wconf 77' lang='lat' dir='ltr'><strong>HETERIUS</strong></span> <span class='ocrx_word' id='word_1_5' title='bbox 2393 379 2478 434; x_wconf 83' lang='lat' dir='ltr'><strong>ET</strong></span> <span class='ocrx_word' id='word_1_6' title='bbox 2521 381 2580 433; x_wconf 89' lang='lat' dir='ltr'><strong>S.</strong></span> <span class='ocrx_word' id='word_1_7' title='bbox 2617 374 2910 432; x_wconf 76' lang='lat' dir='ltr'><strong>BEATUS.</strong></span> <span class='ocrx_word' id='word_1_8' title='bbox 3629 373 3743 429; x_wconf 70' lang='grc' dir='ltr'><strong>ειη</strong></span> 
     </span>
    </p>
   </div>
   <div class='ocr_carea' id='block_1_2' title="bbox 491 484 3748 586">
    <p class='ocr_par' dir='ltr' id='par_1_2' title="bbox 491 484 3748 586">
     <span class='ocr_line' id='line_1_2' title="bbox 491 484 3748 586; baseline -0.01 -15"><span class='ocrx_word' id='word_1_9' title='bbox 491 526 541 572; x_wconf 89' lang='lat' dir='ltr'><strong>et</strong></span> <span class='ocrx_word' id='word_1_10' title='bbox 563 513 828 586; x_wconf 79' lang='lat' dir='ltr'><strong>perficiam</strong></span> <span class='ocrx_word' id='word_1_11' title='bbox 848 525 974 580; x_wconf 84' lang='lat' dir='ltr'><strong>opus</strong></span> <span class='ocrx_word' id='word_1_12' title='bbox 998 508 1133 578; x_wconf 87' lang='lat' dir='ltr'><strong>ejus.</strong></span> <span class='ocrx_word' id='word_1_13' title='bbox 1162 505 1308 574; x_wconf 88' lang='lat' dir='ltr'><strong>Opus</strong></span> <span class='ocrx_word' id='word_1_14' title='bbox 1334 518 1452 572; x_wconf 75' lang='lat' dir='ltr'><strong>ejus</strong></span> <span class='ocrx_word' id='word_1_15' title='bbox 1475 512 1558 557; x_wconf 98' lang='grc' dir='ltr'><strong>εει</strong></span> <span class='ocrx_word' id='word_1_16' title='bbox 1579 515 1646 556; x_wconf 85' lang='lat' dir='ltr'><strong>ex</strong></span> <span class='ocrx_word' id='word_1_17' title='bbox 1674 497 1859 552; x_wconf 89' lang='lat' dir='ltr'><strong>multis</strong></span> <span class='ocrx_word' id='word_1_18' title='bbox 1880 493 2063 566; x_wconf 80' lang='lat' dir='ltr'><strong>granis</strong></span> <span class='ocrx_word' id='word_1_19' title='bbox 2090 505 2141 560; x_wconf 70' lang='grc' dir='ltr'><strong>Α</strong></span> <span class='ocrx_word' id='word_1_20' title='bbox 2162 493 2428 555; x_wconf 84' lang='lat' dir='ltr'><strong>oratione,</strong></span> <span class='ocrx_word' id='word_1_21' title='bbox 2468 500 2528 546; x_wconf 84' lang='lat' dir='ltr'><strong>ut</strong></span> <span class='ocrx_word' id='word_1_22' title='bbox 2571 489 2760 543; x_wconf 88' lang='lat' dir='ltr'><strong>Patres</strong></span> <span class='ocrx_word' id='word_1_23' title='bbox 2804 485 3153 554; x_wconf 81' lang='lat' dir='ltr'><strong>scripserunt,</strong></span> <span class='ocrx_word' id='word_1_24' title='bbox 3201 491 3406 553; x_wconf 86' lang='lat' dir='ltr'><strong>septem</strong></span> <span class='ocrx_word' id='word_1_25' title='bbox 3446 484 3748 553; x_wconf 75' lang='lat' dir='ltr'><strong>petitiones</strong></span> 
     </span>
    </p>
   </div>
   <div class='ocr_carea' id='block_1_3' title="bbox 494 574 3746 675">
    <p class='ocr_par' dir='ltr' id='par_1_3' title="bbox 494 574 3746 675">
     <span class='ocr_line' id='line_1_3' title="bbox 494 574 3746 675; baseline -0.01 -14"><span class='ocrx_word' id='word_1_26' title='bbox 494 574 663 662; x_wconf 77' lang='lat' dir='ltr'><strong>unum</strong></span> <span class='ocrx_word' id='word_1_27' title='bbox 689 574 902 675; x_wconf 72' lang='lat' dir='ltr'><strong>panem,</strong></span> <span class='ocrx_word' id='word_1_28' title='bbox 930 600 985 655; x_wconf 90' lang='lat' dir='ltr'><strong>id</strong></span> <span class='ocrx_word' id='word_1_29' title='bbox 1012 574 1123 662; x_wconf 79' lang='grc' dir='ltr'>εει,</span> <span class='ocrx_word' id='word_1_30' title='bbox 1153 611 1221 652; x_wconf 86' lang='lat' dir='ltr'><strong>ex</strong></span> <span class='ocrx_word' id='word_1_31' title='bbox 1246 594 1431 649; x_wconf 89' lang='lat' dir='ltr'><strong>multis</strong></span> <span class='ocrx_word' id='word_1_32' title='bbox 1460 590 1744 646; x_wconf 81' lang='lat' dir='ltr'><strong>animabus</strong></span> <span class='ocrx_word' id='word_1_33' title='bbox 1768 599 1930 640; x_wconf 89' lang='lat' dir='ltr'><strong>unam</strong></span> <span class='ocrx_word' id='word_1_34' title='bbox 1953 583 2067 636; x_wconf 87' lang='lat' dir='ltr'><strong>ani—</strong></span> <span class='ocrx_word' id='word_1_35' title='bbox 2168 583 2540 644; x_wconf 72' lang='lat' dir='ltr'><strong>continentur;</strong></span> <span class='ocrx_word' id='word_1_36' title='bbox 2573 579 2666 634; x_wconf 91' lang='lat' dir='ltr'><strong>sed</strong></span> <span class='ocrx_word' id='word_1_37' title='bbox 2695 579 2748 632; x_wconf 89' lang='lat' dir='ltr'><strong>in</strong></span> <span class='ocrx_word' id='word_1_38' title='bbox 2777 577 2951 632; x_wconf 90' lang='lat' dir='ltr'><strong>tribus</strong></span> <span class='ocrx_word' id='word_1_39' title='bbox 2975 574 3165 645; x_wconf 84' lang='lat' dir='ltr'><strong>primis</strong></span> <span class='ocrx_word' id='word_1_40' title='bbox 3191 581 3394 628; x_wconf 65' lang='lat' dir='ltr'><strong>aeterna</strong></span> <span class='ocrx_word' id='word_1_41' title='bbox 3421 583 3746 642; x_wconf 82' lang='lat' dir='ltr'><strong>poscuntur,</strong></span> 
     </span>
    </p>
   </div>
   <div class='ocr_carea' id='block_1_4' title="bbox 497 677 2066 751">
    <p class='ocr_par' dir='ltr' id='par_1_4' title="bbox 497 677 2066 751">
     <span class='ocr_line' id='line_1_4' title="bbox 497 677 2066 751; baseline -0.017 -1"><span class='ocrx_word' id='word_1_42' title='bbox 497 708 639 748; x_wconf 85' lang='lat' dir='ltr'><strong>mam</strong></span> <span class='ocrx_word' id='word_1_43' title='bbox 668 693 724 747; x_wconf 88' lang='lat' dir='ltr'><strong>in</strong></span> <span class='ocrx_word' id='word_1_44' title='bbox 753 705 861 746; x_wconf 87' lang='lat' dir='ltr'><strong>una</strong></span> <span class='ocrx_word' id='word_1_45' title='bbox 897 688 1181 751; x_wconf 84' lang='lat' dir='ltr'><strong>charitate,</strong></span> <span class='ocrx_word' id='word_1_46' title='bbox 1222 685 1276 738; x_wconf 88' lang='lat' dir='ltr'><strong>in</strong></span> <span class='ocrx_word' id='word_1_47' title='bbox 1309 697 1414 737; x_wconf 88' lang='lat' dir='ltr'><strong>una</strong></span> <span class='ocrx_word' id='word_1_48' title='bbox 1445 680 1549 736; x_wconf 95' lang='lat' dir='ltr'><strong>ﬁde</strong></span> <span class='ocrx_word' id='word_1_49' title='bbox 1578 685 1633 732; x_wconf 91' lang='lat' dir='ltr'><strong>et</strong></span> <span class='ocrx_word' id='word_1_50' title='bbox 1661 677 1719 730; x_wconf 93' lang='lat' dir='ltr'><strong>in</strong></span> <span class='ocrx_word' id='word_1_51' title='bbox 1756 689 1862 729; x_wconf 92' lang='lat' dir='ltr'><strong>una</strong></span> <span class='ocrx_word' id='word_1_52' title='bbox 1895 686 1991 740; x_wconf 91' lang='lat' dir='ltr'><strong>spe</strong></span> <span class='ocrx_word' id='word_1_53' title='bbox 2017 683 2066 723; x_wconf 79' lang='grc' dir='ltr'><strong>ι.</strong></span> 
     </span>
    </p>
   </div>
   <div class='ocr_carea' id='block_1_5' title="bbox 498 762 2072 851">
    <p class='ocr_par' dir='ltr' id='par_1_5' title="bbox 498 762 2072 851">
     <span class='ocr_line' id='line_1_5' title="bbox 498 762 2072 851; baseline -0.018 -8"><span class='ocrx_word' id='word_1_54' title='bbox 498 786 633 842; x_wconf 84' lang='lat' dir='ltr'><strong>Nam</strong></span> <span class='ocrx_word' id='word_1_55' title='bbox 657 785 704 842; x_wconf 88' lang='lat' dir='ltr'><strong>si</strong></span> <span class='ocrx_word' id='word_1_56' title='bbox 727 784 920 840; x_wconf 67' lang='lat' dir='ltr'><strong>animae</strong></span> <span class='ocrx_word' id='word_1_57' title='bbox 943 795 1078 851; x_wconf 89' lang='lat' dir='ltr'><strong>quas</strong></span> <span class='ocrx_word' id='word_1_58' title='bbox 1101 779 1158 832; x_wconf 90' lang='lat' dir='ltr'><strong>in</strong></span> <span class='ocrx_word' id='word_1_59' title='bbox 1185 791 1290 831; x_wconf 89' lang='lat' dir='ltr'><strong>una</strong></span> <span class='ocrx_word' id='word_1_60' title='bbox 1316 773 1419 828; x_wconf 92' lang='lat' dir='ltr'><strong>ﬁde</strong></span> <span class='ocrx_word' id='word_1_61' title='bbox 1443 775 1766 840; x_wconf 77' lang='lat' dir='ltr'><strong>congregat,</strong></span> <span class='ocrx_word' id='word_1_62' title='bbox 1796 765 1948 819; x_wconf 88' lang='lat' dir='ltr'><strong>cibus</strong></span> <span class='ocrx_word' id='word_1_63' title='bbox 1977 762 2072 815; x_wconf 85' lang='lat' dir='ltr'><strong>Dei</strong></span> 
     </span>
    </p>
   </div>
   <div class='ocr_carea' id='block_1_6' title="bbox 499 853 2073 942">
    <p class='ocr_par' dir='ltr' id='par_1_6' title="bbox 499 853 2073 942">
     <span class='ocr_line' id='line_1_6' title="bbox 499 853 2073 942; baseline -0.018 -10"><span class='ocrx_word' id='word_1_64' title='bbox 499 893 606 934; x_wconf 90' lang='lat' dir='ltr'><strong>non</strong></span> <span class='ocrx_word' id='word_1_65' title='bbox 645 883 822 942; x_wconf 89' lang='lat' dir='ltr'><strong>esset,</strong></span> <span class='ocrx_word' id='word_1_66' title='bbox 857 888 966 927; x_wconf 90' lang='lat' dir='ltr'><strong>non</strong></span> <span class='ocrx_word' id='word_1_67' title='bbox 1002 870 1205 925; x_wconf 86' lang='lat' dir='ltr'><strong>diceret</strong></span> <span class='ocrx_word' id='word_1_68' title='bbox 1229 861 1509 933; x_wconf 84' lang='lat' dir='ltr'><strong>discipulis</strong></span> <span class='ocrx_word' id='word_1_69' title='bbox 1543 861 1658 915; x_wconf 88' lang='lat' dir='ltr'><strong>suis</strong></span> <span class='ocrx_word' id='word_1_70' title='bbox 1695 875 1708 910; x_wconf 86' lang='lat'><strong>:</strong></span> <span class='ocrx_word' id='word_1_71' title='bbox 1752 856 1865 926; x_wconf 86' lang='lat' dir='ltr'><strong>Ego</strong></span> <span class='ocrx_word' id='word_1_72' title='bbox 1902 853 2073 906; x_wconf 82' lang='lat' dir='ltr'><strong>cibum</strong></span> 
     </span>
    </p>
   </div>
   <div class='ocr_carea' id='block_1_7' title="bbox 499 949 2076 1031">
    <p class='ocr_par' dir='ltr' id='par_1_7' title="bbox 499 949 2076 1031">
     <span class='ocr_line' id='line_1_7' title="bbox 499 949 2076 1031; baseline -0.017 -7"><span class='ocrx_word' id='word_1_73' title='bbox 499 970 660 1023; x_wconf 80' lang='lat' dir='ltr'><strong>habeo</strong></span> <span class='ocrx_word' id='word_1_74' title='bbox 685 965 1019 1025; x_wconf 82' lang='lat' dir='ltr'><strong>manducare,</strong></span> <span class='ocrx_word' id='word_1_75' title='bbox 1047 975 1198 1031; x_wconf 80' lang='lat' dir='ltr'><strong>quem</strong></span> <span class='ocrx_word' id='word_1_76' title='bbox 1227 971 1313 1011; x_wconf 85' lang='lat' dir='ltr'><strong>vos</strong></span> <span class='ocrx_word' id='word_1_77' title='bbox 1340 953 1562 1009; x_wconf 90' lang='lat' dir='ltr'><strong>nescitis.</strong></span> <span class='ocrx_word' id='word_1_78' title='bbox 1593 949 1748 1017; x_wconf 80' lang='lat' dir='ltr'><strong>Quod</strong></span> <span class='ocrx_word' id='word_1_79' title='bbox 1775 956 1902 1002; x_wconf 90' lang='lat' dir='ltr'><strong>tunc</strong></span> <span class='ocrx_word' id='word_1_80' title='bbox 1929 959 2076 1000; x_wconf 87' lang='lat' dir='ltr'><strong>com-</strong></span> 
     </span>
    </p>
   </div>
   <div class='ocr_carea' id='block_1_8' title="bbox 500 1033 2078 1130">
    <p class='ocr_par' dir='ltr' id='par_1_8' title="bbox 500 1033 2078 1130">
     <span class='ocr_line' id='line_1_8' title="bbox 500 1033 2078 1130; baseline -0.016 -16"><span class='ocrx_word' id='word_1_81' title='bbox 500 1059 701 1130; x_wconf 87' lang='lat' dir='ltr'><strong>pletum</strong></span> <span class='ocrx_word' id='word_1_82' title='bbox 729 1063 842 1120; x_wconf 90' lang='lat' dir='ltr'><strong>est,</strong></span> <span class='ocrx_word' id='word_1_83' title='bbox 875 1053 1000 1122; x_wconf 88' lang='lat' dir='ltr'><strong>quia</strong></span> <span class='ocrx_word' id='word_1_84' title='bbox 1035 1049 1187 1104; x_wconf 88' lang='lat' dir='ltr'><strong>multi</strong></span> <span class='ocrx_word' id='word_1_85' title='bbox 1223 1048 1278 1101; x_wconf 93' lang='lat' dir='ltr'><strong>in</strong></span> <span class='ocrx_word' id='word_1_86' title='bbox 1306 1059 1431 1100; x_wconf 91' lang='lat' dir='ltr'><strong>eum</strong></span> <span class='ocrx_word' id='word_1_87' title='bbox 1459 1041 1802 1097; x_wconf 84' lang='lat' dir='ltr'><strong>crediderunt</strong></span> <span class='ocrx_word' id='word_1_88' title='bbox 1841 1033 2078 1092; x_wconf 89' lang='lat' dir='ltr'><strong>Samari-</strong></span> 
     </span>
    </p>
   </div>
   <div class='ocr_carea' id='block_1_9' title="bbox 503 1133 2077 1213">
    <p class='ocr_par' dir='ltr' id='par_1_9' title="bbox 503 1133 2077 1213">
     <span class='ocr_line' id='line_1_9' title="bbox 503 1133 2077 1213; baseline -0.018 -8"><span class='ocrx_word' id='word_1_89' title='bbox 503 1150 632 1213; x_wconf 88' lang='lat' dir='ltr'><strong>tani,</strong></span> <span class='ocrx_word' id='word_1_90' title='bbox 675 1154 727 1202; x_wconf 90' lang='lat' dir='ltr'><strong>et</strong></span> <span class='ocrx_word' id='word_1_91' title='bbox 764 1143 973 1200; x_wconf 87' lang='lat' dir='ltr'><strong>mulieri</strong></span> <span class='ocrx_word' id='word_1_92' title='bbox 1013 1140 1262 1197; x_wconf 87' lang='lat' dir='ltr'><strong>dicebant</strong></span> <span class='ocrx_word' id='word_1_93' title='bbox 1303 1154 1316 1189; x_wconf 89' lang='lat'><strong>:</strong></span> <span class='ocrx_word' id='word_1_94' title='bbox 1364 1133 1500 1200; x_wconf 82' lang='lat' dir='ltr'><strong>Quia</strong></span> <span class='ocrx_word' id='word_1_95' title='bbox 1541 1149 1646 1187; x_wconf 81' lang='lat' dir='ltr'><strong>non</strong></span> <span class='ocrx_word' id='word_1_96' title='bbox 1685 1137 1893 1200; x_wconf 79' lang='lat' dir='ltr'><strong>propter</strong></span> <span class='ocrx_word' id='word_1_97' title='bbox 1933 1136 2077 1180; x_wconf 89' lang='lat' dir='ltr'><strong>tuam</strong></span> 
     </span>
    </p>
   </div>
   <div class='ocr_carea' id='block_1_10' title="bbox 504 1220 2080 1311">
    <p class='ocr_par' dir='ltr' id='par_1_10' title="bbox 504 1220 2080 1311">
     <span class='ocr_line' id='line_1_10' title="bbox 504 1220 2080 1311; baseline -0.018 -16"><span class='ocrx_word' id='word_1_98' title='bbox 504 1239 758 1311; x_wconf 82' lang='lat' dir='ltr'><strong>loquelam</strong></span> <span class='ocrx_word' id='word_1_99' title='bbox 780 1236 1036 1290; x_wconf 74' lang='lat' dir='ltr'><strong>credimus</strong></span> <span class='ocrx_word' id='word_1_100' title='bbox 1057 1248 1075 1285; x_wconf 91' lang='lat'><strong><em>:</em></strong></span> <span class='ocrx_word' id='word_1_101' title='bbox 1099 1231 1197 1300; x_wconf 88' lang='lat' dir='ltr'><strong>ipsi</strong></span> <span class='ocrx_word' id='word_1_102' title='bbox 1214 1228 1349 1282; x_wconf 82' lang='lat' dir='ltr'><strong>enim</strong></span> <span class='ocrx_word' id='word_1_103' title='bbox 1372 1224 1615 1288; x_wconf 81' lang='lat' dir='ltr'><strong>vidimus,</strong></span> <span class='ocrx_word' id='word_1_104' title='bbox 1639 1230 1686 1275; x_wconf 87' lang='lat' dir='ltr'><strong>et</strong></span> <span class='ocrx_word' id='word_1_105' title='bbox 1709 1220 1899 1274; x_wconf 90' lang='lat' dir='ltr'><strong>scimus</strong></span> <span class='ocrx_word' id='word_1_106' title='bbox 1919 1230 2080 1286; x_wconf 85' lang='lat' dir='ltr'><strong>quare</strong></span> 
     </span>
    </p>
   </div>
   <div class='ocr_carea' id='block_1_11' title="bbox 503 1307 2077 1383">
    <p class='ocr_par' dir='ltr' id='par_1_11' title="bbox 503 1307 2077 1383">
     <span class='ocr_line' id='line_1_11' title="bbox 503 1307 2077 1383; baseline -0.017 1"><span class='ocrx_word' id='word_1_107' title='bbox 503 1307 587 1383; x_wconf 80' lang='lat' dir='ltr'><strong>hic</strong></span> <span class='ocrx_word' id='word_1_108' title='bbox 615 1337 689 1382; x_wconf 91' lang='lat' dir='ltr'><strong>est</strong></span> <span class='ocrx_word' id='word_1_109' title='bbox 713 1343 826 1381; x_wconf 79' lang='lat' dir='ltr'><strong>vere</strong></span> <span class='ocrx_word' id='word_1_110' title='bbox 857 1322 1102 1380; x_wconf 86' lang='lat' dir='ltr'><strong>Salvator</strong></span> <span class='ocrx_word' id='word_1_111' title='bbox 1124 1318 1326 1372; x_wconf 86' lang='lat' dir='ltr'><strong>mundi.</strong></span> <span class='ocrx_word' id='word_1_112' title='bbox 1361 1314 1512 1369; x_wconf 83' lang='lat' dir='ltr'><strong>Sicut</strong></span> <span class='ocrx_word' id='word_1_113' title='bbox 1535 1312 1677 1367; x_wconf 91' lang='lat' dir='ltr'><strong>enim</strong></span> <span class='ocrx_word' id='word_1_114' title='bbox 1704 1309 1858 1379; x_wconf 85' lang='lat' dir='ltr'><strong>panis</strong></span> <span class='ocrx_word' id='word_1_115' title='bbox 1888 1307 1992 1361; x_wconf 91' lang='lat' dir='ltr'><strong>iste</strong></span> <span class='ocrx_word' id='word_1_116' title='bbox 2015 1319 2077 1358; x_wconf 87' lang='lat' dir='ltr'><strong>ex</strong></span> 
     </span>
    </p>
   </div>
   <div class='ocr_carea' id='block_1_12' title="bbox 508 1392 2082 1487">
    <p class='ocr_par' dir='ltr' id='par_1_12' title="bbox 508 1392 2082 1487">
     <span class='ocr_line' id='line_1_12' title="bbox 508 1392 2082 1487; baseline -0.018 -13"><span class='ocrx_word' id='word_1_117' title='bbox 508 1418 692 1474; x_wconf 91' lang='lat' dir='ltr'><strong>multis</strong></span> <span class='ocrx_word' id='word_1_118' title='bbox 716 1414 897 1487; x_wconf 89' lang='lat' dir='ltr'><strong>granis</strong></span> <span class='ocrx_word' id='word_1_119' title='bbox 925 1411 1125 1466; x_wconf 88' lang='lat' dir='ltr'><strong>indicat</strong></span> <span class='ocrx_word' id='word_1_120' title='bbox 1147 1407 1410 1462; x_wconf 89' lang='lat' dir='ltr'><strong>unitatem</strong></span> <span class='ocrx_word' id='word_1_121' title='bbox 1428 1444 1443 1469; x_wconf 91' lang='lat'><strong>,</strong></span> <span class='ocrx_word' id='word_1_122' title='bbox 1471 1403 1551 1458; x_wconf 91' lang='lat' dir='ltr'><strong>sic</strong></span> <span class='ocrx_word' id='word_1_123' title='bbox 1571 1408 1624 1456; x_wconf 88' lang='lat' dir='ltr'><strong>et</strong></span> <span class='ocrx_word' id='word_1_124' title='bbox 1645 1399 1828 1453; x_wconf 86' lang='lat' dir='ltr'><strong>vinum</strong></span> <span class='ocrx_word' id='word_1_125' title='bbox 1851 1411 1918 1450; x_wconf 89' lang='lat' dir='ltr'><strong>ex</strong></span> <span class='ocrx_word' id='word_1_126' title='bbox 1939 1392 2082 1448; x_wconf 88' lang='lat' dir='ltr'><strong>mul-</strong></span> 
     </span>
    </p>
   </div>
   <div class='ocr_carea' id='block_1_13' title="bbox 509 1492 2081 1572">
    <p class='ocr_par' dir='ltr' id='par_1_13' title="bbox 509 1492 2081 1572">
     <span class='ocr_line' id='line_1_13' title="bbox 509 1492 2081 1572; baseline -0.017 -9"><span class='ocrx_word' id='word_1_127' title='bbox 509 1509 580 1563; x_wconf 88' lang='lat' dir='ltr'><strong>tis</strong></span> <span class='ocrx_word' id='word_1_128' title='bbox 601 1505 787 1568; x_wconf 88' lang='lat' dir='ltr'><strong>acinis,</strong></span> <span class='ocrx_word' id='word_1_129' title='bbox 813 1502 966 1572; x_wconf 87' lang='lat' dir='ltr'><strong>queis</strong></span> <span class='ocrx_word' id='word_1_130' title='bbox 983 1498 1185 1555; x_wconf 85' lang='lat' dir='ltr'><strong>eﬁluxit</strong></span> <span class='ocrx_word' id='word_1_131' title='bbox 1205 1495 1394 1550; x_wconf 88' lang='lat' dir='ltr'><strong>eodem</strong></span> <span class='ocrx_word' id='word_1_132' title='bbox 1408 1534 1422 1557; x_wconf 95' lang='lat'><strong>,</strong></span> <span class='ocrx_word' id='word_1_133' title='bbox 1448 1499 1501 1547; x_wconf 89' lang='lat' dir='ltr'><strong>et</strong></span> <span class='ocrx_word' id='word_1_134' title='bbox 1524 1492 1578 1545; x_wconf 90' lang='lat' dir='ltr'><strong>in</strong></span> <span class='ocrx_word' id='word_1_135' title='bbox 1599 1503 1765 1544; x_wconf 91' lang='lat' dir='ltr'><strong>unum</strong></span> <span class='ocrx_word' id='word_1_136' title='bbox 1787 1494 1868 1542; x_wconf 90' lang='lat' dir='ltr'><strong>est</strong></span> <span class='ocrx_word' id='word_1_137' title='bbox 1888 1493 2081 1546; x_wconf 90' lang='lat' dir='ltr'><strong>totum,</strong></span> 
     </span>
    </p>
   </div>
   <div class='ocr_carea' id='block_1_14' title="bbox 512 1575 2086 1660">
    <p class='ocr_par' dir='ltr' id='par_1_14' title="bbox 512 1575 2086 1660">
     <span class='ocr_line' id='line_1_14' title="bbox 512 1575 2086 1660; baseline -0.016 -8"><span class='ocrx_word' id='word_1_138' title='bbox 512 1607 566 1652; x_wconf 89' lang='lat' dir='ltr'><strong>et</strong></span> <span class='ocrx_word' id='word_1_139' title='bbox 587 1611 752 1651; x_wconf 88' lang='lat' dir='ltr'><strong>unum</strong></span> <span class='ocrx_word' id='word_1_140' title='bbox 775 1593 936 1649; x_wconf 82' lang='lat' dir='ltr'><strong>eﬁicit</strong></span> <span class='ocrx_word' id='word_1_141' title='bbox 959 1601 1163 1660; x_wconf 85' lang='lat' dir='ltr'><strong>potum,</strong></span> <span class='ocrx_word' id='word_1_142' title='bbox 1195 1597 1249 1642; x_wconf 92' lang='lat' dir='ltr'><strong>et</strong></span> <span class='ocrx_word' id='word_1_143' title='bbox 1283 1587 1338 1640; x_wconf 89' lang='lat' dir='ltr'><strong>in</strong></span> <span class='ocrx_word' id='word_1_144' title='bbox 1371 1600 1466 1640; x_wconf 89' lang='lat' dir='ltr'><strong>sua</strong></span> <span class='ocrx_word' id='word_1_145' title='bbox 1488 1583 1597 1641; x_wconf 85' lang='lat' dir='ltr'><strong>vita</strong></span> <span class='ocrx_word' id='word_1_146' title='bbox 1623 1588 1678 1636; x_wconf 88' lang='lat' dir='ltr'><strong>et</strong></span> <span class='ocrx_word' id='word_1_147' title='bbox 1697 1581 1763 1635; x_wconf 92' lang='lat' dir='ltr'><strong>de</strong></span> <span class='ocrx_word' id='word_1_148' title='bbox 1792 1594 1900 1634; x_wconf 90' lang='lat' dir='ltr'><strong>uno</strong></span> <span class='ocrx_word' id='word_1_149' title='bbox 1919 1575 2086 1631; x_wconf 86' lang='lat' dir='ltr'><strong>calice</strong></span> 
     </span>
    </p>
   </div>
   <div class='ocr_carea' id='block_1_15' title="bbox 513 1664 2087 1748">
    <p class='ocr_par' dir='ltr' id='par_1_15' title="bbox 513 1664 2087 1748">
     <span class='ocr_line' id='line_1_15' title="bbox 513 1664 2087 1748; baseline -0.015 -7"><span class='ocrx_word' id='word_1_150' title='bbox 513 1687 759 1748; x_wconf 76' lang='lat' dir='ltr'><strong>sumitur,</strong></span> <span class='ocrx_word' id='word_1_151' title='bbox 791 1682 885 1736; x_wconf 90' lang='lat' dir='ltr'><strong>sed</strong></span> <span class='ocrx_word' id='word_1_152' title='bbox 918 1689 1095 1734; x_wconf 91' lang='lat' dir='ltr'><strong>tamen</strong></span> <span class='ocrx_word' id='word_1_153' title='bbox 1126 1685 1247 1746; x_wconf 90' lang='lat' dir='ltr'><strong>post</strong></span> <span class='ocrx_word' id='word_1_154' title='bbox 1277 1687 1586 1744; x_wconf 88' lang='lat' dir='ltr'><strong>pressuram</strong></span> <span class='ocrx_word' id='word_1_155' title='bbox 1608 1668 1916 1726; x_wconf 89' lang='lat' dir='ltr'><strong>torcularis.</strong></span> <span class='ocrx_word' id='word_1_156' title='bbox 1952 1664 2087 1718; x_wconf 82' lang='lat' dir='ltr'><strong>Nam</strong></span> 
     </span>
    </p>
   </div>
   <div class='ocr_carea' id='block_1_16' title="bbox 515 1755 2086 1837">
    <p class='ocr_par' dir='ltr' id='par_1_16' title="bbox 515 1755 2086 1837">
     <span class='ocr_line' id='line_1_16' title="bbox 515 1755 2086 1837; baseline -0.015 -6"><span class='ocrx_word' id='word_1_157' title='bbox 515 1784 638 1831; x_wconf 88' lang='lat' dir='ltr'><strong>ante</strong></span> <span class='ocrx_word' id='word_1_158' title='bbox 675 1773 929 1837; x_wconf 82' lang='lat' dir='ltr'><strong>torcular,</strong></span> <span class='ocrx_word' id='word_1_159' title='bbox 964 1785 1129 1825; x_wconf 90' lang='lat' dir='ltr'><strong>unum</strong></span> <span class='ocrx_word' id='word_1_160' title='bbox 1164 1767 1268 1822; x_wconf 91' lang='lat' dir='ltr'><strong>dici</strong></span> <span class='ocrx_word' id='word_1_161' title='bbox 1302 1781 1409 1821; x_wconf 90' lang='lat' dir='ltr'><strong>non</strong></span> <span class='ocrx_word' id='word_1_162' title='bbox 1442 1769 1638 1833; x_wconf 87' lang='lat' dir='ltr'><strong>potest,</strong></span> <span class='ocrx_word' id='word_1_163' title='bbox 1669 1775 1769 1815; x_wconf 89' lang='lat' dir='ltr'><strong>nec</strong></span> <span class='ocrx_word' id='word_1_164' title='bbox 1797 1758 1929 1823; x_wconf 89' lang='lat' dir='ltr'><strong>bibi,</strong></span> <span class='ocrx_word' id='word_1_165' title='bbox 1961 1755 2086 1825; x_wconf 90' lang='lat' dir='ltr'><strong>quia</strong></span> 
     </span>
    </p>
   </div>
   <div class='ocr_carea' id='block_1_17' title="bbox 2168 663 3752 739">
    <p class='ocr_par' dir='ltr' id='par_1_17' title="bbox 2168 663 3752 739">
     <span class='ocr_line' id='line_1_17' title="bbox 2168 663 3752 739; baseline -0.004 -13"><span class='ocrx_word' id='word_1_166' title='bbox 2168 672 2224 726; x_wconf 92' lang='lat' dir='ltr'><strong>in</strong></span> <span class='ocrx_word' id='word_1_167' title='bbox 2253 670 2600 739; x_wconf 86' lang='lat' dir='ltr'><strong>sequentibus</strong></span> <span class='ocrx_word' id='word_1_168' title='bbox 2623 675 2854 737; x_wconf 88' lang='lat' dir='ltr'><strong>quatuor</strong></span> <span class='ocrx_word' id='word_1_169' title='bbox 2879 663 3191 732; x_wconf 87' lang='lat' dir='ltr'><strong>temporalia</strong></span> <span class='ocrx_word' id='word_1_170' title='bbox 3211 703 3226 728; x_wconf 92' lang='lat'><strong>,</strong></span> <span class='ocrx_word' id='word_1_171' title='bbox 3255 678 3376 733; x_wconf 71' lang='lat' dir='ltr'><strong>quae</strong></span> <span class='ocrx_word' id='word_1_172' title='bbox 3403 669 3584 718; x_wconf 87' lang='lat' dir='ltr'><strong>tamen</strong></span> <span class='ocrx_word' id='word_1_173' title='bbox 3611 678 3752 733; x_wconf 85' lang='lat' dir='ltr'><strong>pro-</strong></span> 
     </span>
    </p>
   </div>
   <div class='ocr_carea' id='block_1_18' title="bbox 2169 753 3754 831">
    <p class='ocr_par' dir='ltr' id='par_1_18' title="bbox 2169 753 3754 831">
     <span class='ocr_line' id='line_1_18' title="bbox 2169 753 3754 831; baseline -0.006 -16"><span class='ocrx_word' id='word_1_174' title='bbox 2169 771 2289 831; x_wconf 84' lang='lat' dir='ltr'><strong>pter</strong></span> <span class='ocrx_word' id='word_1_175' title='bbox 2324 770 2526 816; x_wconf 68' lang='lat' dir='ltr'><strong>mterna</strong></span> <span class='ocrx_word' id='word_1_176' title='bbox 2568 757 2890 828; x_wconf 90' lang='lat' dir='ltr'><strong>acquirenda</strong></span> <span class='ocrx_word' id='word_1_177' title='bbox 2935 762 3210 824; x_wconf 89' lang='lat' dir='ltr'><strong>petuntur.</strong></span> <span class='ocrx_word' id='word_1_178' title='bbox 3259 753 3392 807; x_wconf 87' lang='lat' dir='ltr'><strong>Nam</strong></span> <span class='ocrx_word' id='word_1_179' title='bbox 3441 768 3564 808; x_wconf 91' lang='lat' dir='ltr'><strong>cum</strong></span> <span class='ocrx_word' id='word_1_180' title='bbox 3605 754 3754 809; x_wconf 78' lang='lat' dir='ltr'><strong>dici-</strong></span> 
     </span>
    </p>
   </div>
   <div class='ocr_carea' id='block_1_19' title="bbox 2171 843 3752 917">
    <p class='ocr_par' dir='ltr' id='par_1_19' title="bbox 2171 843 3752 917">
     <span class='ocr_line' id='line_1_19' title="bbox 2171 843 3752 917; baseline -0.004 -13"><span class='ocrx_word' id='word_1_181' title='bbox 2171 866 2290 905; x_wconf 92' lang='lat' dir='ltr'><strong>mus</strong></span> <span class='ocrx_word' id='word_1_182' title='bbox 2320 865 2333 903; x_wconf 91' lang='lat'><strong>:</strong></span> <span class='ocrx_word' id='word_1_183' title='bbox 2378 849 2745 917; x_wconf 77' lang='lat' dir='ltr'><strong>Sanctiﬁcetur</strong></span> <span class='ocrx_word' id='word_1_184' title='bbox 2783 860 2966 901; x_wconf 85' lang='lat' dir='ltr'><strong>nomen</strong></span> <span class='ocrx_word' id='word_1_185' title='bbox 3005 855 3171 899; x_wconf 85' lang='lat' dir='ltr'><strong>tuum.</strong></span> <span class='ocrx_word' id='word_1_186' title='bbox 3199 843 3326 898; x_wconf 83' lang='lat' dir='ltr'><strong>Fiat</strong></span> <span class='ocrx_word' id='word_1_187' title='bbox 3355 844 3594 900; x_wconf 81' lang='lat' dir='ltr'><strong>voluntas</strong></span> <span class='ocrx_word' id='word_1_188' title='bbox 3632 853 3752 909; x_wconf 83' lang='lat' dir='ltr'><strong>tua,</strong></span> 
     </span>
    </p>
   </div>
   <div class='ocr_carea' id='block_1_20' title="bbox 2171 934 3754 1000">
    <p class='ocr_par' dir='ltr' id='par_1_20' title="bbox 2171 934 3754 1000">
     <span class='ocr_line' id='line_1_20' title="bbox 2171 934 3754 1000; baseline -0.001 -8"><span class='ocrx_word' id='word_1_189' title='bbox 2171 939 2303 992; x_wconf 83' lang='lat' dir='ltr'><strong>sicut</strong></span> <span class='ocrx_word' id='word_1_190' title='bbox 2342 939 2398 992; x_wconf 85' lang='lat' dir='ltr'><strong>in</strong></span> <span class='ocrx_word' id='word_1_191' title='bbox 2437 937 2562 992; x_wconf 73' lang='lat' dir='ltr'><strong>caelo</strong></span> <span class='ocrx_word' id='word_1_192' title='bbox 2601 945 2648 990; x_wconf 92' lang='lat' dir='ltr'><strong>et</strong></span> <span class='ocrx_word' id='word_1_193' title='bbox 2675 937 2728 990; x_wconf 88' lang='lat' dir='ltr'><strong>in</strong></span> <span class='ocrx_word' id='word_1_194' title='bbox 2760 945 2923 989; x_wconf 83' lang='lat' dir='ltr'><strong>terra.</strong></span> <span class='ocrx_word' id='word_1_195' title='bbox 2950 935 3048 990; x_wconf 80' lang='lat' dir='ltr'><strong>Hic</strong></span> <span class='ocrx_word' id='word_1_196' title='bbox 3075 934 3413 1000; x_wconf 89' lang='lat' dir='ltr'><strong>inchoantur,</strong></span> <span class='ocrx_word' id='word_1_197' title='bbox 3448 936 3546 990; x_wconf 89' lang='lat' dir='ltr'><strong>sed</strong></span> <span class='ocrx_word' id='word_1_198' title='bbox 3575 936 3632 990; x_wconf 87' lang='lat' dir='ltr'><strong>in</strong></span> <span class='ocrx_word' id='word_1_199' title='bbox 3660 935 3754 990; x_wconf 81' lang='lat' dir='ltr'><strong>illa</strong></span> 
     </span>
    </p>
   </div>
   <div class='ocr_carea' id='block_1_21' title="bbox 2173 1026 3758 1098">
    <p class='ocr_par' dir='ltr' id='par_1_21' title="bbox 2173 1026 3758 1098">
     <span class='ocr_line' id='line_1_21' title="bbox 2173 1026 3758 1098; baseline -0.001 -14"><span class='ocrx_word' id='word_1_200' title='bbox 2173 1031 2282 1084; x_wconf 86' lang='lat' dir='ltr'><strong>vita</strong></span> <span class='ocrx_word' id='word_1_201' title='bbox 2311 1037 2616 1098; x_wconf 86' lang='lat' dir='ltr'><strong>sperantur,</strong></span> <span class='ocrx_word' id='word_1_202' title='bbox 2648 1029 2739 1083; x_wconf 91' lang='lat' dir='ltr'><strong>ubi</strong></span> <span class='ocrx_word' id='word_1_203' title='bbox 2766 1027 3117 1082; x_wconf 73' lang='lat' dir='ltr'><strong>sanctificatio</strong></span> <span class='ocrx_word' id='word_1_204' title='bbox 3141 1026 3266 1090; x_wconf 88' lang='lat' dir='ltr'><strong>Dei,</strong></span> <span class='ocrx_word' id='word_1_205' title='bbox 3307 1035 3364 1082; x_wconf 88' lang='grc' dir='ltr'><strong>ει</strong></span> <span class='ocrx_word' id='word_1_206' title='bbox 3399 1028 3670 1092; x_wconf 78' lang='lat' dir='ltr'><strong>voluntas,</strong></span> <span class='ocrx_word' id='word_1_207' title='bbox 3696 1037 3758 1083; x_wconf 90' lang='lat' dir='ltr'><strong>et</strong></span> 
     </span>
    </p>
   </div>
   <div class='ocr_carea' id='block_1_22' title="bbox 2175 1116 3757 1190">
    <p class='ocr_par' dir='ltr' id='par_1_22' title="bbox 2175 1116 3757 1190">
     <span class='ocr_line' id='line_1_22' title="bbox 2175 1116 3757 1190; baseline -0.003 -15"><span class='ocrx_word' id='word_1_208' title='bbox 2175 1135 2398 1190; x_wconf 80' lang='lat' dir='ltr'><strong>regnum</strong></span> <span class='ocrx_word' id='word_1_209' title='bbox 2448 1121 2503 1172; x_wconf 91' lang='lat' dir='ltr'><strong>in</strong></span> <span class='ocrx_word' id='word_1_210' title='bbox 2555 1119 2756 1174; x_wconf 87' lang='lat' dir='ltr'><strong>sanctis</strong></span> <span class='ocrx_word' id='word_1_211' title='bbox 2806 1118 2919 1172; x_wconf 88' lang='lat' dir='ltr'><strong>suis</strong></span> <span class='ocrx_word' id='word_1_212' title='bbox 2969 1116 3344 1170; x_wconf 84' lang='lat' dir='ltr'><strong>immortaliter</strong></span> <span class='ocrx_word' id='word_1_213' title='bbox 3390 1119 3757 1185; x_wconf 82' lang='lat' dir='ltr'><strong>permanebit.</strong></span> 
     </span>
    </p>
   </div>
   <div class='ocr_carea' id='block_1_23' title="bbox 2177 1208 3760 1279">
    <p class='ocr_par' dir='ltr' id='par_1_23' title="bbox 2177 1208 3760 1279">
     <span class='ocr_line' id='line_1_23' title="bbox 2177 1208 3760 1279; baseline 0 -15"><span class='ocrx_word' id='word_1_214' title='bbox 2177 1210 2295 1265; x_wconf 84' lang='lat' dir='ltr'><strong>Jam</strong></span> <span class='ocrx_word' id='word_1_215' title='bbox 2319 1225 2448 1265; x_wconf 90' lang='lat' dir='ltr'><strong>vero</strong></span> <span class='ocrx_word' id='word_1_216' title='bbox 2474 1210 2628 1279; x_wconf 87' lang='lat' dir='ltr'><strong>panis</strong></span> <span class='ocrx_word' id='word_1_217' title='bbox 2651 1209 3013 1279; x_wconf 88' lang='lat' dir='ltr'><strong>quotidianus,</strong></span> <span class='ocrx_word' id='word_1_218' title='bbox 3042 1211 3136 1278; x_wconf 85' lang='lat' dir='ltr'><strong>qui</strong></span> <span class='ocrx_word' id='word_1_219' title='bbox 3162 1208 3246 1264; x_wconf 92' lang='lat' dir='ltr'><strong>vel</strong></span> <span class='ocrx_word' id='word_1_220' title='bbox 3275 1209 3470 1262; x_wconf 74' lang='lat' dir='ltr'><strong>animm</strong></span> <span class='ocrx_word' id='word_1_221' title='bbox 3494 1209 3580 1264; x_wconf 88' lang='lat' dir='ltr'><strong>vel</strong></span> <span class='ocrx_word' id='word_1_222' title='bbox 3603 1211 3760 1264; x_wconf 86' lang='lat' dir='ltr'><strong>carni</strong></span> 
     </span>
    </p>
   </div>
   <div class='ocr_carea' id='block_1_24' title="bbox 2181 1300 3765 1369">
    <p class='ocr_par' dir='ltr' id='par_1_24' title="bbox 2181 1300 3765 1369">
     <span class='ocr_line' id='line_1_24' title="bbox 2181 1300 3765 1369; baseline -0.002 -14"><span class='ocrx_word' id='word_1_223' title='bbox 2181 1302 2449 1365; x_wconf 89' lang='lat' dir='ltr'><strong>tribuitur,</strong></span> <span class='ocrx_word' id='word_1_224' title='bbox 2493 1302 2548 1355; x_wconf 91' lang='lat' dir='ltr'><strong>in</strong></span> <span class='ocrx_word' id='word_1_225' title='bbox 2586 1302 2690 1355; x_wconf 92' lang='lat' dir='ltr'><strong>hoc</strong></span> <span class='ocrx_word' id='word_1_226' title='bbox 2719 1300 2913 1355; x_wconf 78' lang='lat' dir='ltr'><strong>szeculo</strong></span> <span class='ocrx_word' id='word_1_227' title='bbox 2949 1301 3285 1369; x_wconf 83' lang='lat' dir='ltr'><strong>exposcitur;</strong></span> <span class='ocrx_word' id='word_1_228' title='bbox 3327 1300 3414 1354; x_wconf 91' lang='lat' dir='ltr'><strong>hic</strong></span> <span class='ocrx_word' id='word_1_229' title='bbox 3441 1301 3606 1353; x_wconf 89' lang='lat' dir='ltr'><strong>etiam</strong></span> <span class='ocrx_word' id='word_1_230' title='bbox 3637 1307 3765 1368; x_wconf 81' lang='lat' dir='ltr'><strong>post</strong></span> 
     </span>
    </p>
   </div>
   <div class='ocr_carea' id='block_1_25' title="bbox 2181 1387 3772 1459">
    <p class='ocr_par' dir='ltr' id='par_1_25' title="bbox 2181 1387 3772 1459">
     <span class='ocr_line' id='line_1_25' title="bbox 2181 1387 3772 1459; baseline -0.003 -12"><span class='ocrx_word' id='word_1_231' title='bbox 2181 1392 2477 1448; x_wconf 88' lang='lat' dir='ltr'><strong>subsidium</strong></span> <span class='ocrx_word' id='word_1_232' title='bbox 2501 1391 2645 1455; x_wconf 84' lang='lat' dir='ltr'><strong>cibi,</strong></span> <span class='ocrx_word' id='word_1_233' title='bbox 2687 1392 2844 1446; x_wconf 88' lang='lat' dir='ltr'><strong>venia</strong></span> <span class='ocrx_word' id='word_1_234' title='bbox 2885 1391 2952 1445; x_wconf 91' lang='lat' dir='ltr'><strong>de</strong></span> <span class='ocrx_word' id='word_1_235' title='bbox 2992 1389 3236 1459; x_wconf 88' lang='lat' dir='ltr'><strong>exemplo</strong></span> <span class='ocrx_word' id='word_1_236' title='bbox 3282 1387 3537 1444; x_wconf 66' lang='lat' dir='ltr'><strong>fraternae</strong></span> <span class='ocrx_word' id='word_1_237' title='bbox 3581 1389 3772 1443; x_wconf 80' lang='lat' dir='ltr'><strong>indul—</strong></span> 
     </span>
    </p>
   </div>
   <div class='ocr_carea' id='block_1_26' title="bbox 2182 1481 3768 1556">
    <p class='ocr_par' dir='ltr' id='par_1_26' title="bbox 2182 1481 3768 1556">
     <span class='ocr_line' id='line_1_26' title="bbox 2182 1481 3768 1556; baseline -0.003 -17"><span class='ocrx_word' id='word_1_238' title='bbox 2182 1487 2374 1556; x_wconf 72' lang='lat' dir='ltr'><strong>gentia:</strong></span> <span class='ocrx_word' id='word_1_239' title='bbox 2397 1486 2717 1554; x_wconf 87' lang='lat' dir='ltr'><strong>postulatur.</strong></span> <span class='ocrx_word' id='word_1_240' title='bbox 2749 1485 2848 1539; x_wconf 87' lang='lat' dir='ltr'><strong>IIic</strong></span> <span class='ocrx_word' id='word_1_241' title='bbox 2874 1500 2942 1539; x_wconf 90' lang='lat' dir='ltr'><strong>ne</strong></span> <span class='ocrx_word' id='word_1_242' title='bbox 2970 1486 3023 1538; x_wconf 90' lang='lat' dir='ltr'><strong>in</strong></span> <span class='ocrx_word' id='word_1_243' title='bbox 3049 1483 3256 1553; x_wconf 86' lang='lat' dir='ltr'><strong>peccati</strong></span> <span class='ocrx_word' id='word_1_244' title='bbox 3294 1481 3640 1536; x_wconf 89' lang='lat' dir='ltr'><strong>tentationem</strong></span> <span class='ocrx_word' id='word_1_245' title='bbox 3671 1482 3768 1535; x_wconf 79' lang='lat' dir='ltr'><strong>in-</strong></span> 
     </span>
    </p>
   </div>
   <div class='ocr_carea' id='block_1_27' title="bbox 2184 1571 3764 1645">
    <p class='ocr_par' dir='ltr' id='par_1_27' title="bbox 2184 1571 3764 1645">
     <span class='ocr_line' id='line_1_27' title="bbox 2184 1571 3764 1645; baseline -0.004 -15"><span class='ocrx_word' id='word_1_246' title='bbox 2184 1576 2442 1640; x_wconf 88' lang='lat' dir='ltr'><strong>cidamus,</strong></span> <span class='ocrx_word' id='word_1_247' title='bbox 2475 1576 2830 1645; x_wconf 68' lang='lat' dir='ltr'><strong>exposcimus.</strong></span> <span class='ocrx_word' id='word_1_248' title='bbox 2863 1574 2962 1629; x_wconf 81' lang='lat' dir='ltr'><strong>llic</strong></span> <span class='ocrx_word' id='word_1_249' title='bbox 2985 1580 3105 1642; x_wconf 89' lang='lat' dir='ltr'><strong>post</strong></span> <span class='ocrx_word' id='word_1_250' title='bbox 3133 1573 3335 1637; x_wconf 86' lang='lat' dir='ltr'><strong>omnia,</strong></span> <span class='ocrx_word' id='word_1_251' title='bbox 3362 1580 3420 1625; x_wconf 91' lang='lat' dir='ltr'><strong>ut</strong></span> <span class='ocrx_word' id='word_1_252' title='bbox 3445 1586 3475 1624; x_wconf 89' lang='lat' dir='ltr'><strong>a</strong></span> <span class='ocrx_word' id='word_1_253' title='bbox 3502 1571 3662 1625; x_wconf 87' lang='lat' dir='ltr'><strong>alis</strong></span> <span class='ocrx_word' id='word_1_254' title='bbox 3687 1571 3764 1624; x_wconf 87' lang='lat' dir='ltr'><strong>li-</strong></span> 
     </span>
    </p>
   </div>
   <div class='ocr_carea' id='block_1_28' title="bbox 2187 1660 3770 1731">
    <p class='ocr_par' dir='ltr' id='par_1_28' title="bbox 2187 1660 3770 1731">
     <span class='ocr_line' id='line_1_28' title="bbox 2187 1660 3770 1731; baseline -0.004 -13"><span class='ocrx_word' id='word_1_255' title='bbox 2187 1665 2467 1728; x_wconf 87' lang='lat' dir='ltr'><strong>beremur,</strong></span> <span class='ocrx_word' id='word_1_256' title='bbox 2517 1665 2612 1718; x_wconf 91' lang='lat' dir='ltr'><strong>Dei</strong></span> <span class='ocrx_word' id='word_1_257' title='bbox 2651 1664 2909 1718; x_wconf 82' lang='lat' dir='ltr'><strong>auxilium</strong></span> <span class='ocrx_word' id='word_1_258' title='bbox 2950 1663 3318 1731; x_wconf 87' lang='lat' dir='ltr'><strong>imploramus.</strong></span> <span class='ocrx_word' id='word_1_259' title='bbox 3351 1662 3410 1714; x_wconf 81' lang='lat' dir='ltr'><strong>in</strong></span> <span class='ocrx_word' id='word_1_260' title='bbox 3448 1660 3535 1714; x_wconf 84' lang='lat' dir='ltr'><strong>illo</strong></span> <span class='ocrx_word' id='word_1_261' title='bbox 3570 1667 3770 1714; x_wconf 89' lang='lat' dir='ltr'><strong>autem</strong></span> 
     </span>
    </p>
   </div>
   <div class='ocr_carea' id='block_1_29' title="bbox 2192 1749 3776 1820">
    <p class='ocr_par' dir='ltr' id='par_1_29' title="bbox 2192 1749 3776 1820">
     <span class='ocr_line' id='line_1_29' title="bbox 2192 1749 3776 1820; baseline -0.006 -10"><span class='ocrx_word' id='word_1_262' title='bbox 2192 1753 2387 1810; x_wconf 56' lang='lat' dir='ltr'><strong>saeculo</strong></span> <span class='ocrx_word' id='word_1_263' title='bbox 2411 1754 2542 1809; x_wconf 84' lang='lat' dir='ltr'><strong>nihil</strong></span> <span class='ocrx_word' id='word_1_264' title='bbox 2573 1755 2795 1809; x_wconf 89' lang='lat' dir='ltr'><strong>istorum</strong></span> <span class='ocrx_word' id='word_1_265' title='bbox 2815 1761 2915 1808; x_wconf 86' lang='lat' dir='ltr'><strong>est.</strong></span> <span class='ocrx_word' id='word_1_266' title='bbox 2943 1753 3096 1807; x_wconf 82' lang='lat' dir='ltr'><strong>Ilanc</strong></span> <span class='ocrx_word' id='word_1_267' title='bbox 3117 1752 3297 1820; x_wconf 86' lang='lat' dir='ltr'><strong>itaque</strong></span> <span class='ocrx_word' id='word_1_268' title='bbox 3324 1752 3612 1805; x_wconf 86' lang='lat' dir='ltr'><strong>orationem</strong></span> <span class='ocrx_word' id='word_1_269' title='bbox 3634 1749 3776 1803; x_wconf 86' lang='lat' dir='ltr'><strong>Sal-</strong></span> 
     </span>
    </p>
   </div>
   <div class='ocr_carea' id='block_1_30' title="bbox 516 1838 3775 1920">
    <p class='ocr_par' dir='ltr' id='par_1_30' title="bbox 516 1838 3775 1920">
     <span class='ocr_line' id='line_1_30' title="bbox 516 1838 3775 1920; baseline -0.008 0"><span class='ocrx_word' id='word_1_270' title='bbox 516 1865 690 1920; x_wconf 87' lang='lat' dir='ltr'><strong>adhuc</strong></span> <span class='ocrx_word' id='word_1_271' title='bbox 721 1863 948 1918; x_wconf 90' lang='lat' dir='ltr'><strong>divisum</strong></span> <span class='ocrx_word' id='word_1_272' title='bbox 981 1859 1193 1912; x_wconf 86' lang='lat' dir='ltr'><strong>videtur</strong></span> <span class='ocrx_word' id='word_1_273' title='bbox 1231 1857 1285 1909; x_wconf 91' lang='lat' dir='ltr'><strong>in</strong></span> <span class='ocrx_word' id='word_1_274' title='bbox 1325 1853 1497 1908; x_wconf 87' lang='lat' dir='ltr'><strong>acinis</strong></span> <span class='ocrx_word' id='word_1_275' title='bbox 1530 1870 1544 1905; x_wconf 87' lang='lat'>:</span> <span class='ocrx_word' id='word_1_276' title='bbox 1583 1851 1722 1905; x_wconf 89' lang='lat' dir='ltr'><strong>sicut</strong></span> <span class='ocrx_word' id='word_1_277' title='bbox 1762 1862 1864 1902; x_wconf 91' lang='lat' dir='ltr'><strong>nec</strong></span> <span class='ocrx_word' id='word_1_278' title='bbox 1900 1859 2089 1915; x_wconf 85' lang='lat' dir='ltr'><strong>grana,</strong></span> <span class='ocrx_word' id='word_1_279' title='bbox 2125 1838 2169 1898; x_wconf 89' lang='lat' dir='ltr'><strong>B</strong></span> <span class='ocrx_word' id='word_1_280' title='bbox 2194 1853 2347 1900; x_wconf 89' lang='lat' dir='ltr'><strong>vator</strong></span> <span class='ocrx_word' id='word_1_281' title='bbox 2373 1845 2572 1908; x_wconf 88' lang='lat' dir='ltr'><strong>docuit,</strong></span> <span class='ocrx_word' id='word_1_282' title='bbox 2619 1844 2672 1897; x_wconf 93' lang='lat' dir='ltr'><strong>in</strong></span> <span class='ocrx_word' id='word_1_283' title='bbox 2712 1859 2817 1912; x_wconf 86' lang='lat' dir='ltr'><strong>qua</strong></span> <span class='ocrx_word' id='word_1_284' title='bbox 2860 1851 2914 1896; x_wconf 89' lang='lat' dir='ltr'><strong>et</strong></span> <span class='ocrx_word' id='word_1_285' title='bbox 2955 1856 3079 1912; x_wconf 82' lang='lat' dir='ltr'><strong>spes</strong></span> <span class='ocrx_word' id='word_1_286' title='bbox 3117 1842 3420 1896; x_wconf 88' lang='lat' dir='ltr'><strong>continetur</strong></span> <span class='ocrx_word' id='word_1_287' title='bbox 3445 1840 3682 1895; x_wconf 91' lang='lat' dir='ltr'><strong>ﬁdelium</strong></span> <span class='ocrx_word' id='word_1_288' title='bbox 3711 1849 3775 1894; x_wconf 80' lang='lat' dir='ltr'><strong>et</strong></span> 
     </span>
    </p>
   </div>
   <div class='ocr_carea' id='block_1_31' title="bbox 517 1931 3774 2019">
    <p class='ocr_par' dir='ltr' id='par_1_31' title="bbox 517 1931 3774 2019">
     <span class='ocr_line' id='line_1_31' title="bbox 517 1931 3774 2019; baseline -0.009 -5"><span class='ocrx_word' id='word_1_289' title='bbox 653 1953 992 2011; x_wconf 81' lang='lat' dir='ltr'><strong>excutiantur</strong></span> <span class='ocrx_word' id='word_1_290' title='bbox 1035 1965 1068 2005; x_wconf 89' lang='lat' dir='ltr'><strong>a</strong></span> <span class='ocrx_word' id='word_1_291' title='bbox 1105 1947 1294 2019; x_wconf 82' lang='lat' dir='ltr'><strong>paleis.</strong></span> <span class='ocrx_word' id='word_1_292' title='bbox 1333 1945 1470 2002; x_wconf 80' lang='lat' dir='ltr'><strong>Nam</strong></span> <span class='ocrx_word' id='word_1_293' title='bbox 1509 1947 1884 2014; x_wconf 84' lang='lat' dir='ltr'><strong>persecutores</strong></span> <span class='ocrx_word' id='word_1_294' title='bbox 1922 1937 2094 1992; x_wconf 86' lang='lat' dir='ltr'><strong>nostri</strong></span> <span class='ocrx_word' id='word_1_295' title='bbox 2193 1933 2459 1990; x_wconf 85' lang='lat' dir='ltr'><strong>confessio</strong></span> <span class='ocrx_word' id='word_1_296' title='bbox 2499 1943 2861 2002; x_wconf 88' lang='lat' dir='ltr'><strong>peccatorum.</strong></span> <span class='ocrx_word' id='word_1_297' title='bbox 2903 1933 2980 1987; x_wconf 90' lang='lat' dir='ltr'><strong>De</strong></span> <span class='ocrx_word' id='word_1_298' title='bbox 3020 1948 3126 2002; x_wconf 89' lang='lat' dir='ltr'><strong>qua</strong></span> <span class='ocrx_word' id='word_1_299' title='bbox 3165 1933 3425 2001; x_wconf 86' lang='lat' dir='ltr'><strong>propheta</strong></span> <span class='ocrx_word' id='word_1_300' title='bbox 3462 1931 3774 2000; x_wconf 74' lang='lat' dir='ltr'><strong>praedicans</strong></span> 
     </span>
    </p>
   </div>
   <div class='ocr_carea' id='block_1_32' title="bbox 521 2021 3774 2119">
    <p class='ocr_par' dir='ltr' id='par_1_32' title="bbox 521 2021 3774 2119">
     <span class='ocr_line' id='line_1_32' title="bbox 521 2021 3774 2119; baseline -0.009 -17"><span class='ocrx_word' id='word_1_301' title='bbox 521 2049 620 2119; x_wconf 89' lang='lat' dir='ltr'><strong>ipsi</strong></span> <span class='ocrx_word' id='word_1_302' title='bbox 641 2046 916 2101; x_wconf 87' lang='lat' dir='ltr'><strong>excutiunt</strong></span> <span class='ocrx_word' id='word_1_303' title='bbox 943 2042 1182 2112; x_wconf 88' lang='lat' dir='ltr'><strong>paleam,</strong></span> <span class='ocrx_word' id='word_1_304' title='bbox 1208 2053 1332 2094; x_wconf 91' lang='lat' dir='ltr'><strong>cum</strong></span> <span class='ocrx_word' id='word_1_305' title='bbox 1365 2038 1434 2092; x_wconf 89' lang='lat' dir='ltr'><strong>ab</strong></span> <span class='ocrx_word' id='word_1_306' title='bbox 1466 2035 1601 2104; x_wconf 89' lang='lat' dir='ltr'><strong>ipsis</strong></span> <span class='ocrx_word' id='word_1_307' title='bbox 1621 2032 1956 2088; x_wconf 71' lang='lat' dir='ltr'><strong>trituramur.</strong></span> <span class='ocrx_word' id='word_1_308' title='bbox 1991 2027 2096 2100; x_wconf 91' lang='lat' dir='ltr'><strong>Ipsi</strong></span> <span class='ocrx_word' id='word_1_309' title='bbox 2195 2025 2270 2078; x_wconf 90' lang='lat' dir='ltr'><strong>ait</strong></span> <span class='ocrx_word' id='word_1_310' title='bbox 2298 2043 2310 2077; x_wconf 90' lang='lat'>:</span> <span class='ocrx_word' id='word_1_311' title='bbox 2345 2024 2413 2078; x_wconf 87' lang='lat' dir='ltr'><strong>Et</strong></span> <span class='ocrx_word' id='word_1_312' title='bbox 2433 2025 2548 2088; x_wconf 89' lang='lat' dir='ltr'><strong>erit,</strong></span> <span class='ocrx_word' id='word_1_313' title='bbox 2571 2025 2738 2078; x_wconf 83' lang='lat' dir='ltr'><strong>omnis</strong></span> <span class='ocrx_word' id='word_1_314' title='bbox 2757 2025 2844 2094; x_wconf 86' lang='lat' dir='ltr'><strong>qui</strong></span> <span class='ocrx_word' id='word_1_315' title='bbox 2867 2023 3173 2078; x_wconf 76' lang='lat' dir='ltr'><strong>invocaverit</strong></span> <span class='ocrx_word' id='word_1_316' title='bbox 3202 2038 3385 2077; x_wconf 87' lang='lat' dir='ltr'><strong>nomen</strong></span> <span class='ocrx_word' id='word_1_317' title='bbox 3407 2022 3640 2083; x_wconf 82' lang='lat' dir='ltr'><strong>Domini,</strong></span> <span class='ocrx_word' id='word_1_318' title='bbox 3661 2021 3774 2076; x_wconf 87' lang='lat' dir='ltr'><strong>sal-</strong></span> 
     </span>
    </p>
   </div>
   <div class='ocr_carea' id='block_1_33' title="bbox 522 2118 2098 2199">
    <p class='ocr_par' dir='ltr' id='par_1_33' title="bbox 522 2118 2098 2199">
     <span class='ocr_line' id='line_1_33' title="bbox 522 2118 2098 2199; baseline -0.014 -6"><span class='ocrx_word' id='word_1_319' title='bbox 522 2118 706 2193; x_wconf 66' lang='lat' dir='ltr'><strong>faecem</strong></span> <span class='ocrx_word' id='word_1_320' title='bbox 739 2151 871 2198; x_wconf 65' lang='lat' dir='ltr'><strong>uvae,</strong></span> <span class='ocrx_word' id='word_1_321' title='bbox 897 2148 1018 2188; x_wconf 91' lang='lat' dir='ltr'><strong>cum</strong></span> <span class='ocrx_word' id='word_1_322' title='bbox 1052 2131 1119 2185; x_wconf 91' lang='lat' dir='ltr'><strong>ab</strong></span> <span class='ocrx_word' id='word_1_323' title='bbox 1154 2129 1286 2199; x_wconf 88' lang='lat' dir='ltr'><strong>ipsis</strong></span> <span class='ocrx_word' id='word_1_324' title='bbox 1306 2136 1637 2197; x_wconf 88' lang='lat' dir='ltr'><strong>torquemur.</strong></span> <span class='ocrx_word' id='word_1_325' title='bbox 1674 2121 1827 2179; x_wconf 85' lang='lat' dir='ltr'><strong>Genu</strong></span> <span class='ocrx_word' id='word_1_326' title='bbox 1845 2119 1986 2175; x_wconf 84' lang='lat' dir='ltr'><strong>ﬁexo</strong></span> <span class='ocrx_word' id='word_1_327' title='bbox 2005 2118 2098 2173; x_wconf 88' lang='lat' dir='ltr'><strong>de-</strong></span> 
     </span>
    </p>
   </div>
   <div class='ocr_carea' id='block_1_34' title="bbox 525 2209 2094 2297">
    <p class='ocr_par' dir='ltr' id='par_1_34' title="bbox 525 2209 2094 2297">
     <span class='ocr_line' id='line_1_34' title="bbox 525 2209 2094 2297; baseline -0.015 -11"><span class='ocrx_word' id='word_1_328' title='bbox 525 2232 710 2286; x_wconf 90' lang='lat' dir='ltr'><strong>bemus</strong></span> <span class='ocrx_word' id='word_1_329' title='bbox 739 2241 839 2297; x_wconf 88' lang='lat' dir='ltr'><strong>pro</strong></span> <span class='ocrx_word' id='word_1_330' title='bbox 871 2226 950 2281; x_wconf 88' lang='lat' dir='ltr'><strong>eis</strong></span> <span class='ocrx_word' id='word_1_331' title='bbox 988 2237 1145 2280; x_wconf 87' lang='lat' dir='ltr'><strong>orare</strong></span> <span class='ocrx_word' id='word_1_332' title='bbox 1188 2237 1218 2274; x_wconf 91' lang='lat' dir='ltr'><strong>a</strong></span> <span class='ocrx_word' id='word_1_333' title='bbox 1261 2221 1456 2290; x_wconf 90' lang='lat' dir='ltr'><strong>quibus</strong></span> <span class='ocrx_word' id='word_1_334' title='bbox 1494 2215 1758 2272; x_wconf 73' lang='lat' dir='ltr'><strong>efﬁcimur</strong></span> <span class='ocrx_word' id='word_1_335' title='bbox 1796 2214 1948 2268; x_wconf 89' lang='lat' dir='ltr'><strong>cibus</strong></span> <span class='ocrx_word' id='word_1_336' title='bbox 1981 2209 2094 2264; x_wconf 90' lang='lat' dir='ltr'><strong>Dei.</strong></span> 
     </span>
    </p>
   </div>
   <div class='ocr_carea' id='block_1_35' title="bbox 525 2303 2100 2386">
    <p class='ocr_par' dir='ltr' id='par_1_35' title="bbox 525 2303 2100 2386">
     <span class='ocr_line' id='line_1_35' title="bbox 525 2303 2100 2386; baseline -0.013 -11"><span class='ocrx_word' id='word_1_337' title='bbox 525 2319 676 2375; x_wconf 87' lang='lat' dir='ltr'><strong>Sicut</strong></span> <span class='ocrx_word' id='word_1_338' title='bbox 701 2319 884 2372; x_wconf 90' lang='lat' dir='ltr'><strong>vinum</strong></span> <span class='ocrx_word' id='word_1_339' title='bbox 914 2324 1036 2386; x_wconf 91' lang='lat' dir='ltr'><strong>post</strong></span> <span class='ocrx_word' id='word_1_340' title='bbox 1060 2313 1298 2369; x_wconf 88' lang='lat' dir='ltr'><strong>torcular</strong></span> <span class='ocrx_word' id='word_1_341' title='bbox 1328 2309 1560 2364; x_wconf 87' lang='lat' dir='ltr'><strong>mittitur</strong></span> <span class='ocrx_word' id='word_1_342' title='bbox 1584 2308 1640 2362; x_wconf 90' lang='lat' dir='ltr'><strong>in</strong></span> <span class='ocrx_word' id='word_1_343' title='bbox 1668 2306 1909 2370; x_wconf 87' lang='lat' dir='ltr'><strong>calicem,</strong></span> <span class='ocrx_word' id='word_1_344' title='bbox 1941 2303 2020 2357; x_wconf 90' lang='lat' dir='ltr'><strong>sic</strong></span> <span class='ocrx_word' id='word_1_345' title='bbox 2045 2306 2100 2356; x_wconf 86' lang='lat' dir='ltr'><strong>et</strong></span> 
     </span>
    </p>
   </div>
   <div class='ocr_carea' id='block_1_36' title="bbox 527 2395 2097 2480">
    <p class='ocr_par' dir='ltr' id='par_1_36' title="bbox 527 2395 2097 2480">
     <span class='ocr_line' id='line_1_36' title="bbox 527 2395 2097 2480; baseline -0.012 -16"><span class='ocrx_word' id='word_1_346' title='bbox 527 2426 620 2468; x_wconf 89' lang='lat' dir='ltr'><strong>vos</strong></span> <span class='ocrx_word' id='word_1_347' title='bbox 646 2419 767 2480; x_wconf 90' lang='lat' dir='ltr'><strong>post</strong></span> <span class='ocrx_word' id='word_1_348' title='bbox 792 2409 882 2464; x_wconf 89' lang='lat' dir='ltr'><strong>illa</strong></span> <span class='ocrx_word' id='word_1_349' title='bbox 908 2407 1133 2477; x_wconf 76' lang='lat' dir='ltr'><strong>jejunio,</strong></span> <span class='ocrx_word' id='word_1_350' title='bbox 1165 2414 1287 2474; x_wconf 89' lang='lat' dir='ltr'><strong>post</strong></span> <span class='ocrx_word' id='word_1_351' title='bbox 1315 2403 1585 2465; x_wconf 89' lang='lat' dir='ltr'><strong>laborem,</strong></span> <span class='ocrx_word' id='word_1_352' title='bbox 1622 2407 1679 2454; x_wconf 90' lang='lat' dir='ltr'><strong>et</strong></span> <span class='ocrx_word' id='word_1_353' title='bbox 1704 2395 2064 2452; x_wconf 84' lang='lat' dir='ltr'><strong>humilitatem</strong></span> <span class='ocrx_word' id='word_1_354' title='bbox 2083 2431 2097 2457; x_wconf 93' lang='lat'><strong>,</strong></span> 
     </span>
    </p>
   </div>
   <div class='ocr_carea' id='block_1_37' title="bbox 527 2485 2102 2567">
    <p class='ocr_par' dir='ltr' id='par_1_37' title="bbox 527 2485 2102 2567">
     <span class='ocr_line' id='line_1_37' title="bbox 527 2485 2102 2567; baseline -0.015 -7"><span class='ocrx_word' id='word_1_355' title='bbox 527 2513 580 2560; x_wconf 88' lang='lat' dir='ltr'><strong>et</strong></span> <span class='ocrx_word' id='word_1_356' title='bbox 604 2501 983 2558; x_wconf 90' lang='lat' dir='ltr'><strong>contritionem</strong></span> <span class='ocrx_word' id='word_1_357' title='bbox 1015 2497 1128 2567; x_wconf 87' lang='lat' dir='ltr'><strong>jam</strong></span> <span class='ocrx_word' id='word_1_358' title='bbox 1173 2497 1227 2550; x_wconf 91' lang='lat' dir='ltr'><strong>in</strong></span> <span class='ocrx_word' id='word_1_359' title='bbox 1271 2494 1486 2550; x_wconf 88' lang='lat' dir='ltr'><strong>nomine</strong></span> <span class='ocrx_word' id='word_1_360' title='bbox 1517 2491 1720 2548; x_wconf 87' lang='lat' dir='ltr'><strong>Christi</strong></span> <span class='ocrx_word' id='word_1_361' title='bbox 1756 2498 2009 2557; x_wconf 88' lang='lat' dir='ltr'><strong>tanquam</strong></span> <span class='ocrx_word' id='word_1_362' title='bbox 2048 2485 2102 2538; x_wconf 89' lang='lat' dir='ltr'><strong>in</strong></span> 
     </span>
    </p>
   </div>
   <div class='ocr_carea' id='block_1_38' title="bbox 528 2575 2104 2654">
    <p class='ocr_par' dir='ltr' id='par_1_38' title="bbox 528 2575 2104 2654">
     <span class='ocr_line' id='line_1_38' title="bbox 528 2575 2104 2654; baseline -0.015 -3"><span class='ocrx_word' id='word_1_363' title='bbox 528 2595 749 2651; x_wconf 91' lang='lat' dir='ltr'><strong>calicem</strong></span> <span class='ocrx_word' id='word_1_364' title='bbox 785 2591 998 2648; x_wconf 90' lang='lat' dir='ltr'><strong>Domini</strong></span> <span class='ocrx_word' id='word_1_365' title='bbox 1034 2588 1278 2644; x_wconf 85' lang='lat' dir='ltr'><strong>venistis.</strong></span> <span class='ocrx_word' id='word_1_366' title='bbox 1328 2585 1394 2639; x_wconf 86' lang='lat' dir='ltr'><strong>Et</strong></span> <span class='ocrx_word' id='word_1_367' title='bbox 1436 2587 1591 2654; x_wconf 82' lang='lat' dir='ltr'><strong>panis</strong></span> <span class='ocrx_word' id='word_1_368' title='bbox 1633 2582 1710 2636; x_wconf 90' lang='lat' dir='ltr'><strong>ibi</strong></span> <span class='ocrx_word' id='word_1_369' title='bbox 1744 2595 1841 2634; x_wconf 89' lang='lat' dir='ltr'><strong>vos</strong></span> <span class='ocrx_word' id='word_1_370' title='bbox 1879 2577 2010 2632; x_wconf 87' lang='lat' dir='ltr'><strong>estis</strong></span> <span class='ocrx_word' id='word_1_371' title='bbox 2048 2575 2104 2628; x_wconf 86' lang='lat' dir='ltr'><strong>iu</strong></span> 
     </span>
    </p>
   </div>
   <div class='ocr_carea' id='block_1_39' title="bbox 531 2665 2102 2748">
    <p class='ocr_par' dir='ltr' id='par_1_39' title="bbox 531 2665 2102 2748">
     <span class='ocr_line' id='line_1_39' title="bbox 531 2665 2102 2748; baseline -0.014 -9"><span class='ocrx_word' id='word_1_372' title='bbox 531 2699 794 2748; x_wconf 89' lang='lat' dir='ltr'><strong>mensam,</strong></span> <span class='ocrx_word' id='word_1_373' title='bbox 830 2689 885 2737; x_wconf 89' lang='lat' dir='ltr'><strong>et</strong></span> <span class='ocrx_word' id='word_1_374' title='bbox 919 2681 1100 2735; x_wconf 91' lang='lat' dir='ltr'><strong>vinum</strong></span> <span class='ocrx_word' id='word_1_375' title='bbox 1137 2678 1210 2732; x_wconf 66' lang='lat' dir='ltr'><strong>ibi</strong></span> <span class='ocrx_word' id='word_1_376' title='bbox 1244 2690 1340 2731; x_wconf 89' lang='lat' dir='ltr'><strong>vos</strong></span> <span class='ocrx_word' id='word_1_377' title='bbox 1368 2675 1500 2730; x_wconf 90' lang='lat' dir='ltr'><strong>estis</strong></span> <span class='ocrx_word' id='word_1_378' title='bbox 1535 2673 1603 2726; x_wconf 65' lang='lat' dir='ltr'><strong>in&#39;</strong></span> <span class='ocrx_word' id='word_1_379' title='bbox 1625 2671 1869 2726; x_wconf 89' lang='lat' dir='ltr'><strong>calicem.</strong></span> <span class='ocrx_word' id='word_1_380' title='bbox 1910 2665 2102 2720; x_wconf 85' lang='lat' dir='ltr'><strong>Nobis-</strong></span> 
     </span>
    </p>
   </div>
   <div class='ocr_carea' id='block_1_40' title="bbox 532 2761 2107 2840">
    <p class='ocr_par' dir='ltr' id='par_1_40' title="bbox 532 2761 2107 2840">
     <span class='ocr_line' id='line_1_40' title="bbox 532 2761 2107 2840; baseline -0.014 -9"><span class='ocrx_word' id='word_1_381' title='bbox 532 2791 654 2831; x_wconf 92' lang='lat' dir='ltr'><strong>cum</strong></span> <span class='ocrx_word' id='word_1_382' title='bbox 692 2775 794 2829; x_wconf 91' lang='lat' dir='ltr'><strong>hoc</strong></span> <span class='ocrx_word' id='word_1_383' title='bbox 826 2772 957 2828; x_wconf 90' lang='lat' dir='ltr'><strong>estis</strong></span> <span class='ocrx_word' id='word_1_384' title='bbox 985 2770 1127 2840; x_wconf 87' lang='lat' dir='ltr'><strong>quod</strong></span> <span class='ocrx_word' id='word_1_385' title='bbox 1158 2781 1362 2824; x_wconf 91' lang='lat' dir='ltr'><strong>sumus.</strong></span> <span class='ocrx_word' id='word_1_386' title='bbox 1402 2763 1571 2819; x_wconf 89' lang='lat' dir='ltr'><strong>Simul</strong></span> <span class='ocrx_word' id='word_1_387' title='bbox 1601 2762 1747 2816; x_wconf 92' lang='lat' dir='ltr'><strong>enim</strong></span> <span class='ocrx_word' id='word_1_388' title='bbox 1783 2761 1885 2815; x_wconf 90' lang='lat' dir='ltr'><strong>hoc</strong></span> <span class='ocrx_word' id='word_1_389' title='bbox 1922 2771 2107 2812; x_wconf 91' lang='lat' dir='ltr'><strong>sumus</strong></span> 
     </span>
    </p>
   </div>
   <div class='ocr_carea' id='block_1_41' title="bbox 535 2844 2108 2938">
    <p class='ocr_par' dir='ltr' id='par_1_41' title="bbox 535 2844 2108 2938">
     <span class='ocr_line' id='line_1_41' title="bbox 535 2844 2108 2938; baseline -0.017 -15"><span class='ocrx_word' id='word_1_390' title='bbox 535 2866 675 2938; x_wconf 89' lang='lat' dir='ltr'><strong>quod</strong></span> <span class='ocrx_word' id='word_1_391' title='bbox 711 2864 860 2920; x_wconf 90' lang='lat' dir='ltr'><strong>estis.</strong></span> <span class='ocrx_word' id='word_1_392' title='bbox 906 2862 972 2916; x_wconf 87' lang='lat' dir='ltr'><strong>Et</strong></span> <span class='ocrx_word' id='word_1_393' title='bbox 1009 2875 1147 2915; x_wconf 90' lang='lat' dir='ltr'><strong>unus</strong></span> <span class='ocrx_word' id='word_1_394' title='bbox 1185 2857 1327 2914; x_wconf 82' lang='lat' dir='ltr'><strong>calix</strong></span> <span class='ocrx_word' id='word_1_395' title='bbox 1363 2861 1464 2920; x_wconf 89' lang='grc' dir='ltr'>εει,</span> <span class='ocrx_word' id='word_1_396' title='bbox 1505 2853 1561 2906; x_wconf 89' lang='lat' dir='ltr'><strong>in</strong></span> <span class='ocrx_word' id='word_1_397' title='bbox 1599 2866 1707 2921; x_wconf 90' lang='lat' dir='ltr'><strong>quo</strong></span> <span class='ocrx_word' id='word_1_398' title='bbox 1741 2862 1942 2909; x_wconf 90' lang='lat' dir='ltr'><strong>sumus,</strong></span> <span class='ocrx_word' id='word_1_399' title='bbox 1983 2844 2108 2914; x_wconf 87' lang='lat' dir='ltr'><strong>quia</strong></span> 
     </span>
    </p>
   </div>
   <div class='ocr_carea' id='block_1_42' title="bbox 537 2951 2106 3025">
    <p class='ocr_par' dir='ltr' id='par_1_42' title="bbox 537 2951 2106 3025">
     <span class='ocr_line' id='line_1_42' title="bbox 537 2951 2106 3025; baseline -0.015 -13"><span class='ocrx_word' id='word_1_400' title='bbox 537 2972 640 3013; x_wconf 87' lang='lat' dir='ltr'><strong>una</strong></span> <span class='ocrx_word' id='word_1_401' title='bbox 677 2954 856 3025; x_wconf 89' lang='lat' dir='ltr'><strong>passio</strong></span> <span class='ocrx_word' id='word_1_402' title='bbox 881 2962 964 3008; x_wconf 90' lang='lat' dir='ltr'><strong>est</strong></span> <span class='ocrx_word' id='word_1_403' title='bbox 988 2951 1189 3007; x_wconf 87' lang='lat' dir='ltr'><strong>Christi</strong></span> <span class='ocrx_word' id='word_1_404' title='bbox 1226 2958 1281 3004; x_wconf 91' lang='lat' dir='ltr'><strong>et</strong></span> <span class='ocrx_word' id='word_1_405' title='bbox 1315 2963 1422 3003; x_wconf 87' lang='lat' dir='ltr'><strong>una</strong></span> <span class='ocrx_word' id='word_1_406' title='bbox 1459 2958 1625 3008; x_wconf 90' lang='lat' dir='ltr'><strong>mors,</strong></span> <span class='ocrx_word' id='word_1_407' title='bbox 1661 2957 1768 3012; x_wconf 86' lang='lat' dir='ltr'><strong>qua</strong></span> <span class='ocrx_word' id='word_1_408' title='bbox 1803 2952 1989 2995; x_wconf 90' lang='lat' dir='ltr'><strong>omnes</strong></span> <span class='ocrx_word' id='word_1_409' title='bbox 2017 2952 2106 2990; x_wconf 89' lang='lat' dir='ltr'><strong>re—</strong></span> 
     </span>
    </p>
   </div>
   <div class='ocr_carea' id='block_1_43' title="bbox 539 3031 2110 3116">
    <p class='ocr_par' dir='ltr' id='par_1_43' title="bbox 539 3031 2110 3116">
     <span class='ocr_line' id='line_1_43' title="bbox 539 3031 2110 3116; baseline -0.013 -12"><span class='ocrx_word' id='word_1_410' title='bbox 539 3047 736 3116; x_wconf 88' lang='lat' dir='ltr'><strong>dempti</strong></span> <span class='ocrx_word' id='word_1_411' title='bbox 780 3061 984 3102; x_wconf 89' lang='lat' dir='ltr'><strong>sumus.</strong></span> <span class='ocrx_word' id='word_1_412' title='bbox 1033 3043 1202 3098; x_wconf 89' lang='lat' dir='ltr'><strong>Simul</strong></span> <span class='ocrx_word' id='word_1_413' title='bbox 1240 3042 1490 3102; x_wconf 86' lang='lat' dir='ltr'><strong>bibimus,</strong></span> <span class='ocrx_word' id='word_1_414' title='bbox 1535 3053 1658 3093; x_wconf 92' lang='lat' dir='ltr'><strong>cum</strong></span> <span class='ocrx_word' id='word_1_415' title='bbox 1700 3034 1861 3090; x_wconf 90' lang='lat' dir='ltr'><strong>simul</strong></span> <span class='ocrx_word' id='word_1_416' title='bbox 1895 3047 2001 3088; x_wconf 90' lang='lat' dir='ltr'><strong>non</strong></span> <span class='ocrx_word' id='word_1_417' title='bbox 2033 3031 2110 3084; x_wconf 89' lang='lat' dir='ltr'><strong>vi-</strong></span> 
     </span>
    </p>
   </div>
   <div class='ocr_carea' id='block_1_44' title="bbox 537 3153 730 3194">
    <p class='ocr_par' dir='ltr' id='par_1_44' title="bbox 537 3153 730 3194">
     <span class='ocr_line' id='line_1_44' title="bbox 537 3153 730 3194; baseline 0 -2"><span class='ocrx_word' id='word_1_418' title='bbox 537 3153 730 3194; x_wconf 82' lang='lat' dir='ltr'><strong>vlmus.</strong></span> 
     </span>
    </p>
   </div>
   <div class='ocr_carea' id='block_1_45' title="bbox 2195 2109 3774 2180">
    <p class='ocr_par' dir='ltr' id='par_1_45' title="bbox 2195 2109 3774 2180">
     <span class='ocr_line' id='line_1_45' title="bbox 2195 2109 3774 2180; baseline -0.003 -13"><span class='ocrx_word' id='word_1_419' title='bbox 2195 2130 2286 2168; x_wconf 78' lang='lat' dir='ltr'><strong>vus</strong></span> <span class='ocrx_word' id='word_1_420' title='bbox 2318 2114 2435 2167; x_wconf 88' lang='lat' dir='ltr'><strong>erit.</strong></span> <span class='ocrx_word' id='word_1_421' title='bbox 2473 2112 2566 2166; x_wconf 68' lang='lat' dir='ltr'><strong>[Ite</strong></span> <span class='ocrx_word' id='word_1_422' title='bbox 2601 2120 2726 2166; x_wconf 87' lang='lat' dir='ltr'><strong>sunt</strong></span> <span class='ocrx_word' id='word_1_423' title='bbox 2757 2123 2934 2166; x_wconf 87' lang='lat' dir='ltr'><strong>autem</strong></span> <span class='ocrx_word' id='word_1_424' title='bbox 2973 2118 3177 2180; x_wconf 85' lang='lat' dir='ltr'><strong>septem</strong></span> <span class='ocrx_word' id='word_1_425' title='bbox 3213 2109 3465 2165; x_wconf 84' lang='lat' dir='ltr'><strong>sacriﬁcii</strong></span> <span class='ocrx_word' id='word_1_426' title='bbox 3499 2109 3774 2163; x_wconf 84' lang='lat' dir='ltr'><strong>orationes</strong></span> 
     </span>
    </p>
   </div>
   <div class='ocr_carea' id='block_1_46' title="bbox 2198 2200 3773 2274">
    <p class='ocr_par' dir='ltr' id='par_1_46' title="bbox 2198 2200 3773 2274">
     <span class='ocr_line' id='line_1_46' title="bbox 2198 2200 3773 2274; baseline -0.003 -14"><span class='ocrx_word' id='word_1_427' title='bbox 2198 2206 2582 2261; x_wconf 65' lang='lat' dir='ltr'><strong>commendatae</strong></span> <span class='ocrx_word' id='word_1_428' title='bbox 2621 2204 2921 2274; x_wconf 87' lang='lat' dir='ltr'><strong>evangelica</strong></span> <span class='ocrx_word' id='word_1_429' title='bbox 2963 2205 3223 2258; x_wconf 84' lang='lat' dir='ltr'><strong>doctrina.</strong></span> <span class='ocrx_word' id='word_1_430' title='bbox 3265 2200 3432 2271; x_wconf 81' lang='lat' dir='ltr'><strong>Cujus</strong></span> <span class='ocrx_word' id='word_1_431' title='bbox 3474 2203 3773 2256; x_wconf 80' lang='lat' dir='ltr'><strong>numeratio</strong></span> 
     </span>
    </p>
   </div>
   <div class='ocr_carea' id='block_1_47' title="bbox 2200 2294 3774 2366">
    <p class='ocr_par' dir='ltr' id='par_1_47' title="bbox 2200 2294 3774 2366">
     <span class='ocr_line' id='line_1_47' title="bbox 2200 2294 3774 2366; baseline -0.004 -15"><span class='ocrx_word' id='word_1_432' title='bbox 2200 2297 2441 2353; x_wconf 85' lang='lat' dir='ltr'><strong>instituta</strong></span> <span class='ocrx_word' id='word_1_433' title='bbox 2486 2297 2728 2360; x_wconf 87' lang='lat' dir='ltr'><strong>videtur,</strong></span> <span class='ocrx_word' id='word_1_434' title='bbox 2773 2296 2858 2350; x_wconf 90' lang='lat' dir='ltr'><strong>vel</strong></span> <span class='ocrx_word' id='word_1_435' title='bbox 2907 2303 3126 2366; x_wconf 87' lang='lat' dir='ltr'><strong>propter</strong></span> <span class='ocrx_word' id='word_1_436' title='bbox 3171 2294 3530 2363; x_wconf 86' lang='lat' dir='ltr'><strong>septenariam</strong></span> <span class='ocrx_word' id='word_1_437' title='bbox 3573 2303 3774 2347; x_wconf 65' lang='lat' dir='ltr'><strong>sancta:</strong></span> 
     </span>
    </p>
   </div>
   <div class='ocr_carea' id='block_1_48' title="bbox 2201 2371 3771 2454">
    <p class='ocr_par' dir='ltr' id='par_1_48' title="bbox 2201 2371 3771 2454">
     <span class='ocr_line' id='line_1_48' title="bbox 2201 2371 3771 2454; baseline -0.006 -12"><span class='ocrx_word' id='word_1_438' title='bbox 2201 2387 2454 2443; x_wconf 61' lang='lat' dir='ltr'><strong>Ecclesiae</strong></span> <span class='ocrx_word' id='word_1_439' title='bbox 2505 2371 2948 2448; x_wconf 66' lang='lat' dir='ltr'><strong>universitatem,</strong></span> <span class='ocrx_word' id='word_1_440' title='bbox 3005 2384 3090 2438; x_wconf 88' lang='lat' dir='ltr'><strong>vel</strong></span> <span class='ocrx_word' id='word_1_441' title='bbox 3139 2394 3357 2453; x_wconf 82' lang='lat' dir='ltr'><strong>pmpter</strong></span> <span class='ocrx_word' id='word_1_442' title='bbox 3407 2381 3771 2454; x_wconf 82' lang='lat' dir='ltr'><strong>septiformeni</strong></span> 
     </span>
    </p>
   </div>
   <div class='ocr_carea' id='block_1_49' title="bbox 2203 2473 3774 2549">
    <p class='ocr_par' dir='ltr' id='par_1_49' title="bbox 2203 2473 3774 2549">
     <span class='ocr_line' id='line_1_49' title="bbox 2203 2473 3774 2549; baseline -0.004 -17"><span class='ocrx_word' id='word_1_443' title='bbox 2203 2479 2388 2549; x_wconf 68' lang='lat' dir='ltr'><strong>gratiae</strong></span> <span class='ocrx_word' id='word_1_444' title='bbox 2414 2477 2692 2546; x_wconf 90' lang='lat' dir='ltr'><strong>Spiritum,</strong></span> <span class='ocrx_word' id='word_1_445' title='bbox 2721 2474 2874 2544; x_wconf 88' lang='lat' dir='ltr'><strong>cujus</strong></span> <span class='ocrx_word' id='word_1_446' title='bbox 2901 2475 3040 2530; x_wconf 91' lang='lat' dir='ltr'><strong>dono</strong></span> <span class='ocrx_word' id='word_1_447' title='bbox 3065 2489 3128 2529; x_wconf 88' lang='lat' dir='ltr'><strong>ea</strong></span> <span class='ocrx_word' id='word_1_448' title='bbox 3154 2491 3274 2544; x_wconf 70' lang='lat' dir='ltr'><strong>qua:</strong></span> <span class='ocrx_word' id='word_1_449' title='bbox 3312 2473 3616 2529; x_wconf 89' lang='lat' dir='ltr'><strong>inferuntur</strong></span> <span class='ocrx_word' id='word_1_450' title='bbox 3649 2489 3774 2527; x_wconf 83' lang='lat' dir='ltr'><strong>san-</strong></span> 
     </span>
    </p>
   </div>
   <div class='ocr_carea' id='block_1_50' title="bbox 2205 2570 2523 2624">
    <p class='ocr_par' dir='ltr' id='par_1_50' title="bbox 2205 2570 2523 2624">
     <span class='ocr_line' id='line_1_50' title="bbox 2205 2570 2523 2624; baseline -0.013 0"><span class='ocrx_word' id='word_1_451' title='bbox 2205 2570 2523 2624; x_wconf 85' lang='lat' dir='ltr'><strong>ctiﬁcantur.</strong></span> 
     </span>
    </p>
   </div>
   <div class='ocr_carea' id='block_1_51' title="bbox 2274 2653 3774 2727">
    <p class='ocr_par' dir='ltr' id='par_1_51' title="bbox 2274 2653 3774 2727">
     <span class='ocr_line' id='line_1_51' title="bbox 2274 2653 3774 2727; baseline -0.006 -14"><span class='ocrx_word' id='word_1_452' title='bbox 2274 2657 2507 2713; x_wconf 77' lang='lat' dir='ltr'><strong>LXXIV.</strong></span> <span class='ocrx_word' id='word_1_453' title='bbox 2550 2656 2862 2727; x_wconf 87' lang='lat' dir='ltr'><strong>Symbolum</strong></span> <span class='ocrx_word' id='word_1_454' title='bbox 2903 2662 3102 2719; x_wconf 87' lang='lat' dir='ltr'><strong>autem,</strong></span> <span class='ocrx_word' id='word_1_455' title='bbox 3145 2655 3286 2723; x_wconf 89' lang='lat' dir='ltr'><strong>quod</strong></span> <span class='ocrx_word' id='word_1_456' title='bbox 3331 2664 3569 2721; x_wconf 88' lang='lat' dir='ltr'><strong>tempore</strong></span> <span class='ocrx_word' id='word_1_457' title='bbox 3606 2653 3774 2706; x_wconf 81' lang='lat' dir='ltr'><strong>sacri-</strong></span> 
     </span>
    </p>
   </div>
   <div class='ocr_carea' id='block_1_52' title="bbox 2207 2746 3776 2817">
    <p class='ocr_par' dir='ltr' id='par_1_52' title="bbox 2207 2746 3776 2817">
     <span class='ocr_line' id='line_1_52' title="bbox 2207 2746 3776 2817; baseline -0.005 -13"><span class='ocrx_word' id='word_1_458' title='bbox 2207 2751 2313 2805; x_wconf 89' lang='lat' dir='ltr'><strong>ﬁcii</strong></span> <span class='ocrx_word' id='word_1_459' title='bbox 2347 2750 2413 2804; x_wconf 90' lang='lat' dir='ltr'><strong>ab</strong></span> <span class='ocrx_word' id='word_1_460' title='bbox 2440 2747 2585 2803; x_wconf 89' lang='lat' dir='ltr'><strong>omni</strong></span> <span class='ocrx_word' id='word_1_461' title='bbox 2619 2746 2813 2817; x_wconf 91' lang='lat' dir='ltr'><strong>popqu</strong></span> <span class='ocrx_word' id='word_1_462' title='bbox 2845 2747 3184 2816; x_wconf 60' lang='lat' dir='ltr'><strong>praedicatur,</strong></span> <span class='ocrx_word' id='word_1_463' title='bbox 3213 2761 3440 2800; x_wconf 83' lang='lat' dir='ltr'><strong>cccxvtn</strong></span> <span class='ocrx_word' id='word_1_464' title='bbox 3471 2755 3776 2799; x_wconf 87' lang='lat' dir='ltr'><strong>sanctorum</strong></span> 
     </span>
    </p>
   </div>
   <div class='ocr_carea' id='block_1_53' title="bbox 2207 2836 3778 2909">
    <p class='ocr_par' dir='ltr' id='par_1_53' title="bbox 2207 2836 3778 2909">
     <span class='ocr_line' id='line_1_53' title="bbox 2207 2836 3778 2909; baseline -0.006 -12"><span class='ocrx_word' id='word_1_465' title='bbox 2207 2843 2426 2897; x_wconf 86' lang='lat' dir='ltr'><strong>Patrum</strong></span> <span class='ocrx_word' id='word_1_466' title='bbox 2453 2841 2734 2895; x_wconf 86' lang='lat' dir='ltr'><strong>collatione</strong></span> <span class='ocrx_word' id='word_1_467' title='bbox 2767 2839 2905 2909; x_wconf 88' lang='lat' dir='ltr'><strong>apud</strong></span> <span class='ocrx_word' id='word_1_468' title='bbox 2942 2838 3201 2908; x_wconf 86' lang='lat' dir='ltr'><strong>synodum</strong></span> <span class='ocrx_word' id='word_1_469' title='bbox 3241 2837 3512 2895; x_wconf 63' lang='lat' dir='ltr'><strong>Nicaenam</strong></span> <span class='ocrx_word' id='word_1_470' title='bbox 3545 2844 3630 2890; x_wconf 85' lang='lat' dir='ltr'><strong>est</strong></span> <span class='ocrx_word' id='word_1_471' title='bbox 3664 2836 3778 2889; x_wconf 83' lang='lat' dir='ltr'><strong>edi-</strong></span> 
     </span>
    </p>
   </div>
   <div class='ocr_carea' id='block_1_54' title="bbox 2211 2924 3779 3000">
    <p class='ocr_par' dir='ltr' id='par_1_54' title="bbox 2211 2924 3779 3000">
     <span class='ocr_line' id='line_1_54' title="bbox 2211 2924 3779 3000; baseline -0.006 -14"><span class='ocrx_word' id='word_1_472' title='bbox 2211 2941 2354 2998; x_wconf 91' lang='lat' dir='ltr'><strong>tum;</strong></span> <span class='ocrx_word' id='word_1_473' title='bbox 2400 2930 2552 2999; x_wconf 89' lang='lat' dir='ltr'><strong>cujus</strong></span> <span class='ocrx_word' id='word_1_474' title='bbox 2593 2945 2734 2984; x_wconf 82' lang='lat' dir='ltr'><strong>verae</strong></span> <span class='ocrx_word' id='word_1_475' title='bbox 2775 2929 2898 2982; x_wconf 87' lang='lat' dir='ltr'><strong>ﬁdei</strong></span> <span class='ocrx_word' id='word_1_476' title='bbox 2942 2929 3125 3000; x_wconf 86' lang='lat' dir='ltr'><strong>regula</strong></span> <span class='ocrx_word' id='word_1_477' title='bbox 3163 2927 3331 2982; x_wconf 84' lang='lat' dir='ltr'><strong>tantis</strong></span> <span class='ocrx_word' id='word_1_478' title='bbox 3367 2926 3624 2982; x_wconf 73' lang='lat' dir='ltr'><strong>doctrinm</strong></span> <span class='ocrx_word' id='word_1_479' title='bbox 3659 2924 3779 2979; x_wconf 87' lang='lat' dir='ltr'><strong>ﬁdei</strong></span> 
     </span>
    </p>
   </div>
   <div class='ocr_carea' id='block_1_55' title="bbox 2209 3016 3778 3096">
    <p class='ocr_par' dir='ltr' id='par_1_55' title="bbox 2209 3016 3778 3096">
     <span class='ocr_line' id='line_1_55' title="bbox 2209 3016 3778 3096; baseline -0.007 -17"><span class='ocrx_word' id='word_1_480' title='bbox 2209 3024 2482 3096; x_wconf 84' lang='lat' dir='ltr'><strong>mysteriis</strong></span> <span class='ocrx_word' id='word_1_481' title='bbox 2509 3021 2786 3091; x_wconf 82' lang='lat' dir='ltr'><strong>praecellit,</strong></span> <span class='ocrx_word' id='word_1_482' title='bbox 2817 3020 2964 3074; x_wconf 90' lang='lat' dir='ltr'><strong>etde</strong></span> <span class='ocrx_word' id='word_1_483' title='bbox 2989 3020 3133 3073; x_wconf 92' lang='lat' dir='ltr'><strong>omni</strong></span> <span class='ocrx_word' id='word_1_484' title='bbox 3169 3026 3323 3087; x_wconf 86' lang='lat' dir='ltr'><strong>parte</strong></span> <span class='ocrx_word' id='word_1_485' title='bbox 3363 3017 3484 3072; x_wconf 90' lang='lat' dir='ltr'><strong>ﬁdei</strong></span> <span class='ocrx_word' id='word_1_486' title='bbox 3525 3016 3778 3085; x_wconf 88' lang='lat' dir='ltr'><strong>loquitur,</strong></span> 
     </span>
    </p>
   </div>
   <div class='ocr_carea' id='block_1_56' title="bbox 2211 3107 3782 3186">
    <p class='ocr_par' dir='ltr' id='par_1_56' title="bbox 2211 3107 3782 3186">
     <span class='ocr_line' id='line_1_56' title="bbox 2211 3107 3782 3186; baseline -0.008 -13"><span class='ocrx_word' id='word_1_487' title='bbox 2211 3127 2272 3174; x_wconf 91' lang='lat' dir='ltr'><strong>ut</strong></span> <span class='ocrx_word' id='word_1_488' title='bbox 2299 3119 2442 3173; x_wconf 89' lang='lat' dir='ltr'><strong>nulla</strong></span> <span class='ocrx_word' id='word_1_489' title='bbox 2471 3131 2605 3186; x_wconf 89' lang='lat' dir='ltr'><strong>pene</strong></span> <span class='ocrx_word' id='word_1_490' title='bbox 2638 3117 2709 3170; x_wconf 87' lang='lat' dir='ltr'><strong>sit</strong></span> <span class='ocrx_word' id='word_1_491' title='bbox 2735 3114 2956 3169; x_wconf 66' lang='lat' dir='ltr'><strong>haeresis</strong></span> <span class='ocrx_word' id='word_1_492' title='bbox 2983 3113 3134 3181; x_wconf 86' lang='lat' dir='ltr'><strong>cujus</strong></span> <span class='ocrx_word' id='word_1_493' title='bbox 3161 3127 3255 3181; x_wconf 92' lang='lat' dir='ltr'><strong>per</strong></span> <span class='ocrx_word' id='word_1_494' title='bbox 3283 3111 3491 3181; x_wconf 85' lang='lat' dir='ltr'><strong>singula</strong></span> <span class='ocrx_word' id='word_1_495' title='bbox 3514 3110 3676 3163; x_wconf 87' lang='lat' dir='ltr'><strong>verba</strong></span> <span class='ocrx_word' id='word_1_496' title='bbox 3700 3107 3782 3162; x_wconf 80' lang='lat' dir='ltr'><strong>vel</strong></span> 
     </span>
    </p>
   </div>
   <div class='ocr_carea' id='block_1_57' title="bbox 607 3181 3784 3286">
    <p class='ocr_par' dir='ltr' id='par_1_57' title="bbox 607 3181 3784 3286">
     <span class='ocr_line' id='line_1_57' title="bbox 607 3181 3784 3286; baseline -0.011 -1"><span class='ocrx_word' id='word_1_497' title='bbox 607 3229 835 3285; x_wconf 79' lang='lat' dir='ltr'><strong>LXXIII.</strong></span> <span class='ocrx_word' id='word_1_498' title='bbox 888 3229 914 3268; x_wconf 68' lang='grc' dir='ltr'>δ</span> <span class='ocrx_word' id='word_1_499' title='bbox 961 3227 1104 3282; x_wconf 91' lang='lat' dir='ltr'><strong>Ordo</strong></span> <span class='ocrx_word' id='word_1_500' title='bbox 1157 3233 1334 3279; x_wconf 90' lang='lat' dir='ltr'><strong>autem</strong></span> <span class='ocrx_word' id='word_1_501' title='bbox 1383 3223 1560 3277; x_wconf 74' lang='lat' dir='ltr'><strong>missa:</strong></span> <span class='ocrx_word' id='word_1_502' title='bbox 1579 3262 1594 3286; x_wconf 92' lang='lat'><strong>,</strong></span> <span class='ocrx_word' id='word_1_503' title='bbox 1639 3219 1724 3273; x_wconf 90' lang='lat' dir='ltr'><strong>vel</strong></span> <span class='ocrx_word' id='word_1_504' title='bbox 1767 3219 2071 3272; x_wconf 87' lang='lat' dir='ltr'><strong>orationum</strong></span> <span class='ocrx_word' id='word_1_505' title='bbox 2091 3255 2105 3279; x_wconf 92' lang='lat'><strong>,</strong></span> <span class='ocrx_word' id='word_1_506' title='bbox 2135 3181 2180 3245; x_wconf 81' lang='lat' dir='ltr'>c</span> <span class='ocrx_word' id='word_1_507' title='bbox 2211 3208 2508 3264; x_wconf 89' lang='lat' dir='ltr'><strong>sententias</strong></span> <span class='ocrx_word' id='word_1_508' title='bbox 2529 3221 2630 3260; x_wconf 89' lang='lat' dir='ltr'><strong>non</strong></span> <span class='ocrx_word' id='word_1_509' title='bbox 2656 3204 3011 3272; x_wconf 88' lang='lat' dir='ltr'><strong>responderit.</strong></span> <span class='ocrx_word' id='word_1_510' title='bbox 3041 3204 3239 3257; x_wconf 83' lang='lat' dir='ltr'><strong>Omnes</strong></span> <span class='ocrx_word' id='word_1_511' title='bbox 3262 3201 3406 3255; x_wconf 88' lang='lat' dir='ltr'><strong>enim</strong></span> <span class='ocrx_word' id='word_1_512' title='bbox 3429 3214 3664 3278; x_wconf 77' lang='lat' dir='ltr'><strong>errores,</strong></span> <span class='ocrx_word' id='word_1_513' title='bbox 3689 3200 3784 3252; x_wconf 83' lang='lat' dir='ltr'><strong>im-</strong></span> 
     </span>
    </p>
   </div>
   <div class='ocr_carea' id='block_1_58' title="bbox 538 3288 3787 3394">
    <p class='ocr_par' dir='ltr' id='par_1_58' title="bbox 538 3288 3787 3394">
     <span class='ocr_line' id='line_1_58' title="bbox 538 3288 3787 3394; baseline -0.011 -16"><span class='ocrx_word' id='word_1_514' title='bbox 538 3323 732 3394; x_wconf 89' lang='lat' dir='ltr'><strong>quibus</strong></span> <span class='ocrx_word' id='word_1_515' title='bbox 767 3321 945 3377; x_wconf 89' lang='lat' dir='ltr'><strong>oblata</strong></span> <span class='ocrx_word' id='word_1_516' title='bbox 983 3320 1092 3373; x_wconf 93' lang='lat' dir='ltr'><strong>Deo</strong></span> <span class='ocrx_word' id='word_1_517' title='bbox 1126 3316 1388 3372; x_wconf 87' lang='lat' dir='ltr'><strong>sacriﬁcia</strong></span> <span class='ocrx_word' id='word_1_518' title='bbox 1425 3321 1828 3375; x_wconf 87' lang='lat' dir='ltr'><strong>consecrantur,</strong></span> <span class='ocrx_word' id='word_1_519' title='bbox 1870 3310 2043 3379; x_wconf 89' lang='lat' dir='ltr'><strong>primo</strong></span> <span class='ocrx_word' id='word_1_520' title='bbox 2079 3322 2112 3361; x_wconf 89' lang='lat' dir='ltr'><strong>a</strong></span> <span class='ocrx_word' id='word_1_521' title='bbox 2210 3301 2570 3372; x_wconf 80' lang='lat' dir='ltr'><strong>pietatemque</strong></span> <span class='ocrx_word' id='word_1_522' title='bbox 2607 3295 2759 3360; x_wconf 81' lang='lat' dir='ltr'><strong>ﬁdei,</strong></span> <span class='ocrx_word' id='word_1_523' title='bbox 2792 3303 2952 3364; x_wconf 89' lang='lat' dir='ltr'><strong>atque</strong></span> <span class='ocrx_word' id='word_1_524' title='bbox 2991 3292 3351 3362; x_wconf 79' lang='lat' dir='ltr'><strong>blasphemias</strong></span> <span class='ocrx_word' id='word_1_525' title='bbox 3391 3291 3583 3345; x_wconf 88' lang='lat' dir='ltr'><strong>calcat.</strong></span> <span class='ocrx_word' id='word_1_526' title='bbox 3628 3289 3692 3342; x_wconf 84' lang='lat' dir='ltr'><strong>Et</strong></span> <span class='ocrx_word' id='word_1_527' title='bbox 3718 3288 3787 3342; x_wconf 89' lang='lat' dir='ltr'><strong>ob</strong></span> 
     </span>
    </p>
   </div>
   <div class='ocr_carea' id='block_1_59' title="bbox 541 3381 3787 3472">
    <p class='ocr_par' dir='ltr' id='par_1_59' title="bbox 541 3381 3787 3472">
     <span class='ocr_line' id='line_1_59' title="bbox 541 3381 3787 3472; baseline -0.01 -6"><span class='ocrx_word' id='word_1_528' title='bbox 541 3381 728 3466; x_wconf 75' lang='lat' dir='ltr'><strong>sancto</strong></span> <span class='ocrx_word' id='word_1_529' title='bbox 753 3409 913 3463; x_wconf 86' lang='lat' dir='ltr'><strong>Petro</strong></span> <span class='ocrx_word' id='word_1_530' title='bbox 936 3415 1020 3461; x_wconf 91' lang='lat' dir='ltr'><strong>est</strong></span> <span class='ocrx_word' id='word_1_531' title='bbox 1051 3406 1347 3469; x_wconf 87' lang='lat' dir='ltr'><strong>institutus,</strong></span> <span class='ocrx_word' id='word_1_532' title='bbox 1379 3402 1530 3472; x_wconf 87' lang='lat' dir='ltr'><strong>cujus</strong></span> <span class='ocrx_word' id='word_1_533' title='bbox 1564 3401 1978 3456; x_wconf 87' lang='lat' dir='ltr'><strong>celebrationem</strong></span> <span class='ocrx_word' id='word_1_534' title='bbox 2006 3411 2114 3451; x_wconf 92' lang='lat' dir='ltr'><strong>uno</strong></span> <span class='ocrx_word' id='word_1_535' title='bbox 2214 3393 2315 3446; x_wconf 90' lang='lat' dir='ltr'><strong>hoc</strong></span> <span class='ocrx_word' id='word_1_536' title='bbox 2355 3391 2408 3444; x_wconf 91' lang='lat' dir='ltr'><strong>in</strong></span> <span class='ocrx_word' id='word_1_537' title='bbox 2456 3388 2720 3443; x_wconf 87' lang='lat' dir='ltr'><strong>universis</strong></span> <span class='ocrx_word' id='word_1_538' title='bbox 2758 3387 3012 3440; x_wconf 89' lang='lat' dir='ltr'><strong>Ecclesiis</strong></span> <span class='ocrx_word' id='word_1_539' title='bbox 3054 3386 3169 3454; x_wconf 88' lang='lat' dir='ltr'><strong>pari</strong></span> <span class='ocrx_word' id='word_1_540' title='bbox 3217 3384 3554 3439; x_wconf 80' lang='lat' dir='ltr'><strong>confessione</strong></span> <span class='ocrx_word' id='word_1_541' title='bbox 3597 3381 3787 3450; x_wconf 87' lang='lat' dir='ltr'><strong>populo</strong></span> 
     </span>
    </p>
   </div>
   <div class='ocr_carea' id='block_1_60' title="bbox 542 3473 3787 3569">
    <p class='ocr_par' dir='ltr' id='par_1_60' title="bbox 542 3473 3787 3569">
     <span class='ocr_line' id='line_1_60' title="bbox 542 3473 3787 3569; baseline -0.01 -11"><span class='ocrx_word' id='word_1_542' title='bbox 542 3502 837 3569; x_wconf 87' lang='lat' dir='ltr'><strong>eodemque</strong></span> <span class='ocrx_word' id='word_1_543' title='bbox 862 3499 1020 3553; x_wconf 89' lang='lat' dir='ltr'><strong>modo</strong></span> <span class='ocrx_word' id='word_1_544' title='bbox 1049 3499 1332 3551; x_wconf 86' lang='lat' dir='ltr'><strong>universus</strong></span> <span class='ocrx_word' id='word_1_545' title='bbox 1356 3494 1562 3566; x_wconf 79' lang='lat' dir='ltr'><strong>peragit</strong></span> <span class='ocrx_word' id='word_1_546' title='bbox 1590 3493 1756 3548; x_wconf 90' lang='lat' dir='ltr'><strong>orbis.</strong></span> <span class='ocrx_word' id='word_1_547' title='bbox 1788 3491 1917 3558; x_wconf 74' lang='lat' dir='ltr'><strong>Qua:</strong></span> <span class='ocrx_word' id='word_1_548' title='bbox 1944 3491 2116 3559; x_wconf 83' lang='lat' dir='ltr'><strong>prima</strong></span> <span class='ocrx_word' id='word_1_549' title='bbox 2214 3481 2594 3552; x_wconf 89' lang='lat' dir='ltr'><strong>proclamatur.</strong></span> <span class='ocrx_word' id='word_1_550' title='bbox 2627 3479 3060 3532; x_wconf 82' lang='lat' dir='ltr'><strong>Benedictionem</strong></span> <span class='ocrx_word' id='word_1_551' title='bbox 3085 3486 3263 3530; x_wconf 86' lang='lat' dir='ltr'><strong>autem</strong></span> <span class='ocrx_word' id='word_1_552' title='bbox 3291 3475 3408 3530; x_wconf 88' lang='lat' dir='ltr'><strong>dari</strong></span> <span class='ocrx_word' id='word_1_553' title='bbox 3434 3493 3462 3526; x_wconf 85' lang='lat' dir='ltr'><strong>a</strong></span> <span class='ocrx_word' id='word_1_554' title='bbox 3494 3473 3787 3528; x_wconf 85' lang='lat' dir='ltr'><strong>sacerdoti-</strong></span> 
     </span>
    </p>
   </div>
   <div class='ocr_carea' id='block_1_61' title="bbox 544 3565 3789 3658">
    <p class='ocr_par' dir='ltr' id='par_1_61' title="bbox 544 3565 3789 3658">
     <span class='ocr_line' id='line_1_61' title="bbox 544 3565 3789 3658; baseline -0.009 -11"><span class='ocrx_word' id='word_1_555' title='bbox 544 3593 719 3648; x_wconf 89' lang='lat' dir='ltr'><strong>oratio</strong></span> <span class='ocrx_word' id='word_1_556' title='bbox 753 3565 1002 3658; x_wconf 71' lang='lat' dir='ltr'><strong>ejusdem</strong></span> <span class='ocrx_word' id='word_1_557' title='bbox 1049 3588 1228 3643; x_wconf 70' lang='lat' dir='ltr'><strong>missm</strong></span> <span class='ocrx_word' id='word_1_558' title='bbox 1273 3586 1653 3641; x_wconf 88' lang='lat' dir='ltr'><strong>admonitionis</strong></span> <span class='ocrx_word' id='word_1_559' title='bbox 1695 3599 1821 3654; x_wconf 81' lang='lat' dir='ltr'><strong>erga</strong></span> <span class='ocrx_word' id='word_1_560' title='bbox 1863 3583 2118 3653; x_wconf 86' lang='lat' dir='ltr'><strong>populum</strong></span> <span class='ocrx_word' id='word_1_561' title='bbox 2217 3574 2318 3628; x_wconf 89' lang='lat' dir='ltr'><strong>hus</strong></span> <span class='ocrx_word' id='word_1_562' title='bbox 2345 3571 2558 3641; x_wconf 87' lang='lat' dir='ltr'><strong>populo,</strong></span> <span class='ocrx_word' id='word_1_563' title='bbox 2591 3569 2810 3640; x_wconf 88' lang='lat' dir='ltr'><strong>antiqua</strong></span> <span class='ocrx_word' id='word_1_564' title='bbox 2838 3584 2934 3639; x_wconf 86' lang='lat' dir='ltr'><strong>per</strong></span> <span class='ocrx_word' id='word_1_565' title='bbox 2961 3568 3175 3639; x_wconf 82' lang='lat' dir='ltr'><strong>Moysen</strong></span> <span class='ocrx_word' id='word_1_566' title='bbox 3204 3567 3504 3621; x_wconf 58' lang='lat' dir='ltr'><strong>benedictio</strong></span> <span class='ocrx_word' id='word_1_567' title='bbox 3529 3565 3713 3634; x_wconf 88' lang='lat' dir='ltr'><strong>pandit</strong></span> <span class='ocrx_word' id='word_1_568' title='bbox 3737 3573 3789 3619; x_wconf 87' lang='lat' dir='ltr'><strong>et</strong></span> 
     </span>
    </p>
   </div>
   <div class='ocr_carea' id='block_1_62' title="bbox 547 3659 3789 3747">
    <p class='ocr_par' dir='ltr' id='par_1_62' title="bbox 547 3659 3789 3747">
     <span class='ocr_line' id='line_1_62' title="bbox 547 3659 3789 3747; baseline -0.008 -10"><span class='ocrx_word' id='word_1_569' title='bbox 547 3691 662 3747; x_wconf 88' lang='lat' dir='ltr'><strong>est,</strong></span> <span class='ocrx_word' id='word_1_570' title='bbox 701 3690 762 3734; x_wconf 92' lang='lat' dir='ltr'><strong>ut</strong></span> <span class='ocrx_word' id='word_1_571' title='bbox 795 3693 983 3735; x_wconf 89' lang='lat' dir='ltr'><strong>omnes</strong></span> <span class='ocrx_word' id='word_1_572' title='bbox 1011 3677 1313 3731; x_wconf 81' lang='lat' dir='ltr'><strong>excitentur</strong></span> <span class='ocrx_word' id='word_1_573' title='bbox 1345 3676 1412 3731; x_wconf 90' lang='lat' dir='ltr'><strong>ad</strong></span> <span class='ocrx_word' id='word_1_574' title='bbox 1445 3675 1774 3730; x_wconf 86' lang='lat' dir='ltr'><strong>exorandum</strong></span> <span class='ocrx_word' id='word_1_575' title='bbox 1803 3674 1992 3728; x_wconf 90' lang='lat' dir='ltr'><strong>Deum.</strong></span> <span class='ocrx_word' id='word_1_576' title='bbox 2027 3672 2122 3726; x_wconf 90' lang='lat' dir='ltr'><strong>Se—</strong></span> <span class='ocrx_word' id='word_1_577' title='bbox 2220 3665 2550 3734; x_wconf 89' lang='lat' dir='ltr'><strong>comprobat.</strong></span> <span class='ocrx_word' id='word_1_578' title='bbox 2579 3663 2713 3728; x_wconf 85' lang='lat' dir='ltr'><strong>Quia</strong></span> <span class='ocrx_word' id='word_1_579' title='bbox 2739 3661 3053 3716; x_wconf 86' lang='lat' dir='ltr'><strong>benedicere</strong></span> <span class='ocrx_word' id='word_1_580' title='bbox 3089 3659 3282 3730; x_wconf 91' lang='lat' dir='ltr'><strong>populo</strong></span> <span class='ocrx_word' id='word_1_581' title='bbox 3321 3660 3419 3714; x_wconf 89' lang='lat' dir='ltr'><strong>sub</strong></span> <span class='ocrx_word' id='word_1_582' title='bbox 3457 3667 3789 3713; x_wconf 80' lang='lat' dir='ltr'><strong>sacramento</strong></span> 
     </span>
    </p>
   </div>
   <div class='ocr_carea' id='block_1_63' title="bbox 549 3747 3786 3829">
    <p class='ocr_par' dir='ltr' id='par_1_63' title="bbox 549 3747 3786 3829">
     <span class='ocr_line' id='line_1_63' title="bbox 549 3747 3786 3829; baseline -0.009 -1"><span class='ocrx_word' id='word_1_583' title='bbox 549 3772 720 3828; x_wconf 89' lang='lat' dir='ltr'><strong>cunda</strong></span> <span class='ocrx_word' id='word_1_584' title='bbox 748 3770 1100 3825; x_wconf 89' lang='lat' dir='ltr'><strong>invocationis</strong></span> <span class='ocrx_word' id='word_1_585' title='bbox 1130 3767 1196 3821; x_wconf 88' lang='lat' dir='ltr'><strong>ad</strong></span> <span class='ocrx_word' id='word_1_586' title='bbox 1225 3767 1389 3820; x_wconf 91' lang='lat' dir='ltr'><strong>Deum</strong></span> <span class='ocrx_word' id='word_1_587' title='bbox 1419 3774 1516 3829; x_wconf 90' lang='lat' dir='ltr'><strong>est,</strong></span> <span class='ocrx_word' id='word_1_588' title='bbox 1552 3774 1611 3818; x_wconf 91' lang='lat' dir='ltr'><strong>ut</strong></span> <span class='ocrx_word' id='word_1_589' title='bbox 1637 3765 1928 3819; x_wconf 87' lang='lat' dir='ltr'><strong>clementer</strong></span> <span class='ocrx_word' id='word_1_590' title='bbox 1956 3761 2124 3816; x_wconf 88' lang='lat' dir='ltr'><strong>susci-</strong></span> <span class='ocrx_word' id='word_1_591' title='bbox 2221 3756 2376 3809; x_wconf 73' lang='lat' dir='ltr'><strong>trina:</strong></span> <span class='ocrx_word' id='word_1_592' title='bbox 2399 3753 2751 3810; x_wconf 86' lang='lat' dir='ltr'><strong>invocationis</strong></span> <span class='ocrx_word' id='word_1_593' title='bbox 2776 3750 3014 3819; x_wconf 90' lang='lat' dir='ltr'><strong>jubetur.</strong></span> <span class='ocrx_word' id='word_1_594' title='bbox 3053 3750 3141 3804; x_wconf 85' lang='lat' dir='ltr'><strong>Ait</strong></span> <span class='ocrx_word' id='word_1_595' title='bbox 3165 3751 3309 3803; x_wconf 88' lang='lat' dir='ltr'><strong>enim</strong></span> <span class='ocrx_word' id='word_1_596' title='bbox 3341 3748 3407 3802; x_wconf 91' lang='lat' dir='ltr'><strong>ad</strong></span> <span class='ocrx_word' id='word_1_597' title='bbox 3440 3747 3659 3818; x_wconf 77' lang='lat' dir='ltr'><strong>Moysen</strong></span> <span class='ocrx_word' id='word_1_598' title='bbox 3684 3747 3786 3800; x_wconf 89' lang='lat' dir='ltr'><strong>Do-</strong></span> 
     </span>
    </p>
   </div>
   <div class='ocr_carea' id='block_1_64' title="bbox 549 3839 3790 3930">
    <p class='ocr_par' dir='ltr' id='par_1_64' title="bbox 549 3839 3790 3930">
     <span class='ocr_line' id='line_1_64' title="bbox 549 3839 3790 3930; baseline -0.007 -16"><span class='ocrx_word' id='word_1_599' title='bbox 549 3861 662 3930; x_wconf 87' lang='lat' dir='ltr'><strong>piat</strong></span> <span class='ocrx_word' id='word_1_600' title='bbox 708 3873 897 3928; x_wconf 89' lang='lat' dir='ltr'><strong>preces</strong></span> <span class='ocrx_word' id='word_1_601' title='bbox 939 3857 1174 3911; x_wconf 88' lang='lat' dir='ltr'><strong>ﬁdelium</strong></span> <span class='ocrx_word' id='word_1_602' title='bbox 1216 3856 1644 3922; x_wconf 89' lang='lat' dir='ltr'><strong>oblationemquc</strong></span> <span class='ocrx_word' id='word_1_603' title='bbox 1689 3867 1894 3907; x_wconf 89' lang='lat' dir='ltr'><strong>eorum.</strong></span> <span class='ocrx_word' id='word_1_604' title='bbox 1943 3849 2124 3906; x_wconf 90' lang='lat' dir='ltr'><strong>Tertia</strong></span> <span class='ocrx_word' id='word_1_605' title='bbox 2223 3848 2442 3900; x_wconf 90' lang='lat' dir='ltr'><strong>minus:</strong></span> <span class='ocrx_word' id='word_1_606' title='bbox 2476 3843 2566 3899; x_wconf 87' lang='lat' dir='ltr'><strong>Sic</strong></span> <span class='ocrx_word' id='word_1_607' title='bbox 2603 3843 2865 3897; x_wconf 84' lang='lat' dir='ltr'><strong>benedices</strong></span> <span class='ocrx_word' id='word_1_608' title='bbox 2898 3842 3141 3912; x_wconf 84' lang='lat' dir='ltr'><strong>populum</strong></span> <span class='ocrx_word' id='word_1_609' title='bbox 3174 3857 3364 3900; x_wconf 82' lang='lat' dir='ltr'><strong>meum,</strong></span> <span class='ocrx_word' id='word_1_610' title='bbox 3401 3851 3447 3893; x_wconf 88' lang='lat' dir='ltr'><strong>et</strong></span> <span class='ocrx_word' id='word_1_611' title='bbox 3472 3857 3565 3910; x_wconf 87' lang='lat' dir='ltr'><strong>ego</strong></span> <span class='ocrx_word' id='word_1_612' title='bbox 3593 3839 3790 3892; x_wconf 74' lang='lat' dir='ltr'><strong>benedi-</strong></span> 
     </span>
    </p>
   </div>
   <div class='ocr_carea' id='block_1_65' title="bbox 555 3941 2127 4014">
    <p class='ocr_par' dir='ltr' id='par_1_65' title="bbox 555 3941 2127 4014">
     <span class='ocr_line' id='line_1_65' title="bbox 555 3941 2127 4014; baseline -0.005 -10"><span class='ocrx_word' id='word_1_613' title='bbox 555 3959 734 4004; x_wconf 91' lang='lat' dir='ltr'><strong>autem</strong></span> <span class='ocrx_word' id='word_1_614' title='bbox 764 3949 1056 4003; x_wconf 79' lang='lat' dir='ltr'><strong>eﬁunditur</strong></span> <span class='ocrx_word' id='word_1_615' title='bbox 1077 3961 1177 4014; x_wconf 91' lang='lat' dir='ltr'><strong>pro</strong></span> <span class='ocrx_word' id='word_1_616' title='bbox 1202 3945 1564 4006; x_wconf 75' lang='lat' dir='ltr'><strong>offerentibus,</strong></span> <span class='ocrx_word' id='word_1_617' title='bbox 1595 3946 1707 3998; x_wconf 88' lang='lat' dir='ltr'><strong>sive</strong></span> <span class='ocrx_word' id='word_1_618' title='bbox 1731 3959 1828 4012; x_wconf 89' lang='lat' dir='ltr'><strong>pro</strong></span> <span class='ocrx_word' id='word_1_619' title='bbox 1860 3941 2127 3998; x_wconf 85' lang='lat' dir='ltr'><strong>defunctis</strong></span> 
     </span>
    </p>
   </div>
   <div class='ocr_carea' id='block_1_66' title="bbox 559 4032 2128 4102">
    <p class='ocr_par' dir='ltr' id='par_1_66' title="bbox 559 4032 2128 4102">
     <span class='ocr_line' id='line_1_66' title="bbox 559 4032 2128 4102; baseline -0.005 -10"><span class='ocrx_word' id='word_1_620' title='bbox 559 4037 825 4099; x_wconf 87' lang='lat' dir='ltr'><strong>ﬁdelibus,</strong></span> <span class='ocrx_word' id='word_1_621' title='bbox 872 4043 930 4087; x_wconf 93' lang='lat' dir='ltr'><strong>ut</strong></span> <span class='ocrx_word' id='word_1_622' title='bbox 969 4048 1065 4102; x_wconf 89' lang='lat' dir='ltr'><strong>per</strong></span> <span class='ocrx_word' id='word_1_623' title='bbox 1110 4034 1283 4101; x_wconf 89' lang='lat' dir='ltr'><strong>ipsum</strong></span> <span class='ocrx_word' id='word_1_624' title='bbox 1326 4032 1645 4087; x_wconf 87' lang='lat' dir='ltr'><strong>sacriﬁcium</strong></span> <span class='ocrx_word' id='word_1_625' title='bbox 1691 4033 1899 4085; x_wconf 86' lang='lat' dir='ltr'><strong>veniam</strong></span> <span class='ocrx_word' id='word_1_626' title='bbox 1939 4045 2128 4086; x_wconf 86' lang='lat' dir='ltr'><strong>conse-</strong></span> 
     </span>
    </p>
   </div>
   <div class='ocr_carea' id='block_1_67' title="bbox 557 4119 2128 4197">
    <p class='ocr_par' dir='ltr' id='par_1_67' title="bbox 557 4119 2128 4197">
     <span class='ocr_line' id='line_1_67' title="bbox 557 4119 2128 4197; baseline -0.004 -18"><span class='ocrx_word' id='word_1_627' title='bbox 557 4132 810 4197; x_wconf 87' lang='lat' dir='ltr'><strong>quantur.</strong></span> <span class='ocrx_word' id='word_1_628' title='bbox 850 4122 1051 4189; x_wconf 82' lang='lat' dir='ltr'><strong>Quarta</strong></span> <span class='ocrx_word' id='word_1_629' title='bbox 1085 4131 1208 4189; x_wconf 89' lang='lat' dir='ltr'><strong>post</strong></span> <span class='ocrx_word' id='word_1_630' title='bbox 1239 4121 1355 4174; x_wconf 64' lang='lat' dir='ltr'><strong>haec</strong></span> <span class='ocrx_word' id='word_1_631' title='bbox 1389 4119 1614 4174; x_wconf 79' lang='lat' dir='ltr'><strong>infertur</strong></span> <span class='ocrx_word' id='word_1_632' title='bbox 1648 4134 1745 4188; x_wconf 85' lang='lat' dir='ltr'><strong>pro</strong></span> <span class='ocrx_word' id='word_1_633' title='bbox 1773 4119 1954 4174; x_wconf 86' lang='lat' dir='ltr'><strong>osculo</strong></span> <span class='ocrx_word' id='word_1_634' title='bbox 1981 4119 2128 4187; x_wconf 90' lang='lat' dir='ltr'><strong>pacis</strong></span> 
     </span>
    </p>
   </div>
   <div class='ocr_carea' id='block_1_68' title="bbox 557 4210 2130 4279">
    <p class='ocr_par' dir='ltr' id='par_1_68' title="bbox 557 4210 2130 4279">
     <span class='ocr_line' id='line_1_68' title="bbox 557 4210 2130 4279; baseline -0.005 -6"><span class='ocrx_word' id='word_1_635' title='bbox 557 4229 612 4274; x_wconf 92' lang='lat' dir='ltr'><strong>et</strong></span> <span class='ocrx_word' id='word_1_636' title='bbox 640 4216 940 4278; x_wconf 87' lang='lat' dir='ltr'><strong>charitatis,</strong></span> <span class='ocrx_word' id='word_1_637' title='bbox 979 4222 1040 4269; x_wconf 92' lang='lat' dir='ltr'><strong>ut</strong></span> <span class='ocrx_word' id='word_1_638' title='bbox 1074 4211 1404 4268; x_wconf 89' lang='lat' dir='ltr'><strong>reconciliati</strong></span> <span class='ocrx_word' id='word_1_639' title='bbox 1446 4226 1634 4266; x_wconf 89' lang='lat' dir='ltr'><strong>omnes</strong></span> <span class='ocrx_word' id='word_1_640' title='bbox 1675 4210 1900 4264; x_wconf 88' lang='lat' dir='ltr'><strong>invicem</strong></span> <span class='ocrx_word' id='word_1_641' title='bbox 1939 4225 2130 4279; x_wconf 83' lang='lat' dir='ltr'><strong>conso-</strong></span> 
     </span>
    </p>
   </div>
   <div class='ocr_carea' id='block_1_69' title="bbox 557 4299 2128 4375">
    <p class='ocr_par' dir='ltr' id='par_1_69' title="bbox 557 4299 2128 4375">
     <span class='ocr_line' id='line_1_69' title="bbox 557 4299 2128 4375; baseline -0.006 -13"><span class='ocrx_word' id='word_1_642' title='bbox 557 4310 770 4363; x_wconf 90' lang='lat' dir='ltr'><strong>cientur</strong></span> <span class='ocrx_word' id='word_1_643' title='bbox 797 4306 956 4375; x_wconf 77' lang='lat' dir='ltr'><strong>digne</strong></span> <span class='ocrx_word' id='word_1_644' title='bbox 986 4319 1084 4373; x_wconf 88' lang='lat' dir='ltr'><strong>per</strong></span> <span class='ocrx_word' id='word_1_645' title='bbox 1120 4309 1515 4357; x_wconf 85' lang='lat' dir='ltr'><strong>sacramentum</strong></span> <span class='ocrx_word' id='word_1_646' title='bbox 1546 4300 1786 4368; x_wconf 88' lang='lat' dir='ltr'><strong>corporis</strong></span> <span class='ocrx_word' id='word_1_647' title='bbox 1821 4308 1876 4354; x_wconf 91' lang='lat' dir='ltr'><strong>et</strong></span> <span class='ocrx_word' id='word_1_648' title='bbox 1912 4299 2128 4370; x_wconf 89' lang='lat' dir='ltr'><strong>sangui-</strong></span> 
     </span>
    </p>
   </div>
   <div class='ocr_carea' id='block_1_70' title="bbox 561 4389 2130 4464">
    <p class='ocr_par' dir='ltr' id='par_1_70' title="bbox 561 4389 2130 4464">
     <span class='ocr_line' id='line_1_70' title="bbox 561 4389 2130 4464; baseline -0.006 -12"><span class='ocrx_word' id='word_1_649' title='bbox 561 4400 644 4452; x_wconf 93' lang='lat' dir='ltr'><strong>nis</strong></span> <span class='ocrx_word' id='word_1_650' title='bbox 670 4396 906 4460; x_wconf 87' lang='lat' dir='ltr'><strong>Christi,</strong></span> <span class='ocrx_word' id='word_1_651' title='bbox 943 4395 1070 4464; x_wconf 89' lang='lat' dir='ltr'><strong>quia</strong></span> <span class='ocrx_word' id='word_1_652' title='bbox 1099 4409 1202 4447; x_wconf 89' lang='lat' dir='ltr'><strong>non</strong></span> <span class='ocrx_word' id='word_1_653' title='bbox 1235 4391 1425 4459; x_wconf 88' lang='lat' dir='ltr'><strong>recipit</strong></span> <span class='ocrx_word' id='word_1_654' title='bbox 1451 4391 1838 4445; x_wconf 89' lang='lat' dir='ltr'><strong>dissensionem</strong></span> <span class='ocrx_word' id='word_1_655' title='bbox 1866 4404 1964 4443; x_wconf 91' lang='lat' dir='ltr'><strong>nec</strong></span> <span class='ocrx_word' id='word_1_656' title='bbox 1992 4389 2130 4444; x_wconf 90' lang='lat' dir='ltr'><strong>divi-</strong></span> 
     </span>
    </p>
   </div>
   <div class='ocr_carea' id='block_1_71' title="bbox 560 4481 2134 4554">
    <p class='ocr_par' dir='ltr' id='par_1_71' title="bbox 560 4481 2134 4554">
     <span class='ocr_line' id='line_1_71' title="bbox 560 4481 2134 4554; baseline -0.004 -12"><span class='ocrx_word' id='word_1_657' title='bbox 560 4489 765 4543; x_wconf 89' lang='lat' dir='ltr'><strong>sionem</strong></span> <span class='ocrx_word' id='word_1_658' title='bbox 811 4485 1034 4554; x_wconf 87' lang='lat' dir='ltr'><strong>alicujus</strong></span> <span class='ocrx_word' id='word_1_659' title='bbox 1071 4483 1269 4539; x_wconf 90' lang='lat' dir='ltr'><strong>Christi</strong></span> <span class='ocrx_word' id='word_1_660' title='bbox 1308 4482 1630 4537; x_wconf 88' lang='lat' dir='ltr'><strong>indivisibilc</strong></span> <span class='ocrx_word' id='word_1_661' title='bbox 1678 4497 1890 4551; x_wconf 90' lang='lat' dir='ltr'><strong>corpus.</strong></span> <span class='ocrx_word' id='word_1_662' title='bbox 1937 4481 2134 4546; x_wconf 84' lang='lat' dir='ltr'><strong>Quinta</strong></span> 
     </span>
    </p>
   </div>
   <div class='ocr_carea' id='block_1_72' title="bbox 563 4571 2134 4636">
    <p class='ocr_par' dir='ltr' id='par_1_72' title="bbox 563 4571 2134 4636">
     <span class='ocr_line' id='line_1_72' title="bbox 563 4571 2134 4636; baseline -0.004 -6"><span class='ocrx_word' id='word_1_663' title='bbox 563 4577 756 4631; x_wconf 92' lang='lat' dir='ltr'><strong>deinde</strong></span> <span class='ocrx_word' id='word_1_664' title='bbox 804 4575 1032 4630; x_wconf 90' lang='lat' dir='ltr'><strong>infertur</strong></span> <span class='ocrx_word' id='word_1_665' title='bbox 1076 4573 1244 4628; x_wconf 90' lang='lat' dir='ltr'><strong>illatio</strong></span> <span class='ocrx_word' id='word_1_666' title='bbox 1279 4575 1332 4626; x_wconf 91' lang='lat' dir='ltr'><strong>in</strong></span> <span class='ocrx_word' id='word_1_667' title='bbox 1372 4571 1794 4626; x_wconf 89' lang='lat' dir='ltr'><strong>sanctiﬁcatione</strong></span> <span class='ocrx_word' id='word_1_668' title='bbox 1831 4571 2134 4636; x_wconf 88' lang='lat' dir='ltr'><strong>oblationis,</strong></span> 
     </span>
    </p>
   </div>
   <div class='ocr_carea' id='block_1_73' title="bbox 567 4663 2138 4736">
    <p class='ocr_par' dir='ltr' id='par_1_73' title="bbox 567 4663 2138 4736">
     <span class='ocr_line' id='line_1_73' title="bbox 567 4663 2138 4736; baseline -0.004 -14"><span class='ocrx_word' id='word_1_669' title='bbox 567 4667 623 4722; x_wconf 90' lang='lat' dir='ltr'><strong>in</strong></span> <span class='ocrx_word' id='word_1_670' title='bbox 655 4682 756 4736; x_wconf 90' lang='lat' dir='ltr'><strong>qua</strong></span> <span class='ocrx_word' id='word_1_671' title='bbox 794 4668 958 4721; x_wconf 89' lang='lat' dir='ltr'><strong>etiam</strong></span> <span class='ocrx_word' id='word_1_672' title='bbox 995 4666 1061 4720; x_wconf 89' lang='lat' dir='ltr'><strong>ad</strong></span> <span class='ocrx_word' id='word_1_673' title='bbox 1108 4665 1200 4719; x_wconf 88' lang='lat' dir='ltr'><strong>Dei</strong></span> <span class='ocrx_word' id='word_1_674' title='bbox 1240 4663 1450 4719; x_wconf 86' lang='lat' dir='ltr'><strong>laudem</strong></span> <span class='ocrx_word' id='word_1_675' title='bbox 1491 4663 1828 4717; x_wconf 91' lang='lat' dir='ltr'><strong>terrestrium</strong></span> <span class='ocrx_word' id='word_1_676' title='bbox 1866 4670 2138 4716; x_wconf 88' lang='lat' dir='ltr'><strong>creatura-</strong></span> 
     </span>
    </p>
   </div>
   <div class='ocr_carea' id='block_1_74' title="bbox 566 4751 2140 4825">
    <p class='ocr_par' dir='ltr' id='par_1_74' title="bbox 566 4751 2140 4825">
     <span class='ocr_line' id='line_1_74' title="bbox 566 4751 2140 4825; baseline -0.006 -12"><span class='ocrx_word' id='word_1_677' title='bbox 566 4773 688 4813; x_wconf 83' lang='lat' dir='ltr'><strong>rum</strong></span> <span class='ocrx_word' id='word_1_678' title='bbox 724 4757 1088 4825; x_wconf 86' lang='lat' dir='ltr'><strong>virtutumque</strong></span> <span class='ocrx_word' id='word_1_679' title='bbox 1130 4754 1428 4809; x_wconf 75' lang='lat' dir='ltr'><strong>cmlestium</strong></span> <span class='ocrx_word' id='word_1_680' title='bbox 1468 4752 1777 4822; x_wconf 80' lang='lat' dir='ltr'><strong>angelorum</strong></span> <span class='ocrx_word' id='word_1_681' title='bbox 1817 4751 2140 4820; x_wconf 83' lang='lat' dir='ltr'><strong>universitas</strong></span> 
     </span>
    </p>
   </div>
   <div class='ocr_carea' id='block_1_75' title="bbox 564 4840 2140 4919">
    <p class='ocr_par' dir='ltr' id='par_1_75' title="bbox 564 4840 2140 4919">
     <span class='ocr_line' id='line_1_75' title="bbox 564 4840 2140 4919; baseline -0.005 -17"><span class='ocrx_word' id='word_1_682' title='bbox 564 4855 905 4919; x_wconf 85' lang='lat' dir='ltr'><strong>provocatur,</strong></span> <span class='ocrx_word' id='word_1_683' title='bbox 944 4853 998 4901; x_wconf 91' lang='lat' dir='ltr'><strong>et</strong></span> <span class='ocrx_word' id='word_1_684' title='bbox 1036 4845 1284 4899; x_wconf 83' lang='lat' dir='ltr'><strong>Hosanna</strong></span> <span class='ocrx_word' id='word_1_685' title='bbox 1324 4843 1379 4896; x_wconf 93' lang='lat' dir='ltr'><strong>in</strong></span> <span class='ocrx_word' id='word_1_686' title='bbox 1425 4842 1653 4897; x_wconf 85' lang='lat' dir='ltr'><strong>excelsis</strong></span> <span class='ocrx_word' id='word_1_687' title='bbox 1689 4849 1955 4905; x_wconf 88' lang='lat' dir='ltr'><strong>cantatur,</strong></span> <span class='ocrx_word' id='word_1_688' title='bbox 1997 4840 2140 4909; x_wconf 91' lang='lat' dir='ltr'><strong>quod</strong></span> 
     </span>
    </p>
   </div>
   <div class='ocr_carea' id='block_1_76' title="bbox 485 4926 2141 4994">
    <p class='ocr_par' dir='ltr' id='par_1_76' title="bbox 485 4926 2141 4994">
     <span class='ocr_line' id='line_1_76' title="bbox 485 4926 2141 4994; baseline -0.007 1"><span class='ocrx_word' id='word_1_689' title='bbox 485 4926 506 4976; x_wconf 56' lang='grc' dir='ltr'>ν</span> <span class='ocrx_word' id='word_1_690' title='bbox 568 4939 847 4994; x_wconf 82' lang='lat' dir='ltr'><strong>Salvatore</strong></span> <span class='ocrx_word' id='word_1_691' title='bbox 888 4935 1023 4990; x_wconf 87' lang='lat' dir='ltr'><strong>Filio</strong></span> <span class='ocrx_word' id='word_1_692' title='bbox 1059 4935 1152 4988; x_wconf 90' lang='lat' dir='ltr'><strong>Dei</strong></span> <span class='ocrx_word' id='word_1_693' title='bbox 1193 4934 1418 4988; x_wconf 92' lang='lat' dir='ltr'><strong>Domino</strong></span> <span class='ocrx_word' id='word_1_694' title='bbox 1461 4941 1646 4986; x_wconf 90' lang='lat' dir='ltr'><strong>nostro</strong></span> <span class='ocrx_word' id='word_1_695' title='bbox 1679 4931 1803 4986; x_wconf 88' lang='lat' dir='ltr'><strong>Jesu</strong></span> <span class='ocrx_word' id='word_1_696' title='bbox 1833 4931 2049 4986; x_wconf 90' lang='lat' dir='ltr'><strong>Christo</strong></span> <span class='ocrx_word' id='word_1_697' title='bbox 2075 4930 2141 4984; x_wconf 92' lang='lat' dir='ltr'><strong>de</strong></span> 
     </span>
    </p>
   </div>
   <div class='ocr_carea' id='block_1_77' title="bbox 567 5023 2141 5100">
    <p class='ocr_par' dir='ltr' id='par_1_77' title="bbox 567 5023 2141 5100">
     <span class='ocr_line' id='line_1_77' title="bbox 567 5023 2141 5100; baseline -0.006 -16"><span class='ocrx_word' id='word_1_698' title='bbox 567 5042 766 5100; x_wconf 79' lang='lat' dir='ltr'><strong>genere</strong></span> <span class='ocrx_word' id='word_1_699' title='bbox 799 5027 967 5082; x_wconf 88' lang='lat' dir='ltr'><strong>David</strong></span> <span class='ocrx_word' id='word_1_700' title='bbox 1001 5033 1288 5088; x_wconf 88' lang='lat' dir='ltr'><strong>nascente,</strong></span> <span class='ocrx_word' id='word_1_701' title='bbox 1330 5024 1473 5078; x_wconf 87' lang='lat' dir='ltr'><strong>salus</strong></span> <span class='ocrx_word' id='word_1_702' title='bbox 1510 5023 1693 5077; x_wconf 89' lang='lat' dir='ltr'><strong>mundi</strong></span> <span class='ocrx_word' id='word_1_703' title='bbox 1729 5037 1900 5092; x_wconf 89' lang='lat' dir='ltr'><strong>usque</strong></span> <span class='ocrx_word' id='word_1_704' title='bbox 1938 5023 2006 5076; x_wconf 89' lang='lat' dir='ltr'><strong>ad</strong></span> <span class='ocrx_word' id='word_1_705' title='bbox 2043 5037 2141 5077; x_wconf 90' lang='lat' dir='ltr'><strong>ex-</strong></span> 
     </span>
    </p>
   </div>
   <div class='ocr_carea' id='block_1_78' title="bbox 570 5113 2141 5187">
    <p class='ocr_par' dir='ltr' id='par_1_78' title="bbox 570 5113 2141 5187">
     <span class='ocr_line' id='line_1_78' title="bbox 570 5113 2141 5187; baseline -0.005 -13"><span class='ocrx_word' id='word_1_706' title='bbox 570 5119 712 5174; x_wconf 90' lang='lat' dir='ltr'><strong>celsa</strong></span> <span class='ocrx_word' id='word_1_707' title='bbox 737 5117 1062 5187; x_wconf 88' lang='lat' dir='ltr'><strong>pervenerit.</strong></span> <span class='ocrx_word' id='word_1_708' title='bbox 1094 5116 1262 5170; x_wconf 88' lang='lat' dir='ltr'><strong>Porro</strong></span> <span class='ocrx_word' id='word_1_709' title='bbox 1294 5121 1446 5169; x_wconf 89' lang='lat' dir='ltr'><strong>sexta</strong></span> <span class='ocrx_word' id='word_1_710' title='bbox 1485 5113 1708 5182; x_wconf 87' lang='lat' dir='ltr'><strong>proinde</strong></span> <span class='ocrx_word' id='word_1_711' title='bbox 1745 5113 1984 5168; x_wconf 90' lang='lat' dir='ltr'><strong>succedit</strong></span> <span class='ocrx_word' id='word_1_712' title='bbox 2011 5127 2141 5167; x_wconf 88' lang='lat' dir='ltr'><strong>con-</strong></span> 
     </span>
    </p>
   </div>
   <div class='ocr_carea' id='block_1_79' title="bbox 574 5202 2146 5273">
    <p class='ocr_par' dir='ltr' id='par_1_79' title="bbox 574 5202 2146 5273">
     <span class='ocr_line' id='line_1_79' title="bbox 574 5202 2146 5273; baseline -0.002 -13"><span class='ocrx_word' id='word_1_713' title='bbox 574 5206 803 5261; x_wconf 82' lang='lat' dir='ltr'><strong>tinuatio</strong></span> <span class='ocrx_word' id='word_1_714' title='bbox 849 5207 1191 5270; x_wconf 88' lang='lat' dir='ltr'><strong>sacramenti,</strong></span> <span class='ocrx_word' id='word_1_715' title='bbox 1237 5213 1298 5260; x_wconf 89' lang='lat' dir='ltr'><strong>ut</strong></span> <span class='ocrx_word' id='word_1_716' title='bbox 1339 5203 1557 5266; x_wconf 90' lang='lat' dir='ltr'><strong>oblatio,</strong></span> <span class='ocrx_word' id='word_1_717' title='bbox 1608 5219 1727 5273; x_wconf 66' lang='lat' dir='ltr'><strong>qua:</strong></span> <span class='ocrx_word' id='word_1_718' title='bbox 1769 5204 1878 5257; x_wconf 92' lang='lat' dir='ltr'><strong>Deo</strong></span> <span class='ocrx_word' id='word_1_719' title='bbox 1922 5202 2146 5258; x_wconf 78' lang='lat' dir='ltr'><strong>offertur</strong></span> 
     </span>
    </p>
   </div>
   <div class='ocr_carea' id='block_1_80' title="bbox 573 5294 2145 5367">
    <p class='ocr_par' dir='ltr' id='par_1_80' title="bbox 573 5294 2145 5367">
     <span class='ocr_line' id='line_1_80' title="bbox 573 5294 2145 5367; baseline -0.004 -13"><span class='ocrx_word' id='word_1_720' title='bbox 573 5298 906 5354; x_wconf 82' lang='lat' dir='ltr'><strong>sanetiﬁcata</strong></span> <span class='ocrx_word' id='word_1_721' title='bbox 945 5312 1042 5367; x_wconf 90' lang='lat' dir='ltr'><strong>per</strong></span> <span class='ocrx_word' id='word_1_722' title='bbox 1081 5298 1340 5367; x_wconf 79' lang='lat' dir='ltr'><strong>Spiritum</strong></span> <span class='ocrx_word' id='word_1_723' title='bbox 1380 5305 1646 5360; x_wconf 89' lang='lat' dir='ltr'><strong>sanctum,</strong></span> <span class='ocrx_word' id='word_1_724' title='bbox 1689 5294 1890 5350; x_wconf 90' lang='lat' dir='ltr'><strong>Christi</strong></span> <span class='ocrx_word' id='word_1_725' title='bbox 1935 5295 2145 5364; x_wconf 88' lang='lat' dir='ltr'><strong>corpori</strong></span> 
     </span>
    </p>
   </div>
   <div class='ocr_carea' id='block_1_81' title="bbox 574 5386 2146 5461">
    <p class='ocr_par' dir='ltr' id='par_1_81' title="bbox 574 5386 2146 5461">
     <span class='ocr_line' id='line_1_81' title="bbox 574 5386 2146 5461; baseline -0.004 -16"><span class='ocrx_word' id='word_1_726' title='bbox 574 5400 629 5445; x_wconf 87' lang='lat' dir='ltr'><strong>et</strong></span> <span class='ocrx_word' id='word_1_727' title='bbox 656 5390 900 5461; x_wconf 74' lang='lat' dir='ltr'><strong>sanguini</strong></span> <span class='ocrx_word' id='word_1_728' title='bbox 939 5389 1302 5444; x_wconf 88' lang='lat' dir='ltr'><strong>conﬁrmetur.</strong></span> <span class='ocrx_word' id='word_1_729' title='bbox 1347 5389 1543 5444; x_wconf 88' lang='lat' dir='ltr'><strong>Ultima</strong></span> <span class='ocrx_word' id='word_1_730' title='bbox 1585 5402 1714 5441; x_wconf 84' lang='lat' dir='ltr'><strong>vero</strong></span> <span class='ocrx_word' id='word_1_731' title='bbox 1749 5386 1921 5440; x_wconf 90' lang='lat' dir='ltr'><strong>oratio</strong></span> <span class='ocrx_word' id='word_1_732' title='bbox 1963 5386 2146 5441; x_wconf 88' lang='lat' dir='ltr'><strong>Domi-</strong></span> 
     </span>
    </p>
   </div>
   <div class='ocr_carea' id='block_1_82' title="bbox 578 5474 2148 5548">
    <p class='ocr_par' dir='ltr' id='par_1_82' title="bbox 578 5474 2148 5548">
     <span class='ocr_line' id='line_1_82' title="bbox 578 5474 2148 5548; baseline -0.003 -16"><span class='ocrx_word' id='word_1_733' title='bbox 578 5479 696 5532; x_wconf 89' lang='lat' dir='ltr'><strong>nica</strong></span> <span class='ocrx_word' id='word_1_734' title='bbox 723 5488 825 5541; x_wconf 87' lang='lat' dir='ltr'><strong>est,</strong></span> <span class='ocrx_word' id='word_1_735' title='bbox 855 5493 1016 5548; x_wconf 89' lang='lat' dir='ltr'><strong>quam</strong></span> <span class='ocrx_word' id='word_1_736' title='bbox 1043 5479 1302 5534; x_wconf 88' lang='lat' dir='ltr'><strong>Dominus</strong></span> <span class='ocrx_word' id='word_1_737' title='bbox 1329 5486 1511 5532; x_wconf 89' lang='lat' dir='ltr'><strong>noster</strong></span> <span class='ocrx_word' id='word_1_738' title='bbox 1535 5475 1691 5532; x_wconf 72' lang='lat' dir='ltr'><strong>Iesus</strong></span> <span class='ocrx_word' id='word_1_739' title='bbox 1716 5474 1962 5530; x_wconf 90' lang='lat' dir='ltr'><strong>Christus</strong></span> <span class='ocrx_word' id='word_1_740' title='bbox 1987 5474 2148 5528; x_wconf 88' lang='lat' dir='ltr'><strong>disci-</strong></span> 
     </span>
    </p>
   </div>
   <div class='ocr_carea' id='block_1_83' title="bbox 579 5567 2147 5638">
    <p class='ocr_par' dir='ltr' id='par_1_83' title="bbox 579 5567 2147 5638">
     <span class='ocr_line' id='line_1_83' title="bbox 579 5567 2147 5638; baseline -0.003 -15"><span class='ocrx_word' id='word_1_741' title='bbox 579 5570 730 5638; x_wconf 89' lang='lat' dir='ltr'><strong>pulos</strong></span> <span class='ocrx_word' id='word_1_742' title='bbox 758 5585 883 5626; x_wconf 89' lang='lat' dir='ltr'><strong>suos</strong></span> <span class='ocrx_word' id='word_1_743' title='bbox 909 5586 1065 5626; x_wconf 88' lang='lat' dir='ltr'><strong>orare</strong></span> <span class='ocrx_word' id='word_1_744' title='bbox 1093 5571 1293 5635; x_wconf 89' lang='lat' dir='ltr'><strong>docuit,</strong></span> <span class='ocrx_word' id='word_1_745' title='bbox 1325 5570 1508 5625; x_wconf 89' lang='lat' dir='ltr'><strong>dicens</strong></span> <span class='ocrx_word' id='word_1_746' title='bbox 1535 5587 1548 5623; x_wconf 92' lang='lat'>:</span> <span class='ocrx_word' id='word_1_747' title='bbox 1579 5568 1708 5622; x_wconf 89' lang='lat' dir='ltr'><strong>Cum</strong></span> <span class='ocrx_word' id='word_1_748' title='bbox 1739 5569 1921 5631; x_wconf 88' lang='lat' dir='ltr'><strong>oratis,</strong></span> <span class='ocrx_word' id='word_1_749' title='bbox 1951 5567 2106 5619; x_wconf 84' lang='lat' dir='ltr'><strong>dicite</strong></span> <span class='ocrx_word' id='word_1_750' title='bbox 2129 5583 2147 5619; x_wconf 92' lang='lat'><strong><em>:</em></strong></span> 
     </span>
    </p>
   </div>
   <div class='ocr_carea' id='block_1_84' title="bbox 582 5659 2148 5732">
    <p class='ocr_par' dir='ltr' id='par_1_84' title="bbox 582 5659 2148 5732">
     <span class='ocr_line' id='line_1_84' title="bbox 582 5659 2148 5732; baseline -0.004 -15"><span class='ocrx_word' id='word_1_751' title='bbox 582 5663 743 5717; x_wconf 81' lang='lat' dir='ltr'><strong>Pater</strong></span> <span class='ocrx_word' id='word_1_752' title='bbox 785 5673 974 5726; x_wconf 86' lang='lat' dir='ltr'><strong>noster,</strong></span> <span class='ocrx_word' id='word_1_753' title='bbox 1003 5662 1090 5732; x_wconf 88' lang='lat' dir='ltr'><strong>qui</strong></span> <span class='ocrx_word' id='word_1_754' title='bbox 1130 5679 1182 5715; x_wconf 90' lang='lat' dir='ltr'><strong>es</strong></span> <span class='ocrx_word' id='word_1_755' title='bbox 1221 5663 1276 5714; x_wconf 88' lang='lat' dir='ltr'><strong>in</strong></span> <span class='ocrx_word' id='word_1_756' title='bbox 1313 5662 1450 5714; x_wconf 71' lang='lat' dir='ltr'><strong>caelis</strong></span> <span class='ocrx_word' id='word_1_757' title='bbox 1478 5660 1692 5731; x_wconf 78' lang='lat' dir='ltr'><strong>(Matth.</strong></span> <span class='ocrx_word' id='word_1_758' title='bbox 1725 5677 1798 5724; x_wconf 80' lang='lat' dir='ltr'><strong>vi,</strong></span> <span class='ocrx_word' id='word_1_759' title='bbox 1831 5659 1907 5730; x_wconf 89' lang='lat'><strong>9).</strong></span> <span class='ocrx_word' id='word_1_760' title='bbox 1951 5659 2006 5712; x_wconf 91' lang='lat' dir='ltr'><strong>In</strong></span> <span class='ocrx_word' id='word_1_761' title='bbox 2045 5673 2148 5726; x_wconf 88' lang='lat' dir='ltr'><strong>qua</strong></span> 
     </span>
    </p>
   </div>
   <div class='ocr_carea' id='block_1_85' title="bbox 655 5769 1857 5838">
    <p class='ocr_par' dir='ltr' id='par_1_85' title="bbox 655 5769 1857 5838">
     <span class='ocr_line' id='line_1_85' title="bbox 655 5769 1857 5838; baseline -0.002 -14"><span class='ocrx_word' id='word_1_762' title='bbox 655 5781 680 5807; x_wconf 80' lang='grc' dir='ltr'>ι</span> <span class='ocrx_word' id='word_1_763' title='bbox 719 5769 941 5824; x_wconf 78' lang='lat' dir='ltr'><strong>Videtur</strong></span> <span class='ocrx_word' id='word_1_764' title='bbox 966 5770 1149 5824; x_wconf 88' lang='lat' dir='ltr'><strong>deesse</strong></span> <span class='ocrx_word' id='word_1_765' title='bbox 1173 5771 1366 5836; x_wconf 79' lang='lat' dir='ltr'><strong>facere,</strong></span> <span class='ocrx_word' id='word_1_766' title='bbox 1394 5779 1484 5824; x_wconf 90' lang='lat' dir='ltr'><strong>aut</strong></span> <span class='ocrx_word' id='word_1_767' title='bbox 1513 5769 1686 5824; x_wconf 90' lang='lat' dir='ltr'><strong>simile</strong></span> <span class='ocrx_word' id='word_1_768' title='bbox 1711 5770 1857 5838; x_wconf 89' lang='lat' dir='ltr'><strong>quid.</strong></span> 
     </span>
    </p>
   </div>
   <div class='ocr_carea' id='block_1_86' title="bbox 2225 3929 3789 3998">
    <p class='ocr_par' dir='ltr' id='par_1_86' title="bbox 2225 3929 3789 3998">
     <span class='ocr_line' id='line_1_86' title="bbox 2225 3929 3789 3998; baseline -0.008 -6"><span class='ocrx_word' id='word_1_769' title='bbox 2225 3955 2339 3992; x_wconf 82' lang='lat' dir='ltr'><strong>cum</strong></span> <span class='ocrx_word' id='word_1_770' title='bbox 2359 3937 2494 3991; x_wconf 82' lang='lat' dir='ltr'><strong>illos.</strong></span> <span class='ocrx_word' id='word_1_771' title='bbox 2530 3936 2806 3990; x_wconf 85' lang='lat' dir='ltr'><strong>Bcnedicat</strong></span> <span class='ocrx_word' id='word_1_772' title='bbox 2833 3944 2881 3989; x_wconf 89' lang='lat' dir='ltr'><strong>te</strong></span> <span class='ocrx_word' id='word_1_773' title='bbox 2905 3935 3176 3998; x_wconf 86' lang='lat' dir='ltr'><strong>Dominus,</strong></span> <span class='ocrx_word' id='word_1_774' title='bbox 3213 3943 3260 3986; x_wconf 86' lang='lat' dir='ltr'><strong>et</strong></span> <span class='ocrx_word' id='word_1_775' title='bbox 3287 3933 3547 3986; x_wconf 82' lang='lat' dir='ltr'><strong>custoaiat</strong></span> <span class='ocrx_word' id='word_1_776' title='bbox 3576 3942 3646 3994; x_wconf 83' lang='lat' dir='ltr'><strong>te,</strong></span> <span class='ocrx_word' id='word_1_777' title='bbox 3677 3929 3789 3982; x_wconf 79' lang='lat' dir='ltr'><strong>illu-</strong></span> 
     </span>
    </p>
   </div>
   <div class='ocr_carea' id='block_1_87' title="bbox 2227 4024 3792 4094">
    <p class='ocr_par' dir='ltr' id='par_1_87' title="bbox 2227 4024 3792 4094">
     <span class='ocr_line' id='line_1_87' title="bbox 2227 4024 3792 4094; baseline -0.005 -13"><span class='ocrx_word' id='word_1_778' title='bbox 2227 4029 2386 4081; x_wconf 86' lang='lat' dir='ltr'><strong>minet</strong></span> <span class='ocrx_word' id='word_1_779' title='bbox 2417 4027 2670 4080; x_wconf 84' lang='lat' dir='ltr'><strong>Dominus</strong></span> <span class='ocrx_word' id='word_1_780' title='bbox 2711 4025 2900 4094; x_wconf 77' lang='lat' dir='ltr'><strong>faciem</strong></span> <span class='ocrx_word' id='word_1_781' title='bbox 2939 4041 3086 4078; x_wconf 89' lang='lat' dir='ltr'><strong>suam</strong></span> <span class='ocrx_word' id='word_1_782' title='bbox 3121 4041 3275 4092; x_wconf 81' lang='lat' dir='ltr'><strong>super</strong></span> <span class='ocrx_word' id='word_1_783' title='bbox 3307 4034 3374 4087; x_wconf 83' lang='lat' dir='ltr'><strong>te,</strong></span> <span class='ocrx_word' id='word_1_784' title='bbox 3415 4033 3462 4075; x_wconf 85' lang='lat' dir='ltr'><strong>et</strong></span> <span class='ocrx_word' id='word_1_785' title='bbox 3493 4024 3792 4075; x_wconf 82' lang='lat' dir='ltr'><strong>misereatur</strong></span> 
     </span>
    </p>
   </div>
   <div class='ocr_carea' id='block_1_88' title="bbox 2227 4111 3792 4183">
    <p class='ocr_par' dir='ltr' id='par_1_88' title="bbox 2227 4111 3792 4183">
     <span class='ocr_line' id='line_1_88' title="bbox 2227 4111 3792 4183; baseline -0.005 -13"><span class='ocrx_word' id='word_1_786' title='bbox 2227 4118 2324 4181; x_wconf 85' lang='lat' dir='ltr'><strong>tui,</strong></span> <span class='ocrx_word' id='word_1_787' title='bbox 2346 4125 2392 4170; x_wconf 93' lang='lat' dir='ltr'><strong>et</strong></span> <span class='ocrx_word' id='word_1_788' title='bbox 2416 4115 2564 4170; x_wconf 81' lang='lat' dir='ltr'><strong>tollat</strong></span> <span class='ocrx_word' id='word_1_789' title='bbox 2587 4115 2841 4168; x_wconf 82' lang='lat' dir='ltr'><strong>Dominus</strong></span> <span class='ocrx_word' id='word_1_790' title='bbox 2864 4114 3048 4182; x_wconf 76' lang='lat' dir='ltr'><strong>[aciem</strong></span> <span class='ocrx_word' id='word_1_791' title='bbox 3070 4129 3219 4167; x_wconf 87' lang='lat' dir='ltr'><strong>suam</strong></span> <span class='ocrx_word' id='word_1_792' title='bbox 3243 4129 3398 4183; x_wconf 83' lang='lat' dir='ltr'><strong>super</strong></span> <span class='ocrx_word' id='word_1_793' title='bbox 3418 4122 3486 4178; x_wconf 83' lang='lat' dir='ltr'><strong>te,</strong></span> <span class='ocrx_word' id='word_1_794' title='bbox 3518 4122 3566 4166; x_wconf 86' lang='lat' dir='ltr'><strong>et</strong></span> <span class='ocrx_word' id='word_1_795' title='bbox 3595 4113 3677 4166; x_wconf 87' lang='lat' dir='ltr'><strong>det</strong></span> <span class='ocrx_word' id='word_1_796' title='bbox 3704 4111 3792 4163; x_wconf 73' lang='lat' dir='ltr'><strong>tibi</strong></span> 
     </span>
    </p>
   </div>
   <div class='ocr_carea' id='block_1_89' title="bbox 2228 4224 2426 4277">
    <p class='ocr_par' dir='ltr' id='par_1_89' title="bbox 2228 4224 2426 4277">
     <span class='ocr_line' id='line_1_89' title="bbox 2228 4224 2426 4277; baseline -0.005 -16"><span class='ocrx_word' id='word_1_797' title='bbox 2228 4224 2426 4277; x_wconf 82' lang='lat' dir='ltr'><strong>pacem.</strong></span> 
     </span>
    </p>
   </div>
   <div class='ocr_carea' id='block_1_90' title="bbox 2299 4293 3791 4363">
    <p class='ocr_par' dir='ltr' id='par_1_90' title="bbox 2299 4293 3791 4363">
     <span class='ocr_line' id='line_1_90' title="bbox 2299 4293 3791 4363; baseline -0.001 -14"><span class='ocrx_word' id='word_1_798' title='bbox 2299 4295 2510 4350; x_wconf 81' lang='lat' dir='ltr'><strong>LXXV.</strong></span> <span class='ocrx_word' id='word_1_799' title='bbox 2541 4293 2874 4350; x_wconf 81' lang='lat' dir='ltr'><strong>Sacrificium</strong></span> <span class='ocrx_word' id='word_1_800' title='bbox 2894 4303 3070 4348; x_wconf 89' lang='lat' dir='ltr'><strong>autem</strong></span> <span class='ocrx_word' id='word_1_801' title='bbox 3104 4295 3247 4363; x_wconf 86' lang='lat' dir='ltr'><strong>quod</strong></span> <span class='ocrx_word' id='word_1_802' title='bbox 3282 4310 3309 4347; x_wconf 88' lang='lat' dir='ltr'><strong>a</strong></span> <span class='ocrx_word' id='word_1_803' title='bbox 3338 4294 3667 4348; x_wconf 86' lang='lat' dir='ltr'><strong>Christianis</strong></span> <span class='ocrx_word' id='word_1_804' title='bbox 3689 4294 3791 4347; x_wconf 86' lang='lat' dir='ltr'><strong>Deo</strong></span> 
     </span>
    </p>
   </div>
   <div class='ocr_carea' id='block_1_91' title="bbox 2229 4382 3792 4454">
    <p class='ocr_par' dir='ltr' id='par_1_91' title="bbox 2229 4382 3792 4454">
     <span class='ocr_line' id='line_1_91' title="bbox 2229 4382 3792 4454; baseline -0.003 -15"><span class='ocrx_word' id='word_1_805' title='bbox 2229 4383 2472 4449; x_wconf 81' lang='lat' dir='ltr'><strong>oﬁ‘ertur,</strong></span> <span class='ocrx_word' id='word_1_806' title='bbox 2499 4391 2559 4438; x_wconf 91' lang='lat' dir='ltr'><strong>ut</strong></span> <span class='ocrx_word' id='word_1_807' title='bbox 2585 4399 2744 4454; x_wconf 86' lang='lat' dir='ltr'><strong>supra</strong></span> <span class='ocrx_word' id='word_1_808' title='bbox 2766 4383 3017 4448; x_wconf 90' lang='lat' dir='ltr'><strong>diximus,</strong></span> <span class='ocrx_word' id='word_1_809' title='bbox 3044 4384 3252 4451; x_wconf 88' lang='lat' dir='ltr'><strong>primus</strong></span> <span class='ocrx_word' id='word_1_810' title='bbox 3270 4382 3517 4437; x_wconf 83' lang='lat' dir='ltr'><strong>Christus</strong></span> <span class='ocrx_word' id='word_1_811' title='bbox 3549 4383 3792 4436; x_wconf 80' lang='lat' dir='ltr'><strong>Dominus</strong></span> 
     </span>
    </p>
   </div>
   <div class='ocr_carea' id='block_1_92' title="bbox 2237 4473 3790 4543">
    <p class='ocr_par' dir='ltr' id='par_1_92' title="bbox 2237 4473 3790 4543">
     <span class='ocr_line' id='line_1_92' title="bbox 2237 4473 3790 4543; baseline -0.004 -13"><span class='ocrx_word' id='word_1_812' title='bbox 2237 4484 2420 4531; x_wconf 92' lang='lat' dir='ltr'><strong>noster</strong></span> <span class='ocrx_word' id='word_1_813' title='bbox 2447 4475 2699 4540; x_wconf 90' lang='lat' dir='ltr'><strong>instituit,</strong></span> <span class='ocrx_word' id='word_1_814' title='bbox 2727 4474 2941 4543; x_wconf 88' lang='lat' dir='ltr'><strong>quando</strong></span> <span class='ocrx_word' id='word_1_815' title='bbox 2965 4473 3358 4528; x_wconf 86' lang='lat' dir='ltr'><strong>commendavit</strong></span> <span class='ocrx_word' id='word_1_816' title='bbox 3391 4473 3647 4542; x_wconf 86' lang='lat' dir='ltr'><strong>apostolis</strong></span> <span class='ocrx_word' id='word_1_817' title='bbox 3681 4488 3790 4526; x_wconf 89' lang='lat' dir='ltr'><strong>cor-</strong></span> 
     </span>
    </p>
   </div>
   <div class='ocr_carea' id='block_1_93' title="bbox 2237 4564 3794 4636">
    <p class='ocr_par' dir='ltr' id='par_1_93' title="bbox 2237 4564 3794 4636">
     <span class='ocr_line' id='line_1_93' title="bbox 2237 4564 3794 4636; baseline -0.003 -17"><span class='ocrx_word' id='word_1_818' title='bbox 2237 4581 2339 4636; x_wconf 91' lang='lat' dir='ltr'><strong>pus</strong></span> <span class='ocrx_word' id='word_1_819' title='bbox 2355 4573 2411 4620; x_wconf 90' lang='lat' dir='ltr'><strong>et</strong></span> <span class='ocrx_word' id='word_1_820' title='bbox 2446 4565 2762 4634; x_wconf 81' lang='lat' dir='ltr'><strong>sanguinem</strong></span> <span class='ocrx_word' id='word_1_821' title='bbox 2791 4580 2948 4619; x_wconf 90' lang='lat' dir='ltr'><strong>suum</strong></span> <span class='ocrx_word' id='word_1_822' title='bbox 2975 4565 3284 4633; x_wconf 84' lang='lat' dir='ltr'><strong>priusquam</strong></span> <span class='ocrx_word' id='word_1_823' title='bbox 3314 4564 3639 4624; x_wconf 88' lang='lat' dir='ltr'><strong>traderetur,</strong></span> <span class='ocrx_word' id='word_1_824' title='bbox 3665 4565 3794 4617; x_wconf 84' lang='lat' dir='ltr'><strong>sicut</strong></span> 
     </span>
    </p>
   </div>
   <div class='ocr_carea' id='block_1_94' title="bbox 2238 4657 3792 4728">
    <p class='ocr_par' dir='ltr' id='par_1_94' title="bbox 2238 4657 3792 4728">
     <span class='ocr_line' id='line_1_94' title="bbox 2238 4657 3792 4728; baseline -0.001 -17"><span class='ocrx_word' id='word_1_825' title='bbox 2238 4657 2434 4728; x_wconf 86' lang='lat' dir='ltr'><strong>legitur</strong></span> <span class='ocrx_word' id='word_1_826' title='bbox 2456 4658 2511 4712; x_wconf 92' lang='lat' dir='ltr'><strong>in</strong></span> <span class='ocrx_word' id='word_1_827' title='bbox 2537 4657 2844 4728; x_wconf 87' lang='lat' dir='ltr'><strong>Evangelio.</strong></span> <span class='ocrx_word' id='word_1_828' title='bbox 2874 4659 3078 4728; x_wconf 82' lang='lat' dir='ltr'><strong>Accepit</strong></span> <span class='ocrx_word' id='word_1_829' title='bbox 3104 4659 3276 4722; x_wconf 72' lang='lat' dir='ltr'><strong>Iesus,</strong></span> <span class='ocrx_word' id='word_1_830' title='bbox 3309 4659 3499 4727; x_wconf 87' lang='lat' dir='ltr'><strong>inquit,</strong></span> <span class='ocrx_word' id='word_1_831' title='bbox 3529 4674 3712 4727; x_wconf 77' lang='lat' dir='ltr'><strong>panem</strong></span> <span class='ocrx_word' id='word_1_832' title='bbox 3754 4670 3792 4710; x_wconf 76' lang='lat' dir='ltr'><strong>et</strong></span> 
     </span>
    </p>
   </div>
   <div class='ocr_carea' id='block_1_95' title="bbox 2236 4751 3779 4822">
    <p class='ocr_par' dir='ltr' id='par_1_95' title="bbox 2236 4751 3779 4822">
     <span class='ocr_line' id='line_1_95' title="bbox 2236 4751 3779 4822; baseline -0.001 -16"><span class='ocrx_word' id='word_1_833' title='bbox 2236 4751 2472 4815; x_wconf 86' lang='lat' dir='ltr'><strong>calicem,</strong></span> <span class='ocrx_word' id='word_1_834' title='bbox 2504 4760 2550 4804; x_wconf 91' lang='lat' dir='ltr'><strong>et</strong></span> <span class='ocrx_word' id='word_1_835' title='bbox 2589 4751 2892 4805; x_wconf 83' lang='lat' dir='ltr'><strong>benedicens</strong></span> <span class='ocrx_word' id='word_1_836' title='bbox 2913 4751 3052 4805; x_wconf 90' lang='lat' dir='ltr'><strong>dedit</strong></span> <span class='ocrx_word' id='word_1_837' title='bbox 3075 4754 3168 4806; x_wconf 85' lang='lat' dir='ltr'><strong>eis.</strong></span> <span class='ocrx_word' id='word_1_838' title='bbox 3213 4753 3363 4818; x_wconf 79' lang='lat' dir='ltr'><strong>Quod</strong></span> <span class='ocrx_word' id='word_1_839' title='bbox 3390 4753 3608 4822; x_wconf 89' lang='lat' dir='ltr'><strong>quidem</strong></span> <span class='ocrx_word' id='word_1_840' title='bbox 3632 4769 3779 4807; x_wconf 81' lang='lat' dir='ltr'><strong>sacra</strong></span> 
     </span>
    </p>
   </div>
   <div class='ocr_carea' id='block_1_96' title="bbox 2205 4841 3782 4922">
    <p class='ocr_par' dir='ltr' id='par_1_96' title="bbox 2205 4841 3782 4922">
     <span class='ocr_line' id='line_1_96' title="bbox 2205 4841 3782 4922; baseline 0.001 -29"><span class='ocrx_word' id='word_1_841' title='bbox 2205 4867 2208 4869; x_wconf 54' lang='grc' dir='ltr'>λ</span> <span class='ocrx_word' id='word_1_842' title='bbox 2238 4851 2477 4894; x_wconf 84' lang='lat' dir='ltr'><strong>mentum</strong></span> <span class='ocrx_word' id='word_1_843' title='bbox 2505 4841 2894 4922; x_wconf 76' lang='lat' dir='ltr'><strong>Melchisedech</strong></span> <span class='ocrx_word' id='word_1_844' title='bbox 2915 4857 3008 4896; x_wconf 89' lang='lat' dir='ltr'><strong>rex</strong></span> <span class='ocrx_word' id='word_1_845' title='bbox 3025 4841 3202 4896; x_wconf 89' lang='lat' dir='ltr'><strong>Salem</strong></span> <span class='ocrx_word' id='word_1_846' title='bbox 3231 4843 3530 4912; x_wconf 89' lang='lat' dir='ltr'><strong>ﬁguraliter</strong></span> <span class='ocrx_word' id='word_1_847' title='bbox 3549 4845 3600 4896; x_wconf 90' lang='lat' dir='ltr'><strong>in</strong></span> <span class='ocrx_word' id='word_1_848' title='bbox 3628 4855 3782 4913; x_wconf 78' lang='lat' dir='ltr'><strong>typun</strong></span> 
     </span>
    </p>
   </div>
   <div class='ocr_carea' id='block_1_97' title="bbox 2239 4932 3802 5003">
    <p class='ocr_par' dir='ltr' id='par_1_97' title="bbox 2239 4932 3802 5003">
     <span class='ocr_line' id='line_1_97' title="bbox 2239 4932 3802 5003; baseline 0 -17"><span class='ocrx_word' id='word_1_849' title='bbox 2239 4932 2557 5001; x_wconf 87' lang='lat' dir='ltr'><strong>corporiset</strong></span> <span class='ocrx_word' id='word_1_850' title='bbox 2589 4933 2863 5002; x_wconf 88' lang='lat' dir='ltr'><strong>sanguinis</strong></span> <span class='ocrx_word' id='word_1_851' title='bbox 2886 4932 3086 4987; x_wconf 84' lang='lat' dir='ltr'><strong>Christi</strong></span> <span class='ocrx_word' id='word_1_852' title='bbox 3114 4935 3321 5001; x_wconf 86' lang='lat' dir='ltr'><strong>primus</strong></span> <span class='ocrx_word' id='word_1_853' title='bbox 3343 4934 3802 5003; x_wconf 84' lang='lat' dir='ltr'><strong>obtulit,primus-</strong></span> 
     </span>
    </p>
   </div>
   <div class='ocr_carea' id='block_1_98' title="bbox 2241 5023 3805 5094">
    <p class='ocr_par' dir='ltr' id='par_1_98' title="bbox 2241 5023 3805 5094">
     <span class='ocr_line' id='line_1_98' title="bbox 2241 5023 3805 5094; baseline -0.001 -17"><span class='ocrx_word' id='word_1_854' title='bbox 2241 5038 2344 5092; x_wconf 87' lang='lat' dir='ltr'><strong>que</strong></span> <span class='ocrx_word' id='word_1_855' title='bbox 2374 5023 2686 5092; x_wconf 88' lang='lat' dir='ltr'><strong>mysterium</strong></span> <span class='ocrx_word' id='word_1_856' title='bbox 2715 5028 2850 5076; x_wconf 85' lang='lat' dir='ltr'><strong>tanti</strong></span> <span class='ocrx_word' id='word_1_857' title='bbox 2897 5023 3144 5078; x_wconf 87' lang='lat' dir='ltr'><strong>sacriﬁcii</strong></span> <span class='ocrx_word' id='word_1_858' title='bbox 3186 5024 3501 5094; x_wconf 84' lang='lat' dir='ltr'><strong>imaginarie</strong></span> <span class='ocrx_word' id='word_1_859' title='bbox 3556 5025 3671 5094; x_wconf 88' lang='lat' dir='ltr'><strong>ipse</strong></span> <span class='ocrx_word' id='word_1_860' title='bbox 3715 5040 3805 5078; x_wconf 75' lang='lat' dir='ltr'><strong>ex-</strong></span> 
     </span>
    </p>
   </div>
   <div class='ocr_carea' id='block_1_99' title="bbox 2241 5111 3808 5183">
    <p class='ocr_par' dir='ltr' id='par_1_99' title="bbox 2241 5111 3808 5183">
     <span class='ocr_line' id='line_1_99' title="bbox 2241 5111 3808 5183; baseline 0.001 -17"><span class='ocrx_word' id='word_1_861' title='bbox 2241 5113 2459 5183; x_wconf 89' lang='lat' dir='ltr'><strong>pressit,</strong></span> <span class='ocrx_word' id='word_1_862' title='bbox 2508 5111 2799 5181; x_wconf 74' lang='lat' dir='ltr'><strong>prmferens</strong></span> <span class='ocrx_word' id='word_1_863' title='bbox 2837 5112 3240 5168; x_wconf 90' lang='lat' dir='ltr'><strong>similitudinem</strong></span> <span class='ocrx_word' id='word_1_864' title='bbox 3279 5115 3491 5169; x_wconf 84' lang='lat' dir='ltr'><strong>Domini</strong></span> <span class='ocrx_word' id='word_1_865' title='bbox 3535 5124 3590 5170; x_wconf 89' lang='lat' dir='ltr'><strong>et</strong></span> <span class='ocrx_word' id='word_1_866' title='bbox 3629 5115 3808 5169; x_wconf 83' lang='lat' dir='ltr'><strong>Salva-</strong></span> 
     </span>
    </p>
   </div>
   <div class='ocr_carea' id='block_1_100' title="bbox 2245 5202 3808 5276">
    <p class='ocr_par' dir='ltr' id='par_1_100' title="bbox 2245 5202 3808 5276">
     <span class='ocr_line' id='line_1_100' title="bbox 2245 5202 3808 5276; baseline 0 -17"><span class='ocrx_word' id='word_1_867' title='bbox 2245 5205 2380 5259; x_wconf 90' lang='lat' dir='ltr'><strong>toris</strong></span> <span class='ocrx_word' id='word_1_868' title='bbox 2409 5204 2579 5259; x_wconf 89' lang='lat' dir='ltr'><strong>nostri</strong></span> <span class='ocrx_word' id='word_1_869' title='bbox 2609 5202 2734 5258; x_wconf 87' lang='lat' dir='ltr'><strong>Jesu</strong></span> <span class='ocrx_word' id='word_1_870' title='bbox 2764 5203 2986 5267; x_wconf 90' lang='lat' dir='ltr'><strong>Christi,</strong></span> <span class='ocrx_word' id='word_1_871' title='bbox 3015 5205 3310 5260; x_wconf 89' lang='lat' dir='ltr'><strong>sacerdotis</strong></span> <span class='ocrx_word' id='word_1_872' title='bbox 3336 5207 3543 5269; x_wconf 64' lang='lat' dir='ltr'><strong>aeterni,</strong></span> <span class='ocrx_word' id='word_1_873' title='bbox 3562 5206 3632 5260; x_wconf 87' lang='lat' dir='ltr'><strong>ad</strong></span> <span class='ocrx_word' id='word_1_874' title='bbox 3652 5221 3808 5276; x_wconf 87' lang='lat' dir='ltr'><strong>quem</strong></span> 
     </span>
    </p>
   </div>
   <div class='ocr_carea' id='block_1_101' title="bbox 2246 5293 3812 5356">
    <p class='ocr_par' dir='ltr' id='par_1_101' title="bbox 2246 5293 3812 5356">
     <span class='ocr_line' id='line_1_101' title="bbox 2246 5293 3812 5356; baseline -0.001 -8"><span class='ocrx_word' id='word_1_875' title='bbox 2246 5295 2442 5349; x_wconf 90' lang='lat' dir='ltr'><strong>dicitur</strong></span> <span class='ocrx_word' id='word_1_876' title='bbox 2465 5311 2477 5347; x_wconf 93' lang='lat'><strong>:</strong></span> <span class='ocrx_word' id='word_1_877' title='bbox 2507 5293 2583 5346; x_wconf 89' lang='lat' dir='ltr'><strong>Tu</strong></span> <span class='ocrx_word' id='word_1_878' title='bbox 2607 5309 2660 5346; x_wconf 92' lang='lat' dir='ltr'><strong>es</strong></span> <span class='ocrx_word' id='word_1_879' title='bbox 2688 5293 2930 5347; x_wconf 84' lang='lat' dir='ltr'><strong>sacerdos</strong></span> <span class='ocrx_word' id='word_1_880' title='bbox 2968 5294 3023 5346; x_wconf 88' lang='lat' dir='ltr'><strong>in</strong></span> <span class='ocrx_word' id='word_1_881' title='bbox 3044 5301 3312 5356; x_wconf 69' lang='lat' dir='ltr'><strong>internum,</strong></span> <span class='ocrx_word' id='word_1_882' title='bbox 3342 5293 3625 5348; x_wconf 85' lang='lat' dir='ltr'><strong>secundum</strong></span> <span class='ocrx_word' id='word_1_883' title='bbox 3672 5294 3812 5346; x_wconf 57' lang='lat' dir='ltr'><strong>ordi-</strong></span> 
     </span>
    </p>
   </div>
   <div class='ocr_carea' id='block_1_102' title="bbox 2247 5383 3810 5457">
    <p class='ocr_par' dir='ltr' id='par_1_102' title="bbox 2247 5383 3810 5457">
     <span class='ocr_line' id='line_1_102' title="bbox 2247 5383 3810 5457; baseline 0.001 -18"><span class='ocrx_word' id='word_1_884' title='bbox 2247 5402 2362 5439; x_wconf 88' lang='lat' dir='ltr'><strong>nem</strong></span> <span class='ocrx_word' id='word_1_885' title='bbox 2391 5384 2764 5438; x_wconf 72' lang='lat' dir='ltr'><strong>Melchisedech</strong></span> <span class='ocrx_word' id='word_1_886' title='bbox 2787 5383 2958 5454; x_wconf 86' lang='lat' dir='ltr'><strong>(Psal.</strong></span> <span class='ocrx_word' id='word_1_887' title='bbox 2981 5402 3088 5450; x_wconf 75' lang='lat' dir='ltr'><strong>crx,</strong></span> <span class='ocrx_word' id='word_1_888' title='bbox 3113 5387 3190 5457; x_wconf 80' lang='grc'><strong>4).</strong></span> <span class='ocrx_word' id='word_1_889' title='bbox 3211 5387 3322 5442; x_wconf 85' lang='lat' dir='ltr'><strong>Hoc</strong></span> <span class='ocrx_word' id='word_1_890' title='bbox 3339 5403 3468 5455; x_wconf 79' lang='lat' dir='ltr'><strong>ergo</strong></span> <span class='ocrx_word' id='word_1_891' title='bbox 3490 5387 3810 5442; x_wconf 87' lang='lat' dir='ltr'><strong>sacriﬁcium</strong></span> 
     </span>
    </p>
   </div>
   <div class='ocr_carea' id='block_1_103' title="bbox 2211 5476 3815 5547">
    <p class='ocr_par' dir='ltr' id='par_1_103' title="bbox 2211 5476 3815 5547">
     <span class='ocr_line' id='line_1_103' title="bbox 2211 5476 3815 5547; baseline 0.001 -16"><span class='ocrx_word' id='word_1_892' title='bbox 2211 5511 2215 5516; x_wconf 91' lang='lat'><em>-</em></span> <span class='ocrx_word' id='word_1_893' title='bbox 2247 5477 2568 5532; x_wconf 88' lang='lat' dir='ltr'><strong>Christianis</strong></span> <span class='ocrx_word' id='word_1_894' title='bbox 2602 5476 2874 5531; x_wconf 88' lang='lat' dir='ltr'><strong>celebrare</strong></span> <span class='ocrx_word' id='word_1_895' title='bbox 2897 5487 3223 5547; x_wconf 65' lang='lat' dir='ltr'><strong>praeceptum</strong></span> <span class='ocrx_word' id='word_1_896' title='bbox 3263 5489 3364 5544; x_wconf 89' lang='lat' dir='ltr'><strong>est,</strong></span> <span class='ocrx_word' id='word_1_897' title='bbox 3405 5480 3609 5534; x_wconf 88' lang='lat' dir='ltr'><strong>relictis</strong></span> <span class='ocrx_word' id='word_1_898' title='bbox 3653 5495 3718 5533; x_wconf 90' lang='lat' dir='ltr'><strong>ac</strong></span> <span class='ocrx_word' id='word_1_899' title='bbox 3757 5482 3815 5533; x_wconf 87' lang='lat' dir='ltr'><strong>li—</strong></span> 
     </span>
    </p>
   </div>
   <div class='ocr_carea' id='block_1_104' title="bbox 2248 5565 3817 5636">
    <p class='ocr_par' dir='ltr' id='par_1_104' title="bbox 2248 5565 3817 5636">
     <span class='ocr_line' id='line_1_104' title="bbox 2248 5565 3817 5636; baseline 0.002 -16"><span class='ocrx_word' id='word_1_900' title='bbox 2248 5566 2376 5620; x_wconf 89' lang='lat' dir='ltr'><strong>nitis</strong></span> <span class='ocrx_word' id='word_1_901' title='bbox 2424 5565 2663 5620; x_wconf 83' lang='lat' dir='ltr'><strong>Judaicis</strong></span> <span class='ocrx_word' id='word_1_902' title='bbox 2723 5567 2977 5631; x_wconf 90' lang='lat' dir='ltr'><strong>victimis,</strong></span> <span class='ocrx_word' id='word_1_903' title='bbox 3035 5583 3154 5636; x_wconf 65' lang='lat' dir='ltr'><strong>quae</strong></span> <span class='ocrx_word' id='word_1_904' title='bbox 3203 5568 3256 5622; x_wconf 89' lang='lat' dir='ltr'><strong>in</strong></span> <span class='ocrx_word' id='word_1_905' title='bbox 3305 5569 3563 5624; x_wconf 88' lang='lat' dir='ltr'><strong>servitute</strong></span> <span class='ocrx_word' id='word_1_906' title='bbox 3618 5571 3817 5623; x_wconf 84' lang='lat' dir='ltr'><strong>veteris</strong></span> 
     </span>
    </p>
   </div>
   <div class='ocr_carea' id='block_1_105' title="bbox 2247 5657 3816 5728">
    <p class='ocr_par' dir='ltr' id='par_1_105' title="bbox 2247 5657 3816 5728">
     <span class='ocr_line' id='line_1_105' title="bbox 2247 5657 3816 5728; baseline 0.002 -17"><span class='ocrx_word' id='word_1_907' title='bbox 2247 5657 2426 5726; x_wconf 89' lang='lat' dir='ltr'><strong>populi</strong></span> <span class='ocrx_word' id='word_1_908' title='bbox 2485 5658 2760 5712; x_wconf 83' lang='lat' dir='ltr'><strong>celebrare</strong></span> <span class='ocrx_word' id='word_1_909' title='bbox 2797 5658 3057 5726; x_wconf 88' lang='lat' dir='ltr'><strong>imperata</strong></span> <span class='ocrx_word' id='word_1_910' title='bbox 3098 5668 3242 5714; x_wconf 86' lang='lat' dir='ltr'><strong>sunt.</strong></span> <span class='ocrx_word' id='word_1_911' title='bbox 3284 5659 3396 5713; x_wconf 80' lang='lat' dir='ltr'><strong>Hoc</strong></span> <span class='ocrx_word' id='word_1_912' title='bbox 3431 5661 3609 5728; x_wconf 89' lang='lat' dir='ltr'><strong>itaque</strong></span> <span class='ocrx_word' id='word_1_913' title='bbox 3652 5657 3710 5712; x_wconf 86' lang='lat' dir='ltr'><strong>ﬁt</strong></span> <span class='ocrx_word' id='word_1_914' title='bbox 3765 5661 3816 5716; x_wconf 90' lang='lat' dir='ltr'><strong>in</strong></span> 
     </span>
    </p>
   </div>
   <div class='ocr_carea' id='block_1_106' title="bbox 2387 5768 3777 5833">
    <p class='ocr_par' dir='ltr' id='par_1_106' title="bbox 2387 5768 3777 5833">
     <span class='ocr_line' id='line_1_106' title="bbox 2387 5768 3777 5833; baseline 0.003 -10"><span class='ocrx_word' id='word_1_915' title='bbox 2387 5768 2584 5824; x_wconf 91' lang='lat' dir='ltr'><strong>Confer</strong></span> <span class='ocrx_word' id='word_1_916' title='bbox 2609 5778 2854 5825; x_wconf 90' lang='lat' dir='ltr'><strong>sanctum</strong></span> <span class='ocrx_word' id='word_1_917' title='bbox 2881 5769 3160 5833; x_wconf 88' lang='lat' dir='ltr'><strong>lsidornm,</strong></span> <span class='ocrx_word' id='word_1_918' title='bbox 3189 5769 3280 5826; x_wconf 91' lang='lat' dir='ltr'><strong>lib.</strong></span> <span class='ocrx_word' id='word_1_919' title='bbox 3312 5771 3376 5825; x_wconf 88' lang='lat' dir='ltr'><strong>de</strong></span> <span class='ocrx_word' id='word_1_920' title='bbox 3401 5771 3549 5826; x_wconf 82' lang='lat' dir='ltr'><strong>Ollic.</strong></span> <span class='ocrx_word' id='word_1_921' title='bbox 3577 5770 3777 5827; x_wconf 75' lang='lat' dir='ltr'><strong>eccles.</strong></span> 
     </span>
    </p>
   </div>
  </div>
