3992 6176
265 374 359 431 9M

943 353 1216 439 uerunt;
1253 373 1339 427 ur
1379 370 1438 424 s.
1478 368 1678 425 nam
1716 367 1808 419 AD
1850 346 2241 421 ELtr’Axnuu
2283 362 2498 421 EPiST.
2540 394 2610 402 -
2647 365 2772 420 un.
2809 362 2848 417 l.

3409 364 3514 417 95?.

265 490 423 546 nobis
448 487 592 557 quod
628 486 886 545 Dominus
910 487 1066 542 nobis
1096 490 1208 557 ipse
1252 484 1379 540 fecit
1403 502 1416 537 :
1448 483 1592 553 quod
1619 495 1837 537 manere
1865 484 1911 542 Α
1942 490 2043 531 nec
2060 476 2376 532 conﬁdendo
2397 476 2464 530 de
2480 475 2702 544 iustitiae
2722 458 3136 545 praesumptione
3155 478 3516 547 superbiendo

265 577 472 652 [ποηῆ
531 576 701 648 more]
751 577 820 632 ab
863 591 1018 635 creua
1067 577 1122 631 in
1161 590 1445 645 vesperum
1490 574 1704 631 obtulit.
1748 573 1838 628 Sic

261 672 408 727 enim
431 669 705 731 Christum
726 668 1009 739 oportebat
1028 667 1130 723 hoc
1149 666 1371 736 implere
1387 668 1533 722 circa
1552 679 1835 733 vesperum

262 760 389 822 diei,
452 768 512 815 ut
565 760 698 815 hora
742 759 860 829 ipsa
901 759 1152 823 sacriﬁcii
1203 757 1513 815 ostenderet
1549 769 1834 824 vesperum

263 849 471 905 mundi.
500 847 733 902 Proinde
757 856 937 902 autem
970 862 1075 903 non
1102 846 1637 902 communicaverunt
1664 843 1834 912 jejuni

262 937 515 1008 apostoli,
537 937 664 1006 quia
708 951 929 993 necesse
958 946 1076 992 crat
1112 945 1174 992 ut
1194 937 1397 1006 pascha
1440 935 1567 990 illud
1599 936 1836 1005 typicum

262 1035 389 1084 ante
413 1027 729 1098 impleretur
751 1034 807 1082 et
842 1041 921 1082 ste
948 1027 1125 1084 denuo
1149 1027 1219 1082 ad
1253 1040 1442 1081 verum
1482 1025 1704 1081 Pascbae
1750 1041 1838 1080 sa-

263 1122 601 1173 cramentum
635 1116 907 1170 transiret.
932 1115 1046 1170 Hoc
1071 1116 1216 1170 enim
1238 1117 1291 1170 in
1315 1115 1572 1186 mysterio
1612 1114 1833 1178 factum,

262 1205 408 1276 quod
433 1206 666 1275 primum
689 1204 933 1276 discipuli
964 1220 1180 1277 corpus,
1207 1212 1260 1260 et
1288 1205 1602 1281 sanguinem
1623 1205 1836 1261 Domini

262 1311 371 1351 non
401 1304 723 1365 acceperunt
739 1294 931 1365 jejuni.
975 1295 1059 1350 Ab
1086 1295 1337 1351 universa
1373 1303 1550 1351 autem
1594 1295 1834 1353 Ecclesia

262 1402 407 1443 nunc
433 1402 465 1440 a
487 1384 691 1456 jejunis
719 1400 933 1459 semper
978 1387 1257 1456 accipitur.
1307 1386 1397 1441 S'c
1440 1387 1585 1441 enim
1633 1387 1836 1457 placuit

262 1476 489 1546 Spiritui
515 1487 702 1532 sancto
721 1491 819 1546 per
846 1477 1135 1547 apostolos,
1166 1487 1223 1532 ιιι
1251 1478 1301 1532 in
1334 1479 1535 1533 honore
1571 1479 1705 1533 tanti
1747 1494 1836 1534 sa—

261 1567 524 1622 cramenti
562 1567 616 1625 in
643 1582 705 1623 os
743 1567 1036 1623 Christiani
1083 1568 1234 1637 prius
1261 1569 1596 1624 Dominicum
1640 1583 1836 1638 corpus

261 1656 491 1711 intraret
538 1672 699 1727 quam
743 1657 924 1712 caeteri
975 1657 1104 1714 cibi.
1135 1658 1204 1714 Et
1241 1659 1361 1717 ideo
1398 1673 1497 1729 per
1523 1659 1834 1716 universum

260 1750 446 1804 orbem
474 1765 591 1804 mos
617 1749 718 1804 istc
737 1758 1004 1804 servatur.
1053 1750 1218 1806 Panis
1245 1753 1403 1818 enim,
1433 1768 1583 1823 quem
1626 1753 1834 1823 frangi-

261 1857 397 1905 mus,
423 1857 609 1911 corpus
635 1839 828 1895 Christi
851 1851 926 1897 est
946 1857 966 1896 :
989 1842 1115 1911 quia
1155 1844 1291 1899 dixit
1315 1862 1329 1897 :
1377 1844 1492 1914 Ego
1519 1861 1636 1900 sum
1684 1847 1835 1916 panis

260 1933 424 1993 citus,
453 1932 541 2002 qui
582 1932 646 1985 de
686 1931 811 1987 uelo
851 1932 1115 1988 descendi.
1163 1935 1358 1990 Vinum
1399 1944 1577 1995 autem
1617 1937 1837 2007 sanguis

259 2022 378 2091 ejus
398 2033 499 2078 est.
530 2024 599 2079 Et
618 2024 722 2080 hoc
743 2033 827 2080 est
854 2027 997 2096 quod
1020 2028 1279 2097 scriptum
1297 2036 1382 2085 est
1410 2046 1424 2083 :
1465 2028 1578 2099 Ego
1608 2046 1722 2085 sum
1762 2031 1836 2084 vi—

260 2115 348 2167 tis.
400 2113 505 2169 Sed
551 2115 724 2184 panis,
768 2116 895 2185 quia
923 2132 1123 2186 corpus
1154 2118 1458 2180 conﬁrmat.
1486 2118 1607 2175 ideo
1643 2135 1837 2190 corpus

259 2204 459 2260 Christi
493 2214 851 2275 nuncupatur.
883 2207 1080 2263 Vinum
1108 2216 1306 2271 autem,
1352 2210 1477 2278 quia
1519 2210 1834 2279 sanguinem

259 2304 513 2364 operatur
542 2296 594 2350 in
627 2312 813 2362 carne,
844 2298 963 2353 ideo
988 2299 1055 2353 ad
1075 2299 1390 2369 sanguinem
1428 2300 1630 2356 Christi
1670 2299 1838 2355 refer‘

261 2396 372 2441 tur.
401 2388 527 2445 lluzc
555 2398 737 2445 autem
762 2391 887 2450 dum
912 2400 1038 2447 sunt
1076 2392 1309 2448 visibilia
1335 2395 1696 2459 sanctiﬁcata,
1752 2404 1839 2448 ta-

259 2495 385 2534 men
413 2497 510 2551 per
556 2481 817 2552 Spiritum
866 2493 1111 2541 sanctum
1139 2486 1194 2541 in
1240 2496 1639 2544 sacramentum
1668 2489 1835 2544 divini

259 2573 507 2641 corporis
532 2582 831 2629 transeunt.

332 2663 564 2718 LXXVI.
606 2664 835 2721 Proinde
858 2674 1059 2731 autem,
1096 2675 1157 2722 ut
1197 2668 1569 2723 sanctissimus
1614 2667 1837 2739 Cypria-

260 2770 367 2809 nus
417 2755 510 2821 ait,
548 2756 687 2815 Calix
733 2757 1043 2813 Dominicus
1102 2758 1219 2813 ideo
1274 2760 1398 2813 vino
1454 2760 1647 2816 mistus
1698 2775 1837 2829 aqua

259 2846 502 2913 otiortur,
541 2849 666 2917 quia
696 2849 939 2904 videmus
966 2850 1018 2903 in
1054 2864 1189 2917 aqua
1219 2852 1471 2919 populum
1504 2851 1748 2919 intelligi.
1780 2851 1837 2906 In

259 2938 389 2994 vino
414 2952 540 2995 vero
558 2939 791 3001 ostendit
815 2941 1127 3010 sanguinem
1167 2941 1384 2995 Christi.
1414 2942 1638 3008 Quando
1659 2952 1838 2999 autem

260 3033 320 3088 in
343 3032 508 3088 calice
553 3048 692 3103 aqua
719 3034 996 3099 miscetur,
1024 3034 1241 3091 Christo
1285 3037 1512 3107 populus
1537 3038 1835 3104 adunatur;

258 3132 319 3179 et
343 3123 670 3179 credentium
704 3124 855 3195 plebs
881 3124 931 3179 ei
969 3124 1027 3179 in
1070 3140 1229 3195 mrem
1276 3126 1519 3188 credidit,
1560 3126 1841 3195 copulatur

259 3220 319 3268 et
339 3210 600 3284 jungitur.
632 3212 763 3281 Quae
813 3216 1083 3284 copulatio
1126 3225 1180 3270 et
1235 3213 1539 3283 coujunctio
1579 3232 1732 3286 aquae
1781 3227 1837 3273 et

261 3303 375 3359 vini
410 3302 490 3360 sic
527 3304 783 3360 miscetur
802 3304 856 3359 in
880 3305 1047 3361 calice
1069 3306 1300 3369 Domini,
1334 3314 1390 3360 ttt
1410 3308 1714 3361 cnmmistio
1746 3307 1834 3362 illa

260 3395 333 3451 ab
368 3394 599 3451 invicem
628 3411 736 3452 non
776 3397 946 3464 possit
992 3399 1248 3467 separari,
1272 3398 1411 3453 sicut
1450 3413 1549 3452 nec
1595 3398 1835 3453 Ecclesia

261 3493 439 3556 potest
480 3502 511 3541 a
539 3486 757 3543 Christo
775 3489 962 3544 dividi.
1013 3488 1104 3543 Sic
1150 3498 1331 3544 autem
1378 3490 1432 3544 in
1481 3489 1837 3544 sacriﬁcando

260 3576 485 3632 calicem
522 3577 756 3641 Domini,
787 3577 967 3633 oll‘erri
1015 3592 1153 3647 aqua
1180 3578 1295 3635 sola
1322 3592 1428 3633 non
1455 3586 1652 3647 potest,
1702 3591 1840 3646 quo-

263 3670 425 3725 modo
446 3684 548 3726 nec
579 3672 762 3725 vinum
785 3671 976 3725 soluat.
1011 3671 1145 3725 Nam
1172 3672 1218 3725 si
1242 3671 1425 3724 vinum
1467 3679 1676 3724 tantum
1715 3670 1859 3738 quis

261 3758 477 3820 olTerat,
517 3759 734 3827 sanguis
764 3757 964 3812 Christi
1012 3758 1200 3826 incipit
1232 3771 1352 3812 esse
1400 3759 1516 3812 sine
1557 3758 1741 3822 nobis;
1789 3757 1836 3811 si

259 3860 396 3901 vero
421 3860 559 3913 aqua
587 3846 658 3901 sit
703 3846 836 3910 sola,
869 3846 1019 3916 plebs
1054 3847 1241 3915 incipit
1286 3860 1405 3901 esse
1434 3845 1552 3900 sine
1597 3845 1833 3900 Christo.

258 3935 494 4004 Quando
514 3947 692 3992 autem
714 3944 1003 4007 utrumque
1029 3938 1107 3992 sic
1134 3938 1409 4002 miscetur,
1437 3944 1492 3991 et
1512 3936 1838 3991 adunatione

261 4027 490 4083 confusa
529 4027 631 4082 sibi
662 4029 888 4082 invicem
931 4028 1230 4096 copulatur.
1281 4034 1407 4081 tunc
1442 4035 1837 4081 sacramentum

262 4117 546 4189 spirituale
585 4128 639 4172 et
676 4117 897 4173 cmlcste
923 4118 1217 4188 perﬁcitur.
1250 4117 1343 4173 Sic
1366 4130 1497 4171 vero
1526 4133 1631 4172 non
1662 4125 1839 4186 potest

267 4208 408 4263 calix
433 4208 642 4263 Domini
668 4209 838 4264 nostri
873 4206 1001 4264 Jesu
1044 4208 1247 4263 Christi
1274 4221 1393 4263 esse
1422 4223 1560 4279 aqua
1588 4209 1704 4263 sola
1747 4214 1840 4261 aut

266 4300 449 4354 vinum
480 4300 670 4365 solum,
723 4300 827 4355 nisi
857 4309 1144 4371 utrumque
1181 4301 1282 4355 sibi
1327 4300 1651 4366 misceatur;
1709 4314 1840 4369 quo-

267 4391 427 4445 modo
464 4406 563 4445 nec
589 4405 787 4461 corpus
800 4391 1034 4455 Domini,
1065 4405 1163 4445 nec
1190 4397 1366 4461 potest
1391 4402 1513 4444 esse
1540 4389 1722 4443 vinum
1752 4403 1841 4443 so-

268 4482 400 4547 lum,
436 4491 528 4537 aut
552 4498 691 4553 aqua
716 4482 849 4548 sola,
876 4482 980 4538 nisi
1006 4490 1293 4552 utrumque
1318 4482 1386 4537 ad
1416 4481 1647 4536 invicem
1677 4480 1839 4535 fuerit

267 4573 595 4641 copulatum,
626 4582 681 4627 et
726 4572 882 4643 panis
913 4572 1074 4643 hujus
1107 4585 1367 4644 compage
1397 4572 1658 4627 solidatas
1685 4588 1698 4624 :
1730 4587 1839 4640 quo

268 4674 325 4719 et
351 4666 466 4734 ipso
484 4675 824 4721 sacramento
848 4667 1076 4737 populus
1093 4676 1280 4722 noster
1313 4664 1616 4720 ostenditur
1639 4665 1844 4718 aduna-

270 4766 391 4822 tus;
414 4766 473 4811 ut
488 4757 935 4827 quemadmodum
957 4773 1123 4828 grana
1148 4758 1313 4813 multa
1334 4757 1389 4811 in
1410 4771 1573 4811 unum
1595 4755 1840 4819 collecta,

267 4856 325 4903 et
346 4848 673 4912 commolita,
706 4856 762 4903 et
786 4849 1296 4918 eommista,panem
1318 4862 1485 4903 unum
1513 4846 1738 4906 faciunt,
1764 4847 1845 4902 sic

269 4938 327 4992 in
359 4937 651 5003 Christum,
694 4938 787 5008 qui
812 4945 897 4994 est
936 4939 1091 5008 panis
1128 4938 1385 5002 ctelestis,
1416 4951 1582 4991 unum
1607 4936 1845 4992 sciamus

267 5043 390 5084 esse
410 5043 624 5099 corpus,
667 5030 755 5085 cui
795 5027 1112 5099 conjunctus
1153 5030 1224 5086 sit
1252 5035 1437 5084 noster
1483 5041 1742 5083 numerus
1789 5035 1845 5082 et.

270 5121 536 5175 adunatus

340 5229 597 5287 LXXVI].
675 5232 870 5286 Dicunt
906 5248 921 5288 :
967 5230 1193 5301 Semper
1236 5229 1637 5286 communicare
1688 5228 1845 5284 debet

268 5321 642 5383 Christianus,
683 5321 787 5376 nisi
816 5321 996 5390 aliquo
1024 5320 1392 5375 intercedente
1429 5328 1672 5389 peccato,
1719 5332 1838 5373 cor—

269 5428 371 5483 pus
408 5412 622 5469 Domini
650 5411 890 5482 quotidie
929 5410 1320 5481 aecipiendum.
1376 5408 1532 5464 Hunc
1569 5409 1711 5463 enim
1749 5423 1844 5478 pa-

272 5518 398 5558 nem
428 5503 543 5558 dari
573 5502 812 5575 quotidie
863 5500 1037 5566 nobis,
1058 5498 1281 5569 iubente
1316 5500 1561 5565 Domino,
1600 5499 1845 5570 postula-

272 5610 410 5659 mus,
469 5595 709 5650 dicentes
760 5610 773 5646 :
834 5590 1033 5646 Panem
1084 5600 1317 5646 nostrum
1365 5591 1726 5662 quotidianum
1773 5590 1843 5644 da

274 5689 421 5742 nobis
463 5688 634 5742 hodie.
679 5685 832 5755 Quod
868 5685 1083 5755 quidem
1116 5685 1254 5740 bene
1277 5683 1481 5746 dicunt,
1515 5682 1560 5736 si
1588 5683 1690 5736 hoc
1719 5696 1840 5736 cum

278 5779 565 5848 religione,
616 5789 671 5834 et
717 5777 1029 5851 devotione,
1075 5782 1130 5832 et
1173 5774 1475 5830 humilitate
1526 5773 1836 5842 suscipiant,

1937 565 2157 622 faciant.
2188 566 2456 623 Caeterum
2480 568 2526 623 si
2552 567 2679 627 talia
2702 566 2904 631 fuerint
2936 576 3159 636 peccata
3192 583 3314 637 qua
3358 571 3515 639 quasi

1936 664 2209 712 mortuum
2234 658 2303 712 ab
2340 657 2497 711 altari
2530 666 2873 723 removeam,
2907 657 3059 726 prius
3095 659 3300 727 agenda
3338 661 3516 730 pinni-

1939 747 2107 800 tentia
2145 752 2229 801 est
2276 762 2341 802 ac
2392 746 2475 801 sic
2501 746 2695 801 deinde
2738 747 2841 803 hoc
2886 746 3221 814 salutiierum
3277 750 3517 813 mediea-

1937 843 2177 891 mentum
2224 836 2644 907 suscipiendum.
2679 836 2783 903 Qui
2825 838 2963 891 enim
2991 838 3383 895 manducauerit
3434 844 3517 896 in-

1935 925 2111 996 digne,
2138 926 2240 996 jud
2263 927 2400 981 cium
2417 928 2517 982 sibi
2541 928 2822 989 manduca
2846 937 2897 987 et
2928 929 3072 983 bibit.
3115 930 3229 986 Hoc
3261 940 3347 987 est
3369 934 3514 991 enim
3619 939 3629 950 ’

1938 1015 2155 1087 indigne
2182 1016 2449 1086 accipere,
2496 1018 2543 1083 si
2588 1033 2657 1073 co
2692 1026 2931 1086 tempore
2972 1020 3096 1088 quis
3139 1021 3371 1092 accipiat
3407 1038 3515 1092 quo

1936 1107 2094 1162 debet
2139 1122 2304 1179 agere
2349 1108 2744 1178 paenitentiam.
2797 1108 3066 1166 Caeterum
3109 1112 3155 1166 si
3204 1119 3355 1166 tanta
3406 1128 3515 1169 non

1936 1207 2063 1254 sunt
2100 1206 2319 1268 peccata
2351 1209 2412 1254 ut
2450 1200 3001 1259 excommunieandus
3042 1202 3270 1272 quisque
3308 1202 3516 1272 judice-

1936 1298 2055 1358 tur,
2107 1309 2215 1348 non
2266 1308 2329 1349 se
2352 1295 2512 1351 debet
2555 1311 2584 1349 a
2643 1295 2910 1355 medicina
2956 1297 3221 1355 Dominici
3269 1300 3515 1369 corporis

1934 1395 2210 1451 separare,
2234 1399 2304 1443 ne
2333 1385 2461 1442 dum
2498 1386 2636 1441 torte
2678 1384 2768 1443 diu
2796 1385 3073 1443 abstintans
3099 1388 3431 1456 prohibetur,
3482 1409 3514 1449 a

1936 1471 2139 1528 Christi
2173 1488 2397 1544 corpore
2423 1482 2722 1545 separetur.
2751 1476 2875 1544 ipse
2906 1476 3051 1531 enim
3082 1478 3232 1541 vivit,
3273 1496 3364 1549 qui
3388 1496 3514 1536 cor-

1934 1582 2038 1636 pus
2080 1566 2291 1622 Domini
2336 1582 2550 1637 semper
2572 1568 2891 1625 comederit.
2926 1569 2996 1625 Et
3037 1569 3379 1628 manifestum
3431 1581 3516 1628 est

1935 1658 2080 1735 enim
2138 1675 2233 1717 eos
2276 1661 2478 1727 vivere,
2510 1661 2601 1731 qui
2655 1676 2851 1731 corpus
2902 1663 3113 1718 Domini
3170 1666 3339 1721 nostri
3386 1665 3513 1725 Iesu

1937 1750 2141 1807 Christi
2179 1752 2470 1822 attingunt.
2498 1752 2651 1809 Unde
2683 1753 2979 1809 timendum
3012 1762 3096 1809 est
3123 1770 3212 1819 ne,
3232 1755 3358 1810 dum
3380 1758 3512 1814 satis

1865 1823 1911 1887 Β
1938 1844 2166 1912 quisque
2188 1852 2473 1913 separatur
2494 1860 2525 1900 a
2558 1843 2756 1900 Christi
2785 1859 3030 1914 corpore,
3059 1845 3265 1902 ahenus
3301 1857 3516 1906 maneat

1939 1947 1971 1987 a
2025 1934 2221 1997 salute,
2272 1935 2391 2004 ipso
2437 1935 2663 1991 Domino
2717 1936 2978 1993 dicente:
3022 1935 3143 1990 Nisi
3189 1937 3515 1994 comederitis

1936 2039 2149 2079 carnem
2174 2025 2273 2094 ﬁlii
2295 2026 2540 2091 hominis,
2565 2039 2610 2080 et
2641 2026 2871 2081 biberitis
2893 2027 3009 2097 ejus
3031 2030 3360 2098 sanguinem,
3412 2048 3516 2086 non

1936 2111 2189 2167 habebitis
2237 2113 2394 2168 vitam
2437 2114 2495 2167 in
2544 2114 2684 2170 vobis
2731 2114 2910 2182 (Joan.
2943 2132 3020 2181 v1,
3071 2117 3184 2188 54).
3234 2118 3337 2185 Qui
3370 2120 3515 2175 enim

1930 2202 2043 2272 jam
2071 2221 2298 2276 peccare
2326 2207 2547 2277 quievit,
2580 2208 2983 2267 communicare
3012 2224 3117 2264 non
3140 2211 3371 2266 desinat.

2009 2297 2288 2355 LXXVI“.
2329 2297 2642 2373 Conjugatis
2686 2307 2867 2355 autem
2915 2301 3293 2358 abstinendum
3345 2311 3429 2359 est
3481 2318 3511 2357 a

1938 2387 2082 2442 coitu
2104 2387 2351 2458 plurimis
2380 2389 2587 2454 diebus,
2612 2396 2774 2459 atque
2800 2390 3038 2445 orationi
3075 2405 3287 2455 vacare,
3333 2400 3388 2449 et
3434 2394 3513 2449 sic

1935 2479 2060 2535 dein
2089 2480 2157 2535 ad
2181 2480 2382 2536 Christi
2412 2495 2609 2549 corpus
2633 2484 2909 2536 accedere.
2949 2482 3272 2551 ﬁelegamus
3301 2482 3515 2555 Regno-

1939 2586 2060 2625 rum
2089 2571 2306 2632 librum,
2355 2578 2412 2626 et
2450 2570 2786 2631 inveniemus
2822 2572 3157 2629 sacerdotem
3200 2572 3513 2639 Abimelech

1938 2662 2004 2716 de
2045 2662 2274 2731 panibus
2323 2662 2708 2732 propositionis
2749 2663 2989 2721 noluisse
3035 2664 3320 2721 comedere
3363 2666 3516 2738 prius

1937 2752 2106 2808 David
2128 2761 2184 2807 et
2207 2767 2403 2823 pueros
2444 2752 2582 2823 ejus,
2621 2755 2728 2812 nisi
2770 2765 2896 2813 ante
2936 2759 3299 2830 interrogaret
3331 2768 3512 2815 utrum

1938 2844 2121 2901 mundi
2149 2854 2331 2902 essent
2364 2847 2513 2917 pueri
2538 2863 2569 2902 a
2599 2847 2934 2914 mulieribus,
2951 2864 3058 2903 non
3091 2851 3280 2920 utique
3302 2852 3372 2906 ab
3393 2851 3517 2906 alie-

1937 2950 2029 3000 na,
2069 2936 2163 2991 sed
2192 2952 2223 2990 a
2259 2933 2505 3006 conjuge.
2549 2936 2615 2991 Et
2645 2937 2750 2992 nisi
2790 2952 2886 2993 eos
2929 2939 3172 2993 audisset
3213 2944 3281 2994 ab
3312 2939 3426 2994 beri
3461 2950 3517 2995 et

1940 3026 2329 3082 nudiustertius
2365 3042 2585 3083 vacasse
2608 3029 2677 3083 ab
2720 3043 2882 3097 opere
2912 3027 3208 3099 coniugali,
3243 3045 3513 3099 nunquam

1941 3132 2128 3187 panes,
2156 3135 2291 3188 quos
2309 3121 2459 3189 prius
2482 3129 2788 3191 negaverat,
2820 3122 3199 3177 concessisset.

2025 3215 2258 3271 LXXIX.
2308 3216 2580 3283 Quantum
2632 3218 2776 3271 inter
2819 3215 3206 3286 propositionis
3252 3231 3418 3286 panes
3460 3226 3518 3273 et

1936 3322 2133 3376 corpus
2157 3307 2378 3372 Christi,
2418 3314 2617 3376 quanta
2647 3304 2951 3360 diﬁ‘erentia
2990 3312 3072 3359 est
3108 3304 3252 3360 inter
3270 3305 3513 3359 umbram

1937 3409 1989 3453 et
2010 3413 2225 3468 corpus,
2259 3398 2402 3452 inter
2434 3397 2723 3466 imaginem
2748 3406 2804 3451 et
2831 3396 3133 3456 veritatem,
3164 3396 3303 3450 inter
3327 3410 3512 3452 exem-
3560 3440 3565 3444 .

1936 3489 2109 3558 pluria
2135 3487 2440 3542 futurorum
2469 3496 2522 3540 et
2569 3486 2684 3555 ipsa
2715 3500 2835 3554 quae
2870 3485 3163 3555 exemplari
3206 3485 3516 3556 przeﬁgura-

1936 3582 2161 3636 bantur!
2186 3581 2525 3647 Quapropter
2549 3577 2780 3647 eligendi
2810 3584 2937 3631 sunt
2963 3576 3125 3646 aliqui
3154 3577 3221 3632 de
3265 3577 3351 3632 bis
3389 3578 3510 3646 qui—

1937 3671 2039 3724 bus
2085 3670 2237 3739 prius
2273 3668 2436 3722 homo
2480 3665 2847 3721 continentius
2885 3664 3049 3729 vivat,
3094 3681 3190 3734 per
3232 3680 3393 3735 quem
3446 3667 3512 3721 ad
3574 3678 3589 3691 '

1941 3770 2150 3817 tantum
2172 3767 2572 3816 sacramentum
2601 3759 2794 3829 dignus
2820 3757 3075 3813 accedere
3100 3758 3287 3827 possit.

2010 3853 2221 3908 LXXX.
2253 3851 2591 3908 Sacriﬁcium
2618 3865 2718 3921 pro
2740 3849 3114 3905 defunctorum
3143 3847 3379 3902 ﬁdelium
3425 3864 3509 3905 re-

1936 3946 2064 4016 quie
2094 3942 2311 4010 offerre,
2347 3943 2431 3999 vel
2476 3958 2576 4013 pro
2626 3942 2705 3998 eis
2751 3952 2928 4006 orare,
2981 3940 3050 3994 ab
3102 3930 3363 4009 apostolis
3407 3947 3515 3995 tra-

1940 4038 2109 4093 ditum
2137 4043 2240 4092 est.
2280 4035 2393 4091 Hoc
2414 4035 2559 4090 enim
2604 4035 2804 4104 ubique
2832 4032 3097 4088 catholica
3143 4040 3290 4087 tenet
3333 4031 3511 4088 Eccle-

1939 4132 2039 4195 sia,
2066 4146 2162 4201 per
2184 4137 2356 4185 totum
2381 4130 2566 4185 orbem
2598 4137 2863 4183 terrarum
2911 4129 3202 4183 constituta
3237 4147 3250 4181 :
3293 4128 3434 4184 sicut
3459 4136 3513 4184 et

1940 4239 1970 4277 a
2022 4232 2210 4297 sancto
2257 4222 2570 4294 Augustino
2608 4222 2662 4275 in
2707 4223 2846 4276 libro
2884 4221 3179 4276 Enehiridii
3215 4221 3509 4278 scribitur:

1938 4314 2323 4369 Defuncton
2351 4313 2561 4367 animas
2609 4311 2725 4366 sine
2755 4311 2918 4366 dubio
2945 4312 3151 4381 pietate
3173 4326 3393 4366 suorum
3434 4310 3513 4365 vi-

1940 4410 2177 4464 ventium
2212 4408 2458 4470 rclcvari,
2496 4421 2616 4461 cum
2658 4422 2755 4475 pro
2789 4405 2894 4460 illis
2918 4405 3242 4461 sacriﬁcium
3290 4404 3514 4461 offertur

1870 4524 1919 4584 υ
1942 4502 2024 4554 vel
2046 4501 2398 4569 eleemosynm
2423 4498 2559 4552 ﬁunt
2590 4515 2603 4550 :
2638 4497 2683 4552 si
2717 4506 2895 4551 tamen
2927 4497 3129 4566 aliquid
3159 4496 3260 4552 sibi
3290 4497 3515 4568 quisque

1944 4593 2193 4648 meritum
2228 4588 2571 4660 praeparavit,
2626 4589 2751 4644 dum
2791 4587 2965 4643 adhuc
3008 4588 3061 4642 in
3105 4602 3330 4659 corpore
3370 4589 3519 4644 vive-

1942 4694 2041 4746 ret,
2080 4685 2180 4738 ista
2215 4680 2424 4752 prosint
2450 4695 2783 4753 quaecunque
2808 4693 2906 4750 per
2928 4679 3050 4735 illos
3075 4679 3231 4747 ﬁunt,
3249 4696 3375 4736 nam
3409 4697 3516 4737 non

1943 4774 2190 4829 omnibus
2230 4778 2487 4842 prosunt,
2547 4769 2650 4825 nisi
2712 4779 2935 4841 propter
2983 4769 3339 4827 diﬁ‘crentiam
3395 4774 3520 4828 vine

1944 4881 2102 4935 quam
2127 4862 2354 4934 quisque
2384 4862 2550 4935 gessit
2578 4864 2631 4915 in
2656 4876 2902 4932 corpore.
2943 4858 3078 4915 Nam
3106 4875 3207 4931 pro
3237 4860 3390 4916 valde
3423 4862 3523 4935 bo-

1947 4957 2032 5010 nis
2086 4954 2384 5026 gratiarum
2416 4953 2656 5008 actiones
2693 4960 2838 5016 sunt,
2884 4965 2986 5022 pro
3014 4964 3119 5004 non
3160 4948 3315 5004 valde
3364 4949 3524 5004 malis

1941 5044 2352 5117 propitiationes
2384 5052 2530 5106 sunt,
2561 5056 2659 5112 pro
2696 5040 2851 5097 valde
2889 5040 3066 5103 malis,
3095 5039 3259 5093 etiam
3293 5038 3338 5094 si
3376 5038 3520 5092 nulla

1945 5146 2073 5193 sunt
2116 5135 2422 5205 adjumenta
2452 5142 2819 5197 mortuorum,
2851 5130 3248 5201 qualescunque
3275 5128 3521 5184 vivorum

1945 5226 2341 5283 consolationes
2363 5231 2506 5280 sunt.
2522 5221 2727 5289 Quibus
2749 5229 2927 5275 autem
2944 5228 3190 5288 prosunt,
3218 5226 3308 5272 aut
3334 5218 3400 5273 ad
3419 5219 3524 5274 hoc

1943 5325 2170 5390 prosunt
2193 5324 2253 5371 ut
2294 5315 2364 5370 sit
2399 5314 2558 5385 plena
2589 5312 2858 5374 remissio,
2883 5317 2975 5366 aut
3000 5316 3149 5365 certe
3179 5319 3237 5365 ut
3270 5308 3525 5366 tolerabi-

1945 5410 2050 5465 lior
2078 5408 2170 5463 ﬁat
2200 5422 2317 5478 ipsa
2343 5406 2618 5462 damnatio

2016 5497 2252 5553 LXXXI.
2287 5496 2401 5551 Hoc
2422 5503 2592 5551 totum
2622 5510 2790 5566 quare
2827 5494 3082 5559 diximus,
3110 5493 3215 5548 nisi
3254 5494 3379 5564 quia
3411 5492 3527 5549 οω.

1945 5602 2042 5641 nes
2074 5587 2128 5640 in
2151 5600 2261 5640 uno
2283 5583 2549 5640 sacriﬁcio
2575 5576 2882 5639 Mcdiatoris
2921 5582 3367 5639 reconciliamur?
3389 5576 3525 5649 Quia

1944 5676 2053 5749 ipse
2094 5683 2169 5730 est
2219 5674 2475 5728 mediator
2512 5674 2608 5729 Dei
2654 5683 2702 5727 et
2747 5673 3045 5739 hominum,
3085 5673 3239 5727 homo
3288 5671 3527 5745 Christus

1945 5773 2121 5828 Iesus.
2176 5771 2294 5839 ipse
2332 5776 2492 5840 caput
2529 5770 2771 5839 corporis
2822 5766 3097 5828 Ecclesiar,
3138 5781 3243 5821 una
3273 5777 3523 5835 persona.
