3992 6176
494 370 598 428 οὸδ

1308 371 1709 437 ELIPANDUS,
1749 369 1971 433 FELIX,
2013 371 2362 428 HETERIUS
2401 371 2489 427 ET
2529 371 2598 427 S.
2631 373 2927 430 BEATUS.

3635 379 3739 435 9-H

469 481 700 536 .Obinde
733 480 1113 535 manducamus
1139 493 1334 548 corpus
1373 478 1490 547 ejus
1522 491 1576 535 et
1601 480 1913 549 sanguinem
1940 480 2059 547 ejus
2088 487 2135 542 Α
2162 480 2364 534 lacteus
2389 488 2566 550 potus,
2607 481 2726 536 istis
2752 491 3007 551 tanquam
3029 481 3233 537 solidus
3257 484 3430 538 cibus.
3467 483 3585 540 Non
3611 505 3742 558 quta

499 575 747 636 bibimus,
774 579 835 624 ttt
867 569 1007 625 sicut
1033 569 1160 624 illud
1189 570 1241 623 in
1276 584 1374 623 nos
1402 571 1760 624 invisceratur
1783 579 1838 624 et
1867 568 2068 636 trajici-

497 671 590 719 tur
610 661 912 727 visibiliter,
943 660 1023 714 sic
1052 674 1149 714 nos
1174 659 1228 713 in
1257 659 1348 713 illo
1376 658 1825 715 transformamur
1847 667 1901 713 et
1930 659 2067 712 invi-

498 769 773 812 sceramur
814 767 829 805 :
862 751 986 822 quia
1030 759 1426 806 sacramentum
1447 761 1547 814 εει,
1590 749 1908 820 mysterium
1958 757 2062 805 est.

492 847 636 917 .Quid
663 844 998 916 mysterium,
1045 841 1150 896 nisi
1194 849 1457 895 secretam
1499 849 1555 894 et
1591 841 1920 896 reconditam
1971 842 2068 895 ha-

497 941 631 996 bens
656 933 1096 1007 diSpositionem?
1126 931 1233 986 Sed
1261 932 1383 1001 quis
1431 931 1645 1001 sapiens
1677 939 1732 985 et
1778 933 1899 1000 quis
1939 947 2068 1002 pru-

498 1031 630 1086 dens
656 1030 770 1083 htec
791 1025 908 1080 sine
931 1023 1121 1094 spiritu
1141 1023 1238 1078 Dei
1255 1031 1434 1094 potest
1459 1022 1661 1092 liquido
1679 1024 2065 1093 comprehensa

497 1130 700 1182 tenere,
728 1117 831 1172 nisi
859 1117 972 1186 ipse
1007 1129 1187 1168 rerum
1211 1115 1450 1169 omnium
1489 1113 1748 1169 Dominus
1781 1115 2065 1185 mysterio-

500 1225 617 1264 rum
663 1221 884 1262 suorum
928 1205 1257 1260 illnminator
1291 1207 1600 1273 petentibus
1630 1204 1785 1259 nobis
1824 1213 1880 1259 et
1923 1219 2066 1274 qua:-

496 1302 740 1358 rentibus
765 1306 960 1355 cuncta
985 1296 1225 1352 revelare
1253 1295 1515 1358 voluerit,
1556 1295 1696 1349 sicut
1737 1311 1835 1364 per
1874 1296 2065 1350 Isaiam

496 1391 810 1462 prophetam
837 1388 948 1442 ait:
978 1387 1220 1456 Aperiunt
1237 1385 1505 1439 thesauros
1537 1384 1728 1438 invisos
1749 1394 1796 1439 et
1821 1385 2065 1439 obscuros

497 1481 634 1552 (Isa.
685 1495 807 1542 XLV,
837 1479 913 1548 5).
963 1477 1030 1531 Ει
1064 1475 1259 1531 iterum
1287 1475 1598 1545 evangeliea
1651 1490 1748 1531 ore
1794 1476 2062 1543 admonet,

497 1571 715 1626 dicens:
752 1568 933 1632 Petite,
961 1575 1009 1621 et
1035 1566 1297 1636 accipietis
1329 1581 1346 1620 :
1376 1563 1598 1634 pulsate,
1619 1573 1666 1619 et
1705 1565 1967 1635 aperietur
1985 1582 2065 1619 vo-

498 1665 614 1718 bis:
644 1661 876 1734 quiet-ite,
908 1668 955 1713 et
985 1658 1269 1712 invenietis.
1307 1656 1426 1723 Quo
1453 1656 1594 1711 dicto
1631 1656 1902 1727 compellit
1931 1655 2067 1710 obli-

499 1755 786 1816 viscentes,
811 1761 867 1806 et
907 1749 1146 1805 stimulat
1189 1749 1345 1819 longa
1394 1748 1608 1820 pigritia
1655 1755 1946 1818 torpentes,
2004 1755 2066 1801 ut

500 1859 601 1898 nec
635 1842 776 1913 pigri
803 1842 912 1896 sint
939 1838 1006 1893 ad
1041 1839 1436 1908 requirendum,
1463 1853 1566 1894 nec
1591 1837 1856 1908 desperati
1877 1838 1944 1892 ad
1979 1837 2063 1892 in-

503 1934 847 1990 veniendum.
887 1931 1036 1986 Nihil
1061 1933 1218 1996 enim,
1251 1931 1442 2000 inquit,
1491 1929 1747 1985 occultum
1788 1931 1926 2002 quod
1963 1925 2066 1984 non

501 2025 880 2094 manifestatur,
911 2032 1000 2076 aut
1023 2022 1381 2076 absconditum
1408 2023 1550 2092 quod
1582 2039 1685 2076 non
1713 2021 1963 2076 reveletur
1975 2031 2068 2074 aut

498 2117 716 2171 sciatur.
749 2113 903 2170 Omni
923 2114 1058 2168 enim
1089 2114 1276 2184 petenti
1301 2113 1512 2167 dabitur
1538 2122 1584 2168 et
1606 2112 1836 2183 pulsanti
1877 2112 2070 2183 aperie-

500 2222 608 2277 tur,
634 2220 682 2266 et
703 2212 791 2281 qui
832 2209 1039 2280 quam't,
1067 2208 1277 2262 invenit.
1302 2207 1550 2263 Christus
1579 2214 1664 2262 est
1692 2207 1846 2278 panis
1865 2214 1920 2262 et
1962 2206 2065 2271 lac,

499 2309 556 2357 et
577 2315 676 2354 nos
699 2299 814 2363 ﬁlii,
838 2299 928 2368 qui
951 2313 1017 2353 ex
1046 2297 1163 2367 ipso
1189 2297 1480 2368 pascimur.
1505 2296 1639 2352 Nam
1660 2313 1783 2352 cum
1803 2296 2064 2353 dicimus:

508 2387 665 2444 Pater
697 2399 893 2453 noster,
923 2387 1012 2458 qui
1039 2404 1090 2442 es
1125 2387 1179 2441 in
1211 2388 1370 2453 caelis,
1393 2402 1493 2442 nec
1514 2386 1613 2442 soli
1638 2387 1786 2442 Patri
1817 2387 2064 2452 dicimus,

501 2493 601 2534 nec
623 2477 896 2542 soliI-‘ilio,
924 2491 1022 2532 nec
1043 2477 1140 2532 soli
1160 2475 1381 2546 Spiritui
1400 2485 1608 2542 sancto,
1641 2476 1734 2531 sed
1763 2476 1862 2533 toti
1898 2475 2069 2531 Trini-

502 2570 622 2634 tati,
654 2571 745 2624 uni
769 2571 900 2625 Deo.
927 2569 994 2623 Et
1017 2584 1138 2624 cum
1169 2568 1396 2624 dicimus
1420 2587 1434 2623 :
1469 2569 1666 2624 Panem
1689 2579 1920 2623 nostrum
1935 2585 2066 2639 quo-

503 2659 759 2712 tidianum
788 2659 858 2712 da
905 2658 1052 2713 nobis
1080 2658 1251 2720 hodie,
1291 2660 1524 2728 petimus
1549 2659 1617 2714 ab
1663 2674 1770 2714 uno
1812 2658 1972 2713 Patre
2011 2667 2072 2712 ut

501 2747 594 2804 det
618 2749 772 2803 nobis
798 2748 945 2803 illum
972 2763 1184 2818 panem,
1221 2749 1273 2803 id
1303 2757 1406 2814 est,
1451 2764 1837 2820 cognoscamus
1875 2749 2068 2804 Filium

504 2853 661 2894 suum
683 2839 967 2893 Dominum
991 2845 1233 2892 nostrum
1251 2836 1435 2893 Jesum
1459 2837 1752 2904 Christum,
1780 2839 1872 2908 qui
1899 2838 2066 2894 dixit:

505 2927 619 2999 Ego
646 2942 760 2980 sum
785 2925 935 2996 panis
985 2925 1143 2988 vivus,
1185 2926 1271 2995 qui
1299 2925 1364 2979 de
1407 2924 1532 2979 calo
1561 2925 1834 2990 descendi;
1862 2925 1909 2980 si
1955 2926 2072 2994 quis

505 3035 570 3072 ea:
613 3019 725 3088 ipso
773 3016 1182 3080 manducauerit,
1229 3018 1354 3071 vivet
1393 3018 1448 3070 in
1476 3027 1743 3071 azternum.
1786 3018 1854 3072 Et
1887 3019 2072 3088 utique

504 3109 620 3179 ipse
643 3123 764 3162 cum
789 3106 946 3160 Patre
973 3114 1030 3160 et
1059 3105 1262 3175 Spiritu
1297 3116 1484 3162 sancto
1513 3107 1669 3176 panis
1697 3115 1780 3162 est
1819 3108 2069 3173 fortibus,

497 3197 599 3268 qui
624 3197 810 3252 dentes
832 3196 1049 3251 habent.
1074 3195 1246 3250 Filius
1266 3211 1394 3251 vero
1427 3197 1685 3252 Dominus
1712 3207 1894 3252 noster
1915 3197 2072 3254 Jesus

506 3289 771 3353 Christus,
789 3295 846 3343 et
858 3287 1011 3358 panis
1031 3295 1115 3342 est
1135 3302 1257 3342 cum
1277 3285 1434 3341 Patre
1458 3287 1509 3340 in
1530 3287 1807 3342 divinitate
1823 3286 2072 3354 fortibus,

507 3387 564 3435 et
590 3379 704 3449 ipse
733 3378 880 3434 solus
902 3377 988 3432 lac
1008 3385 1062 3432 et
1089 3377 1144 3431 in
1169 3391 1335 3433 carne
1366 3377 1620 3447 parvulis.
1667 3377 1736 3432 Et
1769 3379 1910 3433 hanc
1950 3393 2072 3432 car-

507 3485 632 3525 nem
656 3467 1027 3524 manducando
1051 3467 1278 3538 parvuli,
1313 3476 1368 3523 et
1391 3469 1532 3523 hunc
1556 3469 1869 3538 sanguinem
1895 3469 2076 3524 biben-

511 3560 599 3625 do,
627 3558 848 3614 veniunt
882 3556 951 3612 ad
979 3557 1208 3614 solidum
1237 3557 1437 3623 cibum,
1461 3558 1606 3626 quod
1630 3567 1715 3613 est
1754 3558 1869 3628 ipsa
1895 3557 2075 3614 Trini-

411 3675 424 3688 ι
498 3659 592 3705 .tas
638 3665 777 3704 unus
825 3649 988 3704 Deus.
1045 3648 1122 3702 De
1161 3648 1265 3703 hoc
1303 3648 1445 3703 lacte
1476 3647 1674 3703 Paulus
1698 3647 1972 3716 apostolus
2008 3647 2076 3702 ad

507 3741 813 3797 Corinthios
855 3739 1096 3795 scribens
1118 3739 1194 3792 ait
1220 3757 1235 3793 :
1269 3738 1392 3794 Non
1415 3740 1559 3810 potui
1580 3741 1718 3794 vobis
1741 3739 1902 3810 loqui,
1926 3740 2074 3810 quasi

507 3828 886 3900 spiritualibus,
934 3827 1022 3882 sed
1065 3829 1218 3897 quasi
1271 3827 1589 3883 carnalibus.
1642 3827 1807 3894 Quasi
1847 3828 2076 3899 parvulis

508 3925 566 3978 in
617 3923 720 3990 fide
767 3921 850 3974 lac
892 3921 1032 3976 vobis
1078 3930 1259 3989 potum
1301 3920 1443 3985 dedi,
1472 3937 1576 3974 non
1607 3937 1797 3975 escam.
1826 3920 2074 3974 Nondum

507 4014 647 4068 enim
672 4012 941 4083 poteratis,
970 4012 1059 4066 sed
1083 4027 1175 4066 nec
1197 4011 1366 4065 adhuc
1393 4011 1602 4080 quidem
1643 4012 1874 4080 potestis,
1905 4011 2075 4066 adhuc

506 4103 644 4158 enim
667 4103 789 4158 estis
826 4101 1086 4156 carnales.

579 4195 836 4252 LXXXII.
890 4195 1130 4251 Primum
1179 4212 1309 4267 ergo
1351 4199 1497 4254 scire
1541 4198 1700 4252 debet
1740 4197 2079 4254 Christianus

507 4288 651 4358 quod
679 4288 792 4356 ipse
816 4285 1064 4343 Christus
1088 4287 1397 4354 cruciﬁxus,
1418 4303 1524 4357 quo
1545 4288 1688 4343 velut
1720 4288 1858 4344 lacte
1883 4304 2080 4358 parvu-

508 4378 590 4433 los
613 4377 814 4432 aluisse
850 4376 981 4432 dicit
1021 4377 1337 4448 Apostolus;
1369 4378 1497 4452 ipsa
1535 4393 1662 4434 vero
1689 4394 1816 4434 caro
1842 4379 1978 4448 ejus,
2024 4381 2078 4435 in

2097 3157 2144 3221 C

2168 570 2242 624 illi
2278 571 2520 626 carnales
2553 572 2710 627 aliter
2734 574 2788 627 in
2815 574 3024 642 populis
3053 584 3420 642 cognoverunt
3439 575 3742 647 Christum,

2165 670 2221 716 et
2252 662 2341 716 isti
2388 662 2548 717 aliter
2569 665 2624 718 in
2651 665 2942 731 cubiculis;
2975 666 3069 720 sed
3097 681 3126 719 a
3159 667 3317 722 modo
3349 669 3563 739 utrique
3615 689 3743 728 cum

2164 753 2340 822 palam
2368 753 2616 809 Christus
2655 757 3062 822 nominabatur,
3111 765 3166 812 et
3211 758 3500 816 audiebant
3549 779 3742 822 omnes

2167 861 2274 900 uno
2296 845 2455 901 modo
2483 847 2776 913 Christum,
2807 850 2900 904 sed
2928 865 3036 904 non
3072 866 3260 907 omnes
3287 869 3395 908 uno
3416 859 3576 912 modo
3621 876 3743 914 cre-

2165 935 2389 1000 debant;
2427 937 2521 991 sed
2571 937 2660 991 alii
2710 939 3024 1002 credebant,
3071 940 3163 994 alii
3211 941 3519 1009 despectum
3573 946 3741 1001 habe.

2164 1027 2294 1080 bant
2318 1027 2477 1082 talem
2503 1028 2669 1082 Deum
2693 1030 2935 1087 credere.
2958 1031 3049 1085 alii
3074 1032 3368 1088 irridebant
3392 1039 3552 1091 talem
3567 1039 3743 1094 Deum

2164 1131 2303 1171 esse.

2236 1205 2520 1262 LXXXIII.
2557 1207 2714 1262 Sicut
2738 1219 2792 1264 et
2825 1209 2983 1264 hodie
3007 1209 3264 1266 increduli
3291 1216 3486 1285 pagani
3508 1216 3746 1283 faciunt,

2165 1299 2289 1368 quia
2315 1299 2456 1354 Deus
2492 1298 2666 1354 factus
2692 1309 2775 1355 est
2811 1301 2992 1356 homo.
3033 1303 3150 1372 Ipsa
3186 1313 3267 1358 est
3297 1306 3576 1364 humilitas
3619 1327 3749 1379 qua:

2165 1387 2412 1456 displicet
2455 1389 2700 1458 paganis,
2748 1390 2890 1445 unde
2927 1392 3081 1447 nobis
3124 1393 3383 1450 insultant
3431 1398 3676 1455 dicentes
3728 1417 3747 1456 :

2164 1475 2389 1542 Qualem
2438 1477 2607 1532 Deum
2646 1478 2842 1545 colitis,
2875 1481 2967 1550 qui
3022 1489 3182 1537 natus
3226 1497 3293 1538 ex
3343 1487 3565 1544 muliere
3613 1493 3751 1547 est?

2165 1565 2385 1632 Qualem
2408 1566 2575 1621 Deum
2599 1567 2796 1634 colitis,
2820 1570 2912 1639 qui
2935 1571 3003 1626 ab
3032 1572 3342 1629 hominibus
3364 1582 3754 1648 comprehen-

2165 1672 2258 1714 sus
2284 1669 2387 1726 est,
2420 1669 2476 1716 et
2523 1661 2811 1718 cruciﬁxus
2845 1673 2960 1730 est,
2999 1671 3054 1719 et
3098 1675 3362 1732 mortuus,
3405 1679 3456 1725 et
3489 1674 3756 1742 sepultus

2165 1748 2281 1802 est?
2309 1748 2423 1804 Hoc
2446 1750 2577 1805 facit
2604 1752 2912 1807 scandalum
2949 1756 3188 1824 paganis,
3219 1756 3322 1812 hoc
3342 1756 3544 1815 ludatis.
3589 1763 3756 1828 Quia

2168 1839 2221 1894 in
2247 1842 2502 1912 sapientia
2526 1842 2624 1897 Dei
2661 1860 2764 1898 non
2791 1847 3022 1915 cognovit
3058 1849 3285 1903 mundus
3311 1867 3403 1920 per
3423 1853 3754 1922 sapientiam

2169 1927 2352 1993 Deum,
2383 1931 2581 2000 placuit
2616 1933 2728 1988 Deo
2757 1951 2849 2004 per
2891 1935 3166 1991 stultitiam
3193 1941 3578 2010 pradicationis
3626 1948 3754 1999 sal-

2167 2033 2254 2071 vos
2282 2018 2452 2087 facere
2476 2021 2755 2076 credentes.
2782 2022 2921 2089 Quid
2948 2033 3031 2079 est
3052 2027 3331 2095 sapientia,
3364 2029 3469 2084 nisi
3500 2032 3753 2089 Verbum

2166 2104 2376 2161 Patris?
2407 2107 2510 2162 nisi
2533 2109 2828 2165 Divinitas?
2851 2111 2954 2166 nisi
2983 2113 3158 2168 Deus?
3191 2115 3328 2182 Quid
3357 2127 3440 2172 est
3487 2120 3751 2184 stultitia,

2168 2195 2270 2250 nisi
2305 2211 2432 2252 caro
2454 2197 2622 2267 ipsius
2645 2200 2840 2256 Verbi?
2872 2203 2975 2257 nisi
3003 2204 3310 2260 humanitas
3335 2207 3504 2277 ipsius
3525 2209 3750 2264 Divini-

2169 2287 2314 2351 tatis,
2345 2288 2447 2343 nisi
2485 2290 2645 2344 homo
2679 2289 2927 2348 Christus
2976 2294 3044 2349 ab
3088 2294 3203 2362 ipsa
3253 2297 3510 2365 sapientia
3557 2315 3752 2356 susce-

2167 2377 2324 2447 ptus?
2349 2375 2454 2433 Sed
2481 2378 2705 2434 stultitia
2732 2381 2877 2435 dicta
2916 2390 3019 2447 est,
3045 2391 3105 2436 ut
3134 2398 3230 2452 per
3251 2384 3420 2454 ipsam
3451 2389 3750 2446 stultitiam

2169 2469 2388 2523 veniant
2415 2467 2483 2524 ad
2506 2470 3004 2540 sapientiam,quod
3030 2482 3113 2528 est
3139 2473 3420 2542 Divinitas,
3450 2478 3610 2534 Deus.
3631 2480 3753 2539 Sed

2167 2559 2466 2624 credentes,
2491 2561 2614 2629 quia
2653 2561 2855 2630 placuit
2879 2562 2989 2617 Deo
3024 2578 3119 2632 per
3154 2565 3436 2621 stultitiam
3481 2571 3754 2637 praedica-

2169 2649 2333 2709 tionis
2379 2650 2557 2706 salvos
2603 2651 2799 2707 facere.
2829 2652 2929 2719 Qui
2972 2661 3098 2708 sunt
3143 2657 3424 2714 credentes
3469 2660 3559 2728 qui
3605 2663 3752 2717 salvi

2170 2737 2337 2794 ﬁunt?
2368 2738 2470 2806 Qui
2492 2741 2717 2796 credunt
2745 2743 2888 2812 quod
2910 2743 3024 2813 ipse
3047 2753 3129 2799 est
3157 2760 3318 2801 verus
3345 2747 3438 2802 Dei
3465 2749 3635 2804 Filius
3687 2762 3754 2806 et

2171 2847 2331 2886 verus
2355 2832 2516 2898 Deus,
2563 2841 2618 2887 et
2662 2833 2776 2902 ipse
2820 2834 2967 2890 solus
2991 2843 3075 2890 est
3102 2836 3425 2904 adorandus,
3455 2857 3614 2910 quem
3637 2841 3752 2896 Ju-

2171 2925 2270 2980 daei
2313 2925 2852 2994 comprehenderunt,
2900 2935 2955 2981 et
2987 2927 3385 2994 crucitixerunt,
3421 2941 3475 2987 et
3521 2935 3753 2989 occide-

2172 3022 2317 3078 runt,
2346 3022 2402 3068 et
2441 3023 2684 3070 mortuus
2719 3023 2821 3070 est.
2855 3015 2990 3083 Quia
3031 3019 3363 3074 reconciliati
3398 3036 3584 3077 sumus
3627 3024 3756 3079 Deo

2173 3119 2270 3174 per
2297 3112 2526 3160 mortem
2568 3104 2693 3160 Filii
2714 3104 2850 3174 ejus,
2878 3115 2932 3160 et
2963 3122 3108 3162 nunc
3130 3107 3262 3162 salvi
3297 3110 3495 3165 erimus
3545 3112 3599 3165 in
3628 3114 3758 3166 vita

2174 3195 2363 3264 ipsius.
2393 3194 2461 3250 Et
2486 3195 2606 3251 ideo
2632 3195 2921 3265 gloriemur
2941 3196 2995 3250 in
3029 3197 3196 3253 Deum
3226 3213 3323 3268 per
3356 3199 3538 3256 Jesum
3584 3202 3759 3258 Chri—

2179 3293 2343 3351 stum,
2396 3301 2495 3356 per
2525 3301 2684 3354 quem
2723 3286 3207 3344 reconciliationem
3261 3291 3585 3360 accepimus.
3636 3294 3761 3349 Per

2175 3386 2403 3432 mortem
2447 3377 2567 3432 Filii
2609 3394 2793 3434 sumus
2820 3381 3172 3448 reconciliati,
3208 3390 3266 3438 et
3299 3391 3475 3438 tamen
3519 3386 3659 3440 nihil
3697 3389 3760 3440 in

2176 3466 2268 3521 illo
2303 3467 2448 3523 aliud
2484 3469 2657 3538 potuit
2683 3471 2820 3525 mori
2870 3471 2973 3526 nisi
3013 3471 3124 3527 sola
3157 3488 3304 3528 caro.
3333 3473 3399 3541 Et
3428 3474 3530 3528 hoc
3566 3476 3758 3532 solum

2176 3559 2232 3612 in
2289 3559 2379 3614 illo
2427 3560 2672 3616 viderunt
2717 3561 2907 3628 Judaei,
2956 3564 3099 3632 quod
3154 3565 3552 3630 cruciﬁxerunt,
3599 3572 3763 3637 quod

2175 3651 2505 3716 occiderunt,
2529 3653 2672 3722 quod
2691 3662 2960 3710 mortuum
2988 3665 3088 3710 est.
3107 3654 3211 3712 Sed
3231 3673 3354 3712 cum
3377 3673 3503 3713 caro
3530 3669 3760 3715 mortua

2175 3747 2258 3793 est
2280 3741 2412 3806 sola,
2445 3741 2540 3796 Dei
2566 3742 2733 3799 Filius
2761 3744 2908 3799 solus
2953 3754 3196 3801 mortuus
3219 3756 3321 3812 est,
3348 3749 3474 3818 quia
3505 3749 3659 3805 solus
3695 3754 3760 3807 in

2177 3829 2281 3885 hoc
2312 3833 2510 3889 mundo
2534 3833 2698 3900 venit,
2721 3841 2776 3889 et
2811 3834 3068 3892 adventus
3093 3836 3209 3905 ejus
3233 3838 3347 3907 ipsa
3383 3855 3510 3895 caro
3538 3851 3640 3896 est.
3687 3843 3762 3898 Et

2176 3915 2292 3986 ipsa
2320 3934 2448 3975 caro
2474 3921 2737 3976 exanimis
2751 3920 2966 3991 iacebat
2987 3933 3226 3991 mortua;
3252 3927 3345 3981 sed
3362 3929 3594 3982 Verbum
3613 3945 3760 3986 caro

2177 4004 2378 4062 factum
2405 4024 2512 4064 non
2551 4008 2726 4065 fuerat
2748 4020 3037 4079 mortuum,
3063 4014 3188 4082 quia
3212 4031 3334 4070 cum
3365 4032 3530 4071 carne
3571 4019 3760 4087 ipsum

2180 4096 2414 4152 Verbum
2451 4099 2759 4156 immortale
2798 4109 2852 4156 et
2891 4103 3242 4172 inseparabile
3287 4115 3406 4159 erat
3439 4108 3588 4161 carni
3633 4126 3763 4164 sua!

2177 4183 2232 4237 in
2259 4185 2524 4255 sepulcro,
2557 4187 2698 4244 sicut
2727 4197 2784 4243 et
2809 4189 3042 4245 Verbum
3069 4206 3197 4246 caro
3231 4191 3430 4248 factum
3471 4195 3524 4248 in
3569 4202 3758 4251 utero.

2177 4273 2245 4329 Et
2266 4275 2414 4330 Patri
2449 4291 2661 4347 semper
2697 4279 2916 4347 aequalis
2955 4281 3277 4350 permansit,
3323 4298 3446 4336 cum
3472 4283 3525 4338 in
3567 4287 3766 4353 sepul—

2177 4385 2271 4426 cro
2293 4387 2453 4427 carne
2474 4381 2719 4429 mortuus
2732 4373 2922 4443 iacuit,
2943 4383 2997 4430 et
3034 4375 3088 4430 in
3112 4376 3292 4431 anima
3315 4377 3379 4430 ad
3413 4377 3618 4431 inferna
3659 4381 3765 4433 de-

507 4484 612 4539 qua
637 4467 777 4524 facta
823 4476 908 4523 est
951 4484 1076 4524 vera
1112 4484 1256 4524 mors
1282 4466 1416 4536 ejus,
1449 4478 1503 4525 et
1528 4470 1750 4526 vulnera
1775 4471 1992 4539 conﬁxi,
2023 4481 2078 4526 et
2105 4493 2158 4556 ι)
2181 4463 2405 4518 scendit
2435 4464 2539 4519 Ρθι·
2560 4479 2781 4520 carnem
2811 4465 2973 4528 νεηίι»
3001 4473 3056 4520 el
3086 4465 3199 4535 ipsa
3219 4467 3304 4520 Via
3329 4465 3444 4534 eius
3467 4481 3593 4520 οπο
3629 4478 3762 4533 68‘;

507 4560 725 4629 sanguis
747 4561 1008 4629 percussi,
1060 4576 1166 4615 non
1193 4575 1259 4615 eo
1286 4560 1444 4618 modo
1465 4578 1497 4616 a
1537 4563 1844 4619 carnalibus
1893 4579 1999 4634 quo
2047 4581 2077 4619 a

508 4649 876 4719 spiritualibus
917 4652 1239 4721 cogitantur.
1273 4652 1589 4709 Carnalibus
1625 4655 1791 4720 enim,
1839 4664 1900 4710 ut
1937 4655 2080 4711 dixi-

508 4755 646 4802 mus,
669 4739 749 4793 lac
768 4747 872 4805 est,
902 4741 1270 4810 spiritualibus
1293 4742 1466 4797 cibus.
1497 4742 1635 4810 Quia
1661 4744 1764 4799 etsi
1791 4745 2082 4814 spirituali-

507 4829 607 4882 bus
652 4827 855 4901 [Forte,
889 4829 1215 4903 spirituales]
1251 4847 1358 4886 non
1401 4831 1624 4888 audiunt
1653 4832 1880 4902 amplius
1917 4849 2082 4904 quam

509 4919 530 4993 ξ
536 4917 714 4985 Forte,
762 4936 922 4991 quam
961 4922 1076 4994 qui]
1113 4924 1471 4978 communiter
1514 4924 1739 4979 audiunt
1783 4924 2078 4993 Christum,

505 5008 812 5081 intelligunt
842 5011 1072 5083 amplius
1099 5012 1164 5067 de
1191 5011 1429 5069 Christo.
1453 5011 1570 5067 Non
1597 5013 1877 5083 aequaliter
1903 5023 2082 5072 mente

506 5098 800 5169 percipitur
846 5099 1008 5154 etiam
1064 5101 1208 5171 quod
1253 5100 1306 5155 in
1349 5099 1452 5155 ﬁde
1484 5101 1692 5170 pariter
1727 5103 1797 5158 ab
1837 5103 2082 5173 utrisque

506 5187 819 5257 percipitur.
848 5187 926 5242 Ita
951 5188 1012 5243 ﬁt
1033 5198 1092 5244 ut
1117 5190 1440 5260 praedicatus
1461 5193 1529 5248 ab
1556 5191 1810 5263 apostolis
1829 5192 2078 5250 Christus

508 5276 893 5342 cruciﬁxus,et
917 5277 1118 5334 ludatis
1147 5295 1267 5336 esse
1291 5279 1479 5353 [esset]
1504 5282 1837 5349 scandalum,
1873 5291 1926 5338 et
1953 5297 2082 5354 gen-

509 5366 654 5423 tibus
677 5367 961 5422 stultitiam
988 5368 1261 5442 [stultitia]
1297 5389 1309 5425 :
1361 5378 1416 5426 et
1457 5371 1592 5442 ipsis
1636 5372 1840 5428 vocatis
1883 5371 2082 5430 ludatis

508 5463 565 5510 et
595 5455 816 5521 Graecis,
846 5457 942 5511 Dei
965 5458 1139 5513 virtus
1163 5467 1218 5514 et
1245 5461 1338 5515 Dei
1369 5461 1653 5532 sapientia.
1697 5461 1804 5518 Sed
1846 5461 2082 5518 carnali-

509 5549 612 5603 bus
628 5548 866 5616 parvulis
887 5549 941 5603 id
968 5557 1178 5605 tantum
1201 5551 1465 5608 credendo
1495 5551 1830 5621 perientibus
1875 5550 2080 5624 [Forte,

513 5637 956 5708 aperientibus],
997 5640 1368 5708 spiritualibus
1393 5650 1575 5697 autem
1621 5644 1994 5714 capacioribus
2032 5645 2082 5699 id

513 5728 681 5785 etiam
725 5727 1062 5793 intelligendo
1112 5730 1430 5787 videntibus.
1469 5733 1578 5788 Illis
1625 5737 1798 5792 etiam
1829 5745 2082 5808 tanquam

2179 4563 2235 4609 et
2265 4555 2377 4625 ipse
2413 4555 2676 4610 adventus
2701 4553 2816 4623 eius
2849 4555 3010 4610 homo
3039 4563 3139 4619 est,
3178 4571 3278 4625 pro
3310 4571 3415 4625 quo
3439 4565 3492 4610 et
3532 4556 3764 4612 labora.

2179 4645 2258 4699 vit
2286 4659 2352 4700 ex
2376 4645 2570 4702 itinere
2591 4659 2610 4700 .:
2640 4645 2782 4699 Deus
2805 4652 2985 4698 autem
3021 4645 3394 4714 sempiternus,
3442 4645 3493 4699 id
3522 4653 3628 4710 est,
3676 4649 3765 4701 di.

2180 4736 2377 4792 vinitas
2406 4736 2576 4806 ipsius
2604 4735 2864 4798 hominis,
2913 4733 3004 4803 qui
3028 4734 3228 4789 creavit
3265 4734 3522 4788 terminos
3562 4745 3763 4796 terrae.

2181 4843 2290 4884 non
2318 4827 2530 4884 deﬁciet
2553 4867 2568 4891 ,
2593 4841 2772 4895 neque
2812 4825 3077 4881 laborabit
3103 4865 3119 4891 ,
3147 4840 3247 4880 nec
3293 4834 3377 4880 est
3407 4826 3770 4896 investigatio

2183 4920 2305 4975 vita:
2355 4917 2488 4986 ejus.
2533 4917 2784 4972 Attamen
2821 4925 2970 4971 tanta
2998 4917 3204 4974 unitate
3235 4930 3476 4986 personae
3501 4956 3517 4979 ,
3547 4925 3606 4970 ut
3637 4920 3770 4974 sine

2181 5009 2517 5066 dubitatione
2541 5015 2596 5064 et
2618 5008 2782 5062 homo
2810 5007 2904 5077 qui
2938 5015 3183 5063 mortuus
3206 5012 3288 5062 est
3317 5046 3333 5072 ,
3372 5007 3631 5062 credatur
3662 5009 3769 5065 Dei

2181 5101 2352 5157 Filius
2403 5102 2545 5157 Deus
2577 5115 2758 5164 verus,
2795 5109 2851 5155 et
2878 5115 3041 5156 verus
3087 5101 3250 5165 Deus,
3297 5101 3532 5155 Verbum
3571 5099 3772 5158 Patris

2180 5190 2351 5246 Filius
2392 5193 2644 5248 credatur
2673 5191 2835 5246 homo
2863 5205 3040 5251 verus,
3071 5189 3163 5258 qui
3212 5190 3312 5245 sub
3344 5188 3533 5244 Pontio
3573 5189 3774 5247 Pilato

2181 5283 2492 5348 cruciﬁxus,
2529 5283 2632 5338 hoc
2657 5282 2830 5352 ipsum
2861 5281 3026 5336 Paulo
3053 5279 3294 5349 apostolo
3319 5288 3636 5345 attestante,
3665 5285 3772 5351 qui

2183 5375 2258 5429 ait
2289 5389 2304 5428 :
2334 5373 2393 5428 Si
2416 5373 2552 5427 enim
2576 5371 2942 5441 cognovissent,
2972 5387 3235 5442 nunquam
3260 5370 3539 5424 Dominum
3564 5370 3777 5440 gloria:

2182 5462 2578 5532 cruciﬁxissent.
2609 5459 2678 5514 Et
2707 5468 2885 5514 tamen
2927 5459 3031 5514 hoc
3078 5460 3221 5530 quod
3267 5462 3572 5530 despectum
3599 5461 3667 5516 in
3702 5479 3777 5521 α)

2183 5552 2451 5616 viderunt,
2489 5547 2888 5614 cruciﬁxerunt,
2911 5565 3019 5610 non
3043 5549 3146 5605 hoc
3171 5548 3312 5618 quod
3343 5550 3598 5605 Dominus
3641 5553 3778 5622 glo-

2186 5645 2280 5698 ria:
2306 5651 2411 5698 est.
2435 5641 2570 5696 Nam
2593 5641 2734 5712 quod
2758 5641 2919 5697 homo
2941 5641 3137 5696 dicitur
3172 5640 3343 5696 Filius
3372 5642 3465 5697 Dei
3499 5657 3678 5700 vcms
3716 5655 3778 5703 es

2187 5735 2326 5810 Deus
2361 5746 2539 5795 verus,
2579 5731 2691 5799 ipse
2724 5730 2982 5788 Dominus
3011 5730 3076 5787 de
3096 5744 3151 5785 se
3179 5729 3306 5787 dicit
3334 5749 3348 5786 :
3380 5731 3545 5787 Nemo
3569 5749 3764 5791 ascen-
