3988 6174
278 254 383 313 9ῗ5

932 242 1216 314 unum
1254 254 1344 314 ET
1384 258 1444 315 s.
1482 258 1685 315 ΒΕΑ-η
1722 258 1815 314 AD
1852 260 1876 315 ι

1979 258 2258 318 ΡΔΝΒΗΜ
2298 260 2519 318 EPIST.
2558 292 2628 304 ——
2662 262 2789 318 Lib.
2829 256 2895 315 l."

3418 266 3528 324 ωδ

274 378 352 431 dit
379 376 433 430 in
460 373 665 440 calum,
699 374 798 429 nisi
818 373 910 445 qui
932 374 1194 430 descendit
1216 374 1281 430 de
1305 373 1452 441 calo,
1482 373 1656 431 Filius
1675 376 1846 430 Itami-
1871 378 1922 440 Α
1948 392 2096 431 num.
2118 376 2252 432 Nam
2277 376 2596 448 inaequalem
2619 375 2769 432 Patri
2792 389 2912 432 esse
2927 376 3118 432 Filium
3138 377 3252 433 Arii
3270 378 3401 435 ﬁdes
3420 393 3522 437 est.

275 468 373 529 nis,
398 465 489 537 qui
508 471 585 519 est
610 465 667 518 in
694 462 841 519 mlo.
874 463 940 518 Et
968 472 1145 519 tamen
1172 460 1319 518 illum
1342 464 1615 521 hominem
1637 505 1653 530 ,
1687 480 1849 536 quem

275 556 419 611 Deus
452 554 688 611 Verbum
727 554 876 610 solus
912 563 1282 624 assumpserat
1303 595 1318 619 ,
1362 570 1470 610 non
1510 570 1636 610 eum
1676 554 1853 627 adhuc

277 647 331 701 in
367 645 506 701 caelo
531 645 901 713 imposuerat,
940 643 1080 699 sicut
1115 658 1215 699 nec
1241 643 1309 700 de
1346 644 1485 700 caelo
1513 659 1637 699 eum
1667 658 1851 700 secum

275 735 605 799 adduxerat;
655 733 795 788 sicut
830 742 885 788 et
911 732 980 788 de
1004 732 1098 788 illo
1122 732 1318 801 legitur
1355 750 1369 786 :
1400 729 1578 786 Filius
1627 731 1854 787 hominis

275 823 545 881 descendit
571 823 636 878 de
661 823 807 889 caelo,
859 831 915 878 et
963 822 1130 878 Filius
1184 822 1280 877 Dei
1332 820 1624 878 cruciﬁxus
1669 828 1754 875 est
1800 819 1856 874 in

275 925 446 971 terra.
489 912 596 968 Sed
641 913 746 968 hoc
791 919 965 967 totum
994 927 1182 968 verum
1208 918 1331 977 est,
1358 910 1483 981 quia
1515 925 1581 965 ex
1627 918 1859 978 utroque

277 1021 424 1061 unus
448 1003 700 1059 Christus
726 1001 895 1057 Filius
926 1002 1022 1057 Dei
1044 1010 1127 1057 est
1159 1019 1172 1055 :
1197 999 1323 1071 quia
1348 1001 1463 1069 ipse
1489 998 1767 1054 descendit
1793 999 1860 1053 de

275 1095 440 1160 cmlo,
476 1103 532 1149 et
559 1093 674 1163 ipse
709 1100 794 1147 est
829 1090 999 1147 Filius
1025 1090 1161 1156 Dei,
1194 1090 1285 1161 qui
1314 1092 1416 1145 sub
1464 1088 1655 1145 Pontio
1683 1087 1859 1143 Pilato

278 1184 571 1241 cruciﬁxus
616 1191 701 1239 est
736 1183 793 1238 in
821 1190 987 1238 terra.
1015 1179 1149 1236 Nam
1180 1188 1236 1236 et
1268 1178 1513 1235 diabolus
1536 1218 1552 1243 ,
1584 1193 1709 1233 cum
1736 1193 1861 1231 eum

277 1283 557 1341 tentaret,
609 1275 780 1330 dixit:
814 1272 875 1330 Si
903 1272 950 1326 F
953 1273 1077 1327 ilius
1101 1272 1199 1326 Dei
1231 1288 1327 1337 es,|
1347 1271 1431 1325 dic
1456 1281 1511 1325 ut
1542 1269 1739 1339 lapides
1773 1269 1862 1324 isti

279 1383 444 1437 panes
466 1366 619 1434 ﬁant.
646 1365 715 1420 Et
743 1365 847 1419 alio
868 1364 987 1419 loco
1016 1363 1152 1417 dixit
1181 1362 1422 1419 :Scimus
1445 1362 1569 1431 quia
1594 1362 1666 1415 sis
1688 1358 1862 1414 Filius

281 1454 405 1519 Dei,
443 1457 533 1524 qui
564 1455 745 1509 venisti
768 1462 888 1508 ante
915 1462 1114 1523 tempus
1141 1461 1379 1522 torquere
1402 1467 1516 1504 nos.

357 1544 637 1599 LXXXIV.
679 1543 948 1613 Antiquus
984 1542 1168 1610 itaque
1213 1540 1387 1595 hostis
1440 1539 1863 1609 Redemptorem

1949 463 2118 532 Quem
2149 464 2313 536 Virgo
2351 465 2561 535 peperit
2604 480 2709 521 non
2736 479 2858 520 esse
2883 465 3075 521 Filium
3107 467 3242 533 Dei,
3280 469 3525 539 Elipandi

1949 556 2084 611 ﬁdes
2125 564 2228 612 est.
2264 556 2522 613 Veritatis
2540 572 2758 613 carnem
2784 574 2891 613 non
2928 574 3048 614 csse
3079 575 3264 615 veram
3288 576 3526 626 carnem,

1950 647 2367 705 Manichaeorum
2385 647 2521 706 ﬁdes
2546 656 2649 705 est.
2678 649 2784 705 Sed
2810 650 2935 720 quia
2959 651 3065 706 hoc
3090 659 3259 707 totum
3293 654 3426 709 nihil
3448 663 3531 710 est

1948 739 2186 802 bonum,
2219 737 2346 807 quia
2380 739 2485 793 hoc
2510 753 2618 794 non
2645 745 2730 793 est
2762 737 3039 805 Christus,
3072 738 3129 794 in
3165 748 3398 811 utroque
3437 741 3508 797 fal

1952 827 2156 895 luntur,
2171 844 2270 885 nec
2288 829 2612 885 dantveram
2623 830 2847 900 gloriam
2868 830 3104 898 Christo,
3127 833 3375 903 quamvis
3394 836 3533 904 apud

1953 932 2049 974 eos
2075 933 2197 975 esse
2219 919 2463 975 videatur
2492 934 2615 975 cum
2639 919 2796 977 laude
2824 922 2964 977 bona
3003 920 3148 978 fama
3173 924 3240 979 de
3260 923 3499 980 Christo.

2026 1007 2310 1065 LXXXVI.
2344 1010 2413 1064 Et
2444 1025 2633 1066 omnes
2660 1010 2819 1081 plane
2843 1012 3105 1077 haeretici,
3135 1029 3273 1084 quos
3301 1030 3537 1071 comme-

1957 1113 2171 1153 morare
2193 1098 2357 1154 nimis
2382 1099 2600 1171 longum
2629 1108 2731 1165 est,
2768 1101 2860 1170 qui
2902 1101 2968 1157 de
2998 1102 3217 1158 Christo
3252 1119 3359 1158 non
3390 1113 3538 1160 recte

1960 1188 2220 1255 sentiunt,
2276 1189 2395 1245 ideo
2437 1198 2625 1245 errant
2671 1190 2800 1260 quia
2843 1206 2967 1246 eum
3016 1207 3123 1247 non
3156 1192 3376 1249 laudant
3417 1208 3535 1259 ore,

1962 1296 2086 1335 cum
2110 1279 2179 1336 de
2205 1281 2370 1336 corde
2405 1295 2533 1336 vera
2578 1296 2687 1336 non
2733 1282 2991 1337 sentiunt.
3025 1282 3131 1338 Sed
3157 1299 3283 1340 cum
3323 1298 3417 1339 eos
3445 1299 3538 1339 ca-

1963 1370 2197 1427 tholicus
2222 1372 2657 1441 reprehenderit,
2688 1373 2814 1427 victi
2841 1388 2900 1428 se
2936 1373 3160 1429 reddere
3189 1374 3377 1430 nolunt
3394 1416 3408 1439 ,
3442 1376 3538 1430 sed

1964 1461 2104 1517 unde
2129 1461 2484 1527 convincant,
2526 1477 2723 1517 novum
2761 1463 2952 1533 dogma
2977 1464 3300 1533 excogitant.
3349 1464 3442 1519 Sic
3464 1463 3540 1518 fe-

1965 1565 2156 1610 cerunt
2182 1554 2342 1610 Arius
2365 1596 2379 1619 ,
2411 1555 2496 1610 vel
2531 1554 2713 1610 ueteri
2740 1554 2835 1624 qui
2874 1554 3017 1610 aliud
3060 1563 3388 1625 putaverunt
3420 1571 3541 1612 esse

282 1635 506 1690 humani
527 1631 1319 1724 ϐθηθνίδνθθυωίάθδθυποτὲω
1343 1644 1499 1685 suum
1524 1629 1580 1683 ίῐι
1600 1627 1861 1724 mund“?
1892 1663 1940 1724 Β
1965 1658 2129 1713 quam
2158 1652 2277 1700 erat
2305 1645 2556 1700 Christus
2577 1643 2745 1699 Filius
2761 1644 2876 1700 Dei.
2906 1644 3041 1699 Nam
3069 1646 3209 1700 sicut
3237 1661 3337 1700 nos
3355 1660 3545 1699 sumus

280 1724 499 1780 venisse
527 1723 807 1793 cognovit;
836 1723 928 1793 qui
969 1731 1152 1778 tamen
1183 1722 1497 1791 priusquam
1531 1735 1657 1776 eum
1692 1719 1865 1791 passi-

282 1816 451 1871 bilem
479 1815 707 1881 videret,
733 1830 853 1871 cum
881 1811 1245 1887 [Forte,eum]
1288 1826 1445 1882 posse
1467 1810 1717 1867 mortalia
1753 1811 1867 1881 pati

283 1904 451 1976 quem
480 1906 751 1961 hominem
792 1905 1026 1970 videbat,
1055 1917 1215 1959 omne
1259 1901 1404 1971 quod
1433 1901 1499 1956 de
1526 1898 1645 1970 ejus
1666 1899 1864 1955 divini-

282 2008 402 2054 tate
420 1998 665 2064 credidit,
693 1997 926 2054 elatione
949 2011 1061 2051 sua:
1081 1995 1345 2067 superbiae
1364 1993 1420 2048 in
1447 1992 1671 2048 dubium
1695 1991 1862 2047 venit.

284 2090 436 2146 Nihil
476 2090 672 2161 quippe
701 2088 902 2145 humile
925 2087 1171 2157 sapiens,
1221 2086 1326 2141 nisi
1359 2092 1566 2140 tantum
1604 2084 1748 2154 quod
1772 2099 1863 2139 su-

282 2182 515 2251 perbum
536 2187 672 2245 erat,
704 2180 831 2235 dum
860 2179 1131 2233 hominem
1153 2192 1274 2232 esse
1294 2175 1546 2231 humilem
1568 2175 1863 2244 conspicit,

284 2271 462 2327 Deum
505 2284 625 2326 esse
664 2269 948 2325 dubitavit.
997 2267 1151 2324 Unde
1196 2268 1265 2323 ad
1302 2267 1659 2323 tentationum
1707 2281 1869 2335 argu-

286 2368 477 2415 menta
502 2374 560 2414 se
583 2360 848 2415 convertit
874 2400 887 2422 ,
914 2359 1099 2414 dicens
1130 2373 1145 2413 :
1184 2356 1243 2413 Si
1271 2356 1444 2411 Filius
1470 2355 1567 2410 Dei
1591 2373 1663 2421 es,
1703 2355 1789 2435 dic
1814 2364 1870 2410 ut

287 2451 496 2522 lapides
519 2453 604 2505 isti
640 2468 798 2522 panes
830 2451 981 2520 ﬁant.
1022 2450 1157 2518 Quia
1184 2451 1343 2521 igitur
1374 2448 1685 2521 passibilem
1714 2447 1866 2514 vidit,

288 2558 405 2597 non
444 2542 613 2597 Deum
650 2549 856 2606 natum,
888 2541 982 2598 sed
1018 2540 1110 2596 Dei
1149 2542 1323 2613 gratia
1349 2539 1676 2597 custoditum
1703 2539 1873 2596 credi-

289 2633 396 2689 dit.
433 2632 571 2700 Quid
593 2633 657 2687 de
686 2632 992 2688 horninibus
1013 2632 1190 2687 dicere
1211 2647 1514 2702 possumus,
1548 2637 1748 2701 quanta
1772 2630 1873 2684 hu-

289 2725 526 2779 militate
558 2723 745 2777 habuit
770 2722 937 2778 Filius
958 2723 1086 2778 Dei?
1112 2738 1234 2777 cum
1262 2730 1317 2778 et
1345 2722 1458 2791 ipse
1487 2720 1750 2785 diabolus,
1777 2718 1871 2790 qui

291 2828 490 2868 omnes
520 2814 759 2867 tentabat
784 2812 851 2866 ad
896 2812 1254 2882 peccandum,
1293 2819 1349 2866 et
1376 2809 1578 2879 aliquid
1617 2824 1774 2865 suum
1817 2808 1872 2863 in

294 2902 411 2957 illis
444 2902 831 2972 cognoscebat,
867 2911 923 2956 et
957 2901 1012 2955 in
1036 2900 1276 2966 Christo,
1304 2900 1397 2954 ubi
1434 2898 1569 2954 nihil
1595 2913 1751 2954 suum
1777 2912 1872 2953 co-

1964 1734 2061 1789 ﬁlii
2084 1750 2308 1799 eorum,
2355 1734 2448 1805 qui
2480 1735 2561 1790 sic
2597 1734 2867 1789 credimus
2896 1736 2950 1789 in
2989 1734 3230 1790 Ecclesia
3279 1735 3542 1789 catholica

1964 1835 2025 1881 ut
2044 1826 2123 1881 illi
2146 1826 2490 1882 crediderunt
2535 1825 2808 1881 Christum
2827 1865 2843 1892 ,
2869 1826 2951 1881 sic
2982 1842 3125 1882 nunc
3155 1835 3283 1881 sunt
3310 1826 3406 1881 ﬁlii
3436 1827 3545 1881 hae-

1966 1916 2278 1981 reticorum,
2305 1916 2395 1986 qui
2419 1923 2580 1986 negat
2603 1916 2871 1971 hominem
2896 1915 3066 1971 Deum
3099 1930 3220 1972 esse
3244 1915 3543 1972 Christum.

1966 2013 2115 2071 Nova
2160 2014 2462 2085 proferunt,
2512 2014 2637 2086 quia
2690 2015 2964 2084 sapientes
3013 2013 3186 2070 videri
3230 2012 3437 2069 volunt.
3472 2012 3548 2068 De

1966 2105 2099 2174 ipsis
2118 2105 2377 2173 propheta
2402 2104 2533 2160 dicit
2558 2118 2573 2158 :
2603 2102 2676 2157 lli
2704 2114 2827 2159 sunt
2853 2102 2972 2172 ﬁlii,
3001 2103 3135 2159 sicut
3158 2100 3372 2157 novella:
3394 2100 3547 2173 ptan—

1965 2196 2226 2250 tatiouum
2252 2195 2309 2248 in
2343 2194 2616 2265 juventute
2652 2211 2771 2249 sua.
2820 2194 3092 2249 Plantatio
3114 2209 3303 2249 eorum
3330 2208 3436 2248 non
3463 2202 3549 2248 est

1967 2292 2139 2349 vetus,
2185 2285 2281 2340 sed
2306 2284 2512 2340 novella
2538 2294 2642 2340 est.
2671 2282 2787 2340 Non
2814 2284 2957 2340 enim
2982 2285 3049 2340 de
3068 2284 3235 2340 veteri
3264 2284 3402 2354 lege,
3442 2299 3547 2337 non

1969 2383 2052 2431 est
2080 2375 2146 2431 de
2172 2375 2450 2446 prophetis
2468 2416 2483 2439 ,
2513 2391 2619 2432 non
2654 2382 2740 2431 est
2763 2375 2832 2430 de
2859 2374 3136 2445 apostolis,
3181 2373 3275 2430 sed
3299 2373 3367 2429 de
3395 2373 3551 2428 novis

1971 2467 2244 2536 magistris
2268 2474 2371 2522 est.
2417 2465 2551 2522 Novi
2580 2474 2744 2532 sunt,
2793 2466 2925 2535 quia
2957 2481 3096 2522 nova
3140 2472 3198 2521 et
3241 2478 3456 2535 semper
3481 2462 3551 2518 de

1971 2557 2187 2614 Christo
2206 2556 2534 2628 excogitant.
2573 2555 2800 2626 Semper
2823 2554 3052 2624 juvenes
3071 2564 3217 2611 sunt.
3242 2555 3394 2610 Licet
3415 2554 3551 2609 mul-

1973 2656 2043 2707 ta:
2066 2648 2175 2702 sint
2206 2647 2439 2702 haereses
2460 2686 2477 2711 ,
2507 2653 2686 2701 tamen
2717 2646 2957 2718 quotidie
2989 2653 3300 2712 mutantur,
3327 2653 3383 2700 et
3413 2660 3550 2699 nova

1973 2735 2213 2807 quotidie
2240 2735 2537 2792 inveniunt.
2564 2735 2840 2791 Noverunt
2868 2736 2998 2806 ipsa:
3020 2736 3275 2798 haereses,
3302 2733 3430 2788 licet
3458 2747 3549 2785 vc~

1972 2833 2122 2882 teres
2146 2826 2285 2893 sint,
2316 2834 2496 2881 tamen
2524 2842 2645 2899 cum
2667 2826 2907 2897 quotidie
2946 2825 3244 2881 doctrinam
3288 2839 3440 2879 suam
3469 2823 3551 2878 in-

1974 2926 2196 2984 novant,
2239 2918 2363 2974 novi
2390 2927 2534 2975 sunt.
2568 2919 2702 2974 Novi
2748 2919 2892 2974 enim
2935 2926 3179 2973 veterum
3216 2924 3341 2972 sunt
3385 2914 3553 2986 magi-

295 2992 505 3064 gnovit,
546 3007 665 3046 cum
697 2991 900 3045 diceret
928 3005 944 3044 :
978 2985 1185 3045 scimus
1211 2991 1348 3044 enim
1371 2991 1496 3061 quia
1522 2989 1595 3043 sis
1620 2997 1834 3102 sanftus
1851 3004 1873 3056 ;
1899 3037 1949 3102 ϐ
1979 3015 2215 3064 “mrum
2265 3023 2498 3075 emes,
2527 3008 2622 3064 sed
2647 3009 2885 3078 quotidie
2923 3009 3025 3078 ipsi
3071 3023 3208 3063 nom
3237 3008 3515 3064 inveniam
3536 3049 3552 3074 ,

306 3092 353 3102 Α.
389 3098 496 3102 ---μ
530 3082 573 3102 n
598 3098 694 3102 ,_-_-
742 3096 851 3102 μ---
893 3080 1145 3102 γι--ιξ.---ξι
1204 3080 1267 3102 Β.
1292 3081 1393 3102 Ἢ...Δ
1419 3080 1693 3102 1.--...ΞΙΞΑΑ-
1740 3079 1852 3102 ..-2-
2146 3100 2184 3102 ._
2256 3099 2266 3102 _
2337 3099 2346 3102 -
2565 3098 2582 3102 _
2646 3099 2656 3102 _
2754 3098 2796 3102 _._
2937 3098 2948 3102 _
2990 3098 3000 3102 _
3271 3097 3285 3102 _
3443 3097 3455 3102 -

295 3092 358 3139 et
379 3098 502 3137 eum
530 3082 697 3136 Deum
737 3096 856 3137 esse
886 3080 1166 3137 dubitavit.
1204 3080 1271 3135 Et
1292 3081 1397 3136 hoc
1419 3080 1696 3135 humilitas
1720 3077 1876 3134 facie-

1979 3101 2121 3172 quod
2144 3099 2384 3155 Ecclesia
2420 3114 2528 3154 non
2556 3077 2705 3155 facit.
2751 3077 3004 3154 Hzeretici
3035 3112 3165 3152 vero
3185 3105 3242 3150 et
3271 3097 3554 3152 haereticos

295 3174 419 3237 bat,
447 3171 501 3226 id
534 3180 636 3237 est,
680 3171 990 3227 humanitas
1035 3186 1194 3240 quam
1239 3177 1623 3240 assumpserat.
1653 3170 1722 3224 Et
1758 3169 1877 3239 ipsa

298 3263 615 3322 humanitas
658 3278 845 3318 omnes
871 3263 1131 3332 superbos
1155 3270 1210 3317 et
1246 3262 1418 3318 elatos
1459 3261 1874 3328 scandalizabat,

298 3357 446 3412 sicut
470 3363 527 3409 et
548 3353 704 3409 hodie
724 3353 1072 3409 scandalizat.
1097 3352 1231 3407 Nam
1261 3369 1382 3409 cum
1415 3369 1557 3409 nunc
1575 3369 1763 3409 omnes
1785 3369 1880 3407 au-

301 3451 461 3505 diunt
486 3447 758 3503 Christum
776 3487 791 3512 ,
820 3461 925 3500 non
950 3461 1141 3501 omnes
1165 3462 1271 3501 uno
1297 3447 1454 3502 modo
1476 3446 1694 3516 capiunt
1719 3444 1879 3500 Chri-

302 3547 475 3594 stum.
493 3538 627 3592 Nam
652 3537 696 3594 si
727 3552 918 3592 omnes
937 3537 1236 3608 interroges
1256 3536 1594 3593 Christianos
1618 3545 1672 3592 et
1697 3537 1880 3592 dicas:

301 3628 545 3683 Creditis
585 3626 896 3683 Christum?
938 3642 1127 3682 omnes
1176 3642 1284 3681 uno
1333 3642 1429 3682 ore
1462 3627 1882 3697 respondebunt,

303 3728 426 3773 tam
452 3719 698 3775 catholici
731 3734 893 3789 quam
930 3717 1168 3774 hmretici
1186 3758 1201 3784 ,
1228 3725 1343 3773 tam
1374 3717 1503 3773 boni
1534 3733 1695 3787 quam
1722 3717 1849 3772 mali
1867 3756 1883 3782 ,

306 3818 372 3866 et
398 3811 601 3877 dicent,
631 3810 933 3867 Credimus.
965 3811 1034 3865 Et
1073 3810 1178 3866 hoc
1202 3817 1412 3865 tantum
1438 3824 1533 3865 ore
1566 3809 1889 3879 proﬁtentur

307 3901 573 3968 haeretici,
597 3902 692 3958 sed
730 3903 785 3957 in
821 3900 984 3957 corde
1010 3901 1155 3957 aliud
1189 3900 1534 3970 suspicantur
1570 3913 1692 3955 esse
1726 3898 1856 3955 Chri

304 4001 458 4049 stum
484 3994 624 4063 quod
644 4006 753 4047 non
772 4000 856 4047 est
880 3990 1148 4047 Christus.
1170 3991 1238 4047 Et
1263 3999 1444 4046 tamen
1470 3991 1525 4045 in
1549 3999 1662 4046 toto
1685 3991 1888 4047 mundo

302 4088 457 4141 bona
486 4083 625 4138 fama
661 4091 877 4140 resonat
899 4083 1131 4148 Christi,
1161 4084 1285 4154 quia
1315 4083 1515 4152 ubique
1540 4092 1624 4139 est
1649 4082 1891 4139 Ecclesia

301 4174 542 4239 Christi,
574 4191 692 4245 qua:
730 4174 859 4246 legit
905 4175 1240 4246 Scripturam
1275 4175 1340 4231 de
1367 4174 1581 4231 Christo
1618 4182 1674 4231 et
1709 4174 1894 4230 laudat

305 4264 614 4320 Christum.
646 4263 715 4317 Et
751 4279 873 4319 cum
902 4279 1090 4319 omnes
1126 4264 1340 4319 laudem
1367 4271 1424 4320 et
1453 4266 1594 4321 bona
1620 4279 1678 4320 se
1702 4271 1893 4335 putent

1978 3190 2294 3265 [hmreticis]
2333 3191 2645 3253 detrahunt,
2674 3204 2903 3260 quorum
2937 3188 3030 3242 ﬁlii
3067 3194 3193 3241 sunt
3225 3202 3324 3256 per
3352 3187 3554 3242 doctri-

1976 3295 2101 3335 nam
2131 3286 2185 3334 et
2227 3278 2383 3334 ﬁdem
2405 3319 2421 3344 ,
2475 3286 2532 3333 et
2578 3279 2814 3347 ipsorum
2843 3278 3005 3331 verba
3038 3275 3465 3345 reprehendunt;
3503 3283 3557 3330 et

1976 3375 2158 3429 tamen
2193 3371 2249 3426 in
2276 3370 2446 3426 altero
2471 3385 2630 3426 sensu
2657 3370 2771 3439 ipsa
2801 3369 3018 3433 dicunt,
3046 3369 3170 3438 quia
3198 3368 3350 3423 novis
3371 3368 3554 3424 verbis

1979 3464 2115 3520 nihil
2141 3463 2285 3518 aliud
2322 3478 2485 3532 quam
2534 3460 2648 3531 ipsa
2677 3468 2837 3525 sunt,
2885 3467 2943 3515 et
2985 3474 3198 3529 semper
3228 3466 3471 3524 mutant,
3498 3465 3555 3513 et

1980 3555 2148 3611 multa
2174 3562 2318 3609 sunt.
2348 3552 2604 3608 Ecclesia:
2638 3560 2819 3607 tamen
2864 3553 3027 3607 verba
3061 3566 3170 3606 non
3210 3558 3335 3606 sunt
3360 3551 3552 3618 multa,

1981 3657 2038 3704 et
2062 3648 2178 3718 ipsa
2203 3664 2309 3703 non
2335 3654 2638 3711 mutantur,
2671 3646 2797 3718 quia
2823 3645 2976 3700 ﬁrma
3001 3653 3158 3711 sunt;
3201 3652 3256 3701 et
3282 3661 3419 3702 nova
3447 3661 3555 3702 non

1984 3744 2139 3801 sunt,
2176 3737 2303 3807 quia
2347 3737 2462 3808 ipsa
2493 3743 2604 3792 tota
2651 3738 2704 3792 in
2734 3737 2989 3809 Symbolo
3014 3745 3158 3792 sunt.
3197 3737 3267 3792 Et
3300 3736 3558 3807 quidquid

1984 3826 2132 3883 foras
2159 3828 2457 3899 symbolum
2482 3837 2600 3894 est,
2633 3829 3010 3886 haereticorum
3034 3829 3199 3884 verba
3234 3836 3380 3884 sunt.

2054 3918 2359 3975 LXXXVII.
2404 3919 2537 3975 Nam
2585 3921 2740 3975 multi
2769 3936 2879 3976 non
2917 3919 3222 3990 intelligunt
3258 3919 3402 3974 hunc
3439 3933 3560 3975 ser-

1987 4026 2200 4068 monem
2225 4026 2395 4084 quare
2431 4012 2642 4068 dicatur
2678 4011 3010 4083 Symbolum.
3060 4010 3375 4084 Symbolum
3416 4009 3561 4066 enim

1987 4101 2193 4167 Graece,
2216 4102 2359 4172 quod
2381 4101 2572 4157 Latine
2595 4100 2791 4157 dicitur
2824 4101 3081 4157 indicium
3106 4108 3172 4156 et
3206 4100 3447 4157 collatio.
3473 4098 3561 4154 in-

1989 4194 2190 4250 dicium
2213 4202 2333 4258 est,
2363 4196 2491 4265 quia
2526 4194 2722 4251 indicat
2757 4194 2845 4250 cui
2878 4195 3101 4250 credere
3141 4192 3465 4256 debeamus,
3508 4193 3564 4247 id

1988 4291 2090 4347 est,
2116 4284 2209 4339 uni
2236 4285 2346 4340 Deo
2369 4284 2540 4349 Patri,
2562 4290 2616 4339 et
2637 4283 2794 4349 Filio,
2817 4291 2873 4339 et
2892 4282 3118 4353 Spiritui
3152 4291 3361 4337 sancto.
3391 4280 3567 4349 Super

306 4354 520 4448 dicere
540 4355 605 4409 de
644 4353 886 4418 Christo,
928 4363 982 4409 et
1012 4361 1191 4448 tamen
1217 4352 1506 4448 falluntur,
1555 4354 1681 4425 quia
1706 4354 1890 4411 dicunt
1915 4386 1971 4448 Β
1994 4371 2305 4443 symbolum
2332 4373 2460 4441 quid
2507 4374 2573 4429 de
2600 4373 2712 4429 Deo
2751 4388 3072 4442 quaeramus,
3124 4379 3232 4427 tam
3278 4373 3334 4427 in
3378 4371 3560 4427 γθιετί

306 4444 524 4513 aliquid
549 4445 615 4500 de
640 4445 856 4500 Christo
886 4444 1026 4514 quod
1054 4460 1160 4500 non
1186 4454 1269 4500 est
1305 4442 1570 4501 Christus.
1640 4494 1646 4501 .

392 4555 652 4611 LXXXV.
693 4556 808 4612 Non
851 4564 1031 4626 potest
1058 4571 1247 4612 verum
1270 4556 1447 4613 dicere
1476 4558 1541 4612 de
1568 4556 1786 4613 Christo
1825 4555 1892 4610 de

314 4645 478 4715 cujus
498 4662 592 4702 ore
627 4663 734 4703 non
764 4647 998 4716 loquitur
1043 4646 1277 4717 Spiritus
1304 4653 1556 4712 sanctus,
1598 4647 1738 4701 sicut
1780 4646 1894 4716 ipse

312 4735 585 4792 Dominus
609 4736 685 4790 ait
721 4750 736 4790 :
778 4736 901 4791 Non
936 4737 1072 4791 enim
1096 4753 1182 4791 vos
1215 4736 1335 4790 estis
1361 4737 1452 4806 qui
1488 4734 1893 4806 loquimini,sed

318 4825 558 4896 Spiritus
585 4824 764 4880 Patris
784 4827 933 4881 vestri
956 4825 1186 4897 loquitur
1209 4826 1265 4880 in
1294 4825 1453 4879 vobis.
1477 4825 1645 4879 Deum
1670 4825 1897 4880 credunt

318 4929 447 4970 esse
468 4911 656 4981 Deum,
682 4924 738 4971 et
772 4916 971 4971 bonum
1004 4924 1116 4982 est;
1145 4916 1239 4971 sed
1274 4930 1398 4970 cum
1434 4914 1708 4970 Christum
1729 4916 1900 4970 homi-

318 5019 451 5062 nem
473 5004 787 5061 cruciﬁxum
809 5021 915 5061 non
938 5007 1165 5062 credunt
1181 5020 1301 5061 esse
1325 5005 1512 5071 Deum,
1540 5004 1740 5060 malum
1769 5013 1853 5061 est
1880 5020 1896 5060 :

322 5103 383 5151 et
411 5095 594 5150 dicunt
617 5097 878 5152 se‘Deum
918 5095 1141 5152 laudare
1163 5105 1218 5152 et
1249 5096 1300 5151 ei
1345 5096 1571 5166 gloriam
1601 5096 1764 5161 dare,
1806 5097 1900 5153 sed

322 5203 437 5244 non
466 5195 549 5243 est
575 5202 702 5244 vera
727 5187 916 5260 gloria,
952 5189 1078 5259 quia
1122 5187 1401 5242 falluntur.
1446 5186 1579 5243 Nam
1614 5196 1669 5242 ct
1699 5188 1900 5244 bonum

324 5282 521 5347 putant
550 5289 671 5332 esse
694 5278 836 5347 quod
874 5278 1074 5334 bonum
1117 5293 1226 5333 non
1262 5286 1364 5334 est.
1394 5277 1462 5332 Et
1506 5276 1777 5333 Christum
1805 5292 1903 5347 pu—

327 5372 449 5421 tant
470 5379 592 5421 esse
614 5366 757 5436 quod
784 5366 1031 5423 Christus
1057 5382 1161 5425 non
1199 5375 1301 5423 est.
1340 5367 1683 5438 Unigenitum
1707 5366 1902 5423 Filium

329 5454 593 5523 aequalem
624 5470 731 5510 non
760 5470 879 5511 esse
898 5454 1064 5521 Patri,
1089 5471 1198 5511 non
1223 5464 1305 5512 est
1334 5456 1556 5511 bonum.
1579 5454 1771 5511 Filium
1800 5456 1906 5513 vir.-

336 5545 478 5615 ginis
503 5545 684 5602 Mariae
715 5563 823 5603 non
846 5562 966 5605 esse
1009 5546 1104 5603 Dei
1146 5547 1341 5604 Filium
1360 5588 1385 5611 ,,
1423 5563 1529 5603 non
1557 5554 1641 5603 est
1679 5547 1901 5603 bonum.

339 5636 599 5693 Vexitatis
614 5652 830 5695 carnem
850 5655 957 5694 non
978 5653 1098 5697 csse
1117 5653 1299 5695 veram
1327 5650 1563 5694 carnem.
1579 5652 1686 5694 non
1710 5645 1794 5693 est
1808 5637 1905 5694 bo-

1991 4476 2151 4531 quam
2179 4460 2236 4515 in
2256 4460 2411 4516 Novo
2436 4461 2781 4516 Testamento
2810 4462 3071 4531 scriptum
3104 4475 3213 4515 non
3239 4460 3561 4516 invenimus.

1991 4552 2060 4606 Et
2085 4550 2300 4607 collatio
2330 4552 2526 4607 dicitur
2565 4550 3034 4623 Symbolum,.boc
3058 4551 3337 4622 est,.quod
3383 4551 3565 4622 plures

1994 4642 2048 4697 in
2096 4658 2263 4697 unum
2297 4642 2601 4698 conferunt.
2644 4642 2778 4697 Nam
2817 4642 3053 4699 haeretici
3104 4643 3414 4714 singillatim
3460 4643 3566 4699 sibi

1996 4731 2301 4796 adveniunt,
2349 4747 2615 4788 venenum
2662 4734 2806 4803 quod
2854 4733 3014 4788 melle
3052 4732 3264 4789 linitum
3312 4732 3562 4798 aderunt,

1995 4828 2051 4875 et
2071 4820 2320 4889 parvulos
2356 4821 2627 4877 occidunt.
2657 4822 2784 4878 limo
2802 4838 2899 4893 per
2938 4822 3196 4893 Spiritum
3217 4831 3461 4880 sanctum
3487 4823 3568 4877 vi-

1998 4916 2187 4970 dentes
2206 4915 2453 4985 apostoli,
2474 4915 2759 4972 collatione
2780 4916 2923 4972 facta
2946 4916 3001 4971 in
3020 4931 3208 4982 unum,
3243 4929 3560 4984 composue‘

1998 5012 2124 5059 runt
2145 5003 2455 5075 Symbolum
2473 5045 2495 5071 ,
2516 5013 2576 5061 ut
2596 5020 2695 5076 per
2731 5006 2905 5076 ipsum
2952 5005 3115 5062 falsos
3138 5004 3410 5074 apostolos
3433 5019 3565 5060 con-

1998 5093 2235 5148 vinceret
2275 5093 2535 5150 Ecclesia.
2582 5093 2717 5148 Nam
2740 5096 2924 5150 dicunt
2952 5092 3184 5163 majores
3220 5093 3391 5149 nostri
3426 5095 3568 5164 quod

1998 5193 2121 5254 post
2155 5185 2524 5240 ascensionem
2558 5186 2771 5241 Domini
2813 5194 2869 5240 et
2902 5185 3200 5241 Salvatoris
3234 5185 3405 5241 nostri
3439 5183 3568 5240 Iesu

2000 5273 2222 5342 Christi,
2260 5275 2364 5330 hoc
2382 5275 2712 5345 symbolum,
2748 5276 2912 5332 breve
2932 5276 3036 5333 sibi
3060 5275 3461 5346 praedicationis
3490 5275 3568 5330 in-

2002 5362 2556 5430 dicium,eonferendo
2570 5365 2624 5420 in
2645 5381 2831 5431 unum,
2850 5366 2992 5437 quod
3016 5366 3320 5421 sentiebant
3348 5379 3567 5435 compo-

2002 5461 2167 5521 nunt;
2199 5469 2269 5510 ne
2287 5453 2525 5510 localiter
2548 5456 2617 5511 ab
2649 5456 2879 5513 invicem
2911 5457 3268 5522 discedentes,
3296 5456 3567 5512 diversum

2004 5543 2203 5613 aliquid
2224 5543 2307 5599 vel
2336 5543 2612 5601 dissonum
2654 5546 3039 5617 praedicaretur
3074 5547 3159 5603 his
3184 5546 3275 5615 qui
3306 5545 3374 5601 ad
3408 5546 3566 5602 ﬁdem

2004 5635 2205 5693 Christi
2228 5638 2607 5695 invitabantur.
2633 5641 2700 5697 Et
2721 5641 2824 5697 hac
2845 5642 2948 5699 ﬁde
2969 5640 3180 5711 proﬁcit
3202 5638 3462 5707 Ecclesia,
3501 5638 3567 5694 de
