3992 6176
433 291 528 347 94⁵1

1240 292 1649 366 ELIPAND‘US,
1688 294 1916 359 rem,
1956 288 2305 347 nummus
2341 293 2431 349 ΕΤ
2470 296 2528 350 s.
2570 290 2862 356 mtas.
2930 248 2937 253 ⁷

3567 303 3679 357 948

431 421 540 474 qua
569 405 772 459 dictum
808 414 892 460 est
917 418 1014 474 per
1048 408 1365 475 prophetam
1398 425 1411 461 :
1448 405 1581 461 Filii
1618 407 1696 463 tui
1724 412 1858 460 sicut
1907 420 2001 459 uo-

2117 397 2194 465 iui
2225 400 2296 459 sit
2336 402 2619 461 haereticus
2653 406 2680 460 ?
2720 404 2885 467 Multa
2930 417 3100 464 sunt:
3127 411 3221 465 sed
3247 378 3331 465 exi
3349 412 3530 468 multis
3571 415 3683 467 tria

432 495 580 550 relic
614 494 866 549 diem
891 495 949 548 in
993 496 1217 563 circuitu
1250 512 1442 551 mensa:
1494 505 1617 551 tuae.
1653 492 1780 550 limo
1814 508 2002 549 mensa

432 586 707 656 Scriptura
725 599 876 640 sacra
902 593 1007 640 est.
1024 584 1186 641 Panis
1204 587 1295 656 qui
1322 588 1638 650 comeditur,
1668 586 1867 642 Christi
1885 600 2006 641 cor-

437 690 537 743 pus
557 683 657 729 est.
689 674 758 728 Et
795 688 991 744 corpus
1026 672 1231 730 Christi
1257 676 1401 745 quod
1425 675 1849 740 manducamus,
1894 689 2002 730 non

432 765 603 818 solum
636 779 831 833 panem
866 763 996 839 [ιδῃ
1035 764 1215 838 panis]
1246 773 1303 821 et
1323 767 1505 821 vinum
1524 767 1615 836 qui
1636 770 1800 836 super
1832 765 2003 821 altare

431 853 676 920 oll‘ertur,
698 869 895 924 corpus
917 854 1118 909 Christi
1142 864 1243 921 est,
1269 857 1363 912 sed
1385 863 1440 912 et
1466 858 1639 926 ipsum
1655 856 2002 926 Evangelium

431 960 629 1015 corpus
661 946 862 1001 Christi
903 954 1006 1003 est.
1049 946 1116 1005 Et
1148 960 1273 1001 eum
1312 947 1658 1019 Evangelinm
1690 946 1916 1018 legimus
1947 953 2005 1002 et

416 1038 797 1107 intelligimus,
818 1036 913 1095 lilii
945 1038 1000 1091 in
1020 1039 1251 1094 circuitu
1276 1052 1497 1107 mensae,
1526 1041 1698 1095 inuna
1719 1040 2005 1096 collatione

347 1193 390 1209 ν
433 1127 700 1189 sedemus,
724 1134 780 1181 et
798 1140 993 1194 panem
1021 1128 1295 1183 ctelestem
1314 1129 1721 1185 manducamus.
1747 1127 1866 1185 Non
1891 1129 2007 1184 lon-

433 1232 498 1286 ge
522 1226 648 1273 sunt
679 1234 711 1273 a
748 1232 934 1273 mensa
960 1217 1163 1274 Christi
1190 1219 1284 1288 qui
1305 1221 1453 1274 omni
1488 1221 1621 1275 hora
1647 1217 1870 1274 dicunt:
1902 1214 2008 1272 Pa-

432 1328 550 1366 nem
576 1320 810 1368 nostrum
836 1308 1202 1380 quotidianum
1226 1310 1298 1363 da
1323 1310 1472 1364 nobis
1500 1309 1675 1364 hodie.

504 1401 830 1458 LXXXVIII.
858 1400 1111 1456 Ilzerctici
1139 1401 1394 1456 dicuntur
1436 1401 1589 1465 ﬁlim,
1630 1402 1683 1458 id
1713 1411 1796 1457 est
1822 1403 2008 1459 molles

431 1500 488 1551 et
518 1495 573 1549 in
601 1493 709 1548 ﬁde
741 1492 1087 1557 vacillantes;
1127 1492 1193 1546 de
1228 1492 1423 1561 quibus
1443 1492 1641 1546 dicitur
1677 1510 1691 1546 :
1730 1491 1888 1547 Filia:
1919 1511 2009 1548 eo-

433 1601 550 1640 rum
578 1583 875 1654 composita
896 1590 953 1636 ut
977 1580 1263 1636 similitudo
1293 1582 1468 1652 templi
1493 1581 1664 1653 (Psal.
1686 1598 1873 1649 CXLIII,
1897 1584 2007 1655 13).

2104 496 2397 558 proponam
2418 533 2432 556 ,
2460 504 2525 547 ex
2557 496 2752 564 quitus
2780 496 3212 567 deprehendatur
3245 518 3277 556 a
3315 501 3597 560 catholicis
3621 505 3685 561 in

2094 577 2365 637 Ecclesia.
2404 583 2645 641 Primum
2668 588 2722 643 in
2744 589 2847 645 ﬁde
2872 607 3021 645 vera.
3054 591 3157 647 Per
3186 593 3347 649 ﬁdem
3372 596 3516 651 enim
3553 600 3691 654 vitae

2103 668 2327 741 largitas
2370 675 2438 728 ad
2485 676 2730 733 homines
2778 680 2944 736 venit.
3004 681 3159 748 Quod
3202 700 3301 754 per
3354 685 3690 756 Prophetam

2104 758 2245 816 Deus
2267 762 2383 831 ipse
2409 771 2636 822 testatus
2659 777 2772 834 est,
2813 770 2999 826 dicens
3040 788 3055 827 :
3092 773 3278 829 Justus
3319 786 3493 830 autem
3532 795 3693 834 meas

2104 867 2170 906 ea:
2213 853 2319 921 ﬁde
2346 855 2485 910 vivit.
2522 857 2819 928 Apostolus
2864 861 3062 918 Paulus
3096 865 3164 919 ad
3192 864 3449 932 Hebraeos
3486 867 3575 938 (ι,
3616 868 3695 923 58

2104 945 2269 1018 seqq.)
2297 947 2428 1001 dicit
2460 963 2474 1002 :
2510 968 2529 1000 ‹
2573 950 2682 1007 Nos
2719 961 2929 1019 autem,
2959 953 3174 1016 fratres.
3207 973 3314 1013 non
3338 973 3524 1014 sumus
3550 960 3694 1015 sub-

2106 1036 2385 1092 tractionis
2416 1039 2468 1093 in
2493 1041 2844 1109 perditionem
2862 1084 2878 1110 ,
2907 1047 3002 1101 sed
3038 1046 3161 1101 ﬁdei
3189 1048 3244 1102 in
3272 1050 3697 1119 acquisitionem

2108 1125 2321 1181 animm.
2358 1128 2453 1184 Est
2468 1139 2646 1186 autem
2676 1131 2809 1189 ﬁdes
2832 1137 3218 1205 sperandamm
3254 1140 3553 1193 substantia
3597 1156 3693 1195 re-

2108 1231 2229 1273 rum
2250 1261 2264 1283 ,
2300 1232 2674 1292 argumentum
2712 1242 2818 1283 non
2844 1230 3170 1297 parentium.
3210 1230 3315 1285 Per
3348 1230 3508 1285 ﬁdem
3535 1232 3695 1286 enim

2108 1309 2473 1366 testimonium
2500 1317 2769 1369 consecuti
2812 1327 2938 1372 sunt
2972 1320 3228 1375 seniores.
3274 1319 3407 1375 Fide
3433 1321 3701 1391 intelligi-

2112 1411 2232 1452 mus
2258 1396 2400 1455 facta
2425 1416 2544 1457 esse
2569 1403 2763 1458 szecula
2790 1405 2965 1461 Verbo
2986 1408 3111 1473 Dei,
3137 1419 3196 1462 ut
3218 1424 3287 1463 ex
3327 1409 3702 1465 invisibilibus

2111 1492 2344 1546 visibilia
2375 1495 2584 1549 ﬁerent.
2618 1495 2748 1551 Fide
2786 1497 3072 1567 plurimam
3096 1500 3326 1555 hostiam
3354 1500 3486 1556 Abel
3513 1518 3694 1572 quam

2112 1580 2244 1637 Cain
2272 1583 2465 1638 obtulit
2484 1585 2613 1652 Deo,
2640 1602 2738 1657 per
2773 1604 2934 1657 quam
2971 1590 3334 1646 testimonium
3364 1600 3700 1648 consecutus

431 1674 755 1757 Composita:
779 1672 1063 1738 dicuntur,
1088 1674 1216 1743 quia
1242 1687 1421 1727 sermo
1459 1672 1837 1728 haereticorum
1862 1688 2013 1729 eom-
2046 1738 2090 1757 ﬁ
2114 1679 2199 1726 est
2220 1686 2340 1727 esse
2373 1669 2572 1741 justus,
2602 1676 2965 1733 testimonium
2991 1679 3395 1747 perhibentibus
3434 1681 3689 1736 muneri-

432 1738 640 1834 positus
666 1773 774 1827 est,
801 1772 856 1819 et
882 1778 1073 1818 sensus
1100 1738 1367 1819 sordidus.
1393 1764 1596 1820 Ornata
1624 1764 1823 1819 habent
1850 1765 2013 1819 verba
2045 1738 2091 1800 Β
2115 1763 2215 1817 bus
2257 1738 2404 1832 ejus;
2458 1772 2512 1819 et
2557 1780 2655 1837 per
2695 1766 2837 1821 illam
2885 1738 3167 1825 defunctus
3206 1770 3381 1825 adhuc
3417 1770 3693 1840 loquitur.

424 1859 502 1913 de
521 1858 786 1927 sapientia
813 1857 1079 1912 Saeculari.
1122 1856 1251 1911 Inde
1296 1857 1547 1911 dicuntur
1571 1856 1699 1924 ﬁlia:
1723 1856 2011 1908 circumar-

432 1951 630 2007 dinataz
656 1959 714 2005 ut
753 1949 1043 2004 similitudo
1081 1948 1277 2021 templi.
1321 1948 1629 2003 Similitudo
1656 1946 1873 2016 templi,
1904 1960 2011 2000 non

424 2047 520 2103 est
547 2039 827 2109 templum,
865 2039 1268 2095 similitudinem
1292 2040 1454 2094 habet
1478 2039 1752 2102 Ecclesiae.
1788 2037 2014 2108 Sapien-

435 2139 521 2189 tes
539 2130 799 2185 sedicunt
821 2144 962 2195 esse,
990 2130 1113 2200 quia
1137 2131 1224 2184 vix
1245 2139 1305 2185 ut
1330 2132 1566 2191 rusticus
1588 2131 1875 2188 haereticus
1907 2129 2014 2184 dici

434 2230 636 2293 potest.
687 2219 917 2283 Cellaria
968 2222 1343 2279 haereticorum
1389 2223 1562 2293 plena,
1610 2222 1903 2279 eructantia
1949 2237 2015 2276 ea:

435 2315 533 2367 hoc
562 2316 618 2368 in
636 2312 772 2368 illud
796 2312 989 2387 (lbid,,
1018 2331 1149 2370 vers.
1182 2314 1290 2379 η),
1311 2317 1436 2385 quia
1458 2330 1671 2385 semper
1692 2314 1866 2387 parati
1889 2322 2016 2369 sunt

437 2404 506 2458 ad
527 2404 956 2460 contendendum
974 2444 988 2470 ,
1012 2411 1072 2459 ut
1091 2405 1137 2461 si
1161 2405 1282 2460 illos
1309 2406 1547 2469 tenueris
1569 2406 1622 2460 in
1644 2421 1750 2460 uuo
1776 2406 2016 2461 testimo-

436 2496 545 2561 nio,
572 2495 640 2551 ad
661 2496 805 2553 aliud
833 2506 1131 2554 transeunt.
1161 2496 1219 2552 Si
1245 2498 1299 2551 in
1329 2497 1623 2569 Scripturis
1637 2513 1730 2553 eos
1744 2498 1980 2553 tenueris
1997 2537 2013 2564 ,

437 2584 669 2654 majores
693 2596 997 2657 proponunt
1023 2629 1038 2654 ,
1077 2590 1165 2659 qui
1197 2588 1251 2642 in
1294 2590 1522 2643 diversis
1551 2589 1840 2658 provinciis
1870 2588 2017 2644 habi-

436 2683 574 2741 tant,
605 2684 661 2731 et
685 2678 754 2731 ab
781 2678 911 2747 ipsis
936 2679 1039 2733 hoc
1058 2680 1311 2735 didicisse
1336 2680 1703 2754 pronuntiant.
1731 2679 1865 2734 Nam
1893 2692 2014 2735 cum

434 2766 666 2820 dicimus
685 2766 789 2821 illis
811 2768 936 2836 quia
962 2768 1122 2823 Pater
1158 2770 1295 2824 misit
1319 2769 1536 2833 Filiam,
1575 2772 1716 2826 sicut
1742 2770 1856 2838 ipse
1889 2769 1964 2823 ait
1998 2786 2011 2823 :

434 2866 619 2931 Pater,
656 2868 745 2937 qui
773 2883 854 2921 me
890 2868 1063 2931 misit,
1093 2868 1268 2937 major
1299 2878 1375 2922 est
1419 2884 1528 2933 me,
1570 2867 1894 2936 respondent
1940 2863 2017 2919 illi

410 2972 629 3018 “contra
651 2978 751 3016 nos
788 2976 802 3016 :
840 2962 980 3017 Deus
1008 2976 1113 3016 non
1139 2963 1387 3017 mittitur.
1419 2962 1559 3016 Deus
1581 2976 1686 3014 non
1714 2956 2014 3027 subjicitur,

2116 1855 2247 1910 Fide
2272 1855 2457 1911 Enoch
2483 1858 2772 1915 translatus
2794 1869 2877 1915 est
2897 1877 2965 1915 ne
2994 1862 3200 1917 videret
3227 1871 3474 1928 mortem,
3492 1872 3550 1918 et
3578 1879 3703 1918 non

2116 1948 2503 2015 inveniebatur,
2534 1951 2657 2021 quia
2684 1953 2957 2007 transtulit
2987 1953 3133 2007 illum
3161 1953 3321 2009 Deus.
3347 1954 3487 2010 Ante
3504 1963 3703 2009 trans-

2113 2041 2368 2099 lationem
2409 2045 2552 2099 enim
2594 2046 2955 2101 testimonium
2993 2047 3223 2103 habebat
3249 2048 3513 2117 placuisse
3544 2048 3696 2111 Deo,

2116 2134 2210 2189 sed
2239 2142 2418 2188 tamen
2450 2150 2546 2205 per
2579 2136 2755 2190 ﬁdem.
2789 2135 2919 2191 Sine
2952 2135 3056 2193 ﬁde
3084 2138 3224 2193 enim
3250 2137 3587 2207 impossibile
3612 2144 3704 2191 est

2114 2224 2326 2294 placere
2364 2226 2493 2279 Deo.
2543 2224 2775 2282 Credere
2809 2228 2953 2282 enim
2988 2236 3200 2299 oportet
3234 2228 3587 2283 accedentem
3629 2227 3701 2280 ad

2114 2314 2283 2369 Deum
2302 2315 2425 2383 quia
2442 2329 2565 2368 vere
2587 2328 2671 2369 est
2697 2315 2836 2371 Deus
2860 2326 3085 2380 unus,et
3112 2317 3583 2387 inquirentibusse
3606 2331 3699 2370 re-

2115 2412 2427 2459 munerator
2438 2404 2528 2458 sit.
2546 2404 2675 2458 Fide
2705 2405 2832 2469 Noe,
2863 2422 3119 2476 responso
3138 2416 3355 2476 accepto
3376 2406 3544 2462 dehis
3569 2423 3701 2476 qua:

2116 2495 2293 2550 adhuc
2323 2511 2429 2549 non
2465 2494 2814 2562 videbantur,
2862 2510 3105 2552 metuens
3138 2497 3401 2553 habitavit
3420 2513 3615 2552 artam
3644 2499 3702 2552 in

2116 2583 2342 2638 salutem
2373 2583 2563 2637 domus
2600 2599 2740 2649 suae,
2778 2599 2876 2654 per
2908 2600 3069 2654 quam
3094 2584 3371 2639 damnavit
3390 2584 3699 2649 mundum;

2116 2678 2169 2726 et
2192 2670 2434 2741 justitiaa,
2463 2688 2583 2745 quae
2603 2687 2699 2742 per
2721 2673 2899 2738 ﬁdem,
2925 2674 3095 2729 haeres
3122 2683 3207 2729 est
3230 2674 3524 2729 institutus.
3554 2671 3707 2729 Fide

2115 2778 2329 2838 quoque
2376 2773 2597 2823 vocatus
2638 2764 2910 2826 Abraham
2954 2766 3190 2821 obedivit
3224 2766 3279 2820 in
3318 2765 3491 2820 locum
3536 2764 3706 2820 exire

2116 2868 2274 2927 quem
2318 2861 2636 2923 accepturus
2674 2862 2790 2909 erat
2819 2856 2872 2909 iu
2925 2855 3317 2911 haereditatem.
3369 2855 3436 2909 Et
3474 2855 3703 2916 exiens.

2117 2943 2364 2999 nesciens
2389 2960 2496 3013 quo
2540 2945 2660 3011 iret,
2702 2944 2805 3000 ﬁde
2840 2956 3077 3001 moratus
3118 2953 3202 3001 est
3245 2946 3299 2999 in
3330 2952 3471 3000 terra
3499 2960 3709 3014 repro-

435 3070 546 3109 non
585 3053 772 3117 servit,
810 3053 904 3106 sed
930 3051 1258 3122 dispensatio
1289 3051 1538 3104 mittitur.
1566 3050 1621 3104 Si
1655 3050 1797 3104 Deus
1817 3048 2016 3118 ubique

2121 3033 2412 3101 missionis,
2464 3043 2717 3105 tanquam
2746 3035 2799 3090 in
2833 3036 3006 3091 aliena
3030 3077 3045 3102 ,
3087 3037 3143 3092 in
3169 3035 3365 3091 casulis
3397 3036 3711 3090 habitando

435 3152 544 3208 est,
574 3143 753 3199 omnia
793 3143 847 3197 iu
882 3142 992 3196 Deo
1036 3148 1180 3196 sunt.
1229 3139 1508 3206 Quomodo
1548 3138 1691 3195 Deus
1720 3138 1788 3193 ad
1818 3138 2018 3207 aliquid
2050 3122 2092 3130 “
2120 3143 2244 3183 cum
2296 3126 2446 3183 18330
2482 3135 2536 3180 θῑ
2583 3122 2750 3183 ³30οῦ
2776 3168 2790 3193 ,
2848 3128 3218 3184 cohmredibus
3256 3125 3714 3198 repromissionis

437 3236 697 3306 mittitur,
745 3249 869 3289 cum
932 3235 1026 3289 Dei
1087 3234 1195 3289 sint
1237 3234 1450 3291 omnia?
1500 3231 1724 3288 Difﬁcile
1780 3231 2020 3287 invenies

438 3327 723 3395 haereticos
796 3327 1097 3396 imperitos.
1156 3327 1356 3383 Omnes
1404 3327 1549 3381 enim
1617 3324 1863 3396 magistri
1919 3323 2021 3381 in-

437 3418 627 3476 structi
654 3425 779 3474 sunt
815 3416 1037 3472 scientia
1069 3418 1271 3473 saeculi.
1307 3416 1505 3473 Nolunt
1530 3418 1583 3472 in
1613 3415 2017 3487 Scripturarum

442 3509 724 3577 latitudine
752 3509 1032 3575 laborare;
1058 3510 1152 3565 sed
1176 3511 1464 3574 somniant,
1492 3518 1546 3565 et
1574 3517 1806 3565 stertunt
1834 3508 1889 3562 in
1910 3507 2020 3563 alto

443 3615 657 3671 sopore,
702 3608 758 3655 et
801 3608 1051 3655 eructant
1098 3602 1240 3670 quod
1282 3602 1672 3656 somniaverint
1719 3608 1775 3655 et
1802 3599 2022 3670 insuper

439 3704 563 3745 cum
585 3691 808 3746 audacia
837 3692 891 3745 in
912 3691 1066 3746 libris
1091 3691 1335 3747 inserunt
1363 3699 1563 3747 etcum
1593 3690 1900 3745 temeritate
1930 3690 2023 3744 de-

444 3778 688 3849 fendunt.
718 3780 787 3835 Et
810 3781 915 3836 hoc
939 3780 1144 3836 faciunt
1172 3790 1232 3835 ut
1253 3782 1322 3836 ab
1356 3780 1691 3836 auditoribus
1715 3779 1828 3835 suis
1852 3780 2023 3834 hono—

446 3881 650 3937 rentur,
681 3873 823 3931 etab
842 3872 922 3926 eis
942 3887 1048 3928 non
1072 3873 1242 3928 solum
1267 3872 1441 3927 laudis
1462 3887 1709 3937 munera,
1735 3871 1832 3927 sed
1857 3871 2020 3926 etiam

444 3962 739 4032 temporale
765 3961 1063 4028 subsidium
1091 3962 1357 4031 accipiant
1378 3962 1519 4019 unde
1548 3963 1750 4023 vivant,
1784 3961 2024 4014 dicentes

444 4055 526 4110 eis
561 4071 575 4108 :
621 4051 682 4110 Si
710 4068 803 4108 nos
828 4052 969 4109 vobis
996 4050 1293 4123 spiritantia
1326 4053 1673 4116 seminamus,
1705 4051 1918 4120 dignum
1947 4059 2022 4107 est

446 4151 504 4198 tu
524 4148 692 4197 uestra
735 4138 973 4194 carnalia
998 4148 1272 4193 metamus.
1312 4139 1705 4197 Obliviscean
1731 4136 1860 4193 illud
1889 4151 2020 4207 apo-

448 4230 569 4287 stoli
602 4249 617 4284 :
650 4229 896 4295 Manibus
936 4231 1127 4288 nostris
1174 4230 1553 4301 operabamur,
1611 4245 1673 4283 ne
1713 4242 2022 4300 quemquam

450 4331 674 4376 vestrum
723 4330 1078 4391 gravaremus.
1131 4318 1279 4374 Multi
1325 4321 1626 4376 nescientes
1663 4321 1852 4376 beatos
1889 4321 2024 4377 tales

2119 3218 2379 3288 ejusdem.
2432 3218 2790 3291 Exspectahat
2835 3219 2978 3272 enim
3022 3217 3363 3272 fundamenta
3403 3216 3715 3272 habentem

2120 3309 2413 3374 civitatem,
2461 3308 2613 3379 cujus
2659 3309 2853 3364 artifex
2889 3318 2945 3367 et
2979 3310 3224 3365 conditor
3258 3309 3417 3364 Deus.
3451 3308 3587 3362 Fide
3640 3318 3717 3363 et

2122 3401 2235 3471 ipsa
2288 3401 2422 3457 Sara
2459 3402 2659 3457 sterilis
2697 3403 2948 3458 virtutem
2983 3402 3040 3457 in
3085 3402 3435 3474 conceptione
3467 3401 3718 3456 seminis

2120 3496 2349 3565 accepit,
2377 3494 2541 3551 etiam
2565 3502 2760 3566 praeter
2782 3503 2993 3565 tempus
3017 3495 3194 3549 aetatis
3228 3512 3243 3549 :
3284 3493 3536 3564 quoniam
3560 3490 3719 3546 ﬁde-

2118 3582 2225 3641 lem
2265 3587 2493 3642 credidit
2520 3601 2640 3643 esse
2667 3588 2760 3656 qui
2798 3587 3138 3658 promiserat.
3189 3585 3416 3656 Propter
3449 3583 3599 3654 quod
3637 3593 3717 3639 et

2123 3677 2191 3733 ab
2237 3693 2344 3732 uno
2368 3677 2475 3731 orti
2511 3685 2637 3732 sunt
2668 3692 2875 3732 omnes.
2908 3677 2976 3732 Et
2996 3677 3101 3732 hoc
3128 3691 3160 3733 e
3189 3683 3402 3732 mortuo
3429 3684 3713 3745 tanquam

2122 3768 2300 3824 sidera
2323 3767 2443 3823 cmli
2484 3767 2539 3823 in
2562 3767 2979 3832 multitudinem,
3012 3775 3067 3822 et
3096 3767 3236 3822 sicut
3273 3780 3434 3821 arena
3462 3779 3587 3834 qua:
3614 3775 3721 3820 est

2123 3859 2191 3915 ad
2220 3875 2369 3914 oram
2404 3860 2570 3914 maris
2600 3858 3024 3914 innumerabilis.
3069 3856 3230 3913 Juxta
3271 3857 3428 3912 ﬁdem
3451 3855 3718 3913 defuncti

2123 3958 2248 4004 sunt
2289 3964 2477 4005 omnes
2501 3949 2612 4014 isti,
2639 3964 2747 4003 non
2787 3948 2995 4019 adeptis
3038 3946 3566 4018 repromissionibus,
3598 3950 3717 4003 sed

2123 4054 2153 4093 a
2178 4039 2335 4110 longe
2363 4054 2456 4095 eas
2487 4039 2835 4110 aspicientes,
2864 4048 2921 4094 et
2948 4038 3263 4105 salutantes,
3299 4048 3355 4094 et
3374 4032 3723 4103 conﬁtentes

2122 4131 2246 4201 quia
2272 4130 2539 4201 peregrini
2590 4139 2646 4184 et
2686 4129 2928 4200 hospites
2957 4139 3081 4186 sunt
3128 4145 3292 4200 super
3337 4136 3554 4185 terram.
3591 4126 3723 4194 Qui

2123 4222 2268 4277 enim
2317 4223 2433 4278 haec
2467 4220 2682 4287 dicunt,
2718 4221 3020 4292 signiﬁcant
3059 4238 3118 4278 se
3143 4221 3373 4290 patriam
3419 4219 3726 4289 inquirere

2126 4311 2196 4383 (et
2227 4330 2330 4373 non
2363 4323 2622 4366 terrenam
2665 4315 2926 4386 patriam,
2954 4313 3045 4367 sed
3066 4310 3361 4381 caelestem).
3391 4310 3457 4364 Et
3490 4309 3541 4363 si
3569 4310 3720 4379 qui-~

446 4421 656 4488 putant.
691 4411 797 4492 Sed
823 4412 869 4469 si
902 4413 1049 4482 beati
1083 4420 1239 4479 sunt,
1265 4413 1357 4492 qui
1386 4428 1492 4471 non
1525 4416 1726 4476 habent
1750 4431 1870 4471 cum
1897 4431 2025 4487 apo-
2053 4411 2104 4474 Ι)
2126 4404 2249 4459 dem
2293 4403 2431 4459 illius
2470 4406 2838 4461 meminissent
2874 4404 3110 4475 regionis
3157 4405 3223 4459 de
3261 4418 3368 4474 qua
3408 4401 3675 4457 exierunt
3699 4443 3722 4470 ,

449 4484 602 4558 stolis
626 4484 854 4569 callosas
874 4516 941 4557 ex
965 4518 1128 4573 opere
1150 4488 1372 4560 manus?
1399 4505 1500 4574 Qui
1524 4522 1629 4562 non
1653 4484 2025 4579 ingrediuntur

447 4593 577 4647 nudi
604 4606 728 4648 eum
760 4592 865 4647 reti
902 4608 1051 4648 mare
1076 4594 1232 4651 istius
1254 4597 1458 4665 szeculi,
1492 4607 1694 4655 etsunt
1727 4599 2024 4668 piscatores

448 4681 765 4738 hominum?
784 4681 885 4756 Qui
904 4699 1009 4737 non
1032 4684 1232 4746 habent
1250 4686 1454 4753 lutosus
1482 4689 1676 4758 pedes?
1700 4672 1814 4744 Non
1843 4691 2021 4760 plane,

448 4770 574 4840 quia
602 4784 699 4823 sua
732 4780 998 4839 quierunt,
1026 4789 1133 4829 non
1160 4791 1281 4846 quae
1305 4774 1431 4840 Iesu
1467 4776 1702 4833 Christi?
1726 4777 1794 4832 Et
1820 4778 1910 4834 ubi
1931 4779 2025 4835 de-

448 4860 802 4932 prehenditur
843 4861 897 4931 in
935 4861 1175 4933 Ecclesia
1222 4867 1335 4934 ipse
1365 4867 1650 4924 hmreticus
1692 4869 1784 4939 qui
1822 4869 2026 4933 sancti-

451 4959 618 5006 tatem
643 4952 930 5007 ostendere
969 4953 1246 5024 religionis
1289 4955 1505 5011 videtur
1525 4997 1540 5023 ,
1571 4958 1704 5021 vitia
1749 4961 2021 5027 emendat,

450 5054 648 5111 nonum
675 5039 808 5114 vult,
838 5041 1037 5097 malum
1078 5059 1181 5099 non
1213 5045 1432 5125 recipit,
1463 5045 1830 5119 eleemosynas
1872 5047 2021 5115 facit,

450 5133 693 5203 captivos
724 5132 960 5204 redimit,
990 5135 1227 5206 hospites
1254 5138 1494 5208 suscipit,
1523 5139 1909 5194 humanitatem
1935 5139 2027 5195 ha-

452 5222 579 5285 bet,
614 5221 787 5277 nudos
814 5225 1014 5288 vestit,
1055 5225 1298 5283 inﬁrmos
1330 5237 1387 5282 et
1432 5228 1794 5295 incarceratos
1820 5230 2022 5298 visitat,

450 5317 508 5373 et
541 5310 828 5385 aliquoties
871 5316 1217 5386 semetipsum
1260 5316 1319 5371 in
1344 5318 1661 5388 poenitentia
1698 5326 1930 5385 mactat,
1971 5326 2028 5373 et

453 5409 647 5460 cetera
696 5403 1002 5475 huiusmodi
1045 5407 1239 5462 similia
1264 5449 1280 5473 ,
1328 5424 1448 5483 quae
1490 5425 1776 5475 numerare
1807 5410 2023 5480 longum

453 5500 558 5560 est,
584 5508 704 5563 quae
730 5496 944 5551 videtur
968 5496 1166 5566 facere,
1215 5508 1272 5555 et
1300 5486 1479 5555 tamen
1524 5502 1811 5559 haereticus
1850 5506 2028 5573 potest

456 5593 596 5643 βεδε.

529 5670 816 5739 LXXXIX.
855 5674 962 5728 Sed
1007 5676 1197 5729 dices:
1233 5677 1290 5730 In
1330 5694 1437 5755 quo
1476 5688 1651 5758 potest
1698 5683 2024 5763 deprehendi

2124 4496 2394 4553 habebant
2439 4496 2624 4566 utique
2683 4504 2893 4567 tempus
2940 4494 3262 4551 revertendi.
3308 4492 3459 4548 Nunc
3508 4498 3724 4549 autem

2123 4589 2401 4645 meliorem
2448 4594 2722 4657 appetunt,
2771 4585 2826 4641 id
2878 4595 2963 4643 est
3010 4587 3284 4643 caelestem
3333 4581 3721 4656 (Jerusalem).

2121 4676 2246 4742 Ideo
2287 4695 2391 4735 non
2427 4677 2772 4735 confunditur
2793 4678 2934 4732 Deus
2963 4676 3142 4732 vocari
3176 4676 3319 4731 Deus
3346 4689 3551 4731 eorum.
3592 4671 3728 4732 Pa-

2124 4776 2265 4830 ravit
2301 4774 2443 4828 enim
2478 4771 2582 4826 illis
2606 4770 2880 4826 civitatem
2919 4771 3177 4841 (sanctam
3216 4765 3503 4824 Jerusalem
3544 4764 3724 4821 cale—

2122 4864 2293 4938 stem).
2329 4864 2461 4919 Fide
2503 4861 2699 4917 obtulit
2721 4860 2995 4916 Abraham
3027 4859 3197 4927 Isaac,
3226 4873 3349 4915 cum
3374 4862 3721 4912 tentaretur.

2122 4955 2192 5032 Et
2221 4954 2558 5027 unigenitum
2578 4950 2890 5016 offerebat,
2929 4951 3023 5021 qui
3053 4956 3363 5020 susceperat
3403 4946 3725 5016 repromis—

2125 5049 2303 5103 siones
2326 5088 2341 5113 ,
2372 5047 2440 5102 ad
2473 5060 2635 5117 quem
2661 5045 2865 5101 dictum
2886 5052 2969 5100 est
2993 5058 3008 5097 :
3033 5041 3171 5110 Quia
3196 5043 3249 5098 in
3281 5041 3431 5110 Isaac
3468 5040 3719 5098 vocabi-

2124 5145 2212 5193 tur
2239 5137 2336 5193 tibi
2365 5152 2565 5201 semen,
2601 5137 2875 5193 arbitrans
2895 5134 3021 5204 quia
3050 5141 3105 5189 et
3129 5149 3160 5187 a
3188 5131 3415 5188 mortuis
3432 5130 3723 5188 suscitare

2123 5237 2315 5300 potens
2351 5236 2435 5284 est
2466 5228 2627 5282 Deus.
2664 5226 2817 5282 Unde
2848 5240 2971 5280 eum
2998 5231 3053 5278 et
3096 5224 3150 5278 in
3189 5219 3441 5294 parabole
3464 5220 3719 5288 accepit.

2124 5318 2255 5374 Fide
2292 5326 2346 5372 et
2383 5319 2454 5372 de
2489 5315 2682 5372 futuris
2714 5314 2990 5371 benedixit
3026 5311 3177 5370 Isaae
3218 5308 3384 5368 Iacob
3424 5317 3480 5365 et
3523 5309 3715 5365 Esau.

2125 5407 2257 5463 Fide
2281 5406 2447 5463 Iacob
2468 5406 2725 5467 moriens,
2753 5405 2991 5477 singulos
3018 5404 3155 5470 ﬁlios
3173 5401 3371 5474 Ioseph
3388 5399 3675 5461 benedixit
3694 5441 3719 5469 ,

2127 5507 2180 5554 et
2218 5498 2460 5553 adoravit
2498 5495 2769 5567 fastigium
2811 5495 2977 5566 virgae
3018 5494 3154 5563 eius.
3191 5493 3325 5550 Fide
3351 5488 3549 5562 Ioseph
3586 5508 3719 5546 mo-

2128 5592 2292 5655 riens,
2326 5589 2393 5644 de
2416 5587 2748 5659 profectione
2774 5582 3004 5642 ﬁliorum
3042 5586 3206 5647 Israel
3234 5595 3571 5645 memoratus
3590 5597 3711 5653 est,

2128 5692 2181 5750 et
2204 5686 2267 5740 dc
2291 5684 2504 5739 ossibus
2536 5682 2650 5738 suis
2681 5682 2972 5739 mandavit.
3008 5682 3138 5743 Fide
3169 5683 3377 5752 Moyses
3418 5691 3576 5738 natus
3612 5694 3690 5737 οε
