3992 6176
210 346 213 347 ν
319 286 426 345 949

986 277 1265 336 HETERII
1300 275 1390 331 ET
1430 274 1489 330 S.
1527 270 1729 327 BEATI
1757 270 1850 325 AD
1885 262 2281 323 ELIPANDUM
2314 261 2531 319 EPIST.
2566 289 2637 302 -
2672 259 2799 317 LIB.
2837 258 2879 313 l.

3444 257 3548 315 050

320 392 557 450 cultatus
597 395 683 444 est
716 391 992 443 menaeus
1015 387 1190 442 tnbus
1224 399 1257 439 a
1282 381 1599 452 parentibus
1637 378 1769 443 suis,
1793 392 1884 433 .eo
1910 382 1960 439 Α
1986 389 2118 431 voce
2155 387 2371 443 magna,
2411 370 2687 427 dicentes:
2723 368 3032 440 Usquequo.
3076 368 3296 423 Domine
3339 379 3550 426 sanctas

321 481 465 553 quod
484 479 743 534 vidissent
765 477 1061 546 elegantem
1086 474 1361 538 infantem,
1386 478 1445 526 et
1473 484 1577 524 non
1596 467 1890 522 timuerunt

323 570 465 641 regis
506 567 761 623 edictum.
789 565 918 622 Fide
958 564 1166 634 Moyses
1195 560 1415 632 grandis
1455 559 1632 613 factus
1676 555 1890 626 negavit

322 675 382 716 se
405 671 526 714 esse
569 655 737 710 ﬁlium
763 654 887 708 ﬁliae
923 651 1251 714 Pharaonis,
1292 647 1464 718 magis
1496 646 1700 716 eligens
1729 642 1888 713 aﬁligi

324 762 447 804 cum
495 745 692 815 populo
718 742 834 805 Dei,
876 756 1035 810 quam
1088 736 1398 807 temporalis
1433 734 1639 806 peccati
1692 733 1891 788 habere

316 838 742 909 iucunditatem,
770 832 1000 901 majores
1035 830 1251 885 divitias
1293 828 1569 882 aestimans
1623 824 1892 879 thesauris

323 926 701 997 Egyptiorum
725 921 1109 993 improperium
1142 917 1343 974 Christi
1384 934 1397 970 :
1434 915 1725 984 aspiciebat
1749 912 1892 967 enim

326 1018 382 1071 in
404 1012 911 1069 remunerationem.
934 1008 1064 1065 Fide
1087 1007 1303 1076 reliquit
1327 1005 1637 1075 Egyptum,
1674 1018 1780 1058 non
1802 1016 1895 1058 ve-

326 1105 463 1159 ritus
488 1101 882 1157 animositatem
916 1098 1076 1168 regis.
1104 1094 1430 1151 Invisibilem
1464 1093 1610 1147 enim
1638 1100 1894 1161 tanquam

326 1195 515 1249 videns
539 1193 812 1249 sustinuit.
848 1190 982 1246 Fide
1014 1188 1304 1244 celebravit
1331 1185 1538 1241 Pascha
1573 1198 1641 1239 ex
1669 1182 1891 1253 sangui-

326 1285 412 1340 nis
432 1283 687 1338 eﬁ'usione
722 1297 737 1336 :
777 1296 846 1336 ne
889 1280 982 1350 qui
1012 1278 1257 1333 vastabat
1313 1275 1606 1346 primitiva,
1650 1282 1895 1343 tangeret

326 1391 441 1431 eos.
481 1374 611 1429 Fide
647 1370 978 1426 transierunt
1011 1383 1160 1423 mare
1195 1367 1466 1429 Rubrum,
1509 1372 1766 1434 tanquam
1798 1378 1897 1433 per

192 1474 217 1492 ⁸
326 1467 534 1522 aridam
589 1471 813 1519 terram.
861 1459 1015 1528 Quod
1061 1456 1267 1527 experti
1326 1454 1562 1527 Egyptii
1587 1494 1603 1519 ,
1656 1452 1896 1509 devorati

328 1564 472 1616 sunt.
507 1555 640 1610 Fide
663 1552 805 1608 muri
834 1550 1048 1606 Jericho
1089 1554 1406 1603 corruerunt
1432 1546 1662 1600 circuitu
1689 1544 1896 1600 dierum

327 1656 552 1720 septem.
578 1647 709 1702 Fide
732 1646 883 1702 Raab
924 1644 1181 1701 meretrix
1225 1658 1330 1697 non
1358 1641 1521 1712 periit
1558 1655 1683 1694 cum
1720 1638 1896 1694 incre-

1984 475 2034 520 et
2056 480 2227 527 uerus,
2250 479 2356 518 non
2368 462 2604 531 judicas,
2627 469 2676 516 et
2714 459 2947 515 vindicas
2970 459 3277 529 sanguinem
3317 467 3551 513 nostrum

1984 554 2147 609 dehis
2172 557 2262 624 qui
2293 552 2527 607 habitant
2571 552 2627 605 in
2673 560 2814 606 terra
2869 548 3059 621 (Ibid.,
3104 566 3235 605 vers.
3279 549 3405 616 10)?
3448 549 3552 611 Ubi

1988 643 2099 699 illic
2151 640 2463 713 adiungitur
2494 655 2509 694 :
2535 641 2686 696 Data:
2713 649 2834 695 sunt
2859 639 2966 693 illis
3013 638 3235 709 singulae
3279 639 3429 695 stola
3468 640 3553 699 al-

1988 731 2065 785 bte
2103 728 2312 801 (Ibid.).
2338 729 2467 796 Quae
2513 738 2641 785 sunt
2667 727 2889 800 singulae
2923 733 3070 784 stolte
3096 726 3264 794 albte,
3303 730 3407 785 nisi
3436 739 3550 786 tan-

1988 828 2102 874 tum
2128 820 2320 875 animae
2355 835 2476 889 qua:
2511 820 2686 875 adhuc
2711 819 3020 876 desiderant
3055 834 3312 890 corpora,
3356 828 3417 876 ut
3458 822 3553 879 ad-

1988 914 2094 969 huc
2122 913 2176 968 in
2204 920 2406 968 terram
2445 927 2597 968 suam
2634 912 2866 983 duplicia
2904 912 3216 982 possideant
3262 930 3385 970 cum
3439 931 3554 973 om-

1989 1003 2140 1059 nium
2182 1004 2460 1059 hominum
2511 1001 2676 1058 fuerit
2715 1004 3074 1060 resurrectio?
3111 1003 3265 1060 Sicut
3293 1006 3554 1076 scriptum

1989 1103 2073 1148 est
2103 1092 2258 1148 :Non
2297 1093 2471 1164 prima
2511 1092 2802 1162 iustorum,
2826 1102 2882 1150 et
2923 1095 3158 1153 secunda
3187 1107 3555 1164 peccatorum,

1992 1192 2053 1239 ut
2074 1185 2313 1240 haeretici
2341 1184 2623 1253 dejeraut,
2656 1183 2750 1239 sed
2779 1200 2887 1240 una
2937 1188 3263 1243 resurrectio
3316 1188 3556 1244 omnium

1992 1287 2047 1334 et
2072 1279 2127 1332 in
2155 1276 2340 1332 semel.

2061 1366 2195 1422 XCI.
2235 1366 2387 1433 Quod
2419 1374 2479 1420 ut
2528 1365 2708 1421 verius
2758 1366 3011 1435 probem,
3048 1368 3173 1425 audi
3210 1368 3339 1438 quid
3369 1370 3553 1440 sequi-

1994 1466 2085 1512 tur
2123 1472 2138 1512 :
2178 1456 2330 1511 Data:
2376 1466 2497 1511 sunt
2531 1456 2637 1510 illis
2681 1457 2902 1528 singula:
2953 1457 3100 1513 stulte
3143 1458 3309 1526 albae,
3348 1460 3403 1516 id
3440 1468 3557 1528 est,

1996 1548 2179 1603 laetitia
2227 1548 2529 1602 animarum
2572 1553 2779 1602 tantum
2820 1565 2833 1600 :
2874 1557 2922 1601 et
2968 1547 3166 1602 dictum
3225 1558 3301 1603 est
3361 1549 3467 1605 illis
3504 1560 3558 1606 ut

1997 1641 2369 1711 requiescerent
2400 1649 2601 1711 tempus
2646 1639 2817 1693 adhuc
2862 1639 3124 1694 modicum
3146 1680 3165 1706 ,
3215 1640 3378 1696 donec
3420 1658 3561 1696 com-

326 1716 497 1803 dulis,
540 1737 813 1806 excipiens
863 1734 1229 1804 exploratores
1271 1746 1394 1787 cum
1438 1746 1590 1800 pace.
1644 1729 1711 1783 Et
1763 1727 1893 1797 quid

2001 1732 2198 1802 pleatur
2251 1749 2496 1786 numerus
2547 1746 2913 1786 conservorum
2964 1741 3013 1785 et
3069 1731 3296 1801 fratrum
3356 1750 3557 1788 eorum.

328 1829 506 1884 adhuc
538 1827 746 1882 dicam?
770 1825 961 1880 Deﬁcit
1068 1821 1213 1878 enim
1341 1830 1551 1891 tempus
1585 1827 1893 1876 narrantem

328 1919 397 1974 de
422 1917 656 1983 Gedeon,
683 1915 913 1981 Baruch,
932 1914 1180 1978 Samson,
1206 1911 1417 1983 Jephte,
1441 1911 1629 1976 David,
1653 1909 1890 1974 Samuel,

327 2017 385 2063 et
419 2006 727 2078 prophetis,
771 2006 865 2077 qui
894 2020 990 2075 per
1016 2004 1175 2058 ﬁdem
1200 2002 1446 2058 vicerunt
1466 2015 1649 2070 regna,
1687 1997 1895 2068 operati

326 2105 456 2154 sunt
478 2095 767 2165 justitiam,
800 2094 978 2162 adepti
1008 2101 1135 2147 sunt
1170 2090 1644 2161 repromissiones,
1670 2088 1893 2143 obtura-

328 2194 526 2242 verunt
545 2201 640 2240 ora
665 2185 897 2249 leonum,
932 2183 1307 2238 exstinxerunt
1338 2182 1594 2249 impetum
1616 2177 1771 2249 ignis,
1812 2175 1893 2232 ef-

330 2278 582 2348 fugerunt
616 2277 786 2332 aciem
824 2274 1020 2345 gladii,
1054 2272 1441 2329 convaluerunt
1466 2270 1532 2325 de
1562 2267 1895 2334 inﬁrmitate,

330 2368 499 2425 fortes
521 2366 644 2424 facti
669 2376 792 2421 sunt
818 2365 874 2419 in
894 2364 1052 2429 bello,
1079 2370 1254 2417 castra
1284 2361 1661 2416 subverterunt
1687 2366 1899 2413 extero-

329 2474 472 2525 rum,
503 2464 825 2526 acceperunt
856 2454 1108 2508 mulieres
1135 2453 1201 2507 de
1229 2450 1624 2508 resurrectione
1658 2456 1901 2507 mortuos

331 2564 479 2605 suos.
505 2547 609 2602 Alii
638 2553 818 2602 autem
848 2543 1065 2600 distenti
1107 2550 1264 2606 sunt,
1304 2557 1412 2596 non
1445 2538 1795 2607 suscipientes
1816 2552 1902 2592 re-

333 2640 714 2708 demptionem,
743 2644 804 2691 ut
817 2634 1091 2690 meliorem
1108 2632 1411 2688 invenirent
1430 2628 1898 2685 resurrectionem.

331 2729 440 2786 Alii
465 2745 593 2784 vero
615 2727 843 2783 ludibria
870 2734 927 2780 et
950 2726 1175 2779 verbera
1209 2720 1438 2790 experti,
1465 2719 1683 2787 insuper
1716 2725 1773 2772 et
1793 2717 1907 2771 vin-

334 2822 456 2878 cuia
484 2826 540 2875 et
580 2832 846 2873 carceres.
890 2814 1139 2885 Lapidati
1178 2820 1323 2875 sunt,
1372 2809 1505 2864 secti
1532 2816 1683 2871 sunt,
1717 2806 1904 2861 tentati

338 2924 485 2978 sunt,
532 2912 587 2967 in
633 2908 905 2966 occisione
940 2906 1101 2979 gladii
1138 2902 1335 2959 mortui
1382 2907 1525 2957 sunt.
1567 2898 1908 2955 Circuierunt

335 3003 392 3058 in
419 3000 631 3056 melotis
656 3006 711 3054 et
733 2998 787 3052 in
807 2997 1033 3066 pellibus
1054 2992 1305 3065 caprinis,
1333 2998 1570 3059 egentes,
1593 2986 1905 3058 angustiati,

338 3088 542 3154 amicti,
580 3088 776 3158 quibus
805 3061 997 3156 dignus
1043 3061 1151 3138 non
1179 3089 1298 3138 erat
1335 3078 1584 3135 mundus.
1622 3076 1679 3133 lu
1708 3075 1898 3133 solitu—
1923 3061 1970 3127 C

338 3180 552 3236 dinibus
570 3184 839 3242 errantes,
863 3182 919 3230 et
956 3174 1011 3228 in
1043 3173 1333 3238 montibus,
1360 3180 1417 3227 et
1438 3171 1494 3226 in
1522 3168 1810 3239 speluncis,
1844 3176 1900 3222 et

338 3271 396 3326 in
430 3269 673 3325 cavernis
696 3274 875 3323 teme.
913 3266 980 3320 Et
999 3265 1056 3321 hi
1083 3279 1270 3320 omnes
1296 3261 1602 3320 testimonio
1626 3259 1749 3315 ﬁdei
1773 3274 1901 3329 pro.

337 3361 471 3427 bati,
497 3376 604 3415 non
631 3365 950 3428 acceperunt
971 3356 1459 3428 repromissionem.
1491 3352 1602 3425 Deo
1630 3366 1727 3422 pro
1747 3349 1902 3406 nobis

338 3451 532 3507 melius
554 3449 754 3521 aliquid
774 3448 1116 3521 providente,
1152 3461 1221 3502 ne
1243 3445 1360 3502 sine
1394 3443 1551 3509 nobis
1572 3454 1903 3498 consumma-

339 3551 547 3599 rentur.
593 3561 612 3595 ι

410 3632 520 3688 XC.
559 3632 699 3687 Ecce
727 3631 784 3685 hi
824 3629 1030 3693 Patres,
1058 3628 1151 3697 qui
1182 3626 1355 3681 adhuc
1396 3624 1497 3681 sub
1545 3622 1740 3676 umbra
1783 3617 1904 3672 lue-

341 3732 490 3788 runt,
537 3736 672 3790 quos
714 3718 1005 3789 Apostolus
1050 3715 1367 3780 nominavit,
1415 3728 1515 3783 per
1558 3710 1719 3766 ﬁdem
1772 3707 1906 3763 salvi

340 3811 472 3866 facti
499 3817 624 3864 sunt
652 3817 745 3863 :et
779 3823 878 3877 pro
915 3807 1153 3876 ipsorum
1192 3804 1468 3860 descendit
1519 3800 1799 3856 animabus
1840 3795 1909 3853 ad

259 3952 271 3961 ,
344 3897 575 3960 inferna,
606 3906 664 3952 et
690 3912 785 3952 eas
817 3912 999 3952 secum
1027 3895 1251 3950 adduxit
1303 3894 1371 3949 ad
1413 3893 1616 3956 caelos;
1654 3901 1709 3945 et
1732 3889 1911 3944 adhuc

342 3987 504 4047 hodie
547 3986 693 4041 illam
732 3985 1203 4056 repromissionezn
1257 3998 1366 4038 non
1408 3993 1435 4021 α
1460 3986 1783 4051 acceperunt
1819 3976 1910 4032 isti

341 4076 595 4147 majores.
619 4077 688 4132 Et
720 4068 812 4131 ubi
835 4083 958 4131 sunt
993 4074 1072 4130 illi
1094 4075 1187 4145 qui
1217 4075 1402 4130 dicunt
1420 4074 1562 4143 quod
1584 4072 1639 4126 hi
1664 4071 1757 4141 qui
1786 4084 1909 4125 cum

342 4167 558 4224 Christo
583 4172 1011 4229 resurrcxerunt,
1045 4178 1167 4217 cum
1213 4176 1375 4217 carne
1434 4168 1490 4215 et
1534 4159 1812 4213 animabus
1855 4157 1909 4211 in

344 4256 510 4314 ctelos
546 4271 668 4310 cum
713 4253 932 4309 Christo
982 4251 1369 4309 ascanderunt?
1419 4250 1539 4306 Non
1583 4248 1912 4306 concordant

343 4348 617 4419 Apostolo,
647 4347 739 4418 qui
766 4348 869 4402 hoc
892 4346 1011 4402 loco
1050 4345 1184 4401 dixit
1208 4362 1222 4399 :
1251 4343 1376 4398 Non
1399 4350 1707 4412 acceperunt
1732 4356 1908 4412 repro~

342 4440 659 4503 missionem,
686 4437 793 4491 Deo
812 4454 906 4508 pro
928 4437 1073 4491 nobis
1090 4435 1290 4508 aliquid
1310 4433 1494 4490 melius
1516 4434 1831 4505 providente,
1854 4441 1910 4486 ut

342 4544 449 4582 non
478 4529 588 4582 sine
611 4527 758 4582 nobis
784 4535 1289 4581 consummarentur.
1336 4523 1614 4590 Quomodo
1635 4530 1760 4577 sunt
1787 4536 1911 4576 cum

344 4633 508 4674 carne
528 4617 582 4672 in
602 4616 760 4683 caelo,
785 4616 830 4672 si
854 4616 881 4655 ι)
910 4617 1087 4671 adhuc
1116 4615 1327 4670 illorum
1356 4611 1769 4683 repromissione
1795 4610 1913 4665 sine

343 4708 500 4763 nobis
529 4706 1063 4762 consummarentur?
1090 4704 1197 4758 Aut
1224 4704 1491 4773 quomodo
1520 4717 1647 4772 pars
1667 4699 1914 4769 corporis

342 4798 621 4862 Ecclesiae,
652 4812 770 4866 quae
803 4805 963 4865 caput
984 4798 1148 4850 habet
1191 4796 1245 4849 in
1290 4795 1445 4858 cmlo,
1474 4808 1601 4863 pars
1648 4790 1910 4855 ascendit,

343 4894 401 4941 et
434 4901 560 4954 pars
594 4885 795 4954 patitur
822 4884 1015 4949 adhuc,
1047 4892 1102 4939 et
1124 4899 1246 4953 pars
1264 4891 1410 4950 jacet
1444 4881 1687 4951 sepulta?
1723 4880 1791 4934 Et
1819 4879 1909 4934 ubi

344 4979 453 5034 erit
480 4978 609 5033 illud
645 4976 788 5049 quod
814 4975 1048 5033 Joannes
1104 4976 1159 5031 in
1213 4974 1528 5045 Apocalypsi
1560 4973 1691 5028 dicit
1723 4989 1737 5026 :
1794 4970 1913 5026 Vidi

344 5074 522 5129 subter
547 5070 713 5127 altare
746 5072 949 5126 animas
977 5072 1399 5140 interemptorum
1445 5076 1654 5139 propter
1690 5065 1913 5122 Verbum

345 5162 467 5227 Dei,
497 5172 545 5216 et
581 5163 930 5217 testimonium
965 5159 1105 5231 quod
1152 5159 1406 5215 habebant
1456 5158 1639 5229 (Apoc.
1686 5174 1762 5223 vi,
1807 5156 1912 5227 9)?

345 5248 466 5305 Non
486 5258 704 5320 propter
727 5249 871 5306 aliud
889 5249 1054 5306 occisi
1085 5244 1207 5304 sunt
1225 5289 1241 5314 ,
1289 5248 1383 5303 sed
1406 5255 1623 5319 propter
1675 5247 1911 5303 Verbum

348 5342 467 5404 Dei,
493 5349 711 5412 propter
744 5342 978 5398 Verbum
1007 5343 1374 5406 incarnatum,
1404 5348 1627 5410 propter
1668 5339 1913 5394 testimo-

347 5432 500 5495 nium
531 5431 676 5502 quod
693 5432 964 5487 habebant
987 5428 1113 5487 Jesu
1145 5430 1366 5498 Christi,
1392 5446 1550 5501 quem
1593 5430 1916 5502 praedicave-

350 5528 499 5586 runt,
531 5527 974 5591 exspectaverunt
1018 5527 1072 5574 et
1092 5520 1360 5587 viderunt,
1400 5520 1487 5578 cui
1521 5528 1575 5576 et
1599 5519 1909 5576 clamabant

352 5666 358 5672 -
423 5643 450 5673 ι
491 5629 675 5698 Quoad
695 5644 890 5701 corpus
933 5630 1156 5687 scilicet.

1995 1824 2104 1883 Sed
2137 1824 2262 1894 quia
2300 1840 2405 1879 non
2453 1825 2569 1879 haec
2605 1824 2886 1880 tractanda
2938 1824 3294 1892 suscepimus,
3333 1826 3400 1879 ad
3437 1839 3563 1893 pm-

1992 1916 2219 1971 missum
2250 1916 2495 1970 ordinem
2534 1914 2817 1970 redeamus
2844 1953 2859 1979 ,
2923 1922 2979 1969 et
3033 1915 3164 1984 quid
3216 1915 3288 1970 sit
3324 1930 3452 1971 vera
3489 1915 3559 1971 ﬁ-

1990 2005 2088 2061 des
2110 2048 2125 2070 ,
2166 2014 2460 2061 tractemus
2499 2022 2512 2057 :
2556 2003 2693 2070 Quia
2730 2006 2844 2059 sine
2869 2004 2974 2072 [ide
3003 2004 3179 2059 nullus
3203 2004 3408 2075 placere
3450 2004 3560 2060 Deo

1992 2105 2179 2166 potest.

2066 2184 2218 2239 XCII.
2257 2183 2363 2239 Sed
2406 2184 2532 2253 quia
2560 2184 2626 2239 de
2650 2182 2833 2239 Veteri
2887 2182 3231 2239 Testamento
3272 2182 3387 2253 jam
3435 2200 3559 2239 cum

1993 2271 2249 2342 Apostolo
2283 2271 2517 2326 diximus
2541 2311 2556 2338 ,
2595 2278 2650 2326 et
2693 2287 2799 2326 una
2832 2270 2967 2327 ﬁdes
3003 2280 3113 2338 est,
3146 2281 3203 2339 et
3249 2289 3414 2327 unum
3461 2274 3562 2328 Do-

1995 2362 2199 2419 minum
2225 2362 2509 2426 credimus,
2536 2362 2605 2417 ad
2635 2361 2841 2417 Novum
2863 2363 3282 2427 Testamentum,
3311 2364 3427 2434 ipso
3453 2364 3559 2419 Do-

1998 2454 2145 2508 mino
2168 2453 2517 2527 praecedente,
2543 2453 2837 2508 veniamus.
2871 2451 3004 2510 Fide
3029 2455 3143 2524 ipsa
3185 2454 3340 2525 Virgo
3371 2454 3563 2523 angelo

1998 2543 2247 2608 credidit,
2274 2544 2493 2598 dicens:
2525 2544 2660 2599 Ecce
2689 2543 2882 2599 ancilla
2904 2545 3116 2600 Domini
3140 2561 3159 2598 :
3184 2545 3279 2615 ﬁat
3313 2545 3440 2600 mihi
3473 2562 3556 2600 se-

1999 2634 2228 2689 cundum
2252 2635 2456 2689 verbum
2474 2644 2642 2688 tuum.
2668 2634 2798 2692 Fide
2824 2635 3094 2692 Elisabeth
3120 2644 3336 2689 matrem
3353 2634 3564 2689 Domini

2000 2724 2331 2794 praedicavit.
2386 2723 2517 2779 Fide
2567 2723 2784 2779 Simeon
2813 2726 3063 2795 cognovit
3091 2724 3395 2779 Dominum.
3435 2723 3566 2781 Fide

2001 2815 2154 2869 Anna
2180 2815 2462 2871 Dominum
2493 2814 2748 2869 laudavit.
2775 2811 2905 2870 Fide
2946 2814 3190 2869 centurio
3219 2814 3352 2869 dixit
3397 2831 3410 2867 :
3465 2811 3570 2868 Do-

2003 2906 2171 2971 mine,
2209 2914 2412 2960 tantum
2445 2906 2530 2959 dic
2578 2904 2758 2972 verbo,
2809 2914 2858 2959 et
2909 2905 3183 2960 sanabitur
3224 2922 3354 2976 puer
3397 2923 3562 2961 meus.

2007 2997 2075 3052 Et
2094 2996 2352 3055 Dominus
2375 2998 2603 3054 miratus
2612 3013 2672 3055 se
2684 2998 3029 3069 sequentibus
3052 3000 3187 3055 dixit
3214 3019 3227 3055 :
3255 3000 3377 3056 Non
3400 3001 3570 3055 inveni

1998 3096 2197 3144 tantam
2209 3088 2367 3159 ﬁdem
2380 3090 2436 3145 in
2450 3089 2638 3145 Israel.
2668 3089 2732 3144 Et
2748 3090 2820 3143 ait
2841 3091 2891 3145 ei
2912 3107 2931 3145 :
2965 3088 3127 3157 Vade,
3151 3093 3283 3146 sicut
3301 3092 3567 3149 credidisti

1996 3179 2094 3249 ﬁat
2114 3178 2227 3231 tibi.
2256 3176 2364 3232 Aut
2395 3178 2524 3247 quid
2552 3179 2762 3233 dicam?
2782 3178 2913 3234 Fide
2943 3179 3169 3249 apostoli
3204 3182 3567 3238 crediderunt.

1998 3267 2128 3324 Fide
2154 3267 2283 3323 (ιωοί
2303 3267 2690 3323 illuminantur.
2719 3267 2849 3323 Fide
2872 3268 3099 3324 diversa:
3121 3270 3450 3329 valetudines
3476 3288 3569 3329 cu-

2001 3366 2209 3415 rantur.
2222 3358 2353 3413 Fide
2370 3358 2561 3414 mulier
2573 3359 2836 3414 ﬁmbriam
2850 3360 3153 3416 vestimenti
3167 3368 3411 3431 tangens,
3424 3365 3571 3421 salva

2000 3449 2144 3506 facta
2156 3457 2259 3505 est.
2280 3448 2362 3502 Ad
2380 3464 2539 3518 quam
2552 3449 2708 3504 Jesus
2725 3450 2859 3504 dixit
2877 3465 2891 3502 :
2909 3448 3143 3518 Con/ide,
3165 3450 3300 3519 ﬁlia,
3320 3453 3455 3520 ﬁdes
3472 3464 3567 3510 tua

2001 3551 2052 3596 te
2075 3539 2273 3594 salvam
2293 3539 2432 3608 fecit.
2458 3539 2586 3595 Fide
2608 3540 2799 3596 mulier
2812 3540 3114 3598 Chananzea
3132 3544 3439 3613 importune
3463 3547 3574 3602 cla-

2003 3629 2208 3692 mahat,
2240 3628 2426 3682 dicens
2462 3646 2475 3681 :
2525 3628 2780 3696 Domine,
2838 3631 3035 3700 adjuva
3080 3649 3182 3688 me.
3220 3634 3571 3703 Respondens

2005 3716 2163 3774 Iesus
2190 3716 2265 3771 ait
2291 3734 2303 3769 :
2331 3716 2456 3771 Non
2479 3726 2553 3771 est
2582 3716 2773 3772 bonum
2806 3734 3009 3775 sumere
3048 3738 3235 3791 panem
3260 3722 3493 3792 ﬁliorum
3522 3736 3571 3783 et

2004 3809 2209 3863 mittere
2251 3807 2486 3862 canibus.
2537 3807 2608 3862 Et
2634 3807 2728 3863 illa
2775 3809 2909 3864 dixit
2932 3828 2951 3864 :
2978 3810 3229 3883 Domine,
3260 3832 3383 3871 nam
3409 3827 3457 3872 et
3482 3835 3571 3874 ca-

2004 3894 2115 3953 telli
2134 3895 2294 3950 edunt
2319 3896 2382 3951 de
2404 3897 2551 3951 micis
2571 3914 2688 3968 qua:
2715 3898 2908 3954 cadunt
2937 3900 3000 3955 de
3024 3918 3204 3958 mensa
3241 3906 3574 3964 dominorum

2007 4005 2241 4045 suorum.
2284 3988 2428 4043 Tunc
2454 3989 2766 4060 respondens
2784 3991 2969 4058 Iesus,
3000 3994 3075 4048 ait
3121 3994 3199 4049 illi
3229 4013 3247 4050 :
3294 3995 3338 4051 Ο
3363 3998 3570 4064 mulier,

2009 4098 2199 4152 magna
2225 4090 2298 4136 est
2320 4081 2453 4150 ﬁdes
2483 4090 2607 4148 tua,
2641 4082 2737 4151 ﬁat
2779 4084 2873 4139 tibi
2917 4086 3052 4139 sicut
3105 4088 3391 4144 credidisti.
3445 4089 3578 4148 Fide

2008 4172 2225 4242 gentilis
2243 4173 2472 4242 populus
2499 4172 2747 4228 credidit.
2774 4173 2905 4229 Fide
2928 4182 2983 4230 et
3006 4176 3165 4235 hodie
3189 4179 3446 4234 creditur.
3471 4179 3577 4237 Sed

2008 4262 2194 4318 multis
2218 4264 2391 4320 modis
2418 4263 2554 4319 ﬁdes
2573 4264 2832 4331 variatur,
2878 4273 2935 4320 et
2979 4265 3113 4321 ﬁdes
3161 4283 3287 4323 vera
3333 4280 3573 4338 putatur,

2011 4371 2132 4426 qua:
2155 4355 2287 4411 ﬁdes
2322 4371 2450 4412 vera
2476 4371 2585 4411 non
2606 4364 2709 4411 est.
2735 4355 2886 4413 Sicut
2918 4357 3103 4414 multis
3136 4360 3309 4417 modis
3332 4361 3578 4419 Christus

2002 4460 2153 4501 unus
2175 4446 2516 4515 praedicatur,
2568 4454 2625 4501 et
2656 4445 2903 4503 Christus
2928 4456 3171 4516 putatur,
3210 4451 3305 4519 qui
3331 4450 3579 4509 Christus

2013 4552 2121 4592 non
2143 4543 2247 4592 est.
2295 4535 2387 4591 Sic
2428 4535 2563 4593 ﬁdes
2600 4545 2822 4605 putatur
2852 4554 3000 4605 vera,
3032 4552 3153 4609 quae
3179 4554 3307 4596 vera
3336 4556 3442 4596 non
3471 4550 3575 4598 est.

2012 4626 2173 4682 Fides
2216 4625 2351 4681 falsa
2381 4634 2497 4691 est,
2557 4641 2676 4696 quae
2701 4628 2821 4684 sine
2863 4629 3131 4685 charitate
3182 4638 3286 4686 est.
3337 4630 3581 4702 Denique

2011 4726 2298 4787 postquam
2327 4717 2553 4786 apostoli
2574 4719 2802 4775 Domino
2822 4721 3186 4791 crediderunt,
3211 4723 3348 4780 dixit
3378 4722 3572 4782 lesus:

2016 4805 2210 4860 Pd’cem
2245 4822 2413 4861 meam
2440 4807 2509 4862 do
2536 4808 2676 4863 vobis
2693 4849 2710 4874 ,
2733 4825 2912 4878 pacem
2940 4811 3176 4884 relinquo
3200 4815 3357 4870 vobis.
3382 4815 3577 4871 Pacem

2013 4911 2223 4961 meam,
2251 4913 2355 4951 non
2379 4897 2512 4952 sicut
2563 4899 2788 4955 mundus
2845 4901 2999 4955 habet
3044 4919 3244 4972 pacem.
3303 4904 3576 4973 Siquidem

2015 4985 2200 5041 mundi
2245 5003 2350 5057 pax
2397 4995 2639 5043 nostrum
2676 4989 2871 5044 bellum
2916 4999 3020 5045 est.
3081 4990 3257 5046 ﬂeam
3298 5007 3479 5063 pacem
3510 4994 3578 5048 do

2017 5076 2172 5132 vobis.
2215 5076 2422 5131 Bellum
2448 5078 2641 5133 habete
2664 5092 2787 5134 cum
2816 5080 3034 5145 mundo,
3081 5088 3136 5136 et
3163 5095 3339 5136 meam
3391 5097 3577 5153 pacem

2018 5165 2303 5221 habebitis.
2338 5166 2409 5220 Et
2438 5167 2493 5220 in
2524 5167 2621 5221 hoc
2648 5178 2950 5239 cognoscent
2979 5185 3155 5225 omnes
3172 5170 3425 5238 homines,
3452 5173 3577 5243 quia

2018 5257 2118 5311 mei
2140 5255 2382 5326 discipuli
2403 5257 2546 5323 estis,
2568 5258 2613 5312 si
2638 5257 2962 5313 dilectionem
2991 5259 3061 5314 ad
3090 5260 3305 5316 invicem
3330 5261 3577 5317 habueri-

2017 5349 2106 5404 tis.
2136 5347 2287 5403 Tunc
2324 5348 2399 5403 illi
2450 5363 2638 5404 omnes
2680 5348 2785 5404 hoc
2823 5360 3146 5420 praeceptum
3201 5358 3524 5421 acceperunt
3547 5366 3579 5406 a

2019 5442 2300 5511 magistro,
2322 5440 2463 5496 facta
2484 5441 2784 5507 collatione,
2810 5451 3013 5497 tantam
3026 5443 3327 5498 habuerunt
3339 5442 3579 5499 dilectio

2020 5549 2167 5599 nem,
2196 5543 2257 5589 ut
2280 5534 2337 5588 in
2388 5533 2669 5589 duodecim
2698 5533 2774 5590 illi
2819 5533 3132 5604 corporibus
3163 5534 3393 5589 animum
3441 5533 3577 5604 face-

2095 5626 2122 5665 b
2164 5625 2338 5682 Locus
2358 5624 2667 5681 mendosus.
