3992 6176
499 253 602 308 951

1313 254 1717 321 ELIPAN‘DUS,
1757 255 1980 324 FELIX,
2022 255 2366 316 HETERIUS
2405 261 2492 317 ET
2532 263 2590 318 S.
2632 266 2923 326 BEATUS.

3643 275 3753 333 95?.

499 370 615 458 rent
641 376 819 425 unam,
851 376 1012 458 unum
1033 376 1141 458 cor,
1173 370 1227 416 et
1248 363 1578 418 voluntatem
1609 380 1790 419 unam.
1831 365 1900 420 Et
1929 381 2067 435 qua-
2105 371 2150 426 Α
2178 371 2596 441 manducarent;
2629 385 2679 431 et
2700 379 2932 448 paruulis
2948 381 3244 452 frangerent
3266 392 3314 439 et
3335 386 3542 453 darent,
3567 387 3624 444 id
3644 399 3752 458 est,

503 449 628 504 liter
657 453 898 506 crederet
927 451 1188 518 Ecclesia,
1219 469 1328 508 non
1352 471 1489 511 unus
1517 458 1818 526 composuit
1843 457 2074 527 Symbo-

2177 460 2490 525 sententias,
2533 477 2668 532 quas
2692 475 2872 522 mente
2910 470 3118 537 parvuli
3149 487 3254 526 non
3281 473 3618 545 intelligunt,
3648 479 3750 548 ipsi

501 539 614 595 lum
640 542 803 606 ﬁdei,
843 544 937 596 sed
963 557 1152 599 omnes
1192 545 1399 615 singula
1428 548 1592 602 verba
1640 557 1954 617 posuerunt.
2011 548 2079 602 Et
2175 563 2239 602 ea
2261 553 2666 619 responderent.
2693 554 2799 611 Sed
2824 559 2948 627 quia
2975 561 3078 615 sibi
3109 563 3380 631 sapientes
3400 539 3685 634 videntur;
3697 583 3750 628 et

503 633 642 701 quod
670 633 832 686 corde
855 633 1202 689 crediderunt
1229 635 1519 692 dilectione
1553 639 2072 694 demonstraverunt.

498 724 652 790 Quod
683 725 921 781 hmretici
962 742 1069 782 non
1103 725 1307 782 faciunt
1361 743 1375 782 :
1428 731 1522 783 sed
1565 730 1934 798 unusquisque
1974 729 2075 783 sibi

501 820 716 889 sapiens
750 837 869 877 esse
897 821 1128 886 videtur,
1154 831 1207 876 et
1232 837 1339 876 non
1373 822 1600 891 requirit
1640 823 1882 876 membra
1906 862 1921 886 ,
1974 836 2076 876 nec

501 908 844 964 collationem
874 924 1093 965 necesse
1115 910 1308 974 habet;
1342 911 1436 965 sed
1461 911 1529 965 ad
1574 924 1726 964 suam
1755 924 1947 964 novam
1972 909 2072 964 do~

499 1001 730 1054 ctrinam
764 1015 954 1055 omnes
1003 1000 1108 1054 rult
1157 1000 1438 1055 inclinare.
1499 1000 1566 1054 Et
1613 1014 1735 1054 cum
1777 999 2072 1054 catholicus

498 1089 729 1144 noluerit
786 1105 908 1144 eum
970 1090 1178 1154 audire,
1211 1090 1478 1145 excitatur
1535 1090 1590 1144 in
1624 1089 1969 1145 discordiam.
2007 1088 2070 1142 In

498 1181 601 1234 hoc
658 1180 1073 1249 deprehenditur
1127 1182 1360 1252 primum
1410 1181 1536 1250 quia
1566 1196 1674 1236 non
1719 1181 1883 1236 habet
1908 1179 2068 1236 ﬁdem

499 1280 643 1327 recta
651 1289 721 1326 m.

562 1360 828 1428 Secundo,
863 1363 986 1431 quia
1013 1376 1117 1416 non
1147 1362 1310 1416 habet
1337 1361 1678 1415 charitatem.

560 1449 739 1506 XCIII.
783 1452 988 1517 Tertio,
1013 1452 1139 1521 quia
1161 1451 1336 1520 qualis
1376 1451 1485 1515 ille,
1533 1451 1669 1504 tales
1713 1458 1770 1504 et
1813 1450 2061 1518 discipuli

486 1541 621 1609 ejus.
648 1543 783 1611 Quia
805 1544 980 1599 omnis
1031 1543 1289 1615 magister
1330 1543 1382 1596 in
1421 1542 1696 1611 discipulis
1731 1542 2058 1612 agnoscitur,

486 1633 628 1689 sicut
652 1643 707 1690 et
727 1634 972 1691 Christus
1003 1635 1057 1690 in
1084 1634 1363 1704 apostolis.
1393 1632 1529 1687 Nam
1574 1633 1750 1688 omnis
1798 1632 2060 1701 magister

485 1727 578 1794 qui
605 1727 668 1781 de
691 1727 934 1783 doctrina
955 1727 1156 1784 Christi
1181 1735 1283 1790 est,
1310 1727 1544 1795 primum
1573 1740 1604 1779 a
1634 1725 1945 1779 domesticis
1967 1739 2059 1778 co-

487 1818 766 1886 gnoscitur
795 1819 968 1887 qualis
993 1818 1082 1872 sit.
1112 1816 1264 1874 Sicut
1287 1815 1574 1885 Apostolus
1601 1816 1802 1879 docuit,
1834 1814 2058 1868 Domum

489 1923 635 1961 suam
663 1909 788 1962 bene
811 1917 1084 1977 regentem,
1113 1907 1252 1976 ﬁlios
1279 1906 1465 1960 habere
1488 1905 1743 1970 subditos,
1774 1921 1891 1958 cum
1917 1903 2057 1956 omni

485 2000 742 2052 castitate.
779 1998 916 2064 Quia
937 1999 1025 2069 qui
1046 1997 1258 2052 domum
1304 2013 1456 2051 suam
1489 1997 1612 2050 bene
1666 2012 1771 2050 non
1811 1995 1959 2064 regit,
2000 1994 2057 2047 in

487 2090 640 2144 domo
671 2090 767 2145 Dei
793 2091 1115 2162 diligentiam
1137 2090 1324 2146 habere
1349 2107 1451 2144 non
1485 2098 1670 2160 potest.
1703 2089 1836 2142 Nam
1880 2087 2056 2143 omnis

486 2183 576 2252 qui
607 2183 894 2252 discipulos
920 2183 1118 2246 nutrit,
1159 2183 1212 2236 in
1238 2189 1444 2235 tantum
1467 2195 1560 2235 eos
1591 2179 1812 2234 instruit
1851 2178 1907 2232 in
1951 2177 2056 2232 ﬁde

484 2289 610 2328 vera
635 2315 650 2336 ,
689 2276 859 2328 donec
899 2273 1145 2328 Christus
1186 2271 1447 2327 formetur
1487 2271 1541 2325 in
1578 2270 1713 2332 illis,
1759 2268 2054 2324 secundum

483 2365 779 2436 apostolum
806 2364 1029 2419 Pauium
1049 2405 1064 2430 ,
1105 2365 1196 2435 qui
1224 2363 1437 2419 dicebat
1466 2361 1741 2432 discipulis
1793 2378 1806 2414 :
1868 2358 2051 2413 Filioli

482 2460 601 2521 mei,
628 2475 755 2528 quos
784 2457 953 2511 adhuc
974 2457 1230 2528 parturio,
1260 2455 1422 2509 donec
1447 2453 1688 2508 Christus
1718 2451 1975 2521 formetur
1993 2449 2050 2502 in

482 2549 637 2601 vobis.
667 2547 795 2600 Item
825 2547 937 2616 ipse
963 2562 978 2600 :
1016 2545 1313 2599 Imitatores
1343 2544 1443 2598 mei
1477 2552 1658 2604 estote,
1704 2542 1836 2595 sicut
1864 2548 1911 2592 et
1955 2555 2048 2608 ego

480 2636 694 2688 Christi.
721 2634 976 2689 Potuerat
1001 2635 1257 2690 Dominus
1280 2642 1464 2688 noster
1489 2631 1644 2686 Jesus
1671 2629 1917 2685 Christus
1942 2642 2049 2682 uno

482 2725 570 2779 die
596 2725 789 2778 docere
817 2723 1109 2792 discipulos
1155 2736 1302 2786 suos,
1347 2723 1392 2776 si
1437 2721 1714 2783 voluisset,
1761 2717 1885 2786 quia
1934 2716 2048 2785 ipse

476 2823 594 2870 erat
618 2815 786 2878 Deus,
813 2815 903 2883 qui
928 2814 1036 2868 illis
1056 2814 1322 2883 inspirare
1341 2819 1588 2882 potuerat
1613 2828 1717 2864 una
1742 2811 1875 2864 hora
1903 2809 2048 2877 quod

476 2907 644 2961 multo
672 2916 914 2975 tempore
943 2905 1245 2974 inspiravit.
1302 2905 1408 2960 Sed
1435 2919 1532 2974 pro
1571 2904 1672 2958 hoc
1713 2901 1913 2956 factum
1941 2908 2042 2965 est,

475 2999 645 3066 utqui
691 2999 931 3068 magistri
958 2997 1317 3054 Ecclesiarum
1365 3013 1485 3054 esse
1533 2998 1817 3057 deberent,
1871 2993 2042 3049 multo

476 3100 714 3158 tempore
733 3089 924 3160 perlac
943 3099 1268 3154 crescerent,
1298 3098 1495 3144 etcum
1518 3088 1702 3143 labore
1723 3087 1791 3140 ad
1812 3086 2041 3142 solidum

475 3182 657 3236 cibum
704 3181 1082 3251 pervenirent:
1115 3182 1204 3250 qui
1235 3181 1336 3234 etsi
1377 3181 1603 3234 multum
1643 3178 2040 3240 laboraverunt,

471 3271 597 3340 quia
626 3277 946 3324 erraverunt
968 3269 1452 3333 etduhitaverunt;
1484 3267 1576 3322 sed
1601 3267 1815 3322 illorum
1843 3265 2042 3319 erratio

471 3370 656 3416 nostra
707 3367 790 3414 est
825 3360 1127 3429 correptio,
1182 3360 1392 3413 illorum
1446 3357 1691 3413 dubietas
1737 3364 1920 3411 nostra
1958 3361 2043 3410 est

470 3449 720 3504 ﬁrmitas.
755 3448 968 3502 Erravit
986 3449 1179 3502 Petrus
1208 3449 1332 3518 quia
1355 3447 1589 3518 negavit.
1611 3446 1884 3501 Dubitavit
1899 3445 2041 3500 Tho-

468 3555 585 3594 mas
612 3540 679 3594 de
717 3538 1110 3594 resurrectione
1154 3539 1277 3608 quia
1305 3538 1443 3592 dixit
1489 3556 1501 3590 :
1535 3536 1655 3590 Nisi
1681 3536 1856 3591 videro
1881 3576 1896 3599 ,
1934 3551 2042 3590 non

468 3631 697 3683 credam.
736 3629 1012 3684 Dubitavit
1056 3628 1320 3697 Cleophas
1368 3637 1425 3682 et
1474 3627 1648 3680 Lucas
1691 3624 2038 3695 evangelista,

469 3722 592 3789 quia
616 3721 866 3776 dixerunt
893 3736 906 3772 :
941 3719 1054 3773 Nos
1093 3719 1405 3788 putabamus
1435 3733 1572 3780 eum,
1595 3715 1733 3786 quod
1773 3716 1882 3784 ipse
1905 3722 2040 3767 esset

468 3811 823 3881 redempturus
850 3809 1038 3864 Israel.
1069 3809 1136 3862 Et
1163 3824 1285 3862 cum
1318 3823 1424 3862 non
1465 3812 1851 3876 cognoscerent
1877 3804 2038 3860 Chri-

466 3909 629 3966 stum,
649 3911 704 3956 ct
728 3903 1194 3971 interrogaverunt
1214 3902 1278 3954 ab
1291 3915 1356 3955 eo
1377 3915 1539 3971 quare
1550 3907 1716 3953 essent
1737 3898 1929 3962 tristes,
1956 3911 2041 3951 re-

467 3993 798 4060 sponderunt
823 3992 872 4045 ei
899 4005 912 4044 ι
942 3989 1018 4043 Tu
1039 3989 1181 4043 solus
1204 3991 1506 4061 peregrinus
1530 3989 1699 4058 factus
1723 4004 1776 4041 es
1801 3988 1861 4040 in
1883 3986 2041 4040 Jeru-

469 4079 652 4143 salem,
679 4089 727 4133 et
758 4096 862 4133 non
910 4080 1211 4149 cognovisti,
1260 4094 1377 4149 quae
1406 4077 1546 4146 facta
1574 4085 1694 4130 sunt
1737 4078 1792 4130 in
1821 4075 1916 4129 illa
1957 4075 2038 4130 his

463 4170 684 4223 diebus?
703 4169 851 4223 Dixit
872 4170 946 4222 eis
960 4168 994 4222 J
997 4184 1113 4221 esus
1131 4183 1149 4221 :
1171 4166 1328 4232 Quae?
1346 4166 1758 4236 Responderunt,
1781 4164 2006 4218 dicentes
2017 4180 2038 4218 :

465 4260 542 4314 De
562 4261 689 4314 Jesu
721 4259 1004 4313 Nazarene
1022 4299 1036 4320 ,
1065 4258 1155 4328 qui
1180 4256 1280 4326 fuit
1304 4256 1554 4327 propheta
1579 4255 1752 4325 major
1794 4255 1853 4308 in
1887 4270 2038 4324 opere

461 4362 512 4406 et
537 4367 790 4406 sermone.
820 4351 982 4404 Vides
1002 4350 1127 4418 quia
1165 4364 1273 4402 non
1313 4347 1653 4402 aestimabant
1683 4361 1806 4400 eum
1865 4345 2034 4398 Deum

463 4457 598 4502 esse,
626 4441 716 4495 sed
733 4439 1080 4510 prophetam?
1108 4437 1383 4493 Dubitavit
1410 4437 1706 4505 Philippus,
1731 4435 1821 4504 qui
1844 4434 1980 4489 dixit
2003 4451 2019 4487 :

463 4531 702 4595 Domine,
726 4531 936 4584 ostende
971 4531 1116 4584 nobis
1151 4529 1379 4595 Patrem,
1406 4538 1454 4582 et
1474 4529 1659 4598 sufﬁcit
1687 4527 1851 4582 nobis.
1889 4525 2025 4581 Pro-

470 4622 614 4673 tinus
644 4619 883 4672 audivit:
918 4617 1084 4672 Tanto
1129 4627 1354 4688 tempore
1382 4617 1640 4671 vobiscum
1669 4631 1804 4680 sum,
1849 4624 1897 4669 et
1923 4631 2028 4668 non

466 4711 746 4779 cognouisti
761 4725 861 4772 me,
887 4708 1160 4779 Philippe?
1185 4708 1288 4774 Qui
1311 4707 1442 4762 videt
1463 4723 1564 4771 me,
1587 4706 1719 4760 uidet
1741 4715 1788 4759 et
1814 4705 2027 4767 Patrem

461 4814 654 4851 meum.
700 4796 824 4851 Non
848 4797 1016 4852 credis
1043 4798 1168 4867 quia
1193 4813 1285 4866 ego
1315 4798 1370 4849 in
1393 4795 1572 4860 Patre,
1617 4804 1664 4848 et
1689 4794 1846 4848 Pater
1869 4787 2028 4848 in'me

461 4887 575 4940 est?
596 4887 709 4942 Hoc
728 4894 902 4942 totum
926 4902 1095 4956 quare
1119 4887 1240 4941 dico
1261 4888 1402 4955 quod
1424 4884 1648 4955 apostoli
1674 4884 2030 4939 erraverunt?

464 4975 691 5046 Propter
716 4977 1018 5041 haereticos,
1047 4976 1136 5045 qui
1161 4976 1408 5045 discipuli
1444 4991 1550 5030 non
1585 4973 1802 5030 fuerunt
1839 4983 1893 5028 et
1921 4989 2031 5028 ma-

463 5068 616 5137 gistri
643 5077 788 5123 sunt.
810 5067 964 5134 Quod
989 5067 1113 5121 siin
1149 5066 1427 5137 disciplina
1480 5065 1649 5120 multo
1700 5073 1940 5134 tempore
1974 5065 2030 5119 in

463 5157 751 5212 wllatione
784 5159 1138 5223 laborassent,
1173 5158 1248 5212 ibi
1277 5158 1555 5212 audissent
1594 5157 1725 5226 quid
1764 5157 2007 5211 dicerent

463 5246 540 5300 Ibi
568 5247 1104 5316 reprehenderentur,
1134 5253 1192 5299 ut
1212 5246 1575 5300 emendarent.
1600 5243 1678 5297 Ibi
1704 5244 2032 5313 corrigeren-

465 5342 572 5399 tur,
598 5351 705 5404 quo
731 5343 979 5390 errarent
996 5375 1010 5398 ,
1050 5335 1216 5396 donec
1235 5334 1482 5390 Christus
1505 5334 1811 5387 ﬁrmaretur
1832 5333 1884 5386 in
1907 5333 1987 5387 eis
2010 5347 2025 5386 :

465 5429 522 5474 et
544 5423 624 5476 sic
652 5437 774 5476 cum
825 5423 1014 5493 grandi
1065 5422 1270 5486 labore,
1325 5422 1528 5478 orando
1575 5431 1628 5475 et
1673 5421 2026 5485 humiliando,

467 5511 789 5580 quandoque
823 5514 889 5567 ad
929 5514 1154 5580 solidum
1184 5513 1360 5567 cibum
1391 5515 1753 5582 pervenirent.
1802 5513 1870 5567 Et
1904 5529 2028 5570 cum

469 5601 856 5676 pervenissent,
908 5601 1012 5665 iam
1045 5604 1230 5658 dentes
1270 5605 1531 5659 habentes
1569 5605 1796 5668 solidum
1836 5620 2026 5674 panem

2173 651 2270 706 pro
2292 640 2544 710 despectu
2568 645 2671 701 hoc
2692 645 2869 702 facere
2891 649 3097 712 nolunt,
3131 651 3250 707 ideo
3275 655 3522 724 magistri
3544 662 3750 718 erroris

2174 730 2345 795 ﬁunt,
2385 735 2508 802 quia
2537 737 2783 793 veritatis
2815 739 3064 808 discipuli
3087 756 3207 797 esse
3233 744 3544 802 noluerunt.
3575 749 3750 806 Disci-

2171 818 2280 886 puli
2320 821 2537 889 quidem
2575 823 2831 889 fuerunt,
2897 829 2989 882 sed
3032 829 3099 884 de
3147 831 3432 902 disciplina
3475 839 3747 895 secuturi.

2169 905 2238 960 Et
2299 907 2418 962 ideo
2459 909 2605 967 fures
2635 922 2689 968 et
2748 915 2985 972 latrones
3045 917 3101 972 in
3146 920 3431 978 collatione
3487 926 3750 984 Ecclesia!

2168 1007 2572 1064 apparuerunt,
2611 1003 2738 1071 quia
2785 1020 2887 1058 non
2924 1022 3017 1076 per
3053 1009 3273 1076 ostium,
3314 1015 3456 1082 quod
3480 1025 3561 1070 est
3586 1017 3750 1072 Chri-

2168 1093 2320 1151 stus;
2359 1089 2452 1142 sed
2499 1091 2714 1147 aliunde
2738 1095 2968 1164 primam
3013 1099 3326 1155 cathedram
3356 1107 3742 1164 ascenderunt.

2166 1169 2234 1224 Et
2273 1172 2397 1229 inde
2417 1179 2793 1246 cognoscimus
2829 1196 2923 1237 eos
2957 1199 3066 1239 non
3097 1201 3218 1242 esse
3263 1204 3422 1246 veros
3468 1205 3742 1262 pastores,

2165 1263 2291 1328 quia
2333 1279 2516 1320 vocem
2557 1267 2767 1324 illorum
2792 1311 2806 1335 ,
2867 1272 2920 1327 id
2957 1282 3040 1330 est
3076 1290 3208 1343 eos,
3257 1294 3388 1336 oves
3445 1283 3744 1345 Dominica:

2164 1349 2431 1422 fugerunt.

2234 1442 2414 1500 XCIV.
2455 1446 2512 1501 In
2541 1447 2625 1503 his
2653 1450 2824 1506 tribus
2851 1452 3006 1522 plene
3028 1457 3498 1527 deprehenduntur
3524 1466 3575 1520 in
3629 1468 3741 1524 Ec-

2159 1531 2325 1588 clesia
2353 1536 2612 1602 haeretici,
2641 1539 2696 1593 id
2715 1549 2817 1607 est,
2849 1543 2906 1597 in
2937 1545 3056 1610 ﬁde,
3089 1557 3144 1602 et
3163 1550 3463 1619 dilectione,
3491 1566 3541 1610 et
3565 1559 3742 1612 disci-

2158 1626 2322 1695 plina.
2351 1628 2452 1694 Qui
2479 1629 2622 1683 enim
2665 1641 2812 1688 recte
2843 1635 3016 1690 credit
3049 1646 3104 1692 et
3131 1655 3237 1694 non
3272 1642 3463 1713 diligit,
3510 1647 3738 1704 dmmon

2087 1706 2136 1769 Β
2159 1726 2258 1772 est.
2276 1719 2493 1775 Daunon
2519 1723 2692 1777 credit
2724 1733 2780 1778 et
2818 1741 2924 1781 non
2947 1727 3138 1798 diligit.
3169 1730 3278 1787 Nec
3301 1706 3402 1788 iste
3420 1706 3734 1807 discipulus

2156 1808 2356 1865 Christi
2379 1819 2480 1867 est.
2517 1811 2650 1868 Nam
2678 1815 2854 1870 omnis
2881 1817 2972 1886 qui
3019 1819 3216 1889 diligit,
3251 1824 3438 1878 credit.
3495 1826 3740 1884 Dilectio

2153 1901 2298 1955 enim
2321 1909 2524 1957 tantum
2552 1903 2606 1958 in
2629 1905 2786 1960 bonis
2827 1907 2988 1962 rebus
3032 1910 3313 1978 accipitur,
3343 1929 3494 1970 amor
3513 1932 3652 1971 vero
3681 1927 3738 1972 et

2154 1991 2209 2047 in
2240 1993 2396 2048 bonis
2439 2003 2496 2049 et
2542 1996 2596 2050 in
2638 1997 2794 2052 malis
2819 2011 2936 2053 esse
2967 2008 3174 2068 potest,
3224 2003 3349 2072 quia
3387 2015 3442 2059 et
3496 2008 3628 2061 mali
3676 2024 3738 2064 se

2153 2092 2337 2138 amant
2370 2093 2426 2140 et
2457 2101 2562 2142 non
2582 2087 2827 2157 diligunt.
2857 2088 2995 2156 Quia
3023 2091 3240 2147 dilectio
3274 2109 3306 2148 a
3337 2095 3562 2150 duorum
3596 2098 3737 2168 liga-

2151 2172 2298 2228 tione
2321 2189 2517 2229 nomen
2559 2178 2804 2246 accepit,
2844 2181 2968 2250 quia
2996 2180 3077 2235 sic
3104 2182 3274 2252 diligit
3323 2183 3545 2240 alterum
3585 2190 3731 2243 sicut

2149 2264 2403 2335 seipsum.
2431 2266 2498 2320 Et
2524 2278 2598 2322 est
2644 2287 2886 2325 mensura
2915 2273 3226 2341 dilectionis,
3275 2277 3331 2332 in
3369 2295 3470 2350 quo
3496 2289 3614 2334 tota
3645 2281 3732 2336 lea:

2147 2355 2331 2424 pendet
2361 2367 2408 2410 et
2453 2360 2733 2428 propheta'.
2772 2361 2961 2432 Diligis
3010 2364 3176 2420 Deum
3218 2385 3283 2422 ea:
3317 2379 3422 2424 toto
3457 2371 3640 2438 corde,
3675 2383 3729 2426 et

2147 2445 2438 2514 proximum
2469 2458 2617 2502 tuum
2663 2451 2798 2504 sicut
2842 2454 3080 2523 teipsum.
3116 2455 3305 2512 Restat
3341 2475 3469 2530 ergo
3510 2471 3572 2515 ut
3623 2464 3728 2531 qui

2147 2532 2316 2604 diligit
2342 2544 2487 2592 recte
2507 2539 2691 2593 credat
2714 2542 2838 2610 quia
2867 2541 3184 2614 Symbolum
3215 2549 3426 2604 recitat.
3469 2551 3575 2606 Pro
3608 2553 3728 2608 ﬁde

2145 2631 2325 2677 tamen
2349 2624 2494 2680 solus
2522 2640 2627 2681 non
2655 2631 2946 2695 contendit,
2978 2633 3119 2687 sicut
3137 2635 3440 2703 hrereticus,
3465 2640 3558 2693 sed
3585 2656 3726 2696 cum

2145 2712 2288 2766 omni
2315 2713 2553 2769 Ecclesia
2582 2717 2797 2772 clamat.
2828 2719 3124 2777 Hmrettcus
3148 2731 3328 2780 tamen
3355 2727 3496 2782 solus
3515 2744 3727 2786 errans

2144 2803 2400 2859 discurrit
2422 2822 2518 2876 per
2542 2815 2737 2874 terras,
2769 2819 2830 2864 ut
2857 2827 3006 2867 nova:
3047 2829 3157 2870 sum
3187 2817 3443 2873 doctrina:
3484 2836 3728 2878 consen-

2147 2895 2338 2952 tientes
2364 2898 2619 2955 inveniat.
2647 2901 2951 2960 Catholicus
2974 2913 3152 2960 autem
3178 2910 3308 2963 nihil
3337 2927 3525 2967 novum
3553 2915 3720 2981 dicit,

2143 2988 2269 3056 quia
2317 2996 2482 3044 totam
2513 3006 2664 3045 suam
2700 2991 2859 3048 ﬁdem
2886 2995 2939 3048 in
2996 2995 3249 3067 Symbolo
3283 3003 3722 3072 comprehendit.

2141 3076 2435 3132 Conﬁrmat
2477 3095 2596 3134 eam
2621 3121 2636 3146 ,
2683 3083 2805 3151 quia
2860 3084 3020 3139 habet
3068 3086 3405 3144 dilectionem
3447 3094 3723 3160 proximi.

2142 3165 2291 3222 Tunc
2315 3169 2477 3223 habet
2497 3177 2552 3223 et
2577 3185 2746 3241 spem,
2772 3187 2893 3227 cum
2915 3173 3164 3229 habuerit
3199 3177 3357 3232 ﬁdem
3383 3187 3434 3233 et
3457 3181 3724 3237 cbarita-

2139 3265 2267 3312 tem.
2297 3257 2455 3314 Fides
2491 3259 2631 3314 dicta
2655 3269 2757 3328 est,
2787 3263 2908 3332 quia
2942 3264 3002 3317 ﬁt
3029 3265 3157 3319 illud
3192 3268 3331 3336 quod
3361 3268 3498 3323 inter
3522 3279 3723 3327 utros.

2139 3361 2244 3416 que
2296 3348 2551 3417 placitum
2589 3359 2690 3406 est.
2742 3352 2799 3406 Id
2828 3361 2940 3419 est,
2982 3355 3123 3410 sicut
3165 3357 3304 3411 inter
3353 3358 3621 3414 hominem
3660 3374 3721 3418 et

2141 3439 2409 3494 hominem
2459 3440 2572 3506 ﬁat,
2620 3451 2678 3497 ut
2731 3457 2887 3499 nemo
2918 3447 3117 3501 nemini
3153 3449 3458 3503 mentiatur.
3501 3448 3628 3505 1am
3667 3458 3722 3510 si

2138 3533 2396 3587 mentitur
2428 3535 2585 3603 quis,
2630 3551 2735 3591 non
2769 3545 2850 3590 est
2892 3537 3046 3592 ﬁdes.
3109 3538 3199 3594 Sic
3243 3540 3381 3595 inter
3429 3541 3599 3597 Deum
3653 3553 3721 3599 et

2139 3621 2411 3704 hominem
2451 3641 2462 3674 :
2518 3625 2562 3679 si
2597 3641 2701 3679 non
2735 3625 2862 3681 facit
2893 3626 3053 3682 homo
3078 3644 3196 3699 qua:
3247 3633 3510 3700 promittit
3561 3633 3711 3701 Deo,

2131 3709 2245 3779 jam
2268 3730 2374 3768 non
2397 3723 2479 3770 est
2506 3715 2657 3771 ﬁdes.
2691 3717 2810 3772 .Iam
2833 3729 2886 3772 et
2912 3719 3054 3776 Deus
3075 3737 3178 3777 non
3199 3721 3328 3777 facit
3352 3739 3468 3793 qua:
3495 3729 3719 3794 promi-

2137 3802 2210 3856 sit
2233 3803 2468 3868 homini,
2499 3805 2623 3873 quia
2648 3806 2807 3861 homo
2844 3809 3049 3876 primus
3077 3810 3293 3865 violavit
3336 3813 3514 3868 ﬁdem.
3565 3813 3719 3890 Spes

2137 3902 2326 3948 vocata
2376 3897 2530 3964 quasi
2573 3912 2667 3966 pes
2693 3898 2760 3952 ad
2805 3901 3270 3968 progrediendum.
3308 3903 3407 3970 Qui
3435 3908 3719 3973 promittit

2138 3985 2248 4040 Deo
2278 3994 2332 4040 et
2369 4001 2474 4040 non
2503 3987 2682 4058 pergit
2710 3989 2778 4042 ad
2821 4004 2965 4054 eum,
2997 4007 3101 4046 non
3139 3993 3297 4047 habet
3350 4009 3519 4062 spem,
3572 3999 3714 4063 quia

2137 4089 2244 4128 non
2270 4075 2434 4130 vadit.
2462 4074 2576 4131 Non
2596 4088 2677 4131 est
2714 4079 2784 4132 ibi
2806 4094 2916 4147 pes,
2950 4081 3043 4136 sed
3069 4081 3250 4150 depes,
3275 4083 3328 4138 id
3351 4093 3434 4138 est
3450 4085 3720 4152 despera-

2135 4165 2232 4220 tio.
2270 4165 2521 4236 Charitas
2544 4175 2722 4222 autem
2749 4169 2969 4226 Graecus
2995 4186 3172 4226 sermo
3198 4181 3300 4239 est,
3334 4175 3472 4242 quod
3504 4174 3717 4233 Latine

2138 4256 2335 4310 dicitur
2383 4256 2616 4312 dilectio.
2669 4257 2794 4314 Haec
2831 4259 2933 4312 tria
2981 4268 3105 4314 sunt
3151 4275 3269 4330 quae
3315 4262 3369 4315 in
3420 4261 3717 4332 religionis

2137 4342 2282 4397 cultu
2328 4345 2396 4397 ad
2427 4344 2704 4400 colendum
2737 4346 2906 4401 Deum
2931 4347 2983 4401 in
3010 4349 3260 4404 omnibus
3290 4351 3711 4419 perquiruntur,

2136 4432 2190 4486 id
2210 4441 2312 4498 est,
2343 4434 2494 4500 ﬁdes,
2536 4450 2660 4504 spes
2689 4445 2744 4490 et
2783 4437 3035 4492 Charitas.
3067 4437 3167 4493 His
3188 4441 3352 4494 tribus
3373 4442 3547 4510 major
3570 4445 3719 4498 cha-

2131 4521 2280 4575 ritas.
2304 4521 2438 4588 Quia
2466 4523 2554 4578 hic
2582 4525 2884 4588 inchoatur,
2905 4525 3133 4580 etﬁuem
3153 4543 3258 4582 non
3271 4530 3446 4585 habet.
3460 4529 3716 4589 Proinde

2132 4611 2273 4666 Deus
2295 4613 2532 4668 cbaritas
2545 4623 2901 4684 nuncupatur,
2923 4618 3013 4686 qui
3029 4617 3187 4672 ﬁnem
3211 4635 3316 4674 non
3337 4621 3515 4676 habet.
3534 4621 3715 4683 Fides

2133 4708 2314 4756 tamen
2337 4711 2393 4758 et
2436 4720 2558 4774 spes
2606 4705 2763 4760 ﬁnem
2795 4708 3087 4764 habebunt.
3135 4709 3270 4776 Quia
3307 4728 3426 4766 cum
3449 4713 3715 4773 videmus

2136 4790 2320 4856 Deum,
2365 4807 2523 4862 quem
2552 4796 2855 4860 credimus.
2909 4798 3049 4852 ultra
3096 4800 3239 4868 quod
3265 4803 3549 4859 credamus
3587 4821 3713 4862 non

2129 4879 2408 4934 habemus.
2431 4881 2591 4938 Fides
2617 4885 2812 4939 dicitur
2832 4887 2886 4940 in
2917 4887 3020 4942 hoc
3045 4890 3258 4952 saeculo,
3284 4891 3408 4959 quia
3428 4896 3717 4951 veraciter

2129 4969 2398 5027 credimus
2429 4973 2481 5028 id
2502 4976 2644 5043 quod
2672 4991 3009 5045 nequaquam
3049 4981 3230 5035 videre
3255 4983 3514 5038 valemus.
3556 4985 3710 5042 Nam

2129 5059 2348 5114 credere
2363 5061 2476 5130 jam
2504 5079 2608 5117 non
2650 5079 2931 5132 possumus
2957 5067 3099 5136 quod
3125 5069 3386 5125 videmus.
3431 5071 3526 5126 Sic
3570 5088 3710 5144 spes

2131 5160 2339 5208 tantum
2387 5153 2440 5206 in
2479 5154 2582 5210 hoc
2607 5154 2802 5208 saeculo
2846 5163 2948 5210 est.
2997 5155 3132 5212 Cum
3174 5167 3354 5212 autem
3397 5160 3710 5216 viderimus

2130 5243 2462 5312 maiestatem
2486 5242 2580 5299 Dei
2604 5281 2619 5306 ,
2657 5258 2816 5311 quam
2841 5244 2994 5298 nobis
3021 5246 3269 5314 promisit
3291 5248 3473 5302 videre
3491 5287 3507 5313 ,
3551 5249 3706 5304 ultra

2130 5334 2270 5402 quod
2299 5347 2576 5402 speremus
2598 5347 2702 5385 non
2723 5332 3000 5399 habemus,
3021 5335 3144 5402 quia
3173 5337 3314 5404 quod
3343 5338 3708 5406 sperabamus

2121 5422 2234 5491 jam
2271 5423 2547 5478 habemus.
2577 5421 2785 5481 Etcum
2810 5423 2974 5479 habet
3028 5424 3188 5481 homo
3234 5427 3377 5494 quod
3417 5429 3704 5496 sperabat,

2129 5515 2269 5585 quod
2295 5522 2473 5582 speret
2500 5527 2606 5567 non
2629 5513 2809 5568 habet.

2201 5603 2357 5665 XCV.
2397 5603 2648 5659 Charitas
2677 5619 2805 5662 vero
2830 5605 2918 5662 hic
2938 5605 3154 5667 inchoat
3176 5607 3440 5674 proximo.
3469 5608 3537 5678 Et
3561 5624 3697 5674 cum
