3992 6176
275 283 382 340 953

942 279 1217 336 HETERII
1253 280 1342 335 ET
1381 281 1440 335 S.
1482 275 1683 335 BEATI
1721 280 1814 334 AD
1850 280 2248 340 ELIPANDUM
2286 285 2505 342 EPIST.
2543 319 2614 328 —
2650 290 2780 346 LIB.
2815 291 2859 347 ῐ.

3416 305 3518 360 954

272 398 469 452 viderit
489 396 678 460 Deum,
703 402 830 451 tunc
855 394 912 448 ﬁt
950 392 1142 462 major.
1162 393 1296 460 Quia
1319 393 1410 448 hic
1431 393 1618 447 dilexit
1645 393 1830 462 proxi—
1857 394 1905 452 Α
1936 393 2004 448 do
2031 394 2161 450 dicit
2219 395 2406 452 Jesus:
2447 398 2550 464 Qui
2581 415 2688 454 non
2721 404 3014 459 comederit
3055 422 3270 465 carnem
3317 429 3515 483 meam,

271 502 440 551 mum,
471 487 650 542 minor
694 494 792 540 est.
838 485 944 540 Sed
994 492 1250 554 quantum
1275 483 1398 552 plus
1431 483 1618 538 dilexit
1655 484 1841 552 proxi-

270 596 438 644 mum,
468 589 677 635 tantum
715 587 769 634 et
811 579 916 633 illic
949 579 1073 648 plus
1093 577 1292 631 videbit
1333 576 1669 646 maiestatem
1718 574 1834 627 Dei.

272 673 336 726 Et
371 680 629 740 quantum
665 670 842 723 minus
866 668 1050 722 dilexit
1090 668 1424 736 proximum,
1475 674 1685 719 tantum
1728 664 1838 719 illic

268 763 448 817 minus
476 761 674 816 videbit
694 760 1022 828 majestatem
1053 759 1169 813 Dei.
1215 759 1283 812 Et
1329 758 1418 827 qui
1456 773 1564 811 non
1607 757 1830 818 dilexit,

268 853 390 908 licet
419 850 643 920 jejunet,
669 861 804 914 oret,
840 866 926 904 res
951 865 1075 904 suas
1097 847 1422 918 pauperibus
1443 853 1654 916 eroget,
1682 845 1756 898 ita
1778 853 1836 898 ut

267 945 440 997 nudus
485 957 584 1012 pro
610 941 807 996 Christi
863 941 1080 996 nomine
1136 945 1441 1000 remaneat,
1471 936 1832 1007 virginitatem

262 1033 565 1095 custodiat,
596 1031 679 1084 die
725 1041 771 1084 et
817 1041 963 1084 nocte
994 1032 1050 1082 in
1101 1027 1211 1099 iege
1268 1027 1481 1080 Domini
1513 1025 1828 1088 meditetur,

260 1140 448 1178 omnes
475 1123 780 1193 Scripturas
801 1121 1110 1175 memoriter
1138 1126 1347 1183 teneat,
1386 1117 1533 1171 omni
1575 1117 1662 1172 die
1686 1131 1833 1171 com-

261 1216 514 1279 municet,
543 1215 782 1268 inﬁrmos
823 1221 877 1267 et
906 1213 1266 1267 incarceratos
1293 1210 1496 1274 visitet,
1535 1209 1706 1263 nudos
1731 1222 1825 1260 ve-

257 1304 405 1367 stiat,
434 1302 730 1372 hospitibus
755 1301 918 1370 pedes
947 1301 1105 1364 lavet,
1140 1308 1286 1354 recte
1325 1299 1511 1353 credat
1549 1296 1826 1352 Christum

257 1394 452 1448 F.lium
473 1392 586 1456 Dei,
619 1391 798 1446 omnia
826 1397 1032 1445 secreta
1061 1388 1179 1456 ejus
1228 1389 1392 1453 sciat,
1428 1397 1475 1441 et
1519 1385 1822 1456 angelorum

255 1485 449 1554 linguis
473 1483 734 1553 loquatur,
757 1490 811 1537 et
822 1497 920 1551 pro
945 1481 1143 1535 Christi
1166 1480 1382 1534 nomine
1403 1493 1619 1534 crucem
1637 1491 1827 1531 ascen-

256 1576 374 1638 dat,
427 1583 481 1628 et
510 1589 606 1644 pro
631 1572 845 1628 Christo
883 1573 1194 1642 sanguinem
1235 1569 1438 1635 fundat,
1488 1568 1824 1639 majestatem

257 1666 349 1720 Dei
384 1665 564 1718 videre
607 1678 712 1717 non
752 1671 946 1733 potest.
977 1662 1106 1717 Sine
1135 1663 1400 1717 charitate
1449 1662 1617 1716 Deum
1643 1661 1825 1715 nullus

1940 495 1995 539 et
2029 487 2344 556 sanguinem
2398 504 2578 544 meum
2607 507 2713 545 non
2757 494 2974 559 biberit,
3006 496 3130 553 licet
3167 503 3516 570 spiritualiter

1938 583 1992 627 et
2019 577 2277 645 mysterio
2304 579 2478 645 possit
2506 579 2753 651 intelligi,
2791 592 2969 639 tamen
3022 593 3382 658 corporaliter
3420 613 3514 666 pa-

1939 677 2060 758 nem
2091 682 2306 758 ,quem
2360 670 2593 738 petimus
2653 675 3023 741 quotidianum
3051 719 3067 744 ,
3132 697 3258 739 vere
3319 702 3512 758 corpus

1936 752 2157 820 Christi,
2203 769 2258 813 et
2305 761 2525 830 sanguis
2564 761 2712 831 ejus,
2767 780 2944 822 sermo
2977 771 3366 839 scripturarum
3408 752 3508 834 est.

1934 839 2002 894 Et
2027 859 2147 897 cum
2172 845 2400 916 legimus
2427 864 2578 915 eam,
2603 867 2822 908 carnem
2871 855 3070 912 Christi
3107 864 3509 936 manducamus,

1932 939 1988 984 et
2031 935 2342 1004 sanguinem
2396 936 2514 1006 ejus
2570 941 2822 998 bibimus.
2865 946 3092 1002 Etcum
3147 966 3388 1018 oramus,
3449 935 3508 1013 ut

1932 1018 2292 1090 intelligamus
2319 1041 2382 1080 ea
2419 1027 2789 1096 spiritualiter,
2817 1041 2873 1086 et
2921 1049 3309 1104 cognoscamus
3357 1044 3507 1100 Divi-

1931 1107 2152 1196 nitatem
2181 1111 2532 1168 incarnatam.
2573 1116 2640 1169 Et
2667 1133 2789 1172 cum
2821 1125 3192 1190 cognoscimus
3219 1131 3361 1196 quod
3384 1147 3508 1187 vere

1929 1195 2097 1252 Filius
2124 1199 2217 1254 Dei
2247 1201 2336 1265 sit,
2365 1211 2418 1257 et
2456 1220 2618 1260 verus
2651 1207 2809 1273 Deus,
2837 1219 2890 1264 et
2920 1228 3025 1266 non
3071 1223 3156 1269 est
3197 1195 3334 1272 alter
3367 1220 3507 1277 Deus

1927 1298 2124 1356 praeter
2167 1291 2337 1355 illum,
2385 1295 2476 1362 qui
2507 1296 2572 1350 de
2614 1298 2835 1368 Virgine
2869 1312 3026 1358 natus
3069 1314 3170 1367 est,
3205 1318 3258 1362 et
3310 1311 3504 1366 adora-

1928 1392 2049 1432 mus
2074 1392 2198 1432 eum
2237 1396 2359 1435 cum
2387 1383 2609 1452 angelis,
2639 1386 2798 1441 sicuti
2826 1397 2910 1443 est
2952 1407 3092 1448 unus
3117 1410 3238 1449 cum
3266 1397 3424 1453 Patre
3447 1409 3504 1455 et

1929 1465 2131 1536 Spiritu
2165 1479 2352 1526 sancto
2406 1472 2563 1538 Deus,
2617 1489 2810 1542 panem
2849 1480 3159 1547 angelorum
3212 1489 3502 1544 manduca-

1925 1572 2064 1611 mus.
2087 1556 2188 1624 Qui
2219 1558 2550 1630 Scripturam
2590 1563 2893 1634 frequentat
2927 1569 3124 1639 legere,
3157 1573 3271 1641 ipsa
3324 1575 3500 1632 littera

1926 1660 2122 1736 corpus
2149 1657 2251 1703 est.
2295 1649 2400 1704 Sed
2444 1651 2662 1720 spiritus
2711 1655 2764 1709 in
2812 1656 2989 1711 littera
3028 1668 3130 1714 est.
3171 1662 3343 1718 Habet
3387 1666 3498 1736 ipsa

253 1755 639 1814 catholicorum
665 1719 866 1810 videbit
908 1770 1164 1824 unquam.
1192 1756 1294 1823 Ipsi
1323 1755 1518 1809 dicturi
1564 1763 1706 1820 sunt,
1735 1754 1827 1823 qui
1857 1719 2112 1811 8mm
2169 1738 2440 1807 spiritum.
2509 1742 2563 1796 id
2613 1751 2696 1798 est
2744 1744 3100 1802 intellectum.
3161 1750 3265 1806 Sed
3319 1719 3496 1809 me...

254 1846 355 1899 ista
387 1844 566 1898 omnia
604 1843 809 1898 faciunt
832 1884 846 1907 ,
886 1852 940 1898 et
993 1860 1099 1899 non
1126 1844 1376 1914 diligunt
1422 1861 1436 1900 :
1474 1843 1730 1907 Domine,
1770 1843 1826 1897 in

251 1938 460 1991 nomine
510 1945 598 1990 tuo
653 1936 1087 2006 prophetavimus,
1139 1935 1400 1989 dwmones
1451 1935 1733 2004 ejecimus,
1775 1943 1824 1987 et

250 2028 462 2080 rirtutes
489 2025 677 2079 multas
696 2026 932 2094 fecimus.
958 2024 1102 2079 Tunc
1126 2025 1448 2095 respondebit
1472 2026 1613 2079 illis:
1641 2024 1824 2079 Disce-

248 2115 357 2169 dite
385 2133 416 2168 a
443 2132 523 2168 me
541 2156 556 2181 ,
582 2115 806 2184 operarii
849 2115 1162 2184 iniquitatis.
1195 2115 1477 2184 Nunquam
1503 2116 1618 2168 novi
1656 2131 1742 2168 vos
1766 2117 1820 2169 in

248 2209 405 2261 domo
448 2207 625 2261 Patris
671 2209 793 2261 mei.
827 2206 1060 2275 Require
1108 2223 1250 2261 nunc
1294 2206 1420 2275 quid
1450 2215 1533 2262 est
1576 2207 1631 2260 in
1665 2205 1818 2260 domo

250 2297 450 2351 Patris.
487 2297 546 2350 In
589 2298 750 2352 domo
780 2296 958 2352 Patris
1005 2313 1111 2353 non
1162 2296 1298 2362 fuit,
1352 2296 1404 2350 id
1430 2303 1529 2360 est,
1562 2294 1819 2352 Ecclesiae

246 2388 510 2441 unitatem
546 2403 651 2440 non
689 2387 877 2441 tenuit.
917 2386 1078 2442 Fides
1127 2395 1306 2442 autem
1334 2387 1423 2450 illa
1455 2402 1581 2440 vera
1633 2387 1818 2456 appel-

246 2475 406 2531 landa
419 2483 502 2531 est
525 2490 645 2544 qum
666 2485 750 2531 est
768 2493 914 2543 vera,
941 2493 1046 2532 non
1068 2477 1212 2542 ﬁcta,
1241 2493 1401 2547 quam
1429 2485 1646 2532 sanctus
1672 2493 1818 2532 com-

247 2567 468 2622 mendat
492 2567 800 2638 Apostolus,
837 2569 1022 2623 dicens
1053 2587 1066 2622 :
1096 2567 1245 2622 Finis
1270 2577 1444 2622 autem
1477 2569 1718 2638 prtecepti
1740 2577 1815 2622 est

245 2656 476 2710 choritas
521 2656 586 2711 de
612 2657 766 2710 corde
799 2674 930 2727 puro
955 2697 969 2721 ,
1008 2668 1056 2712 et
1091 2660 1403 2713 conscientia
1435 2660 1600 2725 bona,
1638 2668 1684 2713 et
1709 2659 1815 2728 ﬁde

244 2766 349 2803 non
376 2750 522 2819 ﬁcta.
553 2747 688 2802 Nam
713 2749 836 2821 quia
880 2749 1020 2803 idem
1051 2749 1242 2804 beatus
1278 2747 1564 2817 Apostolus
1588 2789 1603 2815 ,
1642 2750 1812 2818 gratia

243 2857 339 2894 nos
377 2842 507 2895 dixit
544 2840 713 2895 salvos
748 2841 915 2910 factos
954 2857 1064 2894 esse
1106 2857 1197 2910 per
1244 2840 1402 2909 ﬁdem
1447 2858 1465 2896 :
1511 2857 1666 2911 quam
1707 2857 1811 2894 non

241 2953 306 2991 ex
327 2937 490 2999 nobis,
517 2937 607 2990 sed
636 2935 731 2990 Dei
755 2936 940 2990 asserit
960 2934 1176 2988 donum.
1211 2933 1279 2987 Et
1306 2932 1490 3000 utique
1513 2945 1639 2983 vera
1667 2929 1812 2983 salus

243 3040 350 3079 non
374 3024 497 3088 erit,
523 3025 614 3078 ubi
639 3023 771 3078 ﬁdes
801 3039 926 3078 vera
957 3038 1062 3077 non
1092 3022 1271 3076 fuerit.
1316 3019 1445 3087 Qua:
1471 3035 1590 3074 cum
1617 3017 1810 3071 divini-
1834 3053 1882 3116 ο

244 3125 332 3170 tus
358 3114 674 3178 infunditur,
703 3115 819 3169 sine
845 3113 1004 3167 dubio
1031 3113 1264 3183 gratuita
1287 3110 1534 3178 largitate
1557 3109 1804 3162 donatur.

243 3207 310 3260 Et
331 3206 420 3260 ubi
434 3220 528 3273 per
539 3220 720 3258 veram
736 3204 891 3259 ﬁdem
906 3203 1104 3258 veritas
1117 3201 1275 3256 fuerit
1298 3199 1646 3263 credulitatis,
1669 3197 1812 3251 veri-

243 3305 325 3352 tas
339 3298 518 3366 utique
533 3297 876 3352 comitabitur
892 3305 946 3350 et
957 3295 1164 3349 salutis.
1183 3291 1433 3362 Quisquis
1445 3299 1622 3346 autem
1637 3306 1664 3343 a
1681 3304 1808 3346 vera

244 3389 347 3443 ﬁde
367 3390 680 3453 deviaverit,
704 3404 848 3444 vera:
871 3388 1058 3443 salutis
1081 3387 1310 3456 gratiam
1334 3400 1438 3438 non
1467 3382 1700 3438 habebit.

311 3476 492 3533 XCVI.
533 3477 762 3532 Proinde
794 3486 1005 3547 torpere
1051 3493 1157 3532 non
1193 3477 1352 3530 debet
1393 3474 1565 3528 ﬁdelis
1598 3471 1809 3526 animus

245 3567 312 3620 ad
358 3570 704 3636 quaerendum
750 3570 795 3624 si
833 3570 961 3638 quid
992 3569 1044 3622 in
1073 3574 1412 3622 sacramento
1452 3565 1574 3618 ﬁdei
1603 3564 1705 3618 sibi
1731 3562 1809 3614 vi-

245 3657 402 3712 detur
428 3660 734 3729 ambiguum
753 3699 766 3721 ,
797 3661 1029 3714 maxime
1051 3660 1103 3712 in
1132 3657 1386 3728 mysterio
1408 3655 1699 3711 Dominicaa
1727 3653 1808 3705 in-

241 3747 571 3802 carnationis
595 3786 610 3811 ,
648 3762 745 3814 per
799 3762 958 3815 quam
1011 3745 1220 3814 j'ustitia
1255 3744 1466 3812 impiis,
1503 3743 1611 3795 vita
1662 3756 1808 3795 mor-

242 3837 354 3890 tuis
376 3874 392 3901 ,
429 3835 575 3890 salus
621 3835 849 3889 inﬁrmis
886 3843 941 3889 et
977 3850 1118 3888 γει-ίε
1146 3833 1412 3888 libertatis
1441 3831 1610 3902 gratia
1636 3831 1806 3885 dona-

241 3938 294 3984 ta
333 3927 580 3994 captivis.
621 3925 740 3996 Ipse
772 3936 845 3979 est
874 3926 1024 3995 panis
1066 3933 1269 3988 noster,
1309 3925 1398 3993 qui
1444 3923 1507 3976 de
1546 3920 1669 3976 caelo
1711 3922 1805 3975 de-

241 4017 460 4080 scendit,
494 4025 542 4070 et
581 4017 672 4070 dat
712 4017 866 4070 vitam
888 4015 1102 4069 mundo.
1133 4014 1358 4084 Siquis,
1383 4013 1574 4082 inquit,
1599 4029 1662 4066 επ
1695 4013 1805 4077 ipso

239 4107 649 4170 manducauerit,
675 4107 801 4160 vivet
822 4108 874 4160 in
899 4115 1166 4160 teternum.
1195 4104 1388 4159 Panem
1411 4104 1522 4159 caeli
1545 4104 1686 4158 dedit
1707 4103 1801 4169 eis,

238 4209 297 4250 ut
315 4195 580 4265 Propheta
607 4195 712 4250 ait:
729 4195 927 4249 Panem
955 4194 1255 4265 angelorum
1277 4194 1604 4248 manducavit
1626 4193 1798 4246 homo.

311 4286 514 4341 XCVII.
557 4286 664 4340 Sed
704 4284 843 4340 forte
898 4284 1042 4338 dicat
1093 4283 1291 4351 aliquis
1336 4297 1350 4336 :
1403 4281 1504 4336 Ubi
1559 4279 1800 4334 invenire

1913 1828 2040 1897 .ipse
2067 1829 2388 1886 intellectum
2420 1833 2538 1888 sine
2564 1833 2760 1901 littera,
2808 1853 2928 1906 quae
2967 1857 3164 1911 corpus
3203 1853 3307 1910 est,
3339 1861 3498 1903 nemo

1924 1917 2220 1988 intelligere
2272 1930 2468 1990 potest.
2527 1923 2626 1990 Qui
2679 1925 2980 1984 intellectus
3025 1931 3218 1987 litterae
3269 1951 3376 1989 non
3413 1946 3496 1992 est

1921 2020 2134 2075 corpus.
2159 2008 2266 2064 Sed
2294 2026 2416 2065 cum
2438 2013 2663 2082 coeperit
2682 2015 2876 2084 aliquis
2912 2017 3111 2088 legere,
3142 2021 3257 2090 ipsa
3281 2022 3488 2091 littera,

1919 2111 2041 2164 qua:
2081 2113 2278 2167 corpus
2303 2109 2407 2165 est,
2432 2110 2487 2155 et
2512 2116 2630 2156 eam
2656 2105 2950 2174 intelligere
2975 2123 3081 2162 non
3110 2113 3328 2178 poterit,
3351 2124 3491 2179 oret,

1919 2193 1974 2238 et
2001 2185 2180 2240 dicat:
2223 2187 2385 2242 Pater
2419 2201 2608 2256 noster,
2644 2194 2732 2262 qui
2773 2212 2825 2247 es
2867 2197 2921 2248 in
2966 2198 3146 2254 caelis:
3181 2219 3366 2270 panem
3403 2221 3492 2256 no-

1916 2286 2082 2330 stram
2105 2279 2464 2352 quotidianum
2491 2282 2560 2335 da
2587 2284 2733 2338 nobis
2767 2285 2956 2349 hodie;
2993 2305 3272 2360 quousque
3313 2303 3483 2361 petat,

1918 2381 2191 2436 quousque
2243 2370 2521 2440 intelligat.
2586 2373 2654 2427 Et
2691 2384 2977 2444 postquam
3022 2378 3363 2445 intellexerit,
3397 2383 3484 2436 in-

1917 2468 2149 2532 terroget
2177 2464 2434 2531 seniores,
2477 2466 2770 2538 interroget
2811 2469 3016 2534 Patres,
3044 2472 3184 2526 sicut
3226 2475 3485 2544 scriptum

1914 2560 2015 2617 cst,
2042 2564 2096 2607 et
2123 2555 2222 2623 ipsi
2252 2571 2369 2610 eam
2416 2559 2701 2612 nuntient:
2741 2567 2796 2613 et
2837 2568 2964 2614 tunc
2986 2562 3188 2617 videbit
3212 2564 3482 2632 spiritum,

1913 2643 1958 2696 si
1997 2657 2061 2697 ex
2094 2645 2205 2700 Deo
2227 2657 2310 2701 est
2335 2662 2402 2700 an
2424 2663 2550 2701 non.
2593 2647 2709 2703 Non
2736 2664 2794 2704 se
2821 2659 3111 2718 praesumat
3147 2662 3273 2707 ante
3296 2654 3488 2723 prendi—

1912 2751 2055 2801 care,
2101 2738 2207 2792 nisi
2254 2740 2403 2807 prius
2450 2742 2761 2811 probaverit
2797 2745 3049 2812 spiritum
3105 2745 3318 2808 litterzc,
3341 2746 3386 2798 si
3416 2761 3482 2800 ex

1912 2824 2022 2880 Deo
2068 2834 2170 2880 est.
2214 2825 2386 2882 Pensa
2414 2838 2675 2898 quantum
2729 2831 3061 2900 periculosus
3099 2841 3183 2886 est
3209 2849 3385 2888 sermo
3405 2834 3486 2888 di-

1910 2918 2065 2974 vinus
2091 2935 2250 2989 quem
2295 2922 2625 2989 manducas;
2662 2923 2716 2977 in
2747 2924 2861 2993 ipsa
2888 2926 3263 2979 communione
3292 2941 3484 2996 cogno-

1911 3027 2000 3068 sce
2037 3027 2196 3082 quam
2225 3016 2609 3070 communicas.
2651 3015 2707 3070 Si
2739 3017 2932 3070 micula
2969 3017 3224 3071 ceciderit
3254 3017 3308 3071 in
3337 3025 3483 3072 terra

1910 3105 1976 3160 de
2003 3121 2162 3160 manu
2193 3109 2506 3170 sacerdotis,
2550 3123 2737 3164 omnes
2778 3107 3215 3170 contremiscent,
3251 3114 3304 3160 et
3327 3107 3480 3162 elon-

1907 3207 1998 3268 gat
2026 3213 2083 3252 se
2127 3200 2195 3254 ab
2248 3200 2362 3268 ipso
2416 3201 2535 3256 loco
2581 3201 2672 3255 ubi
2737 3201 3072 3254 Eucharistia
3127 3200 3400 3263 ceciderit,
3430 3209 3485 3254 et

1908 3289 2163 3357 qumritur
2220 3289 2503 3361 diligenter
2541 3299 2600 3343 ut
2641 3292 2696 3344 in
2746 3300 2936 3359 patena
2989 3297 3303 3357 reponatur,
3351 3291 3478 3357 quia

1907 3392 2102 3446 corpus
2129 3378 2328 3434 Christi
2379 3388 2464 3434 est
2517 3379 2628 3447 ipsa
2656 3379 3013 3439 Eucharistia,
3052 3394 3172 3447 qua:
3211 3378 3377 3431 latine
3403 3379 3484 3432 di-

1907 3467 2048 3521 citur
2097 3469 2234 3522 bona
2277 3469 2470 3536 gratia.
2527 3467 2617 3521 Sic
2647 3475 2702 3520 et
2727 3467 3077 3535 EVangelium
3117 3469 3256 3521 bona
3308 3469 3480 3535 gratia

1907 3556 2123 3610 dicitur.
2167 3556 2320 3620 Quod
2361 3557 2406 3610 si
2437 3564 2606 3609 totum
2643 3555 2990 3623 Evangelium
3049 3555 3170 3621 quis
3198 3554 3479 3609 inttllexe-

1907 3649 2017 3710 rit,
2073 3655 2127 3701 et
2180 3647 2435 3701 miracula
2491 3646 2780 3700 crediderit
2833 3661 2952 3714 quae
3003 3662 3111 3700 non
3177 3646 3470 3716 intelligit,

1907 3744 2151 3806 quaerat,
2213 3736 2440 3800 timeat,
2504 3735 2886 3789 contremiscat
2911 3775 2927 3800 ,
2980 3751 3087 3788 non
3137 3735 3334 3789 habeat
3381 3737 3478 3790 de-

1906 3825 2111 3895 spectui
2148 3825 2318 3893 ipsam
2375 3825 2623 3879 miculam
2670 3837 2912 3894 quaerere
2940 3833 2996 3878 et
3045 3825 3306 3888 invenire,
3339 3833 3392 3878 et
3421 3825 3476 3878 in

1904 3923 2115 3984 patena.
2162 3914 2218 3968 id
2245 3923 2327 3968 est
2353 3915 2409 3968 in
2455 3915 2635 3969 anima
2671 3914 2836 3980 ﬁdeli,
2875 3927 3096 3983 ponere,
3127 3914 3252 3984 quia
3282 3931 3480 3984 corpus

1905 4006 2106 4061 Christi
2135 4013 2236 4060 εει.
2291 4005 2360 4060 Ει
2385 4006 2578 4060 anima:
2603 4005 2860 4070 ﬁdelium,
2889 4007 2935 4060 si
2973 4021 3102 4060 vasa
3139 4021 3244 4059 non
3273 4014 3474 4072 essent,

1904 4114 2009 4153 non
2037 4099 2236 4153 diceret
2265 4097 2528 4168 Propheta
2562 4114 2626 4152 ex
2649 4113 2779 4152 voce
2821 4098 3035 4153 Domini
3061 4111 3076 4150 :
3117 4096 3473 4161 Mundamini,

1902 4190 1990 4260 qui
2019 4189 2165 4258 fertis
2223 4205 2348 4242 vasa
2397 4187 2630 4241 Domini.
2675 4187 2743 4240 Et
2770 4187 2835 4242 de
2862 4185 3028 4240 Paulo
3077 4185 3316 4254 apostolo
3363 4185 3477 4253 ipse

1905 4280 2162 4334 Dominus
2190 4279 2359 4332 dicit:
2413 4275 2514 4331 Vas
2536 4276 2801 4330 electionis
2828 4277 2954 4330 mihi
2983 4286 3078 4330 est.
3119 4275 3177 4327 In
3203 4275 3316 4342 ipsa
3345 4289 3474 4327 vasa

235 4389 518 4443 possumus
543 4375 683 4430 hunc
713 4389 905 4445 panem
933 4415 948 4440 ,
987 4374 1076 4443 qui
1101 4373 1168 4428 de
1213 4373 1349 4428 ccelo
1396 4371 1704 4434 descendit,
1747 4377 1800 4424 ct
1823 4386 1878 4446 D
1909 4384 2104 4438 corpus
2129 4367 2328 4422 Christi
2377 4367 2630 4429 mittitur,
2656 4366 2800 4434 quod
2843 4373 2929 4418 est
2970 4363 3328 4426 Eucharistia,
3359 4363 3472 4417 sive

236 4465 597 4520 manducare?
629 4464 746 4519 Jam
788 4463 1044 4520 Dominus
1073 4463 1139 4517 ad
1171 4462 1335 4517 ccelos
1359 4461 1628 4526 ascendit,
1674 4475 1801 4529 quo-
1906 4463 2139 4516 Verbum
2179 4460 2295 4513 Dei.
2351 4458 2503 4524 Quod
2539 4458 2585 4512 si
2613 4457 2728 4525 ipsa
2763 4456 2978 4520 micula,
3030 4470 3192 4524 quam
3222 4453 3474 4508 euchari-

236 4556 395 4609 modo
433 4556 764 4611 manducabo
802 4558 945 4611 hunc
981 4570 1207 4625 panem,
1244 4564 1298 4610 et
1334 4555 1513 4609 vivam
1564 4555 1617 4607 in
1646 4563 1802 4607 aiter-

234 4646 398 4700 num?
431 4645 564 4712 Quia
611 4647 854 4701 desidero
903 4646 1045 4700 hunc
1089 4660 1285 4714 panem
1332 4645 1678 4698 manducare.
1732 4642 1800 4695 Et

234 4735 398 4790 credo
443 4734 581 4804 quod
627 4736 729 4787 rita
764 4744 958 4788 (eterna
1001 4745 1074 4787 est
1109 4735 1216 4803 ipse
1249 4735 1400 4802 panis
1423 4773 1437 4796 ,
1476 4731 1528 4784 id
1563 4739 1647 4784 est
1673 4745 1797 4784 cor-

233 4844 337 4896 pus
361 4825 496 4894 ejus.
530 4827 594 4879 Et
614 4825 770 4882 dico:
804 4827 1047 4892 Domine,
1077 4841 1288 4894 semper
1315 4827 1380 4880 da
1421 4825 1574 4879 nobis
1607 4837 1798 4892 panem

197 4917 396 4969 'hnnc.
440 4917 504 4969 Et
547 4916 600 4969 in
644 4917 903 4980 oratione,
964 4933 1124 4986 quam
1178 4915 1410 4979 edocuit,
1461 4930 1558 4968 oro
1611 4921 1665 4968 et
1715 4927 1801 4982 pe-

237 5015 291 5064 to
333 5022 345 5057 :
391 5003 586 5058 Panem
636 5017 863 5059 nosirum
902 5005 1262 5075 quotidianum
1311 5005 1380 5057 da
1429 5003 1576 5056 nobis
1625 5003 1796 5056 hodie.

234 5093 376 5161 Quid
427 5103 508 5149 est
566 5094 679 5164 ipse
721 5095 878 5164 panis
920 5110 1078 5165 quem
1144 5095 1382 5163 quot‘die
1429 5095 1698 5163 petimus?
1734 5094 1802 5148 Et

234 5193 422 5238 noster
451 5184 604 5254 panis
636 5195 749 5250 est;
801 5193 855 5239 et
898 5193 1074 5239 tamen
1126 5199 1248 5238 eum
1295 5184 1397 5238 nisi
1447 5185 1757 5252 petierimus
1783 5225 1798 5249 ,

236 5292 343 5330 non
370 5275 679 5345 accipimus.
731 5276 797 5328 Et
823 5290 947 5330 vere
969 5289 1163 5345 corpus
1192 5283 1291 5329 est.
1330 5273 1466 5327 Audi
1511 5273 1681 5342 ipsum
1714 5289 1804 5342 pa-

237 5380 362 5419 nem
403 5373 643 5418 nostrum
681 5363 1066 5433 quotidianum.
1116 5362 1262 5417 Pete.
1318 5362 1530 5430 Accipe.
1586 5363 1804 5416 Mandu-

238 5474 301 5515 ca
331 5457 588 5526 quotidie.
629 5457 891 5527 Legamus
946 5467 1161 5512 sanctas
1209 5455 1535 5525 Scripturas,
1567 5465 1620 5511 ει
1651 5458 1802 5514 inve-

229 5545 449 5609 niemus
475 5547 617 5601 hunc
655 5561 869 5616 panem.
910 5545 1019 5615 Ego
1047 5560 1240 5614 corpus
1269 5544 1394 5600 Jesu
1455 5545 1798 5615 Evangelium

235 5649 355 5697 esse
381 5644 531 5707 puto,
557 5636 861 5706 Scripturas
889 5645 1016 5706 puto
1045 5637 1336 5692 doctrinam
1358 5635 1473 5706 ejus
1498 5653 1511 5700 ;
1559 5645 1608 5690 et
1637 5654 1800 5708 quan-

1901 4552 2092 4606 stieam
2133 4549 2386 4612 diximus,
2439 4546 2512 4601 de
2562 4561 2726 4599 manu
2778 4545 3072 4600 sacerdotis
3120 4541 3392 4607 ceciderit,
3418 4550 3472 4597 et

1900 4657 2018 4695 eam
2048 4637 2458 4701 conculcaverit,
2501 4635 2782 4691 conculcat
2828 4642 2884 4688 et
2909 4648 3067 4689 omne
3093 4648 3287 4702 corpus
3315 4633 3472 4688 Chri-

1901 4732 1990 4786 sti.
2038 4731 2193 4805 j‘unc
2229 4744 2335 4783 non
2362 4728 2521 4783 debet
2547 4741 2742 4796 corpus
2792 4725 2995 4780 Christi
3039 4726 3270 4790 tradere,
3299 4735 3353 4780 et
3380 4742 3472 4781 no.

1900 4838 2024 4877 men
2053 4820 2230 4875 Patris
2254 4820 2474 4884 habere,
2503 4819 2597 4873 sed
2626 4818 2767 4873 inter
2789 4825 3016 4873 caeteros
3046 4816 3185 4872 ﬁlios
3203 4818 3465 4884 accipere,

1901 4914 1990 4983 qui
2019 4911 2111 4977 ﬁlii
2153 4911 2326 4966 sciunt
2353 4918 2597 4965 sanctum
2626 4923 2766 4963 esse.
2814 4907 2921 4962 Sed
2963 4906 3008 4962 si
3038 4907 3102 4961 de
3131 4913 3470 4961 sacramento

1901 5005 2318 5073 interrogentur,
2342 5002 2604 5056 rationem
2654 5000 2833 5056 facere
2880 4999 3145 5054 nesciunt.
3191 4995 3280 5051 Sic
3303 4996 3467 5050 etiam

1902 5096 1967 5150 de
2038 5093 2326 5163 Evangelio
2374 5075 2772 5160 intelligendum
2817 5096 2919 5143 est.
2961 5086 3063 5152 Qui
3094 5155 3106 5169 ο
3127 5095 3281 5155 pater
3304 5093 3388 5139 est
3413 5092 3468 5139 et

1902 5183 2247 5252 Evangelium
2295 5181 2574 5234 annuntiat
2602 5179 2668 5233 ad
2701 5193 2860 5247 quem
2885 5190 3082 5244 corpus
3106 5174 3304 5229 Christi
3327 5173 3464 5228 dixi-

1901 5293 2051 5340 mus,
2094 5282 2148 5328 et
2218 5281 2386 5326 totum
2447 5265 2792 5338 Evangelium
2850 5267 2986 5321 bene
3047 5265 3460 5329 annuntiaverit,

1901 5377 1956 5422 et
1982 5366 2178 5422 micula
2233 5362 2491 5419 ceciderit
2527 5362 2576 5416 ei
2629 5375 2791 5430 quam
2842 5357 3183 5419 intellexerit,
3229 5364 3284 5411 et
3324 5355 3463 5410 male

1901 5457 2175 5512 intellecta
2201 5469 2306 5509 non
2356 5448 2648 5520 quaesierit,
2691 5447 2784 5503 sed
2813 5444 3228 5509 conculcaverit,
3277 5443 3330 5496 id
3357 5451 3458 5506 est,

1900 5564 2021 5605 cum
2053 5551 2351 5600 temeritate
2377 5539 2690 5604 defenderit,
2745 5539 3022 5596 concaleat
3069 5546 3238 5592 totum
3269 5552 3460 5604 corpus

1899 5637 2117 5701 Christi,
2149 5634 2201 5690 id
2229 5640 2332 5698 est,
2369 5639 2537 5686 totum
2563 5629 2923 5696 Evangelium.
2967 5628 3117 5684 Tunc
3160 5643 3266 5696 non
3303 5624 3456 5681 debet
