3992 6176
494 255 597 315 965

1297 253 1701 320 EUPANDUS,
1740 253 1966 319 FELIX,
2004 253 2352 310 HETERIUS
2383 254 2473 309 ET
2513 253 2571 309 S.
2612 252 2933 310 BEATUS»

3613 255 3735 314 956

492 385 690 441 corpus
714 366 913 427 Christi
952 381 1100 422 more
1146 373 1371 435 paterno
1417 367 1568 432 dare,
1609 367 1705 422 sed
1740 381 1893 421 more
1924 364 2061 420 tilio-
2085 366 2137 426 Α
2162 380 2353 434 aquam
2393 365 2458 420 de
2483 366 2589 420 tuis
2617 366 2772 429 vasis,
2800 375 2851 421 et
2889 366 2955 435 de
2990 367 3096 421 tuis
3130 369 3300 438 puteis
3325 366 3486 437 (Prov
3523 383 3577 436 v,
3612 367 3739 440 15).

494 460 912 529 rum'accipere,
962 456 1015 512 id
1040 466 1144 521 est,
1175 472 1282 511 non
1325 458 1484 513 debet
1533 465 1593 512 ut
1626 457 1816 512 doctor
1862 454 2058 525 pradi-

494 565 636 614 care,
663 560 723 604 ut
750 548 1041 616 discipulus
1065 549 1332 617 accipere.
1804 548 1811 559 '

567 641 786 696 XCVIII.
827 639 929 707 Qui
952 640 1098 695 enim
1126 648 1273 695 recte
1301 639 1473 695 credit
1498 640 1566 695 de
1590 639 1751 695 Patre
1788 646 1844 693 et
1872 638 1940 694 de
1974 638 2060 693 Fi-

496 734 580 789 lio.
611 741 665 785 et
692 732 759 786 de
783 731 989 800 Spiritu
1016 738 1201 785 sancto
1228 745 1333 783 non
1361 737 1504 783 recte
1523 730 1712 793 credit,
1730 727 1845 797 jam
1873 743 1972 783 nec
1991 728 2059 783 de

497 827 650 879 Putre
679 832 823 878 recte
850 824 1039 878 credit.
1071 821 1173 889 Qui
1220 830 1367 878 recte
1401 821 1573 876 credit
1616 821 1685 877 de
1715 820 1853 875 Filio
1893 825 1950 874 et
1991 819 2058 874 de

496 915 671 977 Patre,
703 922 758 967 et
786 912 988 982 Spiritu
1021 920 1211 966 sancto
1238 926 1347 966 non
1378 919 1525 966 recte
1572 910 1764 974 credit,
1810 908 1924 978 jam
1957 924 2059 965 nec

493 1004 556 1055 de
603 1000 741 1056 Filio
788 1009 934 1055 recte
979 999 1169 1054 credit.
1207 999 1309 1059 Oui
1355 1008 1501 1054 recte
1531 999 1703 1055 credit
1736 999 1802 1054 de
1850 997 2056 1069 Spiritu

490 1097 697 1154 sancto,
746 1095 801 1142 et
831 1088 898 1142 de
943 1085 1100 1141 Patre
1126 1095 1182 1141 et
1226 1087 1362 1142 Filio
1392 1102 1501 1143 non
1534 1096 1682 1143 recte
1709 1086 1901 1151 credit,
1940 1084 2057 1155 jam

488 1191 591 1231 nec
615 1178 682 1232 de
728 1177 934 1247 Spiritu
966 1187 1155 1231 sancto
1180 1183 1328 1231 recte
1356 1178 1545 1231 credit.
1577 1176 1679 1244 Qui
1713 1183 1861 1233 recte
1884 1177 2056 1233 credit

488 1270 556 1324 de
581 1275 693 1322 tota
720 1267 1001 1331 Trinitate,
1032 1274 1088 1320 et
1126 1267 1194 1322 de
1238 1266 1350 1320 sola
1387 1266 1756 1321 incarnatione
1802 1265 1921 1320 Filii
1961 1264 2052 1321 Dei

487 1375 593 1415 non
622 1367 768 1414 recte
793 1359 982 1424 credit,
1004 1357 1116 1427 jam
1145 1373 1249 1413 non
1274 1368 1421 1413 recte
1441 1359 1611 1414 credit
1638 1359 1704 1414 de
1729 1366 1837 1413 tota
1875 1359 2054 1413 Trini-

487 1462 618 1508 tate.
653 1453 744 1509 Sic
773 1461 827 1506 et
853 1469 976 1508 cum
1002 1460 1168 1507 totam
1209 1452 1381 1522 legem
1431 1451 1635 1507 Christi
1665 1451 2051 1518 observaverit,

486 1554 543 1601 et
580 1547 636 1601 in
682 1561 848 1601 unum
880 1544 1183 1610 offenderit,
1212 1542 1324 1613 jam
1369 1550 1539 1599 totam
1587 1543 1759 1614 legem
1809 1541 2049 1598 offendit.

488 1636 547 1692 Si
576 1636 891 1704 cognoveris
914 1635 1103 1705 legem,
1131 1649 1425 1705 cognosces
1448 1643 1504 1689 et
1525 1633 1891 1702 Evangelium.
1915 1632 2049 1699 Quia

486 1728 834 1799 Evangelium
877 1728 957 1782 sic
997 1735 1080 1782 est
1104 1727 1169 1781 de
1198 1725 1315 1796 lege
1343 1726 1481 1780 sicut
1508 1741 1732 1796 granum
1777 1725 1941 1780 tritici
1987 1725 2053 1780 de

486 1817 659 1886 palea.
694 1817 759 1870 Et
785 1815 986 1870 nullum
1017 1830 1240 1883 granum
1272 1823 1447 1884 potest
1476 1815 1544 1869 ad
1570 1814 1931 1868 maturitatem
1963 1827 2054 1867 ve-

486 1907 622 1970 nire,
670 1906 772 1961 nisi
817 1907 958 1960 intra
982 1905 1191 1975 paleam
1220 1904 1532 1959 latitaverit.
1577 1903 1692 1959 Hoc
1717 1912 1800 1959 est
1824 1917 2051 1972 granum

487 1995 652 2050 tritici
682 1996 824 2064 quod
873 1996 927 2048 in
971 2002 1170 2049 terram
1199 1993 1393 2049 cecidit
1435 2003 1490 2049 et
1516 2008 1624 2049 non
1654 1992 2049 2063 multiplicavit.

486 2082 603 2152 Ipse
632 2091 715 2138 est
735 2081 1001 2146 Christus,
1048 2082 1162 2152 ipse
1182 2090 1277 2139 est
1300 2082 1475 2151 panis,
1511 2097 1669 2151 quem
1695 2097 1839 2137 nunc
1873 2096 2054 2137 come-

486 2173 683 2227 dimus.
733 2170 838 2226 Sed
863 2178 917 2226 et
943 2171 1116 2241 ipsum
1149 2186 1375 2241 granum
1405 2172 1690 2226 medullam
1719 2171 1899 2239 habet,
1929 2172 2051 2241 pin-

484 2261 767 2332 guedinem
815 2261 995 2326 habet,
1024 2262 1233 2331 adipem
1267 2263 1428 2318 habet
1472 2264 1614 2318 unde
1643 2263 1918 2329 satiamur,
1967 2280 2043 2320 sc-

484 2354 717 2407 cundum
741 2354 1015 2422 propheta:
1043 2352 1246 2408 dictum
1276 2370 1288 2406 :
1325 2353 1394 2408 Et
1442 2353 1595 2425 adipe
1621 2354 1866 2424 frumenti
1893 2357 2049 2410 satiat

483 2456 549 2500 te.
564 2443 838 2514 Pinguedo
860 2444 917 2497 in
942 2459 1109 2513 grano
1131 2451 1235 2510 est,
1253 2445 1505 2500 divinitas
1525 2447 1578 2499 in
1604 2461 1787 2501 carne.
1808 2445 2049 2502 Granum

482 2536 538 2590 in
591 2536 744 2605 palea
788 2542 872 2590 est
918 2534 1266 2606 Evangelium
1296 2536 1351 2589 in
1397 2536 1534 2607 lege.
1584 2537 1680 2592 Est
1721 2537 2049 2592 occultatum

486 2624 830 2694 Evangelium
866 2624 918 2678 in
949 2624 1082 2694 lege,
1108 2632 1163 2677 et
1204 2624 1446 2679 occultus
1474 2624 1725 2680 Christus
1762 2625 1817 2679 in
1848 2625 2048 2678 littera.

484 2714 583 2768 Est
641 2721 694 2766 et
740 2713 1000 2768 occultata
1044 2713 1296 2768 divinitas
1336 2715 1389 2767 in
1420 2728 1600 2768 carne.
1628 2714 2052 2785 chuntcarna—

483 2800 562 2856 les
587 2800 755 2855 Judaei
779 2801 968 2870 legem,
996 2811 1046 2856 et
1074 2817 1181 2855 non
1215 2803 1518 2872 intelligunt
1553 2804 1919 2874 Evangelium.
1951 2804 2053 2859 Le-

483 2904 618 2968 gunt
657 2897 900 2951 carnales
918 2896 1212 2951 Christiani
1242 2897 1494 2959 litteram,
1529 2906 1583 2952 et
1611 2913 1715 2953 non
1746 2897 2051 2969 intelligunt

483 2987 750 3057 spiritum.
781 2986 1024 3041 Clamant
1061 2986 1355 3042 Christiani
1388 2987 1681 3052 Christum,
1731 2997 1786 3042 et
1811 3004 1918 3044 non
1966 2990 2053 3046 in-

484 3076 732 3147 telligunt
761 3075 1117 3130 divinitatem.
1155 3077 1234 3130 Ac
1271 3091 1368 3146 per
1397 3078 1502 3131 hoc
1533 3077 1836 3147 gloriﬁcant
1869 3093 1929 3133 se
1955 3076 2051 3132 Ju-

483 3169 582 3223 daei
630 3168 697 3224 de
747 3168 891 3238 lege;
942 3168 1035 3222 sed
1085 3182 1203 3221 eam
1243 3184 1352 3221 non
1393 3169 1611 3235 habent,
1644 3185 1766 3225 cum
1808 3170 2053 3239 Evange-

482 3256 612 3315 lium
645 3276 750 3315 non
780 3261 1000 3326 habent,
1044 3261 1168 3329 quia
1196 3275 1392 3330 panem
1438 3278 1543 3316 non
1577 3263 1796 3318 habent.
1837 3263 2051 3320 Glorili-

482 3361 609 3409 cant
654 3368 712 3409 se
752 3361 806 3409 ct
834 3353 1080 3409 carnales
1110 3353 1340 3408 lectores
1369 3354 1435 3408 de
1472 3354 1653 3409 littera
1684 3355 1736 3408 in
1777 3356 2047 3423 Ecclesia,

482 3442 576 3497 sed
601 3456 719 3497 eam
745 3455 852 3495 non
893 3442 1113 3506 habent,
1147 3441 1361 3510 quando
1393 3442 1654 3512 Spiritum
1689 3459 1794 3498 non
1826 3445 2045 3499 habent.

481 3533 796 3589 Gloritlcant
834 3548 892 3587 se
915 3532 1205 3588 Christiani
1234 3534 1298 3589 de
1328 3534 1452 3600 iidc,
1498 3534 1592 3589 sed
1626 3533 1901 3589 Christum
1942 3550 2048 3590 non

482 3624 701 3686 habent,
752 3624 843 3692 qui
894 3622 1230 3678 divinitatem
1274 3639 1381 3677 non
1430 3625 1648 3679 habent.
1688 3623 2047 3691 Quamobrem

482 3714 617 3768 nihil
638 3714 801 3769 habet
825 3730 892 3768 ex
917 3722 1088 3783 parte,
1115 3715 1206 3784 qui
1230 3722 1399 3769 totum
1425 3730 1532 3769 non
1558 3716 1738 3769 habet.
1770 3715 1904 3769 Nam
1926 3730 2047 3770 cum

479 3801 651 3854 littera
680 3801 901 3865 occidat,
927 3803 1135 3871 spiritus
1160 3811 1330 3855 autem
1351 3803 1586 3871 vivi/icet,
1614 3818 1835 3859 necesse
1855 3812 1936 3859 est
1959 3804 2048 3859 illa

481 3892 841 3960 spiritualium
863 3892 1119 3946 interiora
1147 3908 1475 3958 sermonum,
1500 3894 1692 3961 spiritu
1717 3894 2044 3961 viviﬁcante,

481 3989 784 4053 penetrare.
800 3982 1117 4038 Universum
1139 3998 1301 4052 porro
1323 3983 1679 4052 Scripturam,
1696 3992 1806 4038 tam
1837 3986 2048 4041 Veteris

483 4071 814 4126 Testamenti
858 4086 1019 4140 quam
1047 4072 1201 4138 Noxi,
1233 4072 1301 4126 ad
1344 4072 1675 4128 intellectum
1701 4073 2046 4142 allegoricum

476 4176 600 4216 esse
630 4160 967 4217 sumendum.
1880 4176 1884 4180 “

552 4250 735 4307 XCIX.
775 4251 911 4305 Nam
940 4252 1051 4321 ipsa
1081 4252 1335 4331 allegoria
1359 4260 1594 4322 quatuor
1619 4252 1792 4308 modis
1817 4253 1871 4307 in
1900 4252 2048 4309 Scri-

478 4343 653 4413 pturis
679 4342 877 4398 divinis
901 4350 984 4397 est
1012 4344 1349 4433 requirenda.
1379 4344 1593 4399 Primus
1633 4351 1718 4399 est
1749 4345 2043 4400 secundum
2070 4370 2126 4433 υ

442 4432 902 4499 translationem,
947 4442 1007 4488 ut
1031 4440 1114 4488 est
1161 4432 1294 4489 illud
1337 4449 1352 4488 :
1395 4432 1574 4489 Iratus
1615 4442 1691 4488 est
1718 4433 1974 4490 Dominus
1993 4445 2043 4490 et

476 4523 760 4588 descendit,
791 4531 847 4578 et
874 4522 1089 4587 similia,
1127 4538 1247 4592 quae
1289 4524 1358 4578 ad
1400 4524 1749 4580 insinuandas
1771 4539 1963 4581 causas
1989 4533 2045 4581 et

474 4612 751 4667 hominum
778 4621 955 4668 motus
981 4614 1382 4670 transferuntur
1401 4616 1467 4671 ad
1493 4615 1682 4670 Deum.
1706 4615 1826 4671 Alia
1853 4624 1936 4671 est
1957 4631 2046 4672 se-

473 4702 710 4759 cundum
759 4703 1214 4773 imaginationem,
1262 4704 1346 4759 vel
1383 4704 1794 4775 bypotyposeos,
1836 4712 1898 4760 ut
1960 4714 2044 4761 est

471 4794 605 4852 illud
649 4811 664 4848 :
711 4793 884 4850 Homo
911 4794 1128 4866 quidam
1176 4794 1516 4850 descendebat
1556 4796 1620 4849 ab
1664 4795 1960 4851 Jerusalem
1985 4797 2043 4852 in

469 4884 705 4940 Iericho.
742 4883 810 4938 Et
838 4884 1097 4953 parabola
1123 4885 1292 4939 vineae
1315 4893 1476 4955 atque
1498 4884 1876 4954 agricolarum.
1894 4884 2042 4942 Ordo

469 4975 615 5029 enim
645 4989 831 5029 eorum
862 4989 982 5045 qua:
1030 4975 1325 5045 agebantur
1351 4990 1381 5029 a
1425 4974 1641 5030 Christo
1666 4975 1813 5030 velut
1848 4976 2042 5047 imagi-

469 5079 595 5119 nem
632 5079 873 5134 personte
900 5074 953 5120 et
986 5065 1187 5136 negotii
1218 5065 1441 5121 alterius
1465 5064 1699 5121 refertur
1739 5066 2037 5137 impletum.

471 5154 657 5210 Tertia
687 5163 772 5212 est
801 5157 1095 5210 secundum
1115 5157 1592 5226 comparationem,
1619 5156 1706 5211 vel
1721 5157 2040 5212 similitudi-

470 5261 615 5311 nem,
641 5257 703 5301 ut
726 5255 808 5302 est
836 5246 964 5302 illud
993 5265 1006 5300 :
1042 5245 1227 5303 Simile
1254 5257 1329 5302 est
1359 5264 1573 5318 regnum
1599 5247 1845 5302 crelorum
1871 5265 2037 5319 grano

467 5335 684 5406 sinapis,
716 5342 770 5390 et
794 5343 1010 5390 caetera.
1044 5335 1161 5391 Non
1191 5336 1338 5391 enim
1374 5337 1645 5403 narratio,
1690 5337 1830 5392 sicut
1863 5339 1918 5392 in
1938 5354 2039 5392 su-

469 5422 669 5490 periori
717 5422 961 5492 exemplo
1010 5424 1335 5490 contexitur,
1365 5425 1459 5479 sed
1501 5440 1786 5481 causarum
1836 5426 2037 5481 solum-

470 5509 629 5563 modo
674 5522 1016 5580 comparatur
1063 5510 1305 5568 eﬂectus.
1338 5512 1572 5580 Quartus
1617 5524 1702 5572 est
1740 5517 2035 5578 secundum

467 5596 857 5667 proverbialem
884 5600 1125 5666 modum,
1160 5609 1222 5655 ut
1252 5610 1338 5661 est
1367 5603 1496 5659 illud
1522 5604 1823 5681 Salomonis
1852 5626 1863 5662 :
1907 5607 2035 5665 Bibe

2158 456 2282 512 Vult
2326 455 2608 527 Scriptura
2647 457 2924 514 carnalem
2968 459 3463 529 concupiscentiam
3508 477 3746 518 monere

2157 545 2533 601 reirenandam
2560 561 2680 603 esse
2719 547 2861 603 intra
2875 545 3114 619 iugalem
3156 549 3449 606 licentiam.
3484 551 3592 608 Has
3635 569 3747 609 no-

2156 646 2300 694 stras
2322 639 2607 710 allegorias
2629 638 2799 696 Judaei
2826 655 2935 697 non
2961 641 3251 712 recipiunt.
3282 641 3538 702 Canales
3563 644 3740 701 Chri-

2156 729 2314 784 stiani
2363 745 2472 785 non
2506 730 2830 801 intelligunt,
2876 738 2932 787 et
2976 731 3103 787 inde
3131 730 3407 788 Christum
3452 735 3745 790 hominem

2154 831 2275 873 esse
2303 818 2470 874 Deum
2499 834 2605 874 non
2629 820 2976 875 conﬁtentur.
3005 821 3247 890 Denique
3276 822 3472 877 velavit
3517 823 3752 895 Moyses

2154 906 2346 963 faciem
2386 925 2560 975 suam,
2604 918 2661 966 et
2697 912 2777 966 sic
2809 918 2895 967 est
2935 911 3135 982 populo
3156 911 3389 967 locutus.
3420 912 3603 968 Velata
3631 912 3752 968 fuit

2154 998 2323 1070 Moysi
2342 1014 2513 1070 usque
2532 1001 2601 1056 ad
2621 1002 2893 1057 Christum
2907 1002 3242 1058 bibliotheca:
3257 1001 3441 1067 facies,
3466 1012 3519 1059 et
3544 1005 3600 1059 in
3628 1008 3753 1062 line

2154 1090 2313 1159 hujus
2331 1092 2668 1149 bibliotheca:
2690 1093 2921 1148 revelata
2934 1100 3038 1148 est.
3055 1093 3257 1149 Etinde
3276 1094 3357 1149 sic
3380 1094 3636 1164 incipitur
3657 1112 3756 1152 re.

2151 1184 2347 1240 velatio
2365 1183 2582 1247 Christi,
2606 1199 2768 1254 quam
2797 1184 2945 1240 dedit
2969 1185 3044 1239 illi
3062 1187 3203 1240 Deus
3220 1186 3400 1255 palam
3422 1183 3599 1241 facere
3620 1204 3753 1242 ser-

2152 1273 2236 1329 vis
2257 1273 2390 1339 suis,
2416 1290 2532 1345 qure
2575 1284 2771 1344 oportet
2786 1274 2901 1344 ﬁeri
2921 1276 3023 1328 cito
3039 1274 3222 1347 (Apoc.
3248 1291 3289 1340 I,
3306 1274 3380 1347 l).
3402 1274 3753 1333 HaecJoanni

2154 1365 2388 1421 revelata
2413 1372 2534 1419 est:
2564 1380 2685 1434 quae
2705 1373 2814 1420 tota
2851 1366 3178 1422 bibliotheca
3212 1383 3354 1422 unus
3379 1368 3513 1423 liber
3541 1377 3650 1435 est,
3673 1370 3752 1424 in

2152 1455 2329 1524 capite
2353 1454 2581 1517 velatus,
2610 1454 2666 1508 in
2692 1453 2798 1509 line
2823 1453 3164 1510 manifestus.
3193 1455 3295 1523 Qui
3326 1457 3462 1512 liber
3483 1458 3589 1514 duo
3622 1458 3752 1513 Te-

2152 1549 2417 1596 stamenta
2458 1542 2728 1608 dicuntur,
2778 1542 2945 1598 Vetus
2971 1552 3027 1598 ct
3068 1543 3300 1600 Novum.
3338 1546 3404 1600 Et
3428 1562 3589 1603 unum
3639 1558 3753 1602 est

2156 1640 2412 1701 tanquam
2438 1648 2580 1688 unus
2612 1633 2821 1703 gladius
2857 1649 2927 1689 ex
2956 1642 3185 1705 utraque
3214 1643 3368 1704 parte
3396 1645 3595 1691 acutus.
3649 1637 3749 1692 Et

2081 1696 2129 1758 Β
2152 1725 2280 1779 hinc
2301 1724 2445 1790 inde,
2470 1725 2525 1781 id
2560 1727 2724 1781 estin
2770 1727 2968 1798 lege.et
3003 1696 3296 1799 Evange-lio
3320 1732 3540 1796 acuitur,
3563 1740 3625 1785 ut
3653 1731 3748 1785 η-

2152 1816 2299 1872 deles
2326 1826 2500 1872 armet
2538 1826 2593 1873 et
2641 1818 2934 1874 interﬁciat
2979 1819 3244 1887 inﬁdeles,
3286 1821 3423 1875 sicut
3464 1821 3605 1876 idem
3665 1821 3748 1876 in

2150 1904 2473 1978 Apocalypsi
2501 1908 2569 1962 de
2595 1923 2689 1963 ore
2712 1908 2926 1964 Domini
2947 1909 3183 1977 gladium
3212 1924 3281 1964 ex
3309 1920 3533 1980 utraque
3568 1918 3752 1980 parte

2152 2005 2372 2051 acutum
2411 1996 2593 2066 egredi
2620 2004 2870 2062 testatur,
2904 1997 2959 2053 id
2995 2005 3079 2054 est
3106 2000 3329 2054 verbum
3358 1998 3494 2068 ejus.
3518 1998 3707 2066 Quaeli
3726 2030 3749 2041 ο

2150 2086 2242 2141 bet
2284 2085 2612 2143 bibliotheca
2642 2094 2788 2143 totus
2831 2087 2914 2144 sic
2955 2097 3038 2144 est
3066 2088 3444 2160 intelligendus
3467 2097 3750 2159 tanquam

2151 2191 2292 2232 unus
2318 2177 2501 2231 homo.

2220 2311 2283 2368 C.
2321 2311 2562 2382 Denique
2595 2313 2756 2369 homo
2786 2311 3056 2384 perfectus
3087 2329 3154 2369 ex
3187 2316 3367 2371 tribus
3391 2323 3605 2372 constat
3627 2359 3645 2381 ,
3682 2319 3750 2374 id

2151 2410 2234 2459 est
2262 2404 2458 2467 anima,
2505 2419 2730 2473 corpore
2781 2413 2836 2458 et
2872 2405 3105 2475 spiritu:
3135 2406 3275 2461 sicut
3305 2407 3597 2477 Apostolus
3634 2409 3701 2464 di
3724 2441 3744 2451 ο

2151 2495 2225 2549 cit
2249 2510 2263 2547 :
2287 2494 2426 2549 Deus
2452 2496 2595 2565 pacis
2621 2494 2906 2565 sancti/iret
2930 2512 3018 2550 vos
3031 2497 3099 2550 ad
3112 2496 3392 2568 perfectum
3415 2515 3433 2552 :
3461 2508 3508 2552 et
3528 2500 3753 2570 integer

2149 2586 2364 2656 spiritus
2386 2594 2566 2651 vester,
2598 2585 2798 2652 anima,
2829 2592 2885 2640 et
2907 2601 3120 2655 corpus,
3148 2589 3261 2642 sine
3282 2588 3490 2657 querela
3528 2589 3585 2643 in
3623 2591 3751 2644 ad-

2150 2684 2355 2729 uentum
2376 2675 2586 2729 Domini
2609 2677 2773 2730 nostri
2809 2675 2935 2730 Jesu
2959 2675 3151 2731 Christi
3169 2677 3535 2748 judiciumque
3568 2695 3749 2733 reser-

2150 2776 2313 2823 vetur.
2345 2767 2460 2821 Non
2492 2766 2634 2837 quod
2671 2767 2838 2823 altera
2866 2767 2940 2822 sit
2976 2767 3154 2822 anima
3196 2768 3254 2823 in
3298 2770 3620 2832 substantia,
3682 2780 3749 2825 et

2151 2857 2290 2912 alter
2342 2857 2598 2927 Spiritus,
2661 2857 2803 2912 sicut
2865 2856 3034 2911 altera
3096 2858 3397 2912 substantia
3455 2867 3543 2913 cst
3600 2862 3747 2914 ani-

2150 2962 2259 3013 ma,
2307 2955 2363 3001 et
2404 2946 2573 3002 altera
2598 2962 2740 3014 caro,
2787 2948 2880 3004 sed
2929 2949 3044 3018 ipsa
3073 2948 3252 3002 anima
3280 2962 3419 3002 unus
3450 2957 3534 3003 est
3581 2949 3748 3004 idem

2072 3036 2123 3100 α
2152 3037 2391 3107 spiritus.
2423 3037 2530 3093 Sed
2570 3038 2696 3093 dum
2730 3039 3058 3094 exteriorem
3085 3048 3304 3094 carnem
3329 3036 3512 3109 aﬂligit
3559 3038 3749 3095 homo

2148 3144 2248 3199 per
2292 3130 2695 3198 paenitentiam,
2757 3131 3050 3185 secundum
3100 3130 3434 3200 Apostolum,
3488 3131 3747 3185 interior

2147 3220 2326 3274 anima
2354 3229 2631 3275 renovatur
2653 3219 2719 3274 de
2739 3220 2824 3275 die
2850 3222 2904 3274 in
2942 3221 3078 3275 diem
3104 3222 3160 3275 in
3189 3222 3477 3292 cognitione
3504 3220 3631 3275 Dei.
3668 3222 3749 3277 Et

2144 3315 2430 3378 postquam
2457 3309 2767 3379 cognoverit
2808 3310 2992 3370 Deum,
3025 3310 3223 3365 dicitur
3264 3310 3501 3379 spiritus,
3533 3308 3585 3364 id
3638 3320 3743 3365 est

2147 3397 2593 3468 contemplativus
2614 3413 2802 3453 servus
2827 3398 3092 3468 Dei,-quia
3119 3398 3285 3452 Deum
3297 3397 3737 3468 contemplatur.

2146 3488 2250 3545 Per
2270 3489 2436 3543 vitam
2467 3488 2937 3559 contemplativam
2970 3490 3112 3544 videt
3135 3490 3321 3551 Deum,
3350 3506 3455 3545 non
3504 3489 3558 3543 in
3591 3504 3739 3545 cor.

2144 3597 2294 3652 pore,
2320 3581 2416 3636 sed
2439 3588 2635 3636 mente.
2660 3580 2790 3648 Quae
2823 3596 2975 3635 mens
2997 3583 3076 3637 sic
3095 3589 3177 3636 est
3204 3582 3256 3635 in
3279 3580 3492 3636 actione
3517 3580 3736 3639 anima:

2146 3670 2286 3725 sicut
2310 3678 2471 3740 caput
2493 3669 2548 3723 in
2575 3684 2822 3738 corpore.
2837 3669 2938 3736 Qui
2969 3670 3191 3740 Spiritus
3215 3670 3295 3725 sic
3314 3678 3396 3725 est
3420 3670 3472 3723 in
3499 3671 3734 3727 actione

2146 3763 2342 3818 mentis
2383 3762 2525 3817 sicut
2571 3762 2710 3817 oculi
2755 3762 2811 3816 in
2855 3762 3053 3831 capite.
3084 3761 3152 3815 Et
3183 3762 3322 3816 sicut
3366 3762 3529 3816 homo
3565 3762 3737 3817 videt

2144 3868 2242 3924 per
2281 3853 2488 3918 oculos,
2517 3860 2571 3907 et
2605 3851 2865 3907 discernit
2909 3851 3085 3907 lucem
3114 3866 3145 3905 a
3168 3850 3425 3917 tenebris,
3448 3858 3507 3905 et
3534 3851 3593 3905 in
3639 3853 3739 3908 die

2146 3944 2385 4000 ambulat
2409 3951 2502 3998 aut
2521 3951 2794 4014 operatur,
2840 3943 2965 4013 quia
3003 3943 3292 4013 participat
3316 3941 3498 3997 lumen
3523 3944 3732 4001 oculo—

2144 4049 2265 4088 rum
2297 4048 2515 4089 suorum
2542 4047 2666 4088 cum
2696 4031 2897 4087 lumine
2935 4032 3097 4096 solis,
3134 4039 3189 4087 et
3217 4039 3507 4102 utrumque
3545 4047 3737 4089 unum

2144 4121 2323 4178 lumen
2348 4130 2451 4187 est,
2478 4122 2556 4177 sic
2581 4121 2668 4177 ille
2697 4120 2947 4192 Spiritus,
2970 4121 3060 4190 qui
3087 4120 3267 4175 lumen
3294 4127 3397 4186 est,
3423 4120 3735 4191 participat

2145 4229 2269 4269 cum
2304 4213 2539 4279 Christo,
2571 4213 2663 4283 qui
2697 4213 2776 4269 sol
2819 4222 2924 4279 est,
2960 4222 3015 4269 et
3054 4212 3114 4268 ﬁt
3142 4229 3311 4269 unum
3344 4213 3526 4269 lumen
3565 4224 3741 4274 utro-

2144 4319 2390 4374 rumque,
2421 4304 2474 4358 id
2502 4313 2586 4359 est
2612 4318 2752 4358 unus
2795 4303 3048 4374 spiritus;
3106 4303 3203 4358 sed
3224 4319 3330 4360 non
3358 4312 3442 4359 est
3465 4303 3583 4374 ipse
3606 4307 3733 4376 spi-

2148 4393 2305 4459 ritus,
2338 4406 2498 4463 quem
2519 4391 2768 4458 dicimus,
2791 4407 2914 4447 cum
2934 4391 3031 4448 Dei
3055 4392 3247 4460 spiritu
3276 4406 3383 4447 una
3406 4400 3633 4446 natura.

2156 4566 2161 4569 μ
2211 4524 2296 4581 CI.
2335 4523 2471 4581 Cum
2500 4524 2730 4580 dicimus
2758 4524 2939 4580 lumen
2964 4533 3019 4580 et
3040 4524 3247 4591 lumen,
3274 4526 3405 4595 quia
3446 4525 3600 4581 aliud
3643 4540 3734 4584 est

2141 4613 2321 4670 lumen
2370 4614 2696 4680 illuminans,
2722 4614 2867 4670 aliud
2909 4615 3089 4669 lumen
3132 4615 3528 4683 illuminatum;
3578 4618 3730 4673 sicut

2140 4705 2285 4761 aliud
2316 4713 2402 4760 est
2433 4705 2511 4761 sol
2542 4705 2869 4770 illuminans,
2906 4705 3052 4760 aliud
3086 4706 3230 4761 oculi
3269 4706 3584 4761 illuminati.
3614 4709 3728 4775 Qui

2140 4796 2283 4852 oculi
2318 4796 2374 4851 in
2409 4796 2645 4852 tenebris
2672 4812 2781 4853 non
2818 4796 3023 4865 vident,
3049 4798 3154 4852 nisi
3191 4798 3590 4869 participentur
3637 4800 3723 4855 lu—

2139 4886 2294 4953 mini,
2328 4893 2423 4940 aut
2449 4886 2569 4952 soli,
2602 4894 2694 4940 aut
2712 4885 2967 4951 lucernis,
2999 4886 3092 4955 qui
3127 4886 3209 4941 sol
3227 4886 3479 4943 Christus
3504 4888 3713 4944 intelli.

2140 4975 2302 5046 gitur.
2329 4974 2587 5031 Lucernae
2611 4989 2740 5029 vero
2769 4974 2957 5030 Patres
2986 4976 3180 5041 sancti,
3206 4976 3259 5030 id
3278 4983 3383 5042 est,
3412 4978 3719 5046 prophett,

2138 5064 2367 5134 apostoli
2387 5073 2549 5134 atque
2568 5064 2835 5119 doctores.
2850 5063 3105 5119 Tenebrae
3118 5079 3246 5121 vero
3271 5072 3416 5131 sunt,
3444 5064 3501 5120 in
3517 5068 3726 5135 quibus

2138 5154 2299 5209 homo
2351 5169 2458 5209 non
2502 5153 2788 5223 participat
2835 5152 2964 5217 luci,
2994 5153 3239 5209 diabolus
3294 5153 3550 5225 etangeli
3572 5157 3715 5226 ξας,

2136 5245 2384 5301 homines
2418 5244 2580 5308 mali,
2610 5251 2664 5299 et
2692 5252 2916 5313 peccata
2944 5260 3065 5315 qua:
3105 5243 3352 5311 facimus,
3381 5260 3485 5316 pro
3513 5248 3723 5317 quibus

2136 5349 2421 5401 czecamur,
2451 5342 2506 5389 et
2536 5335 2702 5390 Deum
2733 5335 2917 5390 videre
2948 5350 3053 5390 non
3078 5350 3384 5406 possumus.
3431 5336 3502 5390 Et
3524 5344 3713 5391 tamen

2135 5425 2227 5480 ille
2260 5440 2471 5494 semper
2498 5425 2552 5480 in
2595 5425 2796 5480 lumine
2825 5433 2928 5491 est,
2965 5433 3021 5479 et
3069 5440 3167 5480 nos
3204 5426 3368 5481 videt.
3410 5425 3481 5481 Et
3519 5441 3719 5482 omnes

2136 5516 2308 5572 sancti
2332 5516 2426 5586 qui
2474 5516 2531 5570 in
2563 5515 2766 5571 lumine
2794 5532 2917 5572 cum
2939 5531 3005 5572 eo
3029 5525 3154 5571 sunt
3189 5530 3204 5570 :
3229 5524 3285 5572 et
3326 5532 3429 5572 nos
3453 5525 3721 5589 putamus

2133 5603 2276 5676 quod
2298 5618 2456 5660 nemo
2487 5618 2586 5659 nos
2608 5603 2771 5672 videt,
2801 5619 2923 5660 cum
2950 5604 3149 5660 malum
3172 5604 3477 5675 cogitamus
3497 5613 3595 5660 aut
3623 5602 3713 5661 la-
