3992 6176
252 266 360 321 957

918 274 1189 333 HETERII
1228 281 1316 336 ET
1355 282 1411 339 S.
1452 284 1647 338 BEATI
1686 287 1777 339 AD
1816 288 2210 349 ELIPANDUM
2247 292 2463 350 EPIST.
2503 322 2575 338 -
2606 294 2733 354 LIB.
2773 300 2817 355 1.

3377 306 3480 363 958

248 387 443 441 cimus.
470 384 534 438 Et
559 394 685 441 tunc
709 403 814 441 non
840 406 1025 446 sumus
1045 408 1166 446 cum
1196 395 1325 460 Deo,
1355 397 1448 451 sed
1476 397 1616 454 Deus
1637 401 1816 455 nobis-
1842 409 1889 464 A
1916 418 2159 476 corpore,
2191 411 2484 466 secundum
2510 410 2828 483 Apostolum
2854 423 3106 474 constare
3128 417 3476 479 ﬁrmavimus.

247 492 371 531 cum
409 484 512 542 est,
548 478 638 546 qui
670 478 865 548 ubique
914 480 1093 535 lumen
1122 491 1224 548 est,
1263 485 1386 539 licet
1415 502 1511 541 nos
1563 488 1619 542 in
1661 498 1811 543 tene-

247 565 363 619 bris
402 579 623 631 sumus,
659 566 751 634 qui
799 574 927 622 tunc
976 584 1099 624 cum
1144 572 1355 627 diabolo
1397 582 1452 628 et
1506 576 1813 632 hominibus

246 652 402 710 malis
452 670 558 709 una
598 656 831 710 tenebras
887 672 1073 712 sumus
1118 676 1239 714 cum
1283 663 1539 732 operibus
1598 666 1810 721 illorum

243 746 648 816 participamus.
691 745 782 803 Sic
817 756 943 802 tunc
970 765 1079 805 non
1120 767 1306 808 sumus
1334 769 1456 808 cum
1487 755 1617 823 Deo,
1642 764 1697 813 et
1722 758 1811 814 ille

242 839 524 895 nobiscum
563 845 646 892 est
692 856 704 891 :
753 839 891 895 sicut
920 855 1095 896 caecus
1123 858 1229 897 non
1258 845 1404 900 videt
1432 846 1611 901 lumen
1640 850 1771 904 solis
1791 890 1806 915 ,

238 934 295 984 ει
323 937 503 984 tamen
544 927 724 984 lumen
762 930 890 985 solis
926 939 1093 986 totum
1129 948 1325 1005 corpus
1349 934 1465 1004 eius
1510 938 1804 1007 illuminat;

238 1017 336 1074 sed
365 1018 442 1074 sol
471 1034 529 1073 se
571 1035 679 1074 non
707 1021 962 1085 mutavit,
1017 1024 1110 1078 sed
1155 1039 1348 1092 caecus,
1378 1028 1469 1096 qui
1516 1028 1692 1085 lumen
1723 1032 1807 1085 sui

236 1109 483 1181 corporis
504 1109 756 1180 perdidit.
793 1110 884 1167 Sic
911 1112 1052 1167 Deus
1079 1129 1137 1168 se
1177 1131 1452 1186 nunquam
1493 1126 1686 1185 mutat,
1714 1121 1808 1175 sed

236 1217 357 1265 nos,
394 1200 485 1269 qui
514 1198 695 1255 lumen
730 1202 922 1258 animm
954 1204 1231 1273 perdimus
1258 1221 1355 1276 per
1387 1216 1691 1277 peccatum.

305 1292 413 1349 Cll.
451 1293 564 1350 Hoc
594 1300 766 1348 totum
791 1309 959 1364 quare
985 1294 1254 1351 diximus?
1279 1297 1415 1364 Quia
1445 1314 1607 1353 unum
1636 1300 1806 1354 homi-

234 1398 359 1436 nem
390 1384 587 1449 anima,
631 1398 857 1453 corpore
898 1390 953 1438 et
979 1385 1193 1454 spiritu,
1227 1387 1281 1441 id
1322 1389 1569 1457 exemplo
1611 1390 1805 1445 biblio-

236 1474 408 1530 theca:
432 1472 708 1530 insinuare
733 1475 1018 1531 voluimus.
1044 1476 1144 1544 Qui
1173 1479 1333 1534 homo
1355 1486 1564 1534 tantum
1588 1495 1654 1535 ex
1673 1482 1801 1538 duo-

232 1569 337 1623 bus
364 1568 683 1623 substantiis
727 1577 962 1634 constat,
1013 1569 1066 1625 id
1112 1578 1196 1625 est
1234 1585 1459 1640 corpore
1502 1578 1558 1625 et
1601 1573 1799 1627 anima.

232 1656 442 1727 Corpus
484 1656 646 1713 habet
682 1667 892 1728 partem
919 1659 1125 1727 mundi,
1169 1660 1310 1716 unde
1336 1661 1482 1717 ducit
1518 1663 1800 1732 originem.

1979 494 2111 554 CIV.
2147 499 2264 566 Quo
2289 499 2520 567 ﬁrmato,
2563 502 2631 558 ad
2666 503 3046 562 bibliothecam
3079 519 3340 579 nostram,
3367 514 3478 570 Deo

1912 588 2583 655 illuminante,redeamus.
2602 592 2669 647 Et
2692 592 2832 648 sicut
2855 611 3020 650 unum
3044 598 3314 655 hominem
3339 602 3475 657 inte-

1910 692 2065 747 grum
2090 695 2155 734 ex
2186 680 2357 737 tribus
2401 692 2651 738 constare
2693 684 2942 750 diximus,
2990 695 3045 742 et
3075 703 3106 742 a
3152 689 3474 749 bibliotheca

1909 776 2093 824 nostra
2141 786 2307 826 unum
2362 771 2558 827 librum
2602 773 2871 843 integrum
2908 789 2975 828 ex
3017 777 3187 832 tribus
3228 789 3474 837 constare

1908 860 2273 930 explanemus,
2302 864 2355 918 id
2381 873 2483 929 est,
2512 864 2709 929 littera,
2742 867 3039 937 tropologia
3064 879 3117 922 et
3143 871 3367 940 mystica
3393 872 3471 925 in-

1910 947 2220 1020 telligentia.
2271 951 2473 1007 Littera
2508 961 2590 1008 est
2632 954 2772 1008 sicut
2815 970 3011 1025 corpus
3039 957 3292 1013 hominis.
3342 959 3470 1027 Qua:

1906 1039 2085 1094 littera
2138 1042 2254 1111 ipsa
2305 1051 2388 1097 est
2418 1042 2662 1097 historia.
2716 1044 3035 1115 Tropologia
3082 1048 3162 1103 sic
3208 1058 3293 1103 est
3334 1050 3474 1104 sicut

1906 1132 2085 1185 anima
2117 1132 2373 1187 hominis.
2421 1132 2643 1204 Mystica
2692 1135 3043 1205 intelligentia
3094 1137 3173 1192 sic
3214 1147 3297 1192 est
3331 1140 3471 1194 sicut

1905 1219 2126 1287 spiritus
2155 1222 2406 1278 hominis.
2436 1223 2645 1293 Corpus
2671 1240 2798 1294 ergo
2820 1241 2989 1281 sacra:
3018 1227 3331 1297 Scriptum,
3364 1231 3468 1284 sic-

1904 1318 1964 1363 ut
2005 1310 2256 1378 diximus,
2302 1311 2479 1367 littera
2525 1322 2627 1369 est.
2664 1315 2729 1368 Et
2758 1316 2933 1370 anima
2976 1319 3029 1371 in
3073 1319 3262 1373 morali
3311 1335 3468 1375 sensu

1904 1401 1996 1470 qui
2021 1404 2256 1472 tropicus
2285 1405 2507 1472 dicitur;
2552 1408 2775 1477 spiritus
2806 1425 2933 1466 vero
2975 1412 3028 1466 in
3070 1414 3345 1481 superiore
3389 1416 3470 1470 in-

1906 1492 2121 1549 tellectu
2172 1497 2431 1567 angelico,
2481 1500 2571 1568 qui
2608 1516 2849 1572 anagoge
2894 1505 3217 1574 appellatur.
3264 1506 3469 1577 Corpus

1904 1592 1989 1640 est
2008 1586 2220 1652 littertc,
2250 1604 2372 1643 cum
2399 1590 2627 1647 dicimus
2651 1609 2665 1647 :
2697 1594 3009 1650 Ambulabat
3036 1597 3309 1652 Dominus.
3338 1598 3469 1654 Des-

1905 1678 2075 1732 cendit
2102 1678 2377 1736 Dominus.
2418 1681 2586 1754 Caput
2608 1685 2839 1753 Domini,
2869 1690 3110 1759 capillos,
3140 1692 3343 1758 oculos,
3368 1708 3463 1747 au-

233 1750 423 1803 Anima
461 1765 589 1804 vero
632 1765 741 1805 non
771 1750 934 1805 habet
957 1752 1240 1822 originem,
1272 1754 1396 1822 quia
1441 1755 1665 1823 spiritus
1696 1763 1797 1821 est,
1831 1734 1879 1794 Β
1905 1782 1991 1822 res
2021 1784 2034 1820 ε
2075 1767 2281 1823 Ιαναυίε
2309 1734 2564 1828 υοιηξηξω
2583 1793 2675 1846 ρετ
2696 1734 3143 1835 αηῇῃέαῃιζηαηι,;
3173 1789 3227 1835 ει
3250 1734 3360 1836 tot;
3388 1782 3470 1837 hi-

235 1849 290 1893 et
326 1839 393 1893 ad
446 1839 732 1910 imaginem
780 1840 875 1895 Dei
906 1839 1081 1896 factus
1126 1850 1209 1897 est
1247 1857 1262 1895 :
1295 1857 1415 1912 qua:
1459 1858 1527 1899 ex
1574 1852 1804 1914 utroque

235 1947 373 1986 unus
405 1931 566 1987 homo
594 1932 921 2001 compositus
948 1940 1050 1989 est.
1084 1934 1149 1988 Et
1178 1935 1289 2005 ipsa
1321 1936 1497 1990 anima
1525 1937 1803 1994 rationalis

230 2030 334 2085 est,
369 2021 509 2076 sicut
536 2021 779 2093 angelus,
816 2030 871 2078 et
896 2023 1146 2095 intelligit
1170 2040 1291 2079 cum
1320 2025 1525 2095 angelis
1563 2042 1576 2079 :
1607 2034 1661 2080 et
1690 2028 1802 2096 ipse

227 2114 471 2183 spiritus,
517 2131 676 2186 quem
704 2132 865 2186 supra
895 2118 1148 2183 diximus,
1184 2118 1299 2189 ipse
1341 2118 1644 2176 intellectus
1686 2123 1802 2177 ani-

228 2220 350 2268 mae,
390 2205 492 2260 hoc
516 2214 598 2261 est
626 2207 873 2277 superior
920 2208 1245 2274 intellectus,
1272 2210 1415 2279 quod
1450 2209 1636 2267 Graece
1665 2213 1800 2268 dici-

229 2302 321 2347 tur
352 2308 609 2364 anagoge,
643 2295 695 2351 id
721 2305 802 2351 est
853 2297 1157 2353 intellectus
1185 2299 1479 2369 angelicas,
1509 2316 1605 2370 per
1637 2317 1797 2371 quem

231 2385 396 2440 Deum
422 2385 585 2441 videt.
622 2386 689 2441 Et
718 2404 843 2442 cum
870 2403 1030 2458 supra
1055 2390 1242 2453 tendit,
1270 2390 1331 2445 ﬁt
1351 2408 1473 2446 cum
1499 2393 1609 2448 Deo
1634 2403 1689 2447 et
1709 2410 1800 2448 an-

228 2474 359 2544 gelis
383 2491 522 2531 unus
548 2476 789 2545 spiritus.
818 2476 883 2531 Et
903 2493 1024 2532 cum
1046 2478 1113 2533 ad
1140 2479 1439 2550 corporalia
1468 2479 1720 2548 nectitur,
1743 2491 1797 2538 et

229 2561 390 2617 nimis
423 2577 521 2633 pro
558 2579 785 2634 corpore
819 2566 1038 2637 cogitat,
1068 2567 1129 2621 ﬁt
1154 2568 1336 2624 mundi
1366 2577 1594 2625 amator.

296 2675 425 2738 CIII.
466 2677 533 2732 Et
572 2678 770 2735 dicitur
814 2681 915 2735 iste
942 2684 1173 2739 mundus
1195 2684 1320 2753 quia
1365 2684 1639 2743 Christum
1670 2688 1795 2744 οιιῗο

228 2767 411 2822 habet.
458 2766 515 2822 Si
544 2767 734 2825 fuisset
774 2786 897 2826 eum
939 2773 1049 2828 Deo
1094 2783 1210 2828 erat
1244 2775 1406 2833 Deus.
1439 2792 1546 2830 non
1578 2786 1791 2843 natura,

227 2859 321 2913 sed
349 2858 544 2928 gratia.
589 2859 695 2916 Sed
721 2862 845 2931 quia
879 2864 1045 2917 servit
1071 2863 1290 2928 mundo,
1340 2866 1393 2921 id
1430 2875 1511 2921 est
1541 2868 1790 2936 corpori,

228 2957 356 3003 tunc
380 2964 485 3003 non
511 2950 708 3006 dicitur
734 2952 911 3023 imago
937 2953 1054 3019 Dei,
1089 2954 1184 3008 sed
1212 2954 1391 3011 homo.
1422 2956 1686 3025 Propheta
1713 2967 1793 3010 at-

226 3047 479 3105 testante,
503 3042 600 3111 qui
630 3043 743 3097 ait:
772 3042 840 3097 Et
868 3045 1021 3099 homo
1050 3046 1104 3099 in
1129 3046 1324 3102 honore
1352 3066 1469 3102 cum
1496 3060 1645 3113 esset,
1687 3068 1789 3105 non
1816 3064 1862 3126 ρ

224 3130 496 3187 intellexit.
549 3131 890 3206 Comparatus
931 3145 1005 3191 est
1023 3136 1279 3207 jumentis
1321 3139 1700 3211 insipientibus,
1743 3152 1791 3195 ct

223 3222 407 3276 similis
422 3223 593 3293 factus
622 3234 693 3278 est
716 3223 821 3278 illis
844 3225 1013 3296 (Psal.
1036 3243 1227 3294 vam,
1245 3226 1354 3301 l3).
1384 3229 1439 3285 ln
1463 3232 1666 3284 honore
1686 3240 1788 3296 est,
1841 3296 1845 3305 ε

225 3312 441 3381 quando
461 3313 516 3368 in
545 3314 808 3382 superiori
834 3313 1103 3371 intellectu
1124 3332 1246 3372 cum
1275 3320 1480 3389 angelis
1508 3320 1783 3391 intelligit;

223 3411 279 3457 et
306 3419 404 3474 pro
432 3404 536 3459 hoc
568 3404 809 3471 laborat,
855 3415 913 3461 ut
959 3407 1027 3461 ad
1074 3409 1384 3480 angelorum
1425 3412 1787 3481 aequalitatem

222 3493 498 3561 perveniat
540 3508 555 3547 :
593 3503 647 3550 et
677 3510 870 3565 panem
902 3498 1270 3566 quotidianum
1301 3500 1354 3555 in
1402 3504 1618 3557 nomine
1660 3502 1788 3559 Jcsu

221 3581 436 3643 Patrem
470 3584 601 3639 dare
631 3586 730 3640 sibi
772 3587 1028 3656 postulat,
1070 3597 1128 3643 ut
1158 3590 1213 3643 in
1246 3599 1509 3646 aeternum
1545 3610 1667 3650 cum
1695 3594 1787 3649 illo

218 3672 365 3726 vivat
397 3682 648 3730 aeternus.
678 3676 810 3731 Cum
832 3692 958 3731 vero
982 3694 1080 3748 pro
1106 3694 1171 3735 ea
1204 3681 1413 3737 laborat
1440 3697 1560 3751 qua:
1583 3693 1786 3738 aeterna

218 3775 332 3817 non
358 3770 505 3827 sunt,
533 3771 590 3817 et
617 3772 825 3819 terrena
855 3776 998 3831 sunt,
1032 3777 1087 3822 et
1118 3770 1415 3839 corporalia
1446 3781 1591 3836 sunt,
1622 3780 1677 3828 et
1706 3773 1786 3827 vi-

215 3848 439 3915 dentur,
480 3850 669 3920 perdet
698 3852 980 3923 imaginem
1025 3867 1080 3911 et
1117 3857 1522 3915 similitudinem
1565 3860 1691 3925 Dei,
1730 3871 1785 3917 et

216 3948 550 4009 comparatus
563 3949 638 3994 est
654 3940 903 4011 jumeutis
929 3947 1302 4017 insipientibus,
1327 3960 1375 4003 et
1408 3950 1592 4004 similis
1614 3951 1783 4021 [acus

216 4039 293 4087 est
322 4028 447 4085 illis.
480 4029 611 4103 Quae
641 4039 806 4088 totum
836 4051 940 4090 una
964 4038 1138 4092 anima
1170 4039 1296 4109 agit,
1329 4049 1381 4093 et
1408 4039 1521 4110 ipsa
1545 4050 1627 4096 est
1664 4059 1783 4112 qua:

216 4119 458 4175 caelestia
486 4124 814 4192 concupiscit
837 4134 1039 4181 aeterna
1062 4136 1117 4182 et
1142 4130 1476 4185 obliviscitur
1514 4141 1784 4201 tempora—

216 4208 308 4263 lia.
353 4210 421 4265 Et
449 4211 563 4281 ipsa
596 4222 679 4268 est
708 4230 828 4284 qua:
875 4225 1087 4271 terrena
1126 4217 1275 4274 lucra
1321 4222 1630 4290 temporalia
1654 4238 1784 4278 con-

214 4300 402 4370 quirit,
430 4309 485 4357 et
510 4303 750 4363 celestia
776 4305 1139 4373 obliviscitur;
1170 4318 1226 4363 et
1246 4326 1352 4365 non
1382 4322 1557 4385 potest
1586 4312 1781 4369 cmlum

1902 1855 2088 1921 storia,
2116 1873 2233 1926 qua:
2278 1857 2474 1928 legitur
2510 1872 2564 1917 et
2614 1866 2849 1932 auditur,
2886 1878 2939 1922 et
2977 1869 3197 1939 syllabis
3226 1885 3468 1941 compre-

1900 1944 2172 2015 henditur,
2202 1959 2257 2004 et
2282 1949 2478 2008 litteris
2502 1957 2837 2021 emendatur,
2867 1967 2921 2012 et
2946 1969 3139 2015 cmtera
3165 1963 3467 2033 hujusmodi

1901 2036 2119 2101 similia,
2144 2056 2263 2109 qua:
2295 2042 2360 2095 ad
2390 2044 2713 2099 exteriorem
2750 2049 2990 2102 auditum
3021 2053 3309 2119 pertinent,
3358 2064 3467 2111 tam

1900 2124 2199 2195 legentibus
2239 2146 2399 2200 quam
2443 2135 2784 2191 audientibus
2832 2142 3224 2209 communiter,
3293 2154 3466 2200 totum

1898 2232 2091 2285 corpus
2113 2229 2196 2275 est
2221 2220 2413 2278 littera:
2436 2225 2736 2288 exterioris,
2755 2226 2893 2281 sicut
2915 2243 3111 2297 corpus
3134 2241 3217 2286 est
3236 2233 3469 2289 hominis

1897 2311 2202 2366 exterioris.
2243 2313 2372 2380 Quae
2421 2315 2465 2368 si
2513 2317 2694 2370 omnia
2725 2323 2858 2386 qum‘
2893 2317 3145 2389 leguntur
3171 2324 3463 2377 secundum

1897 2400 2151 2467 litteram,
2182 2403 2233 2457 id
2278 2415 2377 2467 est,
2413 2421 2608 2475 corpus
2653 2409 2844 2463 littera:
2884 2412 3187 2477 exterioris,
3216 2414 3354 2466 sicut
3394 2415 3462 2468 ad

1896 2505 2053 2546 aures
2078 2494 2320 2563 publicas
2350 2506 2526 2562 sonat,
2559 2498 2638 2551 sic
2667 2512 2729 2551 ea
2773 2499 3097 2555 voluerimus
3126 2501 3421 2570 intelligere
3442 2545 3457 2566 ,

1895 2585 2030 2640 tales
2058 2586 2259 2640 erimus
2289 2587 2431 2641 sicut
2452 2594 2505 2642 et
2534 2586 2623 2643 ille
2645 2589 2737 2658 qui
2766 2590 3005 2645 coelestia
3028 2591 3380 2654 obliviscitur,
3410 2601 3465 2647 ct

1895 2686 2109 2731 terrena
2136 2675 2284 2731 lucra
2311 2686 2571 2745 sectatur,
2602 2688 2657 2733 et
2683 2688 2888 2733 tantum
2913 2695 3108 2750 corpus
3135 2697 3310 2747 suum,
3350 2699 3459 2737 non

1894 2766 2128 2821 animam
2155 2766 2346 2836 diligit.
2403 2767 2471 2821 Et
2511 2775 2688 2821 tamen
2716 2768 2927 2837 utrique
2968 2772 3255 2839 comparati
3282 2788 3462 2825 sumus

1884 2855 2137 2924 jumentis
2168 2855 2552 2925 insipientibus.
2587 2856 2757 2911 Unam
2808 2858 3263 2927 comparationem
3301 2860 3465 2915 habe-

1893 2963 2031 3012 mus,
2062 2954 2115 3002 et
2144 2947 2254 3001 vita
2280 2962 2466 3003 sumus
2489 2948 2798 3013 dissimiles,
2830 2950 2952 3019 quia
2993 2950 3078 3003 ille
3109 2959 3191 3004 est
3237 2952 3457 3005 smcula'

1895 3037 1968 3092 ris
2013 3038 2106 3108 qui
2136 3038 2393 3093 mundum
2439 3047 2606 3104 amat,
2632 3047 2687 3093 et
2713 3055 2811 3109 ego
2846 3038 3152 3109 religiosus,
3185 3041 3276 3109 qui
3322 3042 3464 3096 litte-

1894 3142 2002 3182 ras.
2052 3127 2164 3183 Sed
2209 3129 2277 3183 ab
2307 3143 2411 3183 una
2444 3136 2863 3198 comparatione,
2898 3129 2949 3183 id
2982 3136 3064 3183 est
3103 3131 3171 3184 ab
3213 3147 3317 3183 una
3348 3130 3462 3184 lan-

1892 3231 2006 3280 cea,
2033 3216 2346 3281 occidimur,
2370 3217 2493 3286 quia
2531 3218 2743 3287 utrique
2774 3232 2997 3287 corpora
3034 3234 3294 3284 amamus,
3323 3222 3459 3273 utri-

1891 3320 1994 3375 que
2022 3320 2246 3375 corpora
2285 3305 2546 3361 videmus.
2577 3307 2705 3374 Qua:
2726 3315 2780 3361 et
2800 3307 2852 3360 in
2879 3308 2993 3375 ipsa
3024 3307 3248 3362 historia
3270 3309 3461 3363 estali-

1889 3394 2037 3463 quid,
2066 3396 2209 3464 quod
2238 3396 2377 3449 sicut
2402 3397 2704 3451 audivimus
2731 3404 2784 3449 et
2814 3406 3075 3461 tenemus,
3110 3406 3164 3451 et
3194 3397 3270 3451 sic
3312 3398 3463 3453 intel-

1889 3487 2122 3557 ligantur
2143 3488 2282 3541 sicut
2306 3487 2616 3541 audiuntur.
2645 3487 2712 3541 Et
2738 3488 2816 3542 sic
2848 3487 3120 3556 diligimus
3162 3500 3225 3541 ea
3264 3496 3318 3542 et
3359 3490 3457 3543 ob—

1888 3570 2183 3631 servamus.
2210 3576 2364 3643 Quod
2388 3576 2432 3630 si
2454 3584 2509 3631 et
2530 3577 2619 3631 illa
2646 3578 2712 3631 ad
2733 3576 3043 3647 allegoriam
3060 3576 3453 3642 reduxerimus,

1886 3677 1939 3722 et
1963 3667 2206 3729 volumus
2231 3682 2294 3721 ea
2344 3675 2570 3731 mutare,
2624 3668 2729 3722 tale
2757 3675 2840 3722 est
2884 3675 3139 3737 tanquam
3172 3668 3216 3721 si
3262 3683 3457 3738 corpus

1886 3767 2128 3811 nostrum
2178 3757 2397 3812 omnino
2444 3756 2756 3821 occidimus,
2809 3764 2863 3810 ει
2891 3773 2998 3811 non
3023 3756 3213 3811 damus
3241 3758 3289 3811 ei
3334 3773 3456 3826 quae

1886 3846 2191 3902 necessaria
2219 3857 2363 3912 sunt,
2391 3847 2508 3901 sine
2524 3847 2676 3917 queis
2703 3862 2896 3917 corpus
2914 3848 3096 3902 vivere
3127 3863 3231 3903 non
3256 3856 3451 3917 potest,

1886 3942 1937 3997 id
1965 3948 2068 4005 est,
2097 3940 2234 4005 cibo,
2263 3949 2411 4010 potu,
2448 3954 2635 3994 somno
2669 3948 2724 3993 et
2752 3941 3093 3995 vestimento.
3142 3936 3199 3995 Si
3232 3941 3346 3996 haec
3370 3941 3455 3995 fa-

1884 4033 2073 4095 cimus,
2101 4030 2212 4101 jam
2243 4047 2348 4087 non
2374 4033 2479 4087 erit
2507 4046 2700 4101 corpus
2732 4032 2875 4102 quod
2906 4039 3089 4087 currat
3128 4047 3228 4102 pro
3253 4033 3452 4088 anima.

1883 4120 2002 4175 Jam
2032 4138 2137 4177 non
2165 4123 2270 4176 erit
2296 4122 2474 4176 anima
2504 4122 2650 4177 salva
2695 4136 2813 4192 qua:
2839 4137 3038 4190 corpus
3066 4138 3221 4177 suum
3255 4123 3455 4178 occidit

1884 4222 2069 4268 contra
2098 4206 2365 4267 naturam.

1955 4304 2063 4360 CV.
2101 4305 2229 4371 Quae
2255 4313 2379 4359 sunt
2406 4304 2508 4358 ista
2552 4320 2671 4373 qua:
2697 4305 2969 4360 diximus?
3009 4304 3146 4358 Sunt
3187 4305 3450 4369 hteretici,

214 4398 270 4444 et
307 4398 508 4447 terram
552 4393 712 4448 simul
761 4395 978 4460 lucrari,
1027 4397 1128 4453 nisi
1172 4415 1337 4454 unum
1386 4402 1668 4458 dimiserit.
1712 4403 1780 4457 Et
1807 4402 1855 4458 D
1883 4396 2097 4452 nomine
2141 4394 2628 4456 Circumcelliones).
2660 4396 2751 4465 qui
2806 4410 2990 4450 amore
3031 4405 3329 4461 ωπιγτιιηι
3370 4411 3456 4450 εθ-

215 4482 378 4541 habct
412 4482 527 4554 ipsa
559 4484 740 4539 anima
772 4486 937 4541 multa
981 4489 1197 4543 nomina
1229 4506 1327 4561 per
1365 4493 1607 4549 actiones
1644 4509 1781 4563 quas

212 4574 487 4638 discurrit,
517 4591 641 4631 cum
667 4576 738 4633 sit
759 4577 1055 4634 substantia
1077 4596 1210 4634 una:
1237 4596 1356 4651 qua:
1381 4582 1508 4636 dum
1538 4591 1782 4638 contem-

210 4663 394 4736 platur
423 4664 612 4731 Deum,
644 4665 867 4736 spiritus
892 4675 995 4722 εει.
1051 4668 1185 4723 Dum
1239 4671 1425 4736 sentit,
1454 4687 1644 4727 sensus
1673 4681 1777 4727 est.

210 4755 350 4811 Dum
379 4757 539 4825 sapit,
585 4758 798 4814 animus
831 4768 935 4814 est.
995 4760 1133 4815 Dum
1179 4762 1445 4833 intelligit,
1494 4779 1647 4819 mens
1673 4772 1777 4818 est.

208 4843 349 4904 Dum
360 4846 637 4914 discernit,
662 4850 797 4903 ratio
816 4857 917 4903 est.
941 4850 1079 4905 Dum
1099 4852 1384 4917 consentit,
1407 4853 1652 4908 voluntas
1673 4861 1775 4909 est.

210 4934 348 4991 Dum
377 4937 709 5003 recordatur,
740 4939 1000 4994 memoria
1029 4948 1130 4996 est.
1175 4941 1311 4995 Dum
1342 4941 1586 4996 membra
1624 4956 1781 5013 vege-

210 5033 308 5087 tat,
350 5026 529 5082 anima
563 5037 667 5084 est.
704 5030 774 5084 Et
796 5030 913 5086 haec
935 5031 1151 5101 quidem
1180 5032 1305 5088 dum
1350 5032 1627 5103 multiplici
1650 5049 1781 5089 con-

146 5184 155 5187 4
205 5123 354 5181 stent
378 5118 751 5191 appellatione,
784 5137 893 5177 non
923 5129 1103 5177 tamen
1134 5122 1210 5177 ita
1236 5122 1547 5178 dividuntur
1573 5123 1625 5177 in
1653 5124 1780 5179 sub—
1807 5144 1810 5148 '

204 5211 406 5269 Stantia
435 5211 576 5265 sicut
601 5212 657 5266 in
684 5213 918 5279 nomine,
944 5213 1069 5283 quia
1098 5214 1201 5269 ista
1226 5215 1407 5269 omnia
1430 5230 1536 5269 una
1562 5223 1645 5269 est
1665 5215 1779 5270 ani-

205 5317 314 5359 tna.
343 5300 411 5355 Et
451 5301 506 5356 in
528 5311 680 5371 parte
718 5318 823 5373 qua
850 5320 910 5359 se
938 5303 1148 5361 ﬂexerit
1174 5306 1344 5376 ipsius
1383 5306 1557 5376 partis
1578 5320 1777 5361 nomen

204 5394 428 5462 accipit,
459 5394 587 5463 quia
613 5402 796 5464 partes
817 5394 934 5466 ejus
959 5404 1084 5452 sunt
1106 5396 1208 5453 ista
1235 5413 1354 5467 quae
1384 5397 1514 5453 dixi.
1551 5396 1664 5453 Hoc
1696 5405 1779 5452 ton

205 5492 321 5542 tum
362 5500 462 5554 pro
501 5485 694 5555 spiritu
739 5486 842 5541 ista
870 5486 1125 5552 diximus,
1176 5497 1234 5542 ut
1280 5487 1549 5543 haereticis
1575 5487 1779 5543 calum-

206 5574 388 5631 niandi
438 5578 790 5634 assertionem
834 5578 1167 5632 tolleremus.
1210 5577 1342 5644 Quia
1384 5593 1550 5632 unum
1601 5577 1775 5632 homi-

204 5682 331 5733 nem,
384 5667 652 5738 integrum
704 5677 865 5738 atque
907 5668 1205 5737 perfectum
1250 5669 1461 5738 spiritu,
1499 5666 1676 5721 anima
1721 5674 1776 5721 et

1881 4486 2137 4556 metipsos
2177 4485 2522 4539 interﬁciunt.
2553 4484 2708 4539 Tales
2752 4493 2877 4539 sunt
2922 4492 2977 4539 et
3007 4483 3080 4537 illi
3107 4484 3336 4539 lectores
3358 4484 3452 4554 qui

1881 4577 2101 4632 omnino
2127 4575 2363 4630 animam
2392 4574 2587 4630 littera:
2620 4590 2652 4629 a
2684 4589 2909 4645 corpore
2949 4574 3155 4630 nudare
3182 4584 3435 4646 qumrunt

1881 4665 2014 4720 Nam
2045 4666 2182 4720 sicut
2206 4681 2401 4736 corpus
2427 4673 2533 4720 stat
2562 4680 2661 4734 pro
2692 4680 2768 4730 se,
2795 4672 2850 4719 et
2873 4665 3065 4736 recipit
3089 4666 3318 4723 actionis
3343 4683 3453 4723 sua:

1880 4757 2073 4821 vicem,
2106 4757 2186 4811 sic
2206 4764 2260 4811 et
2280 4756 2503 4812 historia
2537 4756 2828 4826 aliquando
2861 4772 2957 4826 per
2987 4772 3064 4821 se,
3095 4763 3154 4811 ut
3178 4758 3323 4812 aliud
3345 4773 3452 4813 non

1883 4844 2207 4917 intelligatur
2232 4863 2329 4917 per
2365 4846 2798 4917 signiﬁcationes,
2831 4845 3209 4901 similitudines
3233 4855 3287 4901 et
3315 4847 3443 4916 ligu-

1882 4953 1987 5000 ras,
2014 4936 2117 4992 nisi
2147 4944 2352 4990 tantum
2385 4937 2674 4991 secundum
2696 4952 2892 5006 corpus
2915 4936 3107 4990 littera:
3131 4937 3270 4990 sicut
3299 4937 3455 4991 audis

1881 5036 1987 5081 tur.
2014 5026 2251 5083 Historia
2278 5036 2361 5083 est
2380 5027 2630 5083 Christus
2649 5028 2743 5083 Dei
2766 5027 2951 5092 Filius,
2976 5037 3137 5083 natus
3158 5028 3223 5087 de
3242 5027 3453 5097 virgine

1881 5116 2067 5185 Maria,
2097 5118 2388 5174 cruciﬁxus
2418 5121 2517 5175 sub
2546 5118 2736 5175 Pontio
2768 5117 2962 5173 Pilato.
2998 5118 3240 5175 Mortuus
3278 5129 3332 5174 et
3365 5136 3450 5175 εε-

1878 5210 2077 5280 pultus.
2105 5209 2389 5264 Descendit
2418 5209 2483 5264 ad
2521 5207 2778 5263 infernos.
2804 5207 2991 5265 'Tertia
3019 5208 3107 5263 die
3153 5209 3450 5264 resurrexit

1878 5301 2032 5356 vivus
2054 5316 2087 5355 a
2130 5299 2375 5354 mortuis.
2402 5297 2656 5354 Ascendit
2680 5298 2747 5352 ad
2772 5298 2954 5354 casias.
2989 5297 3150 5353 Sedet
3175 5299 3240 5353 ad
3265 5298 3451 5354 dexte-a

1880 5408 1995 5445 ram
2022 5391 2116 5446 Dei
2148 5390 2324 5446 Patris
2345 5390 2748 5459 omnipotentis.
2778 5389 2905 5445 Haec
2930 5405 3028 5459 pro
3073 5404 3129 5444 se
3171 5396 3278 5443 stat
3310 5389 3449 5451 sicut

1877 5482 2110 5537 auditur.
2142 5481 2256 5535 Non
2285 5490 2367 5535 est
2396 5480 2666 5552 allegoria.
2698 5476 2815 5534 Non
2858 5478 3176 5551 signiﬁcavit
3219 5478 3445 5535 alterum

1877 5570 2169 5635 Christum,
2197 5571 2335 5625 sicut
2353 5571 2673 5641 patriarcha:
2702 5579 2757 5625 et
2777 5571 3053 5640 prophetae
3084 5571 3224 5626 hunc
3244 5570 3447 5642 signiﬁ-

1878 5670 2134 5718 caverunt
2177 5670 2229 5716 ct
2261 5662 2687 5728 praedicaverunt
2726 5676 2845 5718 esse
2873 5671 3175 5719 venturum.
3206 5663 3282 5720 Illi
3306 5680 3444 5739 pra:-
