3992 6176
462 273 563 328 959

1260 276 1669 344 ELIPANDUS,
1709 271 1934 337 FELIX,
1974 266 2320 322 HETERIUS
2355 265 2443 321 ET
2482 265 2539 321 S.
2579 260 2878 318 BEATUS.

3591 255 3703 313 960

463 393 774 448 dicaverunt
818 405 936 446 esse
983 399 1286 447 venturum.
1336 393 1412 448 llli
1454 392 1880 463 przedicaverunt
1922 381 2105 443 nonA
2130 379 2602 451 signiﬁcavith,
2643 377 2735 448 qui
2784 390 2967 432 arcam
3009 377 3064 429 in
3109 375 3307 463 diluvio
3335 375 3527 430 erexit.
3565 377 3708 444 Quid

464 499 540 544 se,
571 481 662 536 sed
710 481 1004 537 Christum.
1031 481 1280 546 Christus
1308 485 1620 555 praedicavit
1660 483 2028 552 semetipsum,

465 572 687 626 missum
723 588 754 626 a
784 571 964 637 Patre,
996 573 1180 628 dicens
1206 591 1219 626 :
1250 571 1341 628 Sic
1370 573 1552 628 dilexit
1598 573 1736 627 Deus
1759 572 2028 636 mundum,

463 670 518 713 ut
540 659 740 714 Filium
760 677 912 715 suum
936 664 1254 731 unigenitum
1276 663 1422 717 daret
1445 664 1499 718 in
1518 664 1748 728 mundo;
1770 673 1826 717 ut
1867 665 2033 718 omnis

463 751 551 819 qui
578 751 737 804 credit
757 751 812 804 in
837 768 974 816 eum,
1006 768 1108 805 non
1135 762 1328 821 pereat,
1366 753 1455 806 sed
1491 755 1677 808 habeat
1700 754 1857 808 vitam
1881 763 2033 808 ceter-

467 859 608 894 nam.
638 840 746 896 Nos
772 856 898 896 vero
922 857 1042 895 cum
1074 842 1325 911 apostolis
1354 851 1408 896 et
1450 843 1759 898 doctoribus
1778 843 2037 912 prredica-

467 946 588 987 mus
613 948 735 986 eum
754 931 866 1000 jam
892 932 1103 988 venisse
1129 932 1405 997 humilem,
1432 942 1492 986 ut
1517 949 1615 988 nos
1638 933 1868 1003 qualiter
1891 933 2038 988 vive-

469 1037 648 1077 remus
681 1023 916 1078 doceret.
943 1023 1009 1076 Et
1030 1024 1264 1078 secundo
1294 1039 1416 1078 eum
1444 1033 1817 1094 exspectamus
1846 1026 1898 1079 in
1926 1024 2038 1095 εἰο-

467 1114 546 1166 ria
597 1113 892 1180 majestatis
932 1131 1041 1170 suae
1077 1116 1272 1177 redire,
1305 1124 1359 1170 et
1387 1117 1624 1186 regulam
1653 1133 1813 1186 quam
1860 1118 2038 1188 posuit

466 1205 762 1274 requirere,
787 1213 839 1260 et
861 1205 1150 1275 unicuique
1177 1208 1464 1262 secundum
1489 1222 1650 1276 opera
1677 1222 1772 1261 sua
1793 1209 2033 1280 reddere.

467 1295 592 1350 llazc
615 1297 861 1359 historia,
887 1298 1023 1351 sicut
1049 1296 1284 1362 auditur,
1309 1298 1381 1351 ita
1406 1299 1473 1353 ab
1497 1298 1641 1353 omni
1669 1298 1904 1353 Ecclesia
1925 1314 2039 1353 cre-

466 1385 612 1440 ditur
638 1395 692 1440 et
724 1395 954 1440 tenetur.
1007 1386 1097 1441 Sic
1145 1389 1307 1442 etiam
1350 1387 1536 1443 decem
1580 1398 1846 1458 praecepta
1881 1388 2034 1458 legis,

464 1491 584 1545 quze
611 1476 664 1529 in
689 1476 822 1530 duas
850 1476 1060 1530 tabulas
1089 1477 1287 1546 scripta
1321 1485 1463 1541 sunt,
1494 1477 1606 1532 sive
1636 1478 1876 1541 decimae,
1898 1478 2038 1532 sicut

465 1567 774 1632 audiuntur,
815 1568 888 1621 ita
930 1567 1300 1636 intelliguntur
1327 1577 1380 1621 et
1405 1575 1675 1622 tenentur.
1729 1567 1842 1622 Hoc
1865 1574 2036 1622 totum

465 1673 660 1726 corpus
694 1659 888 1713 littera:
916 1667 998 1713 est
1035 1667 1288 1728 tanquam
1317 1674 1510 1728 corpus
1532 1658 1785 1712 hominis.

2132 469 2423 532 Abraham,
2458 469 2606 523 Isaac
2640 477 2694 520 et
2741 465 2927 520 Jacob.
2959 463 3098 530 Quid
3136 461 3331 533 Ioseph
3369 465 3618 520 venditus
3651 467 3708 520 in

2133 559 2386 630 Egypto.
2419 557 2554 624 Quid
2586 557 2814 627 Moyses,
2839 556 2933 624 qui
2965 554 3151 609 eduxit
3176 554 3430 624 populum
3461 555 3528 609 de
3555 564 3706 610 terra

2134 647 2372 718 Egypti.
2411 645 2546 712 Quid
2588 644 2770 709 Josue,
2814 644 2905 713 qui
2934 643 3012 699 eis
3045 650 3244 696 terram
3275 643 3713 711 repromissnonis

2133 737 2335 792 divisit.
2371 734 2510 801 Quid
2538 734 2725 798 David,
2765 750 2857 788 rex
2888 741 2942 786 et
2963 734 3238 802 propheta.
3267 731 3403 798 Quid
3429 735 3713 803 propheta:

2135 826 2588 897 significavernnt,
2635 824 2738 879 nisi
2787 825 2843 878 bi
2888 839 3074 878 omnes
3103 823 3416 878 Christum?
3441 825 3628 880 Potest
3654 836 3712 883 et

2135 918 2354 973 dicere:
2385 918 2524 972 Ecce
2574 916 2702 986 quid
2751 915 3054 986 signiﬁcant
3097 915 3206 978 sol,
3262 916 3385 969 luna
3424 924 3479 971 et
3519 918 3710 973 stelL'c.

2135 1005 2272 1074 Quid
2319 1019 2466 1059 mare
2492 1014 2548 1060 et
2595 1005 2790 1075 pisces.
2833 1003 2970 1070 Quid
3006 1003 3222 1058 ﬂumina
3258 1013 3314 1059 et
3338 1004 3530 1060 fontes.
3570 1006 3712 1074 Quid

2136 1105 2348 1151 montes
2371 1104 2426 1148 et
2448 1094 2630 1149 colles.
2665 1093 2804 1160 Quid
2829 1094 3009 1148 herba:
3037 1102 3091 1146 et
3119 1094 3356 1147 arbusta.

2204 1183 2356 1239 CVII.
2388 1183 2456 1237 Et
2479 1183 2609 1253 quia
2629 1181 2904 1252 pleraque,
2932 1183 3044 1236 sive
3065 1182 3118 1236 in
3142 1183 3336 1236 bonam
3362 1192 3571 1254 partem
3598 1203 3714 1242 srvc

2135 1276 2189 1331 in
2219 1276 2433 1340 malam,
2463 1275 2672 1338 duobus
2690 1275 2862 1329 modis
2884 1273 3225 1343 intelligenda
3247 1285 3391 1340 sunt,
3416 1280 3712 1334 secundum

2137 1366 2447 1436 Scriptu'as
2491 1373 2670 1434 potest
2719 1364 2900 1419 facere
2946 1365 3232 1419 rationem.
3287 1364 3540 1422 Attamen
3589 1385 3714 1423 cum

2135 1458 2362 1522 venerit,
2406 1465 2462 1510 et
2503 1456 2568 1508 de
2614 1455 2936 1511 animalibus
2977 1455 3252 1524 disputare
3295 1459 3550 1527 coeperit,
3583 1460 3721 1530 quid

2137 1546 2440 1617 signiﬁcent
2462 1545 2720 1609 volatilia,
2755 1546 2881 1616 quid
2913 1546 3142 1614 replilia,
3173 1547 3304 1615 quid
3325 1548 3718 1619 quadrupedia,

2137 1640 2267 1709 quid
2294 1638 2544 1693 animalia
2571 1638 2784 1696 munda.
2807 1638 2936 1708 quid
2957 1639 3260 1702 immunda;
3295 1639 3420 1708 quid
3441 1640 3626 1701 bestia,
3658 1640 3721 1694 id

537 1718 667 1805 CVI.
709 1751 999 1805 Veniamus
1024 1751 1090 1804 ad
1123 1718 1613 1805 interiorislittera:
1634 1750 1888 1805 moralem
1919 1765 2039 1804 scn-

2141 1741 2244 1796 est,
2273 1731 2474 1795 leones,
2511 1731 2642 1795 ursi,
2688 1731 2817 1800 lupi,
2863 1731 2946 1785 vel
2983 1732 3293 1801 vulpeculae,
3351 1734 3471 1802 quid
3519 1750 3723 1804 greges

469 1859 607 1911 sum,
637 1859 796 1911 quem
827 1845 1090 1913 tropicum
1123 1844 1373 1907 diximus,
1400 1859 1559 1912 quem
1591 1843 1754 1897 etiam
1781 1843 1833 1896 in
1859 1858 2042 1897 exem-

465 1934 554 2002 plo
583 1933 774 1987 animae
817 1934 1116 2002 posuimus.
1148 1933 1380 2003 qualiter
1411 1935 1478 1988 de
1521 1934 1806 1989 exterioris
1847 1933 2042 1988 littera:

465 2037 690 2091 corpore
717 2022 782 2075 ad
810 2023 1122 2077 interiorem
1151 2022 1498 2084 intellectum,
1533 2029 1787 2092 tanquam
1814 2023 1878 2074 al
1907 2021 2044 2076 inte-

466 2113 666 2166 riorem
717 2111 950 2165 animam
1004 2111 1352 2175 rationalem,
1402 2112 1691 2166 ascendere
1745 2112 2038 2166 valeamus.

466 2201 655 2256 Omnis
679 2203 819 2257 enim
857 2202 1027 2256 lector
1051 2202 1142 2271 qui
1167 2203 1231 2256 de
1255 2202 1476 2256 historia
1499 2203 1564 2257 ad
1589 2203 1846 2256 moralem
1872 2204 2044 2257 scien-

465 2292 598 2346 tiam
641 2292 902 2355 ascendit,
933 2300 986 2345 et
1019 2308 1128 2346 non
1177 2293 1420 2362 pervenit
1455 2293 1519 2346 ad
1552 2293 1797 2361 spiritum
1829 2293 2040 2357 litterm,

465 2379 589 2436 talis
629 2389 712 2435 est
751 2381 888 2435 sicut
917 2381 1191 2450 quodlibet
1215 2381 1434 2444 animal,
1467 2390 1674 2435 tantum
1698 2387 1952 2436 censtans
1977 2397 2043 2436 ex

463 2484 712 2540 corpore.
741 2470 956 2526 Moralis
1008 2471 1233 2526 scientia
1274 2473 1494 2534 dicitur,
1535 2473 1585 2527 id
1615 2481 1716 2534 cst,
1751 2474 2042 2527 secundum

463 2579 672 2618 mores:
693 2573 752 2618 ut
779 2579 899 2619 cum
931 2565 1170 2619 nominat
1191 2564 1490 2635 Scriptura,
1513 2574 1572 2619 ut
1596 2573 1724 2633 puta
1748 2563 2040 2625 hominem,

464 2652 837 2722 intelliguntur
857 2653 976 2724 ejus
997 2671 1194 2715 mores,
1223 2657 1346 2724 quia
1374 2672 1588 2710 sensum
1616 2656 1777 2709 habet
1804 2661 1858 2707 et
1885 2651 2046 2707 ratio-

464 2740 604 2794 nalis
627 2751 725 2795 est.
779 2742 912 2796 Cum
945 2745 1187 2797 nominat
1216 2744 1433 2809 animal,
1469 2755 1530 2798 ut
1573 2752 1702 2813 puta
1729 2744 1941 2804 bovem,
1969 2739 2049 2795 in-

466 2831 724 2900 telligitur
768 2834 893 2900 quia
942 2836 1189 2903 ungulam
1219 2834 1429 2899 dividit,
1457 2844 1510 2890 et
1555 2835 1811 2898 ruminat,
1847 2842 1900 2888 et
1947 2834 2046 2888 sub

465 2919 590 2988 iugo
618 2929 719 2975 est.
775 2921 908 2975 Cum
953 2939 1080 2976 vero
1122 2925 1363 2977 nominat
1389 2925 1620 2988 asinum,
1649 2925 1735 2976 vel
1771 2921 2047 2992 quodlibet

465 3008 780 3078 iumentum,
799 3010 1167 3078 intelliguntur
1187 3029 1369 3066 eorum
1399 3028 1595 3075 mores,
1617 3012 1740 3082 quia
1769 3013 2039 3066 ruminant
2067 3049 2111 3110 Ο

467 3117 569 3155 nec
593 3102 847 3170 ungulam
888 3103 1148 3157 dividunt.
1178 3103 1310 3158 Cum
1346 3105 1650 3158 nominatur
1673 3102 1922 3167 camelus,
1953 3105 2036 3158 in-

465 3190 723 3260 telligitur
754 3192 1044 3254 ruminare.
1068 3202 1122 3247 et
1151 3193 1376 3258 ungulas
1411 3210 1518 3248 non
1547 3194 1752 3248 dividit.
1778 3193 1912 3249 Cum
1946 3210 2041 3248 no-

467 3278 704 3333 minatur
745 3297 960 3350 porcus,
1007 3282 1322 3353 intelligitur
1357 3283 1552 3353 ungula
1605 3284 1790 3346 dividi,
1842 3292 1897 3339 et
1935 3301 2040 3338 non

465 3368 759 3422 ruminare.
809 3367 942 3424 Cum
987 3371 1293 3424 nominatur
1320 3371 1422 3434 leo,
1460 3371 1776 3440 intelligitur
1802 3373 2041 3427 omnium

465 3456 816 3513 fortissimum
843 3473 962 3513 esse
997 3459 1311 3513 bestiarum.
1352 3460 1443 3514 Sic
1463 3467 1517 3514 et
1545 3476 1723 3523 ursus,
1752 3460 1926 3529 lupus,
1951 3469 2044 3514 aut

467 3548 766 3618 vulpecula,
796 3550 1088 3604 secundum
1111 3566 1220 3605 suae
1261 3559 1464 3606 naturae
1488 3553 1749 3617 actiones,
1786 3553 2044 3606 uniuscu-

465 3638 658 3710 iusque
703 3641 1070 3712 intelliguntur
1121 3659 1317 3697 mores.
1356 3643 1448 3699 Sic
1495 3646 1656 3699 etiam
1708 3646 1774 3700 de
1830 3646 2043 3701 caeteris

467 3729 806 3791 animalibus,
861 3730 1144 3798 reptilibns
1190 3733 1303 3787 sive
1351 3733 1684 3798 volatilibus,
1723 3751 1845 3804 qua:
1890 3734 2039 3789 Scri-

467 3828 624 3888 ptura
658 3835 810 3873 sacra
841 3836 1261 3876 commemorare
1308 3823 1462 3877 solet.
1493 3823 1621 3890 Qua:
1656 3825 1833 3878 omnia
1865 3841 2043 3880 mores

467 3909 740 3961 hominum
771 3917 895 3962 sunt
924 3910 1272 3978 intelligendi,
1306 3920 1366 3965 ut
1410 3927 1504 3980 per
1543 3914 1655 3983 ipsa
1688 3915 1857 3969 lector
1881 3931 2043 3984 agno-

467 4007 582 4051 scat
609 3998 774 4050 vitam
797 3999 882 4052 vel
913 4015 1088 4054 mores
1119 4001 1392 4054 hominum
1419 4003 1558 4056 intra
1592 4003 1906 4057 Ecclesiam.
1934 4003 2040 4058 Sed

466 4087 600 4142 istos
630 4102 808 4142 mores
834 4105 940 4143 non
967 4098 1143 4158 potest
1157 4090 1482 4157 discernere,
1509 4093 1608 4155 nisi
1634 4092 1838 4162 integer
1857 4095 2038 4160 homo,

471 4175 522 4228 id
561 4183 644 4229 est
673 4176 915 4244 spiritus,
957 4179 1135 4231 anima
1170 4187 1223 4232 et
1265 4195 1479 4248 corpus.
1527 4181 1830 4250 Spiritualis
1886 4183 2038 4237 homo

466 4266 638 4318 omnia
673 4265 882 4334 judicat
907 4283 924 4320 :
955 4267 1063 4338 ipse
1090 4277 1262 4322 autem
1285 4287 1317 4322 a
1344 4271 1545 4324 nemine
1583 4271 1870 4337 iudicatur.
1904 4271 2037 4325 Nam

465 4354 604 4408 sicut
642 4354 934 4422 spiritualis
965 4372 1159 4411 nomen
1201 4359 1365 4412 trahit
1388 4375 1416 4412 a
1449 4361 1660 4428 spiritu,
1689 4361 1767 4416 sic
1790 4362 2038 4416 animalis

462 4444 530 4497 ab
559 4443 755 4497 anima.
791 4443 858 4497 Et
879 4445 1121 4500 animalis
1158 4448 1310 4501 homo
1338 4465 1440 4503 non
1460 4450 1674 4519 percipit
1701 4467 1762 4504 ea
1785 4467 1901 4521 qua:
1919 4459 2037 4504 sunt

463 4533 674 4602 spiritus
705 4535 820 4600 Dei,
847 4543 906 4589 ut
947 4537 1022 4590 ait
1045 4535 1353 4606 Apostolus.
1381 4538 1471 4594 Sic
1496 4539 1660 4594 etiam
1687 4540 1916 4594 carnalis
1944 4555 2040 4594 no-

467 4640 590 4677 men
612 4624 778 4678 trabit
803 4641 832 4678 a
857 4641 1038 4690 carne,
1064 4628 1356 4682 secundum
1379 4627 1614 4698 Apostoli
1640 4629 1842 4684 dictum
1867 4647 1881 4682 :
1909 4629 2039 4683 Cum

463 4715 622 4768 audio
670 4716 811 4768 rixas
839 4717 975 4769 inter
1001 4735 1104 4777 vos,
1137 4734 1305 4771 nonne
1331 4718 1567 4772 carnales
1609 4720 1748 4779 estis,
1782 4729 1830 4773 et
1859 4737 2041 4773 secun-

462 4805 587 4858 dum
629 4805 888 4858 hominem
930 4805 1248 4860 ambulatis?
1292 4806 1435 4860 Nihil
1481 4809 1700 4876 prodest
1737 4808 1944 4872 lectori,
1993 4810 2040 4864 si

462 4903 628 4948 totam
656 4896 1037 4951 bibliothecam
1083 4898 1395 4952 memoriter
1427 4899 1636 4963 recitet,
1677 4907 1730 4952 et
1764 4900 2042 4955 moraliter

465 4983 866 5052 interpretetur,
897 4985 942 5039 si
971 5001 1076 5039 non
1106 4987 1411 5055 pervenerit
1440 4988 1506 5042 ad
1537 4989 1804 5056 spiritum.
1830 4988 2042 5055 Quare?

464 5071 598 5138 Quia
627 5089 733 5127 non
783 5083 866 5130 est
911 5075 1118 5144 integer
1155 5077 1334 5142 homo,
1372 5077 1426 5131 id
1471 5087 1554 5133 est
1598 5080 1915 5148 spiritualis,
1947 5079 2040 5135 sed

465 5169 672 5215 tantum
719 5163 965 5218 animalis
1012 5174 1067 5220 et
1114 5165 1346 5221 carnalis
1374 5173 1475 5221 est.
1509 5168 1594 5222 Ad
1619 5169 1761 5223 hunc
1789 5169 2038 5238 spiritum

463 5267 623 5306 nemo
649 5261 828 5320 potest
851 5255 1050 5319 venire,
1078 5256 1182 5310 nisi
1203 5258 1271 5311 ab
1299 5259 1511 5312 actione
1536 5257 1792 5311 exteriori
1816 5273 2041 5313 vacave-

467 5341 552 5398 rit.
587 5349 640 5396 et
663 5342 827 5397 vitam
855 5347 1327 5415 contemplativam
1356 5355 1467 5402 tota
1499 5348 1696 5402 mentis
1718 5363 1829 5403 sua:
1863 5349 2040 5404 inten-

467 5430 609 5484 tione
658 5440 872 5488 secutus
912 5432 1094 5489 fuerit.
1149 5435 1284 5490 Nam
1334 5437 1558 5506 quilibet
1600 5436 1832 5492 carnalis
1864 5446 2040 5506 potest

465 5534 677 5575 omnem
705 5523 1082 5580 bibliothecam
1109 5525 1286 5594 legere
1311 5536 1366 5583 et
1389 5529 1645 5593 recitare;
1675 5537 1852 5597 potest
1877 5531 2036 5585 etiam

2137 1824 2318 1879 ovium
2349 1823 2434 1878 vel
2463 1839 2770 1887 vaccarum,
2802 1831 2894 1878 aut
2920 1824 3200 1889 columbae,
3230 1825 3314 1880 vel
3339 1826 3562 1896 gallinae.
3589 1824 3721 1880 lam

2138 1915 2230 1972 hic
2258 1932 2364 1971 non
2395 1917 2654 1972 discernit
2679 1917 2805 1986 quid
2843 1917 2914 1972 sit
2948 1917 3122 1986 lupus,
3152 1926 3245 1971 aut
3272 1919 3401 1988 quid
3425 1919 3564 1982 ovis,
3593 1934 3721 1974 cum

2141 2007 2368 2063 fortasse
2390 2016 2444 2064 et
2474 2009 2588 2078 ipse.
2624 2007 2781 2077 lupus
2813 2016 2892 2063 est
2916 2018 2970 2062 et
2998 2009 3144 2064 solus
3179 2008 3230 2063 in
3261 2011 3499 2065 tenebris
3526 2013 3719 2064 ambu-

2141 2097 2215 2151 lat
2247 2097 2516 2160 ulnlando,
2547 2106 2601 2153 et
2620 2113 2748 2152 oves
2773 2114 2892 2168 qua:
2918 2098 3173 2168 ingressa:
3201 2109 3327 2153 sunt
3347 2101 3448 2155 sub
3478 2109 3718 2169 pastore,

2141 2185 2376 2242 defossat
2402 2195 2457 2241 et
2495 2188 2717 2257 spargit.
2754 2188 2887 2242 Nam
2919 2189 3094 2259 lupus,
3125 2198 3217 2244 aut
3241 2207 3420 2255 ursus,
3452 2202 3546 2245 aut
3573 2209 3720 2262 qua>

2142 2277 2275 2332 libet
2302 2277 2470 2331 bestia
2507 2293 2626 2347 qua:
2653 2293 2817 2332 carne
2836 2279 3092 2343 vescitur,
3119 2296 3227 2334 non
3256 2288 3339 2335 est
3361 2281 3462 2335 sub
3480 2292 3720 2351 pastore.

2143 2381 2243 2422 nec
2287 2367 2340 2421 in
2373 2369 2530 2422 domo
2573 2376 2803 2430 creatur,
2847 2383 2945 2422 nec
2989 2368 3043 2422 in
3087 2385 3248 2440 grege
3291 2371 3590 2434 ambulant,
3621 2388 3723 2425 nec

2144 2462 2339 2515 munda
2367 2470 2510 2525 sunt,
2542 2475 2640 2516 nec
2668 2462 2789 2516 cibo
2818 2462 3094 2516 hominum
3119 2471 3242 2531 apta
3269 2472 3411 2518 sunt.
3451 2464 3722 2518 Animalia

2143 2566 2270 2605 vero
2293 2551 2543 2619 quaelibet
2579 2551 2774 2604 munda
2803 2551 2856 2604 in
2901 2567 3062 2622 grege
3088 2551 3382 2616 ambulant,
3413 2561 3467 2607 et
3499 2554 3603 2606 sub
3630 2570 3724 2623 pa-

2145 2649 2289 2694 εισι-ε
2313 2647 2456 2693 sunt.
2481 2638 2831 2693 lncluduntur
2854 2647 2908 2693 et
2937 2655 2967 2693 a
3011 2639 3199 2694 bestiis
3244 2638 3622 2704 defenduntur,
3667 2652 3725 2696 et

2145 2729 2212 2782 ad
2253 2728 2401 2782 cibos
2435 2728 2713 2783 hominum
2747 2738 2869 2798 apta
2927 2738 3071 2784 sunt.
3111 2729 3167 2783 In
3199 2731 3302 2784 hoc
3345 2731 3728 2800 cognoscimus

2145 2820 2287 2874 hunc
2321 2820 2686 2890 interpretem,
2735 2821 2780 2874 si
2822 2820 2978 2888 lupus
3006 2836 3074 2874 an
3099 2821 3215 2875 ovis
3240 2821 3329 2875 sit.
3357 2821 3490 2874 Nam
3523 2822 3571 2876 si
3602 2823 3729 2877 ovis

2145 2919 2246 2975 est,
2275 2911 2326 2964 in
2357 2927 2516 2982 grege
2540 2919 2639 2974 est,
2671 2911 2724 2964 in
2765 2912 3106 2966 multitudine
3139 2921 3238 2972 est.
3286 2913 3339 2966 in
3375 2913 3729 2982 simplicitate

2147 3010 2248 3065 εει,
2276 3004 2374 3056 sub
2400 3009 2612 3070 pastore
2637 3011 2739 3055 est.
2775 3001 3067 3056 lncluditur
3090 3002 3142 3056 in
3169 3003 3326 3066 ovile,
3350 3003 3546 3058 herbas
3577 3004 3727 3058 Scri-

2143 3101 2421 3161 pturarum
2452 3093 2759 3159 manducat,
2814 3103 2919 3147 nun
2949 3108 3167 3147 carnem
3199 3092 3381 3148 fratris
3419 3095 3522 3148 sui.
3557 3094 3734 3150 Cibus

2141 3185 2341 3240 domini
2371 3185 2452 3238 sui
2481 3193 2590 3247 cst,
2620 3201 2648 3238 a
2677 3201 2786 3254 quo
2804 3186 3008 3256 regitur
3033 3194 3081 3240 el
3110 3187 3426 3241 custoditur.
3459 3187 3611 3242 Illius
3629 3190 3732 3257 qui

2141 3275 2277 3327 dixit
2310 3291 2322 3326 :
2353 3273 2501 3327 Meus
2531 3275 2674 3328 cibus
2706 3283 2778 3328 est
2810 3284 2865 3327 ut
2904 3275 3097 3343 faciam
3124 3274 3436 3329 voluntatem
3471 3275 3608 3346 ejus,
3631 3280 3733 3347 qui

2142 3364 2278 3416 misit
2321 3381 2422 3425 me,
2469 3373 2522 3416 ut
2560 3365 2825 3433 perﬁciam
2865 3381 2993 3434 opus
3037 3365 3174 3434 ejus.
3220 3364 3352 3419 Nam
3397 3365 3444 3420 si
3475 3365 3529 3419 in
3563 3381 3736 3435 grege

2141 3469 2248 3508 non
2285 3455 2520 3508 ambulat
2542 3455 2743 3518 ovium,
2775 3455 2828 3508 id
2855 3464 2942 3515 est
2974 3456 3026 3509 in
3055 3456 3394 3510 multitudine
3421 3458 3732 3512 monacho-

2143 3559 2280 3606 rum,
2315 3544 2439 3597 licet
2466 3552 2635 3597 totam
2673 3544 3050 3599 bibliothecam
3078 3545 3287 3610 recitet,
3333 3552 3387 3597 et
3423 3545 3733 3600 secundum

2141 3647 2320 3686 mores
2349 3633 2749 3702 interpretetur,
2795 3649 2902 3688 non
2931 3642 3014 3688 est
3045 3635 3190 3699 ovis,
3226 3635 3319 3689 sed
3346 3635 3501 3704 lupus
3537 3635 3738 3689 solita-

2143 3723 2276 3778 rius.
2310 3723 2487 3777 Bestia
2517 3732 2618 3778 est.
2656 3724 2827 3780 Foras
2866 3725 3082 3780 domum
3110 3735 3213 3780 est.
3247 3725 3385 3781 Oves
3413 3727 3739 3781 Dominicas

2141 3813 2363 3868 invenit.
2393 3813 2508 3868 Non
2548 3814 2930 3884 interpretatur
2959 3817 3284 3884 Scripturas,
3317 3817 3460 3887 quod
3485 3818 3731 3880 auditis:

2141 3903 2238 3958 sed
2280 3904 2465 3968 ululat,
2494 3905 2616 3973 quia
2655 3920 2762 3959 non
2808 3913 3023 3960 tractat.
3064 3905 3204 3971 Quid
3253 3906 3416 3960 facit?
3454 3906 3574 3960 Non
3599 3923 3737 3962 eum

2139 3991 2385 4047 videmus
2436 3992 2638 4062 aliquid
2682 3994 2806 4047 mali
2845 3994 3196 4049 facere?Non
3245 3997 3494 4051 credatis.
3539 3996 3736 4066 Hypo-

2140 4085 2274 4139 crita
2300 4093 2401 4140 est.
2453 4084 2653 4140 Pellem
2696 4086 2908 4140 ovinam
2943 4087 2994 4140 in
3033 4088 3317 4156 superﬁcie
3359 4096 3552 4157 gestat.
3587 4087 3735 4142 Nam

2139 4176 2238 4229 sub
2259 4175 2396 4245 pelle
2421 4175 2576 4246 lupus
2601 4185 2704 4241 est,
2731 4176 2786 4230 id
2809 4185 2889 4231 est
2906 4218 2919 4239 ,
2960 4178 3059 4232 sub
3087 4177 3266 4232 littera
3294 4179 3585 4234 haereticus
3614 4188 3735 4234 est.

2139 4265 2311 4320 Homo
2337 4265 2542 4335 integer
2568 4282 2672 4320 non
2717 4275 2819 4321 est.
2851 4267 3040 4321 Anima
3063 4275 3273 4322 tantum
3305 4278 3360 4323 et
3387 4285 3587 4338 corpus
3614 4281 3736 4325 est.

2069 4397 2118 4457 Β
2142 4353 2375 4424 Spiritus
2401 4371 2506 4409 non
2533 4363 2635 4422 est,
2665 4357 2732 4411 ab
2765 4357 2954 4425 spiritu
2987 4365 3266 4426 separatus
3289 4366 3390 4413 est.
3421 4357 3627 4415 Omnes
3655 4363 3737 4417 ita

2141 4461 2392 4516 separare
2442 4446 2574 4509 vult,
2631 4448 2867 4503 dividere
2914 4448 3045 4512 vult,
3075 4449 3216 4503 sicut
3244 4449 3332 4504 ille
3374 4450 3582 4506 divisus
3615 4465 3736 4508 est.

2141 4533 2399 4591 Scindere
2435 4536 2568 4602 vult,
2617 4537 2755 4592 sicut
2796 4537 2885 4592 ille
2923 4538 3122 4594 scissus
3147 4546 3251 4594 est.
3287 4539 3555 4610 Spargere
3583 4544 3735 4608 vult,

2140 4625 2279 4680 sicut
2328 4626 2417 4680 ille
2463 4641 2682 4696 sparsus
2723 4636 2825 4682 est.
2874 4629 2940 4682 Et
2974 4629 3094 4683 ideo
3131 4629 3332 4686 deforis
3370 4632 3538 4696 venit,
3571 4640 3630 4687 et
3661 4637 3737 4690 de

2141 4716 2298 4771 domo
2326 4716 2438 4770 vult
2463 4732 2673 4786 rapere,
2699 4717 2824 4786 quia
2851 4733 2957 4772 non
2980 4727 3064 4773 est
3086 4721 3221 4785 ovis,
3252 4721 3348 4776 sed
3374 4722 3554 4791 lupus.
3585 4721 3735 4778 Nam

2140 4821 2263 4860 cum
2286 4805 2537 4874 leguntur
2558 4805 2610 4858 in
2635 4805 2928 4876 Scripturis
2943 4808 3194 4862 animalia
3219 4809 3332 4864 sive
3357 4811 3580 4873 munda,
3602 4812 3735 4867 sive

2140 4894 2411 4948 immunda
2438 4933 2453 4958 ,
2500 4893 2784 4964 allegorice
2831 4911 3010 4952 mores
3052 4899 3328 4953 hominum
3384 4901 3731 4970 intelligendi

2141 4992 2284 5048 sunt,
2319 4999 2424 5038 non
2469 4985 2761 5039 secundum
2816 5001 3010 5056 corpus
3054 4987 3268 5053 litterae,
3305 4998 3364 5044 ut
3398 4990 3728 5045 audiuntur.

2140 5073 2273 5127 Nam
2305 5074 2348 5127 si
2391 5088 2518 5127 oves
2555 5089 2660 5128 non
2699 5083 2879 5129 essent
2903 5083 2956 5130 et
2993 5076 3103 5146 lupi
3131 5077 3183 5131 in
3210 5078 3471 5143 Ecclesia,
3502 5095 3610 5133 non
3643 5081 3734 5136 di-

2140 5174 2286 5218 ceret
2323 5164 2580 5218 Dominus
2622 5165 2896 5233 discipulis
2941 5166 3051 5220 suis
3081 5180 3096 5218 :
3126 5166 3262 5221 Ecce
3303 5184 3394 5237 ego
3435 5169 3585 5222 mitto
3631 5186 3736 5225 uos

2139 5254 2269 5307 sicut
2297 5271 2412 5308 oves
2452 5256 2508 5307 in
2542 5255 2712 5308 medio
2749 5254 3009 5325 luporum.
3045 5255 3223 5311 Estote
3268 5274 3388 5328 ergo
3437 5259 3736 5327 prudentes

2138 5342 2272 5395 sicut
2297 5352 2574 5412 serpentes,
2603 5351 2650 5396 et
2679 5343 2935 5412 simplices
2960 5344 3092 5397 sicut
3121 5345 3372 5400 columba:
3416 5345 3637 5417 (Matth.
3668 5363 3733 5414 ι,

2142 5430 2249 5498 16).
2277 5431 2536 5498 Pnecepit
2561 5432 2715 5486 nobis
2742 5431 3000 5486 Dominus
3027 5443 3086 5487 ut
3121 5434 3412 5490 habeamus
3449 5435 3734 5504 simplici-

2140 5530 2305 5577 tatem
2335 5525 2612 5590 columbae,
2639 5536 2693 5580 et
2717 5529 2773 5581 in
2801 5542 2904 5581 una
2943 5527 3278 5583 ambulemus
3312 5528 3506 5593 classe,
3530 5543 3598 5582 ne
3623 5545 3737 5586 cu-

465 5623 587 5662 eam
615 5617 668 5663 et
695 5611 966 5668 moraliter
996 5613 1360 5684 interpretari,
1391 5624 1445 5672 et
1485 5617 1664 5673 dicere
1691 5632 1705 5670 :
1745 5618 1883 5674 Ecce
1908 5619 2036 5690 quid
2132 5613 2383 5683 jusquam
2427 5614 2703 5673 fraudibus
2744 5618 3130 5673 machinemus.
3168 5618 3473 5674 Habeamus
3499 5628 3555 5674 et
3589 5633 3732 5676 ser-
