3992 6176
280 333 379 390 961

956 336 1232 392 ﬂEI‘ERIl
1271 337 1359 393 ET
1398 339 1456 394 S.
1494 338 1697 394 BEATI
1735 340 1827 395 AD
1865 341 2260 402 ELIPANDUM
2298 346 2514 404 EPIST.
2555 381 2624 391 —-
2651 351 2780 407 LIB.
2804 353 2848 409 1.

3419 365 3525 420 96%

278 452 455 525 pentis
484 449 753 514 astutiam,
797 467 863 506 ne
906 451 1130 520 alicujus
1172 453 1578 522 supplantcmur
1621 455 1848 509 insidiis.
1881 459 1924 513 Α
1953 458 2093 526 apud
2117 460 2371 515 smculum
2401 463 2550 516 varia
2579 465 2806 520 scientia
2833 457 2964 522 clari
2999 479 3274 538 putantur,
3312 484 3368 530 et
3402 493 3524 533 cum

349 540 523 597 CVIII.
563 541 672 595 Iloc
704 549 871 596 totum
914 557 1081 612 quare
1119 543 1386 597 diximus?
1410 545 1536 613 quia
1564 559 1727 598 unum
1757 545 1852 598 ho-

275 633 478 687 minem
506 632 792 701 integrum,
822 639 1073 700 tanquam
1101 648 1261 686 unam
1286 633 1664 689 bibliothecam
1687 636 1852 703 expo-

276 737 409 777 nere
451 721 818 775 inchoavimus
853 735 868 774 :
897 729 952 774 et
987 722 1042 774 in
1073 721 1240 789 ipsam
1291 723 1692 787 biblioth'cam,
1730 739 1849 793 qua:

274 812 420 866 sicut
450 825 587 864 unus
634 810 810 872 homo,
846 809 918 863 ita
947 818 1048 873 est,
1098 826 1206 879 quo
1256 811 1464 866 facilius
1501 812 1846 882 intelligatur,

275 915 428 956 more
459 901 689 955 hominis
715 901 1028 970 exponenda
1071 909 1174 955 est.
1197 900 1332 955 Nam
1378 902 1465 956 illa
1497 902 1701 972 integra
1743 913 1846 966 est,

273 998 328 1045 et
363 992 524 1045 homo
553 990 667 1044 sine
701 989 790 1043 illa
822 990 1029 1058 integer
1057 1006 1161 1044 non
1188 999 1290 1045 est.
1317 991 1382 1045 Et
1411 1007 1568 1045 nemo
1601 994 1667 1045 ad
1693 993 1850 1047 Chri-

273 1091 420 1135 stum
445 1081 558 1134 sine
589 1079 674 1132 illa
715 1080 998 1149 pervenire
1025 1087 1221 1148 potest,
1262 1081 1384 1150 quia
1413 1083 1526 1151 ipse
1554 1082 1690 1136 liber
1721 1099 1847 1152 per-

275 1169 451 1225 fectus
487 1179 590 1224 est.
619 1169 859 1223 Diximus
894 1170 960 1224 de
989 1185 1215 1239 corpore
1255 1170 1469 1234 litterae,
1499 1180 1751 1241 tanquam
1782 1172 1848 1226 de

275 1275 503 1330 corpore
535 1259 788 1316 hominis.
819 1260 1061 1314 Diximus
1092 1261 1157 1314 de
1184 1261 1372 1315 morali
1415 1262 1657 1326 scicntia,
1690 1263 1742 1317 id
1767 1270 1847 1318 est

276 1353 486 1406 ratione
509 1366 717 1405 morum
739 1369 750 1403 :
775 1351 840 1405 de
861 1351 1100 1405 interiori
1130 1351 1336 1407 ratione
1355 1351 1564 1418 litterze,
1589 1367 1686 1421 per
1707 1354 1848 1420 quod

276 1450 675 1511 cognoscuntur
706 1456 884 1495 mores
911 1441 1206 1495 hominum.

347 1551 481 1606 CIX.
524 1551 774 1605 Dicamus
818 1551 884 1604 de
927 1551 1114 1620 spiritu
1165 1551 1386 1616 litterae,
1439 1553 1527 1606 ubi
1581 1551 1851 1606 invenitur

277 1645 440 1708 Deus,
467 1644 604 1697 sicut
635 1651 688 1696 et
714 1643 779 1696 de
809 1643 998 1712 spiritu
1030 1643 1263 1698 hominis
1293 1643 1544 1708 diximus,
1578 1645 1670 1713 qui
1707 1643 1850 1698 videt

278 1734 469 1788 Deum.
500 1733 623 1787 llzec
650 1733 827 1787 omnia
855 1748 974 1803 qum
999 1749 1159 1803 supra
1186 1734 1433 1797 diximus,
1464 1737 1577 1789 sive
1616 1750 1735 1804 qua:
1769 1735 1850 1789 di-

277 1839 404 1879 cere
454 1825 741 1888 habemus,
777 1833 885 1877 tam
925 1823 1131 1878 Veteris
1179 1839 1338 1893 quam
1387 1823 1520 1878 Novi
1567 1823 1843 1895 Scriptura

276 1915 628 1980 Testamenti,
653 1916 720 1970 ad
746 1915 1073 1971 intellectum
1100 1917 1440 1987 allegoricum
1475 1917 1844 1986 accipiendum

274 2007 529 2061 admonet
557 2022 658 2061 nos
679 2005 762 2060 vel
797 2005 927 2060 illud
952 2008 1094 2076 quod
1118 2007 1172 2060 in
1199 2008 1378 2062 Veteri
1402 2008 1745 2062 Testamento
1771 2010 1846 2064 le-

273 2099 453 2167 gimus
481 2115 494 2150 :
529 2098 771 2168 Aperiam
804 2097 860 2150 in
883 2096 1144 2167 parabolis
1173 2114 1228 2151 os
1257 2113 1435 2152 meum
1463 2116 1481 2152 :
1506 2097 1691 2168 loquar
1713 2100 1844 2152 arni-

273 2199 452 2259 gmata
500 2190 714 2258 antiqua
773 2187 944 2260 (Psal.
976 2204 1175 2258 Lxxvu,
1212 2187 1288 2259 2).
1322 2187 1417 2244 Vel
1459 2188 1586 2243 illud
1619 2191 1760 2258 quod
1791 2190 1843 2242 in

273 2279 425 2336 Novo
451 2267 794 2335 Testamento
838 2281 1112 2347 scribitur,
1156 2297 1277 2336 cum
1301 2281 1430 2336 dicit
1465 2296 1481 2336 :
1513 2281 1642 2336 Haec
1670 2282 1845 2336 omnia

273 2368 480 2424 locutus
511 2380 584 2424 est
609 2370 762 2424 Jesus
785 2371 840 2424 in
862 2370 1123 2441 parabolis
1145 2371 1213 2425 ad
1234 2372 1412 2426 turbas
1440 2387 1458 2425 :
1482 2381 1529 2425 et
1554 2373 1664 2426 sine
1687 2388 1847 2443 para-

272 2457 406 2512 bolis
444 2477 547 2514 non
581 2459 883 2529 loquebatur
917 2461 991 2514 eis
1027 2460 1239 2532 (Matth.
1287 2477 1434 2527 xxtv,
1459 2462 1570 2531 54).
1599 2462 1656 2514 lu
1690 2476 1846 2530 para-

272 2549 416 2604 bolis
438 2549 579 2604 enim
605 2558 657 2603 et
685 2552 964 2605 credentes
1004 2551 1291 2622 discipulos
1317 2552 1562 2616 docebat,
1590 2560 1644 2607 et
1669 2552 1844 2606 incre-

273 2639 430 2694 dulos
459 2640 790 2694 πάγει-ευιίοε
833 2641 1200 2696 convincebat.
1229 2640 1360 2694 Nam
1405 2658 1582 2697 sermo
1610 2642 1840 2706 divinus,

274 2730 330 2784 id
356 2738 438 2784 est
461 2733 846 2799 prophetarum
875 2739 927 2784 et
948 2732 1330 2801 apostolorum,
1358 2732 1516 2785 talem
1539 2733 1698 2786 habet
1718 2747 1846 2784 eon-

274 2821 612 2874 suetudinem
641 2829 699 2874 ut
744 2820 831 2873 illa
860 2837 979 2891 quae
1003 2821 1126 2874 vilia
1155 2829 1277 2875 sunt
1305 2830 1358 2876 et
1381 2822 1616 2876 carnalia
1647 2821 1845 2876 deforis

271 2907 541 2972 ostendat,
579 2915 637 2960 ut
679 2922 887 2972 omnes,
931 2916 1038 2960 tam
1069 2908 1308 2963 carnales
1329 2924 1488 2977 quam
1517 2909 1840 2979 spiritu-ales,

273 2999 368 3068 qui
396 2998 621 3067 legerint
643 2997 726 3052 vel
756 2997 1038 3060 audierint,
1069 2998 1122 3052 in
1146 2997 1302 3066 plano
1324 2999 1574 3053 habeant.
1605 2998 1695 3052 Illa
1718 3012 1843 3053 vero

271 3104 396 3160 qua:
417 3088 714 3158 spiritualia
743 3097 864 3142 sunt
887 3095 941 3141 et
967 3089 1228 3158 speciosa,
1258 3088 1399 3142 intus
1424 3088 1643 3155 lateant,
1663 3105 1729 3144 ne
1751 3089 1840 3144 illa

272 3178 574 3233 caelestium
588 3177 1026 3248 archangelorum
1045 3177 1275 3247 dignitas
1293 3178 1540 3232 omnibus
1558 3178 1845 3233 indiscrete

271 3274 502 3337 pateret,
526 3276 580 3319 et
604 3274 846 3319 sanctum
868 3267 1106 3327 canibus,
1133 3275 1186 3320 et
1214 3267 1528 3336 margaritas
1546 3268 1724 3336 porcis
1747 3283 1843 3321 ex-

270 3363 514 3425 poneret.
536 3355 600 3408 Et
620 3356 745 3425 quia
767 3357 1004 3409 exterior
1025 3355 1224 3419 littera,
1250 3357 1302 3410 id
1321 3364 1405 3410 est
1431 3357 1675 3420 historia,
1701 3355 1843 3425 quod

270 3456 355 3500 est
386 3447 718 3515 eloquentia,
751 3448 956 3516 argenti
1008 3463 1198 3501 nomen
1243 3449 1646 3516 interpretatur,
1674 3457 1726 3501 et
1763 3449 1844 3501 in-

271 3538 561 3607 telligentia
583 3539 877 3610 spiritualis
898 3539 1015 3592 auri
1041 3542 1256 3594 nomine
1278 3540 1610 3610 intelligitur,
1630 3548 1682 3592 et
1705 3553 1844 3592 unus

273 3628 508 3698 Spiritus
540 3641 757 3684 sanctus
785 3640 1042 3698 utrasque
1079 3630 1296 3683 dictavit
1326 3649 1337 3682 :
1379 3640 1436 3684 ut
1460 3645 1584 3684 vere
1612 3632 1679 3683 ad
1701 3629 1842 3683 illius

272 3720 536 3773 columba:
564 3719 920 3788 deargentatte
949 3720 1192 3783 modum,
1221 3718 1372 3786 cujus
1401 3719 1700 3788 posteriora
1723 3734 1844 3786 spe-

272 3809 357 3863 cie
386 3807 536 3860 aurei
567 3807 896 3877 splendentis
928 3809 1188 3863 irradiant
1222 3828 1234 3863 :
1269 3811 1342 3864 ita
1388 3810 1681 3880 Scriptura:
1702 3812 1840 3864 divi-

270 3915 355 3955 nae
386 3914 508 3971 qua:
540 3898 712 3969 planae
754 3907 880 3953 sunt
909 3901 963 3953 in
991 3900 1170 3954 littera
1208 3910 1430 3972 argento
1471 3901 1753 3972 fulgerent,
1786 3910 1842 3956 et

268 3990 561 4046 occultiora
592 3991 692 4045 sub
737 3989 912 4044 littera
949 4006 1080 4044 auro
1117 3991 1418 4047 rutilarent.
1465 3991 1631 4046 Recte
1660 3992 1838 4061 itaque

270 4081 448 4135 divina
483 4079 882 4151 dispensatione
927 4081 1198 4153 provisum
1230 4090 1330 4147 est,
1383 4092 1441 4138 ut
1487 4083 1574 4137 illa
1602 4084 1838 4153 eloquio-

271 4186 388 4225 rum
421 4170 628 4240 argenti
660 4171 899 4236 castitas,
933 4188 965 4226 a
1013 4172 1331 4239 promiscuis
1382 4174 1621 4227 omnium
1668 4172 1837 4228 oculis

270 4259 546 4325 absconsa,
580 4261 733 4329 quasi
761 4261 938 4330 aliquo
961 4261 1222 4316 velamine
1247 4263 1532 4333 pudicitiae,
1564 4265 1674 4333 ipsa
1703 4263 1837 4318 scri-

269 4358 423 4419 ptura
449 4360 840 4422 contegeretur,
869 4352 1174 4407 ccelestibus
1200 4355 1516 4408 obumbrata
1547 4355 1833 4425 mysteriis,

1950 559 2135 600 eorum
2197 551 2585 618 superstitiosis
2639 554 3103 614 adinventionibus
3172 564 3524 633 restitissem,

1949 649 2241 706 eorumque
2258 639 2478 694 stultam
2500 643 2818 712 sapientiam
2844 649 3314 719 reprehenderem,
3344 655 3522 711 inveni

1948 741 2107 795 quem
2157 729 2330 799 diligit
2366 732 2544 787 anima
2590 749 2729 790 mea.
2762 737 2818 790 ln
2848 754 2934 793 me
2969 749 3053 795 est
3082 743 3228 797 enim
3254 749 3526 815 apostolus

1950 816 2037 871 ille
2074 818 2164 886 qui
2192 819 2256 873 de
2297 820 2492 876 talibus
2532 823 2662 877 dicit
2694 842 2706 876 :
2738 825 3058 896 Sapientiam
3095 829 3355 902 loquimur
3391 838 3529 891 inter

1945 908 2218 977 perfectos.
2251 908 2576 981 Sapientiam
2613 924 2784 968 autem
2811 934 2914 972 non
2938 920 3096 989 hujus
3141 925 3337 990 seaculi,
3366 943 3526 999 neque

1946 1000 2232 1068 principum
2275 1002 2472 1067 sa’culi,
2504 1005 2595 1074 qui
2620 1005 2958 1062 destruantur
2981 1027 3000 1064 :
3022 1014 3114 1066 sed
3143 1014 3404 1083 loquimur
3427 1020 3526 1074 Dei

1947 1089 2255 1158 sapientiam
2305 1092 2356 1144 in
2413 1096 2677 1162 mysterio,
2730 1112 2847 1166 qua:
2899 1099 3203 1156 abscondita
3237 1115 3333 1171 est,
3364 1125 3523 1178 quam

1945 1179 2330 1249 prwdcstinavit
2363 1182 2504 1237 Deus
2542 1195 2662 1238 ante
2699 1188 2893 1242 sa'cttla
2920 1190 2977 1244 in
3005 1191 3226 1261 gloriam
3268 1208 3520 1251 nostram.

1949 1268 2015 1321 Et
2041 1270 2165 1338 quia
2198 1270 2309 1339 ipsa
2336 1273 2618 1341 sapientia.
2659 1292 2779 1345 quae
2819 1278 3065 1336 Christus
3093 1293 3194 1348 est,
3225 1289 3365 1354 apud
3391 1289 3525 1343 tales

1949 1371 2054 1410 non
2083 1358 2369 1422 invenitur,
2402 1363 2527 1428 quid
2552 1365 2796 1432 sequitur
2819 1368 2941 1421 audi
2975 1387 2987 1422 :
3020 1369 3188 1434 Quam
3211 1391 3357 1427 nemo
3378 1379 3523 1444 prin-

1949 1447 2118 1515 cipum
2162 1449 2320 1517 hujus
2361 1451 2540 1504 surculi
2587 1456 2842 1523 cognovit.
2876 1457 2937 1512 Si
2965 1461 3100 1512 enim
3149 1466 3520 1532 cognovissent,

1950 1552 2214 1606 nunquam
2254 1539 2527 1594 Dominum
2567 1543 2748 1612 gloria:
2775 1549 3153 1617 cruciﬁxissent
3181 1569 3198 1606 :
3231 1556 3363 1608 sicut
3395 1559 3525 1610 scri-

1948 1639 2091 1696 ptum
2130 1638 2204 1682 est
2235 1647 2254 1683 :
2285 1629 2436 1694 Quod
2476 1649 2568 1686 nec
2609 1635 2789 1690 oculus
2815 1639 2958 1705 vidit,
2991 1658 3083 1695 nec
3123 1647 3268 1699 auris
3301 1647 3520 1712 audivit,

1952 1733 2044 1770 nec
2064 1718 2119 1771 in
2147 1736 2238 1772 cor
2256 1721 2479 1774 hominis
2503 1726 2754 1790 ascendit,
2781 1727 2918 1796 quod
2941 1735 3251 1800 prwparavit
3282 1735 3419 1790 Deus
3440 1738 3524 1792 his

1948 1810 2037 1879 qui
2071 1809 2292 1879 diligunt
2333 1828 2468 1864 eum.
2502 1814 2567 1868 Et
2595 1816 2739 1884 quia,
2771 1817 3006 1874 dimissis
3033 1831 3086 1876 et
3109 1827 3345 1893 expulsis
3371 1829 3524 1883 tabu-

1951 1900 2034 1964 lis,
2060 1902 2262 1956 invenit
2311 1904 2488 1958 anima
2515 1921 2672 1974 quem
2710 1909 2902 1980 diligit,
2934 1914 3056 1967 audi
3079 1917 3204 1983 quid
3229 1919 3474 1988 sequitur
3505 1937 3518 1974 :

1947 1990 2111 2046 Nobis
2146 2001 2322 2048 autem
2351 1997 2606 2052 revelavit
2635 1999 2773 2055 Deus
2798 2018 2894 2070 per
2918 2006 3164 2074 Spiritum
3192 2026 3368 2066 suum.
3395 2013 3519 2084 Spi--

1947 2081 2083 2135 ritus
2126 2084 2270 2137 enim
2318 2086 2497 2141 omnia
2551 2098 2838 2154 scrutatur,
2890 2095 3053 2149 etiam
3098 2100 3360 2166 profunda
3403 2081 3520 2156 Dei.

1947 2169 2134 2226 Omnis
2178 2184 2355 2228 autem
2417 2177 2698 2246 disciplina
2754 2181 3024 2252 religionis
3077 2202 3142 2240 ex
3189 2189 3279 2243 illo
3325 2192 3519 2260 duplici

1947 2264 2184 2318 scientiae
2212 2265 2357 2322 fonte
2378 2279 2613 2324 emanat.
2641 2273 2696 2325 Id
2726 2282 2827 2338 est,
2861 2293 2979 2344 qua:
3005 2280 3177 2333 activa
3206 2290 3260 2336 et
3279 2292 3520 2338 eontem-

1947 2352 2143 2421 plativa
2167 2356 2274 2409 vita
2297 2357 2510 2412 dicitur.
2541 2359 2748 2427 Aetiva,
2778 2364 2830 2417 in
2853 2381 2957 2434 qua
2981 2383 3157 2423 mores
3185 2386 3310 2425 suos
3337 2387 3520 2428 emen-

1947 2441 2056 2495 dat.
2084 2442 2506 2514 Contemplativa
2529 2464 2656 2504 vero
2678 2451 2731 2504 in
2754 2456 3201 2525 contemplatione
3222 2461 3518 2518 cmlestium

1945 2543 2001 2587 et
2044 2534 2344 2590 divinarum
2392 2538 2790 2609 Scripturarum
2844 2545 3200 2615 disputatione
3249 2561 3516 2607 versatur.

1946 2625 2074 2691 Qua:
2101 2642 2206 2681 non
2243 2638 2419 2697 potest
2469 2633 2649 2686 venire
2696 2635 2762 2689 ad
2792 2637 3059 2706 spiritum,
3090 2641 3188 2694 nisi
3227 2657 3326 2711 per
3351 2644 3519 2698 histo-

1946 2715 2102 2780 riam,
2139 2731 2257 2786 quae
2291 2727 2375 2774 est
2415 2735 2610 2790 corpus
2651 2723 2864 2789 litterae,
2897 2735 3148 2796 tanquam
3193 2747 3388 2801 corpus
3415 2735 3514 2787 ho-

1945 2806 2132 2873 minis;
2161 2809 2353 2864 deinde
2371 2813 2670 2867 ascenderit
2694 2815 2761 2869 ad
2789 2818 3042 2871 moralem
3065 2821 3365 2889 scientiam,
3396 2841 3517 2893 qug‘e

1944 2901 2022 2956 sic
2038 2911 2120 2956 est
2145 2902 2197 2955 in
2223 2903 2446 2958 historia
2469 2913 2716 2975 tanquam
2736 2909 2910 2963 anima
2937 2912 3168 2969 hominis
3187 2916 3239 2970 in
3260 2933 3514 2989 corpore;

1944 2994 2135 3050 deinde
2159 3000 2462 3053 ascenderit
2495 3001 2559 3054 ad
2586 3003 2853 3070 spiritum,
2893 3006 2984 3074 qui
3016 3007 3095 3061 sic
3118 3018 3199 3063 est
3232 3011 3286 3065 in
3326 3016 3516 3071 morali

1947 3086 2190 3150 scientia,
2243 3087 2333 3140 ubi
2383 3089 2523 3143 Deus
2569 3091 2857 3158 invenitur,
2909 3095 3049 3149 sicut
3088 3098 3310 3167 spiritus
3349 3106 3516 3161 estin

1947 3180 2124 3233 anima
2151 3182 2240 3235 ubi
2267 3183 2407 3237 Deus
2444 3186 2670 3240 videtur.

2012 3269 2123 3325 CX.
2165 3271 2302 3326 Ecce
2348 3273 2618 3328 hominem
2665 3277 2950 3348 integrum,
2981 3295 3224 3348 corpore,
3247 3282 3424 3334 anima
3462 3290 3514 3337 et

1942 3365 2152 3433 Spiritu.
2181 3365 2318 3418 Ecce
2339 3375 2392 3418 et
2417 3366 2610 3419 librum
2639 3369 2923 3437 integrum,
2951 3370 3194 3435 historia,
3221 3371 3514 3442 tropologia

1940 3463 1994 3507 et
2017 3456 2241 3524 mystica
2267 3456 2631 3525 intelligentia.
2668 3458 2804 3511 Ecce
2835 3468 2890 3513 et
2917 3459 3190 3514 Christum
3222 3463 3510 3531 integrum,

1941 3542 2194 3603 Verbum,
2220 3542 2394 3596 anima
2424 3551 2482 3597 et
2498 3561 2644 3599 caro.
2678 3546 2732 3600 Si
2759 3564 2825 3601 ex
2853 3549 3023 3603 tribus
3044 3566 3208 3604 unum
3237 3552 3512 3606 subtraxe-

1939 3631 2016 3683 ris
2047 3629 2270 3690 homini,
2308 3638 2400 3684 aut
2438 3648 2675 3697 carnem,
2707 3645 2798 3688 aut
2823 3637 3076 3701 animam,
3107 3647 3199 3692 aut
3238 3639 3509 3707 spiritum,

1939 3720 2100 3774 homo
2141 3719 2348 3790 integer
2385 3737 2490 3776 non
2539 3731 2640 3776 est.
2679 3724 2894 3780 Etcum
2944 3727 3148 3795 integer
3184 3744 3288 3783 non
3327 3728 3505 3793 fuerit,

1937 3823 2102 3878 pecus
2135 3809 2257 3873 erit,
2307 3811 2429 3878 quia
2477 3811 2532 3866 in
2573 3814 2685 3868 sola
2720 3816 2898 3869 anima
2941 3823 2995 3870 et
3036 3833 3198 3872 carne
3231 3821 3508 3874 remansit.

1939 3898 2033 3953 Sic
2055 3909 2109 3954 et
2131 3899 2255 3954 huic
2279 3900 2435 3956 libro.
2468 3901 2524 3956 Si
2552 3919 2615 3958 ex
2643 3905 2814 3960 tribus
2837 3921 3001 3959 unum
3027 3908 3382 3968 subtraxeris,
3420 3920 3514 3964 aut

1936 3989 2237 4053 historiam,
2277 3999 2372 4045 aut
2398 3993 2766 4064 tropologiam,
2809 4003 2902 4048 aut
2945 3997 3276 4064 spiritualem
3316 3999 3512 4053 intelli-

1935 4081 2186 4150 gentiam,
2218 4084 2358 4139 unde
2389 4085 2539 4139 vivas
2581 4102 2686 4140 non
2719 4086 2902 4151 habes,
2932 4089 3056 4156 quia
3100 4088 3373 4144 Christum
3402 4107 3506 4145 non

1937 4172 2122 4226 habes.
2168 4173 2295 4228 Haec
2340 4174 2617 4244 Scriptura
2671 4192 2866 4246 corpus
2912 4178 3106 4234 Christi
3157 4189 3257 4234 est.
3304 4181 3368 4235 Et
3397 4183 3509 4252 ipse

1935 4281 2130 4335 corpus
2175 4267 2329 4334 panis
2356 4277 2540 4322 noster
2579 4277 2680 4321 est.
2724 4269 2822 4322 llic
2849 4276 2928 4322 est
2967 4270 3102 4324 liber
3131 4270 3186 4323 in
3213 4286 3307 4324 ore
3336 4273 3508 4327 dulcis

1937 4363 1991 4409 et
2023 4356 2076 4408 in
2100 4364 2286 4408 ventre
2307 4371 2542 4410 amarus.
2570 4357 2704 4422 Quia
2728 4374 2848 4412 cum
2872 4359 3192 4426 praedicatur
3211 4367 3295 4413 est
3310 4361 3502 4425 dulcis,

269 4439 409 4493 sicut
439 4451 650 4496 secreto
690 4456 787 4495 suo
824 4441 937 4510 ipsa
982 4443 1231 4497 divinitas
1279 4445 1664 4523 occultabatur.
1699 4443 1833 4499 Nam
1859 4461 1911 4520 υ
1936 4453 1990 4498 ει
2015 4459 2134 4498 cum
2168 4443 2343 4499 facere
2367 4445 2688 4513 cmperimus
2711 4447 2852 4514 quod
2883 4448 2952 4499 ibi
2979 4447 3236 4515 scriptum
3263 4457 3363 4513 est,
3388 4451 3504 4504 sine

269 4537 396 4584 tunc
421 4530 758 4586 manifestata
783 4541 867 4586 est
895 4531 981 4585 illa
1017 4534 1256 4604 angelica
1285 4535 1528 4600 scientia,
1563 4551 1683 4604 quae
1706 4537 1832 4590 abs-

266 4634 428 4673 consa
466 4620 665 4674 latebat
691 4622 790 4676 sub
829 4621 1024 4685 littera,
1050 4625 1260 4692 quando
1290 4626 1400 4692 ipsa
1447 4625 1705 4679 Divinitas
1739 4640 1836 4694 per

267 4728 482 4768 carnem
508 4721 590 4768 est
613 4715 1081 4770 manifestata.llic
1102 4717 1245 4770 enim
1277 4718 1330 4769 in
1362 4717 1603 4770 interiori
1634 4717 1832 4783 littera,

266 4805 321 4859 id
347 4813 428 4858 est
448 4805 659 4874 spiritu,
692 4805 1035 4859 inveniuntur
1062 4807 1151 4860 illa
1177 4807 1386 4861 Domini
1415 4807 1667 4860 interiora
1701 4816 1834 4861 tem-

264 4895 350 4965 pla
380 4909 396 4948 :
425 4896 512 4950 hic
537 4895 627 4949 illa
659 4906 842 4951 sancta
863 4905 1192 4962 sanctorum,
1218 4906 1276 4952 ut
1302 4896 1414 4966 jam
1444 4900 1534 4969 qui
1564 4900 1635 4953 ibi
1660 4901 1835 4970 ingre-

265 4988 431 5052 ditur,
456 5003 578 5042 cum
602 4988 829 5043 Domino
853 4990 1132 5060 loquatur;
1162 4991 1300 5046 sicut
1323 4991 1374 5044 in
1401 4991 1637 5047 Canticis
1664 4994 1836 5047 canti—

263 5093 450 5134 corum
496 5093 563 5131 ex
611 5095 741 5134 voce
773 5095 1012 5149 Sponsae,
1050 5097 1171 5151 quae
1219 5091 1303 5136 est
1343 5083 1540 5147 anima,
1593 5083 1829 5150 dicitur;

264 5171 511 5240 Surgam,
543 5181 591 5224 et
641 5173 868 5226 circuibo
910 5174 1188 5239 civitatem,
1234 5191 1325 5244 per
1366 5175 1502 5228 vicos
1546 5185 1594 5228 et
1634 5175 1832 5244 plateas

263 5276 494 5331 qmcram
533 5277 684 5332 quem
711 5262 881 5331 diligit
909 5264 1085 5316 anima
1115 5281 1250 5317 mea.
1301 5263 1528 5330 Qua'sivi
1570 5265 1739 5330 illum,
1785 5276 1832 5320 et

266 5368 368 5405 non
394 5352 561 5406 inveni
591 5350 765 5422 (Cant.
808 5368 891 5415 ιιι,
919 5352 996 5421 2).
1025 5353 1105 5408 Ac
1133 5354 1178 5409 si
1211 5362 1394 5423 aperte
1434 5355 1578 5409 dicat
1608 5373 1620 5408 :
1650 5356 1835 5412 Consi-

263 5442 445 5497 deravi
467 5457 680 5498 omnem
703 5443 928 5513 gloriam
948 5444 1228 5511 praesentis
1247 5445 1456 5511 smculi;
1482 5446 1686 5515 inspexi
1708 5462 1834 5502 con-

264 5533 604 5602 gregationes
624 5531 937 5598 inﬁdelium,
961 5539 1014 5586 et
1036 5531 1275 5589 diversas
1299 5546 1473 5591 sectas
1491 5536 1834 5607 philosopho-

265 5639 406 5686 rum,
444 5622 537 5678 sed
560 5638 734 5692 neque
754 5622 863 5677 illic
892 5623 1070 5678 inveni
1103 5637 1264 5695 quem
1289 5625 1462 5697 diligit
1489 5627 1668 5681 anima
1691 5642 1828 5682 mea.

267 5712 320 5768 Η
363 5722 467 5772 εει.
499 5729 620 5769 cum
665 5714 1076 5782 pertransissem
1109 5713 1410 5785 huiusmodi
1463 5717 1707 5774 homines
1739 5720 1832 5788 qui

1934 4533 2294 4589 amaritudine
2335 4535 2662 4602 paenitentia:
2702 4535 2878 4589 facere
2924 4550 3029 4588 non
3084 4551 3388 4604 possumus.
3439 4540 3506 4593 Et

1933 4639 2054 4677 eum
2093 4624 2232 4678 hanc
2261 4624 2593 4694 Scripturam
2626 4626 2976 4680 observamus
3001 4631 3055 4680 et
3078 4636 3223 4681 recte
3259 4628 3507 4699 intelligi-

1933 4732 2070 4779 mus,
2095 4725 2150 4771 et
2170 4723 2314 4770 recte
2341 4723 2451 4770 toto
2469 4717 2630 4771 corde
2651 4717 2974 4781 laboramus,
2998 4725 3051 4771 et
3071 4734 3288 4772 oramus
3307 4735 3500 4788 panem

1933 4815 2174 4862 nostrum
2204 4807 2594 4875 quotidianum,
2635 4808 2884 4877 petimus,
2925 4808 3239 4877 accipimus,
3269 4819 3323 4864 et
3352 4826 3502 4864 man-

1933 4899 2208 4954 ducamus.
2247 4900 2397 4954 Tunc
2445 4907 2499 4954 et
2539 4915 2637 4954 nos
2685 4901 2898 4970 integri,
2929 4909 2982 4954 et
3005 4899 3198 4954 librum
3237 4901 3501 4971 integrum

1932 4990 2347 5055 manducamus;
2379 4999 2433 5044 et
2472 5005 2666 5060 corpus
2715 5000 2980 5056 nostrum,
3013 4992 3155 5060 quod
3184 4999 3267 5045 est
3309 5007 3505 5062 corpus

1931 5080 2134 5136 Christi
2164 5095 2285 5134 cum
2313 5080 2529 5134 Christo
2569 5081 2744 5149 capite
2771 5079 3050 5150 jnngimur
3094 5081 3183 5149 qui
3213 5080 3420 5150 integer
3449 5090 3503 5135 et

1930 5171 2218 5241 perfectus,
2247 5179 2445 5225 etcum
2475 5171 2564 5224 illo
2591 5188 2693 5225 una
2716 5187 2943 5240 persona
2972 5187 3175 5226 sumus.
3208 5171 3340 5225 Nam
3367 5171 3411 5225 si
3437 5173 3504 5226 de.

1933 5264 2109 5319 tribus
2137 5263 2450 5318 substantiis
2496 5262 2693 5318 Christi
2731 5279 2891 5317 unam
2927 5263 3284 5327 subtraxeris,
3314 5262 3365 5316 id
3396 5271 3499 5326 εει,

1932 5372 2039 5412 non
2064 5372 2185 5412 eam
2207 5370 2325 5411 esse
2345 5355 2618 5410 Christum
2641 5355 2794 5420 dicis,
2819 5363 2991 5410 totum
3013 5354 3287 5410 Christum
3314 5367 3498 5423 negas,

1931 5463 2096 5518 negas
2115 5449 2332 5501 Patrem
2357 5453 2414 5499 et
2443 5445 2700 5513 Spiritum
2735 5453 2998 5500 sanctum.
3025 5445 3232 5498 Etcum
3263 5443 3316 5496 in
3337 5457 3497 5496 unam

1933 5537 2286 5592 substantiam
2328 5535 2526 5590 Christi
2571 5535 2815 5599 offendis,
2846 5535 3072 5590 oll'endis
3110 5535 3162 5590 in
3210 5534 3340 5597 Deo,
3375 5532 3500 5601 quia

1934 5629 2074 5682 Deus
2107 5634 2188 5681 est
2213 5625 2478 5682 Christus.
2515 5627 2583 5681 Et
2614 5642 2734 5682 cum
2772 5626 2826 5680 in
2853 5626 2963 5681 Deo
3004 5624 3246 5690 offendis,
3277 5623 3505 5693 amplius

1933 5720 2075 5791 quod
2101 5717 2338 5775 ollendas
2391 5735 2495 5776 non
2531 5719 2720 5776 habes.
2764 5717 2869 5774 Sed
2894 5727 3022 5774 tunc
3063 5715 3292 5773 olfendis
3313 5715 3501 5773 Deum,
