3992 6176
456 337 575 397 963s

1255 324 1661 392 ELIPANDUS,
1700 323 1938 389 FELIX,
1976 322 2323 379 HETERIUS
2360 324 2447 379 ET
2487 324 2544 379 S.
2586 322 2881 381 BEATUS.

3596 329 3701 385 96-5

454 454 667 525 quando
720 450 862 504 hunc
916 445 1120 501 librum
1164 457 1271 499 non
1322 441 1634 497 manducas.
1685 438 1838 506 Quod
1888 437 1934 491 si
1969 435 2024 492 in
2053 438 2101 499 Α
2127 435 2327 508 nullus]
2368 437 2504 493 liber
2540 436 2659 493 sine
2692 437 2872 492 littera
2898 444 3000 503 est,
3030 445 3086 493 ει
3106 438 3250 494 nulla
3274 440 3453 496 littera
3484 441 3604 499 sine
3630 444 3706 501 in-

455 541 741 613 Evangelio
788 555 895 595 non
939 535 1247 600 ollcnderis,
1290 534 1433 605 quod
1461 546 1657 601 corpus
1693 538 1778 586 est
1799 529 2021 595 Christi,

454 646 553 688 nec
596 631 652 686 in
679 629 894 688 Christo
919 624 1160 688 offendis,
1193 622 1319 694 quia
1351 636 1548 691 corpus
1570 619 1688 689 ejus
1711 619 2020 675 manducas.

522 724 657 782 CXI.
696 722 755 779 Si
791 719 1002 792 quando
1030 717 1277 773 audimus
1308 728 1610 771 sermonem
1638 711 1753 776 Dei,
1771 719 1827 765 et
1847 725 2025 766 sermo

453 818 569 883 Dei,
594 824 645 871 et
672 830 801 871 caro
830 810 1052 874 Christi,
1077 816 1132 863 et
1160 805 1378 875 sanguis
1413 801 1528 871 ejus
1572 802 1627 857 in
1676 801 1895 856 auribus
1928 814 2026 856 no-

453 907 581 963 stris
602 904 922 961 infunditur.
950 901 1017 955 Et
1043 913 1141 955 nos
1171 895 1315 951 aliud
1342 894 1661 966 cogitantes,
1690 892 1744 945 in
1766 896 2026 960 quantum

453 996 749 1068 periculum
774 988 1135 1048 incurrimus?
1164 994 1220 1043 et
1265 998 1514 1054 saporem
1551 982 1699 1037 illum
1726 979 2025 1037 dulcedinis

453 1105 614 1159 quam
639 1093 914 1161 gustamus
934 1080 1228 1153 perdimus,
1251 1086 1308 1132 et
1358 1092 1466 1132 non
1493 1074 1633 1144 sapit
1653 1074 1791 1129 sicut
1814 1080 1917 1127 est.
1956 1071 2026 1126 Et

453 1181 665 1236 actione
689 1192 795 1248 qua
816 1173 977 1231 fuerit
1017 1186 1170 1229 mens
1190 1177 1376 1225 nostra
1405 1172 1682 1235 occupata,
1707 1171 1766 1218 ut
1792 1170 1922 1233 puta
1970 1161 2026 1216 in

452 1271 572 1327 cibo
609 1267 838 1323 lautiore
888 1272 984 1318 aut
1011 1262 1065 1318 in
1083 1268 1236 1331 potu,
1258 1266 1350 1312 aut
1382 1257 1436 1311 in
1461 1256 1801 1317 vestimento,
1831 1258 1926 1306 aut
1966 1250 2024 1304 in

451 1359 688 1430 qualibet
714 1371 773 1412 re
801 1352 1085 1423 corporali,
1117 1348 1259 1420 quod
1302 1356 1564 1403 aeternum
1585 1351 1701 1410 εει,
1743 1342 1905 1398 talem
1936 1355 2024 1396 sa-

450 1466 639 1523 porem
659 1447 813 1504 nobis
836 1445 968 1500 facit
1007 1444 1063 1499 in
1085 1440 1267 1511 palato
1306 1437 1487 1494 cordis
1513 1435 1685 1491 nostri
1708 1434 1823 1504 ipse
1848 1444 2027 1523 sermo

453 1521 684 1603 divinus,
708 1535 799 1605 qui
823 1542 906 1590 est
929 1530 1086 1603 panis
1133 1539 1340 1593 noster,
1362 1525 1537 1596 qualis
1563 1532 1619 1578 ει
1638 1525 1752 1593 ipsa
1777 1521 1919 1577 actio
1944 1529 2028 1575 est

453 1626 650 1683 mentis
696 1632 916 1681 nostrae.
967 1619 1058 1676 Sic
1104 1618 1248 1674 enim
1302 1615 1521 1670 tradunt
1558 1611 1728 1667 Judrei
1772 1608 2025 1680 quoniam

453 1732 649 1773 manna
672 1714 886 1786 quando
922 1710 1300 1773 comedebant,
1356 1704 1647 1777 secundum
1697 1701 2026 1757 voluntatem

2126 527 2361 584 tellecta.
2388 529 2455 583 Et
2474 529 2651 584 littera
2678 529 2734 583 in
2763 528 2900 584 libro
2918 538 3108 601 aperto
3140 531 3358 602 legitur,
3379 541 3439 586 ut
3458 533 3602 603 quod
3630 534 3704 591 le—

2124 616 2269 687 gitur
2295 616 2644 688 intelligatur.
2670 617 2739 673 Et
2762 633 2888 673 cum
2924 618 3269 684 intellexerit,
3298 617 3413 689 jam
3463 625 3663 696 gaudet
3687 666 3706 689 ,

2124 707 2252 778 quia
2275 710 2418 779 quod
2442 708 2576 765 foris
2611 709 2824 780 legebat
2865 710 3012 767 intus
3040 710 3262 767 invenit.
3294 713 3362 768 Et
3378 714 3470 784 qui
3522 718 3708 772 conci-

2124 799 2263 854 derit
2288 800 2462 871 ipsum
2504 800 2720 868 librum,
2749 802 3001 873 paginam
3036 809 3092 857 et
3139 803 3375 859 litteram
3424 807 3663 861 concidit
3684 848 3704 871 ,

2125 890 2456 947 intellectum
2483 892 2676 951 littera:
2718 892 3003 948 concidere
3030 908 3137 948 non
3174 894 3369 964 potuit.
3406 895 3473 949 Et
3525 904 3711 951 tamen

2125 987 2181 1032 et
2212 978 2389 1034 littera
2417 980 2655 1035 exterius
2673 988 2737 1036 et
2785 980 3091 1036 intellectus
3122 982 3351 1038 interius
3392 999 3534 1039 unus
3568 984 3709 1039 liber

2125 1076 2229 1142 est,
2265 1076 2320 1123 et
2338 1068 2456 1124 sine
2481 1077 2709 1139 utroque
2732 1084 2853 1125 esse
2873 1084 2980 1124 non
3003 1077 3199 1140 potest.
3244 1071 3395 1126 Tunc
3416 1072 3460 1126 si
3498 1088 3709 1142 praeva-

2125 1140 2223 1222 les,
2247 1172 2456 1227 separa.
2493 1157 2598 1212 Sed
2617 1158 2775 1229 plane
2798 1159 2903 1214 hoc
2928 1157 3106 1214 facere
3130 1174 3238 1214 non
3268 1140 3606 1229 poterissSic
3623 1174 3711 1216 est

2125 1248 2375 1304 Christus
2408 1249 2544 1304 liber
2571 1258 2755 1305 noster
2778 1251 3014 1307 exterius
3044 1252 3266 1321 pagina;
3298 1259 3353 1306 et
3371 1251 3710 1322 Iitteraquorl

2125 1346 2210 1393 est
2235 1338 2414 1402 homo,
2445 1353 2641 1407 corpus
2667 1348 2721 1395 et
2741 1339 2953 1393 anima..
2969 1340 3119 1395 Intus
3155 1340 3426 1406 divinitas,
3448 1349 3711 1412 tauquam

2127 1428 2432 1484 intellectus
2456 1428 2509 1482 in
2532 1428 2731 1482 littera.
2760 1429 2929 1501 Quem
2971 1430 3164 1484 librum
3214 1429 3383 1487 Judzni
3421 1433 3714 1489 concidere

2126 1525 2453 1586 potuerunt,
2503 1516 2831 1571 intellectum
2882 1525 3096 1583 tamen,
3147 1518 3290 1590 quod
3330 1528 3414 1574 est
3449 1522 3713 1579 divinitas

2127 1605 2264 1675 ejus,
2296 1622 2396 1661 nec
2426 1606 2730 1671 concidere,
2758 1623 2857 1662 ncc
2874 1623 3122 1677 separare
3146 1620 3452 1680 potuerunt.

2198 1696 2374 1752 CXIII.
2418 1697 2623 1768 Septem
2664 1698 2934 1768 signacula
2986 1699 3144 1770 hujus
3186 1701 3307 1756 libri
3354 1710 3527 1757 erunt.
3574 1701 3711 1756 Pri—

454 1775 889 1874 uniuscuj-usque,
924 1801 1005 1856 sic
1042 1798 1282 1869 sapiebat
1303 1796 1356 1850 in
1378 1810 1491 1849 ore.
1521 1793 1682 1849 Verbi
1708 1807 1891 1848 causa.
1922 1790 2023 1857 Qui
2056 1775 2100 1835 υ
2128 1802 2294 1852 nium,
2327 1788 2629 1856 corporatio
2660 1788 2711 1840 in
2736 1797 2890 1844 utero
2930 1789 3181 1859 Virginis.
3214 1789 3513 1846 Secundum
3534 1831 3553 1856 ,
3607 1808 3714 1846 na-

454 1910 651 1950 manna
672 1891 1042 1954 comedebant,
1068 1888 1113 1942 si
1139 1884 1517 1941 desiderabant
1543 1896 1699 1953 poma
1717 1922 1732 1946 ,
1760 1881 1806 1935 si
1844 1895 2022 1945 uvam,

453 1987 498 2040 si
520 1998 850 2048 cucumeres,
881 1981 927 2036 si
959 1994 1139 2051 cepas,
1183 1978 1230 2032 si
1260 1976 1402 2040 allia,
1436 1975 1480 2030 si
1500 1989 1717 2045 panem,
1747 1974 1791 2029 si
1816 1988 2024 2037 carnes,

454 2076 747 2131 secundum
768 2072 1081 2143 qualitatem
1105 2077 1160 2124 et
1180 2067 1510 2123 voluntatem
1549 2064 1911 2128 comedentis,
1954 2065 2029 2119 ita

458 2183 617 2237 sapor
640 2167 697 2221 in
718 2179 917 2220 manna
941 2169 1058 2217 erat
1081 2178 1095 2213 :
1124 2159 1204 2215 sic
1230 2167 1285 2215 et
1317 2159 1372 2212 in
1399 2172 1561 2213 carne
1580 2156 1802 2221 Christi,
1828 2156 1916 2224 qui
1946 2162 2031 2209 est

455 2272 633 2312 sermo
664 2254 941 2317 doctrinae,
972 2253 1077 2309 hoc
1124 2257 1239 2316 est,
1291 2249 1691 2318 Scripturarum
1721 2254 2029 2302 sanctarum

457 2346 851 2418 interpretatio,
874 2345 1015 2401 sicut
1037 2343 1310 2408 volumus,
1342 2342 1416 2396 ita
1440 2348 1495 2395 et
1512 2341 1690 2396 cibum
1714 2340 2030 2409 accipimus.

458 2439 516 2494 Si
552 2438 774 2508 spiritus
809 2450 901 2500 es,
933 2433 1176 2490 invenies
1206 2431 1568 2504 refrigerium,
1594 2432 1720 2501 quia
1740 2430 2032 2485 manducas

457 2530 665 2597 adipem
691 2526 1125 2598 pinguissimum,
1158 2524 1303 2595 quod
1334 2530 1417 2579 est
1444 2523 1727 2589 Divinitas,
1754 2531 1815 2581 et
1838 2523 2034 2593 impin-

458 2635 589 2690 guas
622 2605 983 2688 temetipsum.
1011 2615 1070 2670 Si
1105 2623 1357 2686 peccator
1383 2629 1473 2680 es,
1502 2623 1596 2668 aut
1643 2613 1937 2683 superbus,
1977 2621 2033 2666 et

458 2718 672 2774 caitera,
699 2725 819 2778 quae
847 2724 952 2766 non
977 2708 1247 2777 pertinent
1270 2706 1339 2763 ad
1364 2707 1630 2776 spiritum,
1661 2705 1903 2761 invenies
1923 2711 2033 2759 tor-

461 2807 664 2854 menta.
698 2800 796 2854 Hic
824 2799 959 2855 liber
983 2800 1096 2870 ipse
1125 2798 1374 2855 Christus
1392 2807 1476 2854 est
1496 2799 1639 2853 intus
1660 2807 1713 2853 et
1735 2797 1866 2853 foris
1902 2797 2035 2852 scri-

462 2901 602 2960 ptus,
626 2892 691 2946 de
716 2906 822 2959 quo
840 2889 1190 2961 Apocalypsis
1221 2889 1445 2945 Joannis
1471 2890 1638 2946 dicit:
1673 2890 1735 2944 Et
1757 2890 1861 2943 vidi
1882 2907 2036 2960 super

461 2983 727 3035 dexteram
753 2980 973 3035 sedentis
996 2982 1053 3034 in
1089 2982 1274 3035 throno
1302 2980 1492 3034 librum
1545 2982 1792 3051 scriptum
1818 2982 1958 3035 intus
1986 2990 2034 3037 et

462 3077 611 3146 foris,
641 3075 902 3145 signatum
930 3074 1114 3145 sigillis
1140 3083 1351 3145 septem.
1400 3074 1469 3128 Et
1496 3076 1596 3129 vidi
1643 3075 1883 3145 angelum
1928 3077 2035 3146 for-

2128 1877 2329 1932 tivitas.
2357 1875 2620 1941 Tertium,
2645 1878 2841 1947 passio.
2871 1876 3161 1944 Quartum,
3193 1895 3358 1935 mors.
3396 1878 3655 1947 Quintum
3686 1920 3711 1947 ,

2128 1954 2476 2023 resurrectio.
2503 1965 2745 2031 Sestum,
2769 1967 2960 2039 gloria.
2980 1968 3293 2041 Septimum,
3310 1987 3555 2043 regnum.
3579 1971 3713 2029 Haec

2128 2070 2256 2127 ergo
2283 2057 2555 2128 Signacula
2592 2055 2876 2124 Christus,
2926 2059 3049 2113 dum
3096 2075 3196 2130 pro
3249 2061 3464 2116 homine
3511 2074 3714 2119 cuncta

2128 2145 2376 2213 complet,
2409 2145 2590 2201 omnia
2621 2160 2739 2215 quze
2770 2146 2823 2199 in
2869 2146 3164 2219 Scripturis
3206 2158 3359 2204 erant
3392 2151 3577 2206 clausa
3626 2162 3714 2206 at-

2128 2249 2233 2304 que
2263 2234 2471 2305 signata
2505 2235 2714 2305 aperuit
2751 2244 2911 2306 atque
2946 2239 3264 2310 designavit.
3315 2240 3415 2295 Hic
3459 2249 3543 2296 est
3569 2242 3657 2296 ille
3689 2259 3709 2296 :

2130 2322 2284 2378 Liber
2301 2325 2440 2378 intus
2471 2335 2516 2379 et
2542 2325 2672 2395 faris
2695 2328 2935 2397 scriptus.
2970 2326 3068 2385 Hic
3091 2339 3331 2387 secretus
3353 2340 3406 2387 et
3431 2334 3712 2402 publicus.

2130 2413 2228 2470 Hic
2249 2424 2465 2485 apertus
2500 2425 2554 2472 et
2586 2418 2844 2473 occultus.
2904 2419 3003 2477 Hic
3053 2423 3421 2493 superioribus
3483 2427 3708 2496 paginis

2130 2507 2410 2573 videndus,
2440 2508 2787 2565 interioribus
2810 2526 2915 2565 non
2946 2511 3227 2568 videndus.
3273 2512 3429 2569 Foris
3457 2530 3715 2586 compre-

2131 2599 2429 2665 hensibilis,
2456 2600 2602 2654 intus
2652 2601 3227 2672 incomprehensibilis.
3265 2604 3420 2661 Foris
3446 2608 3718 2677 ,scriptus

2131 2697 2235 2756 est,
2262 2705 2382 2745 cum
2408 2691 2670 2760 propheta
2692 2691 2822 2747 dicit
2847 2710 2860 2746 :
2904 2691 3139 2749 Vidimus
3170 2712 3288 2750 eum
3314 2736 3330 2761 ,
3374 2704 3422 2749 et
3461 2714 3567 2750 non
3594 2709 3717 2752 erat

2132 2792 2387 2851 aspectus.
2437 2782 2583 2838 Intus
2621 2785 2854 2855 scriptus
2907 2801 3029 2841 cum
3067 2787 3183 2859 ipse
3236 2789 3493 2858 propheta
3528 2789 3668 2843 dicit
3697 2804 3717 2842 :

2133 2870 2528 2927 Generationem
2556 2885 2728 2928 autem
2755 2877 2869 2947 ejus
2901 2877 3015 2947 quis
3043 2879 3347 2932 cnarrabit?
3370 2878 3522 2933 Foris
3574 2881 3720 2934 scri-

2132 2969 2257 3037 ptus
2284 2972 2386 3026 est,
2426 2978 2548 3018 cum
2593 2963 2754 3018 Pater
2798 2965 2966 3020 dicit:
2997 2965 3043 3019 F
3045 2966 3167 3021 ilius
3201 2984 3343 3023 meus
3392 2985 3445 3022 es
3478 2980 3532 3021 tu
3560 2986 3581 3023 :
3618 2987 3723 3040 ego

2133 3051 2287 3106 hodie
2310 3054 2462 3123 genui
2493 3063 2559 3107 te.
2577 3054 2724 3110 Intus
2745 3056 2978 3125 scriptus
3003 3066 3105 3121 est,
3120 3074 3243 3113 cum
3264 3058 3524 3128 Propheta
3540 3060 3679 3115 dicit
3706 3079 3723 3116 :

464 3120 611 3146 l"""’
641 3120 900 3145 V'U"'"""'
930 3120 1113 3145 "U""'
1140 3120 1351 3145 "l'"""
1400 3120 1467 3128 ""'
1498 3120 1596 3129 ""'
1645 3120 1883 3145 ‘"U""'"'
1928 3120 1998 3146 l"'

464 3177 561 3218 tem
586 3164 950 3234 priedicantem
975 3179 1091 3216 voce
1114 3179 1303 3233 magna
1326 3181 1344 3217 :
1372 3162 1500 3229 Quis
1522 3174 1596 3217 est
1623 3164 1810 3235 dignus
1835 3167 2035 3230 aperire

2139 3120 2416 3212 Speciosus
2441 3142 2613 3212 forma
2646 3161 2756 3215 pra:
2788 3120 2916 3215 ﬁliis
2945 3120 3231 3201 hominum.
3282 3120 3435 3203 Foris
3478 3150 3731 3219 scriptus

464 3254 671 3314 librum,
702 3262 748 3304 et
776 3250 969 3305 solvere
994 3252 1145 3320 signa
1175 3252 1330 3321 ejus?
1351 3252 1420 3306 Et
1456 3268 1603 3307 nemo
1629 3263 1850 3322 poterat,
1876 3271 2037 3326 neque

464 3347 518 3399 in
548 3343 691 3410 caelo,
721 3360 883 3414 neque
908 3344 963 3397 in
988 3352 1147 3410 terra,
1173 3361 1333 3414 neque
1376 3345 1556 3399 subtus
1590 3355 1782 3400 terram
1837 3350 2039 3418 aperire

465 3434 672 3497 librum,
702 3449 862 3503 neque
894 3433 1144 3503 respicere
1170 3431 1338 3487 illum.
1364 3432 1435 3486 Et
1462 3450 1575 3504 ego,
1601 3434 1801 3503 inquit,
1850 3437 2039 3505 ﬂebam

466 3524 706 3588 multum,
734 3524 872 3595 quod
928 3541 1077 3578 nemo
1123 3524 1311 3595 dignus
1354 3525 1589 3580 inventus
1623 3538 1697 3581 est
1743 3529 1944 3597 aperire
1976 3527 2041 3581 li-

466 3619 635 3682 brum,
675 3633 834 3687 neque
859 3615 1028 3671 videre
1046 3614 1214 3670 illum.
1242 3615 1311 3670 Et
1333 3633 1468 3671 unus
1501 3616 1565 3670 de
1592 3617 1880 3671 senioribus
1908 3618 2041 3671 dixit

468 3707 640 3760 mihi:
672 3704 753 3758 Ne
793 3705 1021 3775 ﬂeveris,
1060 3704 1291 3759 Joannes
1318 3721 1335 3759 :
1361 3722 1475 3761 ecce
1520 3707 1635 3760 vicit
1666 3706 1744 3760 leo
1791 3706 1855 3759 de
1903 3706 2042 3759 tribu

470 3797 636 3861 Juda,
660 3795 813 3849 radis:
842 3794 1034 3860 David,
1076 3796 1275 3866 aperire
1307 3795 1528 3860 librum,
1554 3805 1600 3850 et
1644 3804 1835 3865 septem
1871 3795 2043 3867 sigilla

470 3890 583 3959 ejus
608 3888 791 3959 (Apoc.
820 3904 873 3953 v,
896 3888 1031 3957 2-5).

543 3996 699 4050 CXII.
735 3994 972 4063 Angelus
997 3994 1154 4049 fortis
1190 3995 1281 4063 qui
1325 3995 1623 4055 clamabat,
1672 3996 1847 4051 omnis
1908 3996 2047 4052 Scri-

472 4094 630 4155 ptura
656 4098 810 4139 sacra
835 4091 973 4137 erat.
1001 4082 1151 4139 Unus
1195 4082 1262 4137 de
1308 4082 1611 4138 senioribus
1632 4121 1646 4146 ,
1692 4083 1780 4151 qui
1815 4081 2006 4138 Joanni
2028 4124 2043 4149 ,

477 4174 604 4229 Noli
648 4175 792 4245 ﬂere,
824 4173 1054 4236 dicebat,
1083 4181 1251 4226 totum
1289 4188 1475 4241 corpus
1499 4171 1864 4243 prophetarum
1892 4182 2007 4226 erat
2029 4212 2044 4236 ,

473 4264 568 4336 qui
597 4263 1013 4320 consolabantur
1037 4262 1330 4317 Ecclesiam
1357 4300 1374 4325 ,
1413 4275 1573 4330 quam
1598 4259 1831 4318 Joannes
1853 4262 1909 4317 in
1954 4278 2047 4318 sua

474 4371 702 4428 persona
728 4355 1129 4426 prtetigurabat,
1158 4354 1302 4423 quod
1324 4353 1470 4410 solus
1491 4352 1741 4409 Christus
1796 4354 1864 4409 tle
1908 4355 2049 4410 tribu

471 4447 628 4513 Juda,
659 4448 810 4503 radix
846 4448 1033 4512 David,
1056 4447 1343 4503 redimeret
1377 4460 1516 4501 eam.
1545 4444 1680 4501 Nam
1704 4446 1884 4502 nullus
1909 4447 2047 4503 alter
2078 4459 2127 4523 ο

474 4538 725 4593 iuventus
748 4547 849 4602 est,
878 4550 1052 4607 neque
1071 4536 1292 4607 angelus
1323 4537 1375 4591 in
1398 4536 1556 4601 nmio,
1586 4551 1758 4605 neque
1781 4536 1944 4592 homo
1964 4537 2047 4591 vi-

478 4645 609 4685 vens
636 4630 690 4684 in
721 4639 882 4694 terra,
906 4645 1081 4700 neque
1105 4630 1345 4699 sepultus
1368 4632 1560 4685 subtus
1575 4638 1794 4696 terram,
1814 4632 1904 4701 qui
1927 4648 2051 4701 pos-

479 4722 553 4776 sit
575 4720 784 4777 solvere
809 4722 951 4777 hunc
978 4722 1172 4777 librum
1203 4722 1471 4792 signatum
1502 4722 1691 4792 sigillis
1719 4730 1939 4791 septem
1956 4763 1971 4788 ,
1994 4732 2051 4778 et

479 4809 690 4879 aperire
728 4809 1034 4881 Scripturas
1082 4810 1436 4867 bibliothecae.
1482 4811 1581 4866 Ubi
1607 4820 1692 4867 est
1721 4812 2010 4882 Elipandus
2031 4853 2046 4878 ,

479 4902 573 4971 qui
595 4902 872 4959 Christum
900 4904 1003 4959 sibi
1043 4902 1273 4958 similem
1297 4902 1447 4973 lingit
1477 4910 1531 4957 et
1557 4903 1721 4958 dicit:
1757 4922 1776 4958 ς
1808 4905 1876 4960 Ει
1894 4904 2051 4961 Chri—

481 4999 596 5049 stus
629 4993 929 5063 adoptivus,
959 5001 1015 5047 et
1039 5007 1138 5047 nos
1163 4992 1418 5061 adoptivi.
1449 4992 1515 5047 Et
1547 4992 1635 5048 ille
1666 4991 1914 5049 Christus
1934 5033 1951 5059 ,
1996 5003 2053 5050 et

483 5108 583 5148 nos
617 5086 838 5149 Christi.
877 5094 944 5148 Et
970 5093 1057 5147 ille
1090 5092 1364 5161 parvulus,
1390 5100 1445 5147 et
1486 5107 1584 5146 nos
1607 5093 1836 5162 parvuli.
1867 5093 1931 5147 Et
1960 5093 2050 5149 ille

483 5192 687 5247 servus,
716 5192 772 5237 et
800 5197 898 5237 nos
921 5182 1082 5237 servi.
1129 5201 1149 5234 ι
1185 5181 1285 5237 Hic
1324 5182 1486 5237 dicit:
1514 5180 1703 5236 Nullus
1746 5191 1830 5237 est
1871 5184 2055 5237 inven-

485 5293 589 5351 tus,
615 5285 706 5354 qui
728 5284 922 5354 dignus
945 5284 1015 5339 sit
1050 5283 1258 5352 aperire
1296 5282 1510 5348 librum,
1541 5290 1596 5337 et
1620 5282 1828 5339 solvere
1849 5291 2052 5353 septem

485 5384 755 5456 signacula
780 5383 913 5454 ejus.
955 5383 1071 5449 Quo
1099 5383 1258 5438 modo
1292 5391 1375 5438 est
1401 5382 1681 5452 adoptivus
1699 5398 1823 5439 cum
1849 5385 2055 5454 adopti-

487 5486 587 5551 vis,
613 5486 703 5555 qui
730 5501 869 5542 unus
889 5485 1025 5539 liber
1048 5485 1164 5539 est?
1186 5483 1269 5537 An
1313 5482 1452 5539 forte
1487 5483 1622 5538 duos
1654 5483 1818 5540 libros
1856 5486 2050 5552 credis,

491 5599 627 5638 unus
651 5584 741 5652 qui
782 5584 990 5637 litteras
1016 5584 1319 5644 contineat,
1368 5582 1506 5638 alter
1548 5583 1641 5654 qui
1685 5582 2058 5647 intellectum?

492 5679 598 5735 Sed
642 5679 727 5734 hic‘
759 5695 857 5737 nos
880 5694 985 5733 non
1029 5679 1232 5747 poteris
1266 5678 1510 5745 eludere,
1562 5681 1686 5748 quia
1728 5698 1864 5737 unus
1907 5682 2052 5756 [ch.

2135 3239 2236 3295 est,
2269 3246 2391 3285 cum
2416 3230 2578 3286 Pater
2599 3233 2728 3288 dicit
2754 3252 2766 3286 :
2800 3234 2924 3289 Pete
2947 3254 2978 3288 a
3001 3252 3101 3302 me,
3131 3246 3178 3290 et
3208 3238 3342 3291 dabo
3395 3239 3488 3292 tibi
3536 3251 3729 3311 gentes

2137 3324 2490 3395 [nereditatem
2533 3334 2675 3377 tuam
2704 3366 2717 3387 ,
2769 3335 2817 3379 et
2853 3329 3225 3397 possessionem
3283 3339 3427 3383 tuam
3464 3331 3731 3386 terminos

2137 3422 2310 3466 terrm.
2342 3414 2490 3468 Intus
2513 3416 2746 3486 scriptus
2791 3428 2903 3482 εει,
2936 3434 3057 3472 cum
3087 3418 3249 3474 Pater
3276 3421 3441 3476 dicit:
3485 3421 3734 3477 Emta-

2139 3502 2205 3555 vit
2231 3519 2320 3555 cor
2339 3519 2509 3556 meum
2532 3504 2735 3558 verbum
2767 3506 2976 3560 bonum.
3012 3506 3168 3563 Foris
3196 3510 3428 3579 scriptus
3455 3518 3561 3575 est,
3592 3526 3735 3567 cum

2140 3591 2309 3650 Filius
2338 3595 2468 3648 dicit
2493 3612 2506 3648 :
2538 3595 2678 3649 Deus
2706 3597 2844 3651 Deus
2872 3616 3032 3666 meus,
3063 3616 3224 3671 quare
3249 3617 3329 3655 me
3341 3601 3675 3675 dereliquisti
3701 3604 3735 3659 .’

2143 3684 2315 3750 (Psal.
2344 3703 2454 3751 xu,
2481 3686 2560 3759 2.)
2586 3687 2736 3744 Intus
2783 3691 3015 3760 scriptus
3049 3701 3132 3747 est
3154 3698 3177 3753 ,⁷
3199 3734 3203 3738 »
3227 3709 3351 3748 cum
3388 3694 3501 3764 ipse
3546 3694 3738 3752 Filius

2142 3775 2307 3829 dicit:
2338 3775 2562 3848 Longea
2587 3777 2755 3833 salute
2799 3796 2914 3835 mea
2945 3782 3095 3836 verba
3117 3782 3420 3838 delictorum
3457 3801 3733 3851 meorum,

2144 3866 2197 3920 id
2222 3875 2324 3930 est,
2348 3868 2505 3939 longe
2535 3884 2566 3923 a
2612 3869 2891 3925 divinitate
2922 3869 3113 3939 injuria
3144 3872 3512 3928 humanitatis.
3560 3872 3737 3930 Foris

2144 3956 2377 4026 scriptus
2411 3966 2514 4023 est,
2564 3973 2685 4012 cum
2732 3959 3058 4030 evangelista
3092 3961 3204 4015 ait:
3237 3960 3390 4017 Liber
3430 3965 3741 4031 generatio-

2147 4049 2226 4102 nis
2256 4047 2383 4103 Iesu
2404 4048 2616 4114 Christi,
2640 4048 2738 4118 ﬁlii
2762 4050 2950 4116 David,
2973 4050 3073 4120 ﬁlii
3097 4051 3379 4106 Abraham.
3415 4051 3566 4107 Intus
3585 4055 3740 4107 scri—

2144 4148 2271 4210 ptus
2298 4148 2400 4206 est,
2430 4156 2554 4195 cum
2579 4139 2741 4196 Pater
2769 4142 2897 4197 dicit
2923 4161 2934 4195 :
2975 4142 3058 4197 Ea:
3084 4153 3230 4197 utero
3274 4154 3394 4197 ante
3439 4143 3739 4214 luciferum

2147 4234 2299 4304 genui
2346 4242 2414 4287 te.
2451 4233 2608 4289 Foris
2642 4234 2876 4304 scriptus
2922 4244 3035 4302 est,
3076 4251 3197 4290 cum
3252 4234 3511 4306 propheta
3552 4236 3741 4292 dicit:

2146 4325 2353 4381 Juravit
2381 4325 2655 4391 Dominus,
2682 4335 2728 4382 et
2780 4344 2884 4381 non
2911 4328 3171 4398 pcenitebit
3209 4344 3363 4391 eum;
3398 4337 3527 4382 tates
3546 4344 3746 4383 sacer-

2149 4415 2242 4469 dos
2266 4415 2323 4468 in
2344 4416 2911 4480 wternum,secundum
2933 4416 3165 4471 ordinem
3205 4416 3603 4472 Melchisedech.
3642 4418 3747 4472 In-

2153 4517 2239 4559 tns
2261 4505 2493 4574 scriptus
2519 4513 2618 4566 εει,
2643 4520 2764 4560 cum
2787 4505 3113 4577 evangelista
3141 4506 3271 4560 dicit
3294 4522 3308 4559 :
3347 4505 3412 4560 In
3460 4507 3746 4576 principio

2149 4605 2261 4648 erat
2307 4593 2548 4647 Verbum.
2587 4594 2740 4649 Foris
2760 4595 2991 4664 scriptus
3035 4604 3148 4659 cst,
3176 4611 3296 4649 cum
3333 4594 3496 4649 Isaias
3544 4594 3697 4649 dicit
3728 4616 3741 4650 :

2152 4684 2285 4738 Ecce
2310 4686 2450 4754 virgo
2479 4685 2692 4755 accipiet
2729 4686 2784 4738 in
2818 4695 2980 4747 utero,
3009 4694 3055 4738 et
3077 4686 3241 4753 pariet
3274 4684 3462 4754 ﬁlium,
3492 4694 3543 4737 et
3572 4702 3750 4739 voca-

2151 4777 2275 4830 bunt
2328 4792 2512 4829 nomen
2552 4775 2665 4851 ejus
2713 4775 3026 4829 Emmanuel
3072 4774 3207 4844 (lsa.
3246 4792 3362 4841 vn,
3416 4776 3524 4846 14).
3575 4775 3749 4833 Intus

2150 4867 2384 4937 scriptus
2404 4874 2503 4929 est,
2541 4881 2663 4920 cum
2698 4865 2865 4920 Filius
2907 4867 3072 4921 dicit:
3103 4867 3206 4932 Qui
3243 4883 3324 4920 me
3361 4867 3530 4929 videt,
3586 4868 3748 4923 ridet

2151 4965 2197 5008 et
2224 4953 2434 5007 Patrem
2463 4971 2655 5007 meum.
2688 4953 2842 5010 Foris
2884 4956 3116 5027 scriptus
3148 4964 3252 5021 est,
3277 4971 3397 5011 cum
3436 4953 3747 5012 Mattha-us

2153 5045 2315 5100 dicit:
2342 5042 2534 5098 Christi
2559 5053 2729 5098 autem
2757 5046 3020 5114 generatio
3063 5046 3138 5099 sic
3173 5055 3305 5100 erat.
3337 5044 3465 5100 Cum
3498 5045 3750 5115 despon-

2138 5143 2269 5188 'sata
2296 5143 2422 5188 esset
2435 5142 2601 5187 mater
2611 5136 2724 5204 ejus
2741 5134 2795 5186 Μ
2800 5135 2915 5189 aria
2936 5135 3145 5206 Joseph.
3169 5137 3316 5192 Intus
3340 5137 3574 5206 scriptus
3595 5149 3699 5194 est
3725 5154 3745 5193 :

2153 5221 2371 5278 Inventa
2400 5232 2474 5276 est
2517 5224 2572 5278 in
2594 5234 2740 5277 utero
2785 5225 2977 5280 habens
3013 5228 3077 5279 de
3112 5226 3317 5297 Spiritu
3344 5238 3545 5281 sancto.
3579 5226 3747 5296 Quid
3786 5252 3797 5261 ί

2153 5316 2339 5383 utique
2370 5312 2595 5377 habens,
2624 5314 2725 5367 nisi
2757 5314 2989 5369 Verbum
3013 5316 3216 5370 Deum?
3240 5317 3470 5372 Verbum
3497 5333 3743 5376 carnem

2154 5405 2355 5462 factum
2384 5407 2437 5460 in
2463 5406 2709 5471 muliere,
2740 5407 2936 5476 factum
2961 5408 3057 5462 sub
3082 5407 3208 5480 lege.

2224 5496 2405 5552 CXIV.
2442 5494 2602 5551 Foris
2644 5497 2875 5566 scriptus
2907 5506 3007 5562 est,
3035 5514 3156 5554 cum
3212 5500 3458 5569 apostoli,
3491 5501 3751 5563 interro-

2155 5591 2264 5664 gati
2289 5589 2410 5660 quis
2444 5595 2589 5644 esset
2630 5587 2906 5653 Dominus,
2937 5591 3208 5646 dicerent:
3242 5591 3584 5667 Prophetain,
3636 5600 3752 5654 alis

2157 5681 2377 5746 Isaiam,
2407 5678 2498 5733 alii
2519 5678 2828 5743 Jercmiam,
2886 5679 2977 5732 alii
3008 5679 3263 5735 Joannem
3290 5682 3607 5753 Baptistam,
3635 5686 3755 5744 α’ἱί
