3992 6176
286 370 386 430 965

955 369 1231 426 HETERII
1266 368 1355 425 er
1391 370 1452 426 ε.
1495 369 1695 425 BEATI
1730 370 1822 425 AD
1859 370 2255 427 ELIPANDUM
2294 372 2511 429 EPIST.
2549 403 2621 414 —
2658 354 2789 428 Lm.
2829 374 2874 429 1.

3429 373 3533 433 966

277 497 455 541 autem
489 500 651 539 unum
676 500 742 539 ea:
792 484 1072 556 prophetis.
1130 485 1280 541 Intus
1312 485 1545 557 scriptus
1578 493 1661 539 est
1683 526 1699 551 ,
1734 501 1856 540 cum
1884 490 1931 546 Α
1959 487 2013 540 in
2033 503 2135 558 quo
2157 488 2284 541 mihi
2307 487 2432 542 bene
2455 486 2782 559 complacui:
2809 487 2976 558 ipsum
3002 488 3197 542 audite.
3224 489 3374 544 Intus
3396 488 3535 544 scri-

276 577 474 635 Petrus
496 575 802 631 exclamat:
828 574 905 631 Tu
933 593 987 630 es
1013 574 1249 635 Christus
1276 574 1450 630 Filius
1469 575 1565 630 Dei
1601 576 1719 630 rivi.
1749 575 1854 630 Fo-

276 665 356 721 ris
380 665 614 734 scriptus
640 672 743 731 est,
776 679 898 720 cum
921 666 989 720 ad
1016 665 1278 720 Lazarum
1308 666 1640 735 lacrymatur
1662 673 1716 719 et
1759 664 1851 719 ubi

271 755 584 826 posuissent
609 770 732 809 eum
756 754 1071 825 interrogat.
1096 755 1246 809 Intus
1287 755 1523 823 scriptus
1557 762 1678 818 est,
1729 768 1850 808 cum

270 863 408 903 voce
434 862 625 918 magna
663 845 892 901 clamat:
924 846 1151 911 Lazare,
1191 848 1302 901 veni
1334 844 1497 915 foras.
1531 845 1688 901 Foris
1713 846 1852 900 scri-

269 947 401 1009 ptus
423 946 524 1004 εει,
548 952 670 993 cum
692 936 899 995 Martha
932 937 1101 992 dicit:
1135 937 1355 992 Domine
1387 978 1402 1004 ,
1451 938 1497 991 si
1529 937 1715 1008 fuisses
1742 936 1848 1002 hic,

269 1030 442 1100 frater
466 1045 613 1082 meus
650 1045 751 1082 non
776 1028 957 1098 fuisset
980 1037 1235 1085 mortuus.
1282 1028 1426 1083 Intus
1470 1028 1703 1097 scriptus
1723 1035 1807 1081 est
1831 1066 1846 1091 ,

269 1133 398 1173 cum
418 1117 677 1173 Dominus
700 1117 830 1172 dicit
854 1134 867 1170 :
903 1115 1150 1188 Resurget
1178 1118 1342 1187 frater
1365 1129 1506 1172 tuus.
1538 1118 1692 1174 Foris
1716 1117 1851 1173 scri-

267 1222 396 1283 ptus
420 1221 523 1277 εει,
560 1228 683 1267 cum
707 1211 913 1267 Martha
934 1214 1052 1269 haec
1097 1214 1306 1270 dubitat
1339 1215 1577 1280 credere,
1606 1231 1727 1271 cum
1768 1215 1849 1271 di-

266 1302 380 1357 cit:
417 1303 541 1357 Scio
565 1302 687 1374 quia
715 1313 944 1372 resurget
970 1304 1026 1357 in
1064 1306 1437 1361 resurrectione
1469 1306 1523 1360 in
1569 1306 1846 1360 nouissimo

266 1390 373 1444 die.
402 1389 550 1445 Intus
576 1390 814 1460 scriptus
838 1400 939 1456 est,
965 1406 1087 1447 cum
1117 1393 1376 1449 Dominus
1399 1394 1531 1449 dicit
1556 1408 1570 1448 :
1596 1394 1709 1465 Ego
1730 1412 1846 1449 sum

266 1482 579 1535 resurrectio
609 1490 658 1535 et
682 1482 806 1535 vita.
836 1480 938 1546 Qui
963 1483 1200 1537 credit'in
1229 1500 1329 1549 me,
1359 1486 1453 1539 etsi
1474 1493 1711 1540 mortuus
1734 1484 1849 1555 fue-

264 1571 353 1636 rit,
393 1572 545 1625 vivet-
576 1571 727 1626 Tunc
762 1573 1011 1643 cognovit
1041 1573 1235 1631 mulier
1259 1575 1576 1645 sapientiam
1625 1590 1744 1645 qua:
1769 1576 1847 1629 la-

264 1662 414 1715 tebat
438 1661 493 1715 in
529 1661 689 1716 libro.
715 1661 1049 1717 Exclamavit
1072 1673 1129 1719 ut
1150 1663 1364 1731 Petrus,
1377 1665 1589 1720 etdixit
1612 1681 1627 1719 :
1653 1664 1841 1731 Credo,

262 1747 504 1814 Domme,
538 1751 661 1822 quia
696 1760 752 1804 tu
777 1767 830 1804 es
859 1750 1096 1809 Christus
1127 1753 1299 1809 Filius
1319 1755 1450 1819 Dei,
1495 1755 1583 1826 qui
1612 1756 1668 1808 in
1707 1756 1843 1808 hunc

1953 585 2075 648 ptus
2097 584 2197 643 εει,
2229 593 2351 633 eum
2390 577 2561 633 Filius
2605 577 2733 632 dicit
2767 593 2782 632 :
2824 577 2992 632 Nemo
3034 580 3173 633 novit
3200 577 3397 644 Filium
3430 580 3534 635 nisi

1954 667 2118 721 Pater
2137 683 2157 722 :
2186 682 2347 739 neque
2375 666 2587 722 Patrem
2612 667 2728 738 quis
2762 667 2917 722 novit
2964 668 3066 721 nisi
3096 666 3271 723 Filius
3294 710 3310 734 ,
3358 680 3407 725 et
3446 671 3532 725 cui

1953 755 2126 813 Filius
2142 757 2361 813 voluerit
2384 756 2629 812 revelare.
2654 756 2810 813 Foris
2831 759 3066 827 scriptus
3085 768 3187 823 est,
3212 775 3334 814 cum
3360 759 3532 815 Isaias

1952 849 2115 903 dicit:
2142 848 2330 915 Dicite,
2366 848 2494 917 [ilice
2516 847 2647 903 Sion
2668 863 2687 901 :
2717 847 2854 901 Ecce
2879 865 2972 902 rea:
2991 857 3113 903 tuus
3136 851 3298 904 ueniet
3321 850 3415 904 tibi
3436 867 3521 921 ju-

1950 950 2080 1005 stus,
2105 948 2154 993 et
2191 938 2452 1003 Salvator,
2482 954 2697 1009 pauper,
2729 938 2911 992 sedens
2964 954 3120 1008 super
3145 939 3353 993 asinum
3377 940 3531 994 indo-

1950 1030 2153 1083 mitum.
2192 1029 2338 1084 Intus
2367 1028 2598 1098 scriptus
2634 1034 2752 1091 est,
2802 1027 3097 1082 cumidem
3139 1030 3402 1099 propheta
3448 1029 3531 1085 di-

1950 1121 2061 1175 cit:
2104 1120 2249 1175 Tunc
2278 1121 2577 1191 aperientur
2603 1118 2740 1172 oculi
2781 1134 3058 1184 cacorum,
3083 1128 3132 1173 et
3160 1136 3314 1174 aures
3339 1120 3529 1175 surdo-

1951 1226 2067 1265 rum
2109 1212 2340 1265 audient.
2376 1209 2521 1264 Tunc
2563 1208 2716 1263 saliet
2746 1207 2966 1262 claudus
3023 1210 3174 1280 quasi
3200 1226 3381 1265 cervus
3406 1249 3422 1276 ,
3477 1219 3527 1265 et

1948 1300 2129 1355 clausa
2152 1301 2249 1354 erit
2270 1299 2450 1371 lingua
2473 1298 2764 1352 balborum.
2796 1298 2952 1353 Foris
2993 1300 3231 1369 scriptus
3250 1308 3333 1355 εει
3351 1341 3366 1365 ,
3403 1316 3526 1357 cum

1949 1393 2062 1462 ipse
2089 1408 2187 1462 per
2204 1391 2491 1448 Jeremiam
2516 1390 2683 1445 dicit:
2720 1390 3161 1447 Prtevarieatione
3183 1395 3527 1463 praevaricata

1947 1495 2021 1539 est
2046 1486 2101 1539 in
2140 1500 2221 1538 me
2242 1483 2425 1537 domus
2450 1481 2628 1543 Iuda;
2660 1490 2971 1551 negaverunt
3009 1498 3109 1545 me,
3135 1491 3182 1536 et
3236 1484 3479 1540 dixerunt
3504 1501 3526 1541 :

1949 1570 2071 1626 Non
2095 1582 2169 1626 est
2191 1574 2317 1642 ipse.
2346 1571 2496 1625 Intus
2517 1572 2749 1640 scriptus
2770 1579 2871 1636 εει,
2893 1587 3015 1626 cum
3048 1572 3180 1627 dicit
3204 1590 3217 1626 :
3251 1574 3313 1628 Si
3338 1589 3527 1644 cogno-

1945 1662 2143 1715 vissetis
2166 1677 2267 1727 me,
2296 1662 2473 1731 utique
2503 1670 2551 1714 et
2581 1660 2794 1715 Patrem
2817 1678 2989 1715 meum
3022 1662 3404 1731 cognovissetis.
3429 1663 3527 1717 Foc

1946 1752 2022 1806 ris
2043 1751 2276 1821 scriptus
2319 1759 2422 1815 εει,
2453 1766 2575 1805 cum
2604 1764 2701 1819 per
2725 1750 2918 1805 Isaiam
2957 1751 3086 1805 dicit
3113 1765 3128 1803 :
3159 1749 3407 1821 Cognoest
3436 1751 3525 1805 bos

261 1838 515 1892 mundum
578 1841 774 1894 venisti.
836 1841 991 1898 Foris
1046 1844 1278 1913 scriptus
1328 1856 1409 1919 est
1431 1885 1446 1909 ,
1506 1861 1627 1900 cum
1670 1860 1847 1901 caecus
1876 1838 1924 1899 Β
1948 1859 2294 1914 possessorem
2318 1860 2490 1908 suum,
2521 1854 2569 1897 et
2600 1845 2780 1898 asinus
2801 1861 3028 1915 prtesepe
3061 1844 3258 1898 domini
3291 1846 3414 1900 sui:
3435 1845 3525 1900 sed

260 1939 632 1983 transeuntem
657 1929 889 1995 clamat,
933 1940 992 1986 ut
1028 1934 1225 1987 videat.
1263 1934 1411 1990 Intus
1441 1935 1675 2005 scriptus
1718 1945 1836 2002 εει,

259 2033 387 2072 cum
410 2026 536 2073 stat.
556 2019 712 2075 Foris
743 2022 975 2092 scriptus
995 2031 1096 2087 est,
1124 2039 1245 2078 cum
1281 2040 1344 2079 ex
1376 2035 1532 2094 sputo
1566 2025 1737 2080 lutum
1763 2028 1843 2081 la-

259 2108 355 2172 cit,
389 2115 445 2162 et
475 2109 594 2163 linit
620 2110 806 2165 oculos
833 2110 966 2180 ejus.
1000 2112 1149 2167 Intus
1196 2115 1431 2183 scriptus
1471 2124 1583 2181 est,
1613 2132 1734 2171 cum
1764 2116 1841 2172 la-

256 2200 357 2265 vit,
388 2208 442 2254 et
477 2200 630 2255 vidit.
660 2200 816 2256 Foris
838 2203 1071 2272 scriptus
1107 2212 1208 2269 est,
1236 2221 1355 2259 cum
1379 2206 1493 2275 ipse
1515 2222 1690 2262 caacus
1716 2221 1839 2261 eum

258 2291 574 2360 prophetam
604 2307 723 2346 esse
749 2292 899 2347 dicit.
930 2294 1078 2349 Intus
1101 2295 1333 2365 scriptus
1366 2304 1485 2363 est,
1544 2312 1665 2352 eum
1712 2312 1836 2353 eum

257 2383 455 2437 Filium
491 2384 584 2437 Dei
610 2385 839 2440 credidit
871 2394 926 2440 et
961 2388 1226 2443 adoratit.
1256 2389 1408 2444 Foris
1435 2389 1669 2460 scriptus
1715 2399 1798 2445 est
1823 2430 1838 2455 ,

256 2491 381 2530 cum
410 2473 646 2531 Joannes
668 2476 834 2532 dicit:
864 2477 997 2532 Ecce
1050 2480 1229 2550 Agnus
1258 2479 1376 2533 Dei.
1416 2480 1564 2535 Intus
1607 2481 1841 2549 scriptus

256 2575 339 2619 est
365 2579 381 2619 :
412 2565 547 2620 Ecce
567 2566 656 2637 qui
679 2567 813 2622 tollit
838 2579 1050 2640 peccata
1072 2571 1272 2626 mundi.
1297 2571 1453 2627 Foris
1481 2572 1713 2642 scriptus
1733 2581 1836 2628 est.

256 2654 424 2725 Cujus
452 2674 555 2711 non
574 2674 689 2712 sum
718 2658 907 2729 dignus
946 2661 1226 2731 corrigiam
1254 2660 1587 2716 calceamenti
1621 2661 1835 2716 solvere.

257 2746 406 2804 Intus
428 2750 660 2819 scriptus
678 2758 795 2805 est:
826 2751 938 2821 Ego
964 2753 1313 2807 testimonium
1340 2754 1579 2825 perhibeo
1608 2754 1731 2824 quia
1755 2753 1840 2807 hic

255 2847 332 2891 est
357 2837 529 2894 Filius
550 2840 666 2895 Dei.
696 2841 850 2895 Foris
883 2842 1117 2912 scriptus
1143 2851 1225 2898 est
1253 2885 1268 2910 ,
1315 2859 1436 2897 cum
1467 2842 1731 2898 Ieremias
1762 2831 1841 2898 di?

255 2930 371 2984 cit:
413 2928 578 2996 Quasi
611 2949 779 3003 agnus
814 2943 1118 2988 mansuetus
1163 2943 1400 3005 portatus
1441 2935 1510 2989 ad
1552 2936 1833 2990 uictimam.

255 3019 405 3075 Intus
428 3022 660 3090 scriptus
681 3030 783 3088 est,
815 3039 936 3078 cum
982 3023 1122 3079 idem
1151 3024 1280 3079 dicit
1306 3040 1321 3079 :
1350 3024 1453 3079 Hic
1478 3037 1552 3080 est
1579 3026 1721 3081 Deus
1747 3044 1838 3081 no-

254 3123 381 3177 ster,
408 3122 456 3166 et
496 3131 598 3168 non
620 3115 966 3170 trstimabitur
985 3116 1122 3171 alius
1143 3127 1333 3188 prmter
1359 3135 1497 3177 eum.
1521 3118 1680 3174 Foris
1702 3119 1806 3174 seri

1943 1932 2112 1987 Israel
2128 1950 2210 1987 me
2233 1950 2335 1988 non
2362 1934 2597 2005 cognovit
2620 1950 2638 1988 :
2660 1943 2707 1988 et
2729 1933 2950 2006 populus
2975 1951 3121 1989 meus
3147 1951 3229 1989 me
3250 1951 3353 1989 non
3376 1934 3525 1989 intel-

1942 2022 2087 2079 lexit.
2112 2025 2261 2079 Intus
2288 2026 2522 2094 scriptus
2561 2035 2662 2090 est,
2689 2041 2810 2080 cum
2838 2042 2933 2096 per
2957 2026 3299 2082 Salomonem
3352 2027 3524 2082 dicit:

1941 2115 2075 2169 Ante
2094 2132 2297 2170 omnem
2324 2126 2617 2169 creaturam
2647 2133 2740 2186 ego
2763 2133 2827 2170 ex
2862 2132 2951 2171 ore
2993 2116 3249 2171 Altissimi
3274 2118 3521 2187 processi.

1940 2204 2096 2260 Foris
2119 2207 2353 2275 scriptus
2381 2214 2483 2269 est,
2507 2221 2628 2260 cum
2668 2206 2835 2260 Isaias
2884 2207 3016 2261 dicit
3043 2222 3057 2259 :
3086 2207 3155 2260 Et
3180 2224 3274 2260 nos
3315 2207 3524 2277 putari-

1940 2311 2057 2349 mus
2082 2312 2196 2349 eum
2231 2298 2383 2352 quasi
2407 2296 2687 2367 leprosum,
2710 2305 2756 2350 et
2784 2313 3086 2367 percussum
3134 2314 3167 2350 a
3216 2297 3325 2351 Deo
3354 2306 3404 2350 et
3424 2298 3522 2351 Itu-

1940 2384 2219 2439 miliatum.
2240 2386 2388 2441 Intus
2410 2387 2643 2455 scriptus
2664 2394 2765 2450 est,
2796 2402 2917 2441 cum
2959 2387 3099 2442 idem
3150 2388 3411 2458 propheta
3442 2388 3523 2443 di-

1941 2475 2015 2529 cit
2038 2493 2050 2528 :
2086 2474 2305 2532 Oblatas
2329 2486 2422 2542 est,
2444 2480 2567 2548 quia
2588 2478 2696 2549 ipse
2716 2476 2894 2531 voluit.
2914 2476 3312 2534 Generationem
3348 2490 3523 2534 autem

1940 2566 2058 2635 ejus
2092 2568 2208 2636 quis
2221 2568 2524 2621 enarrabit?
2548 2567 2703 2622 Foris
2731 2568 2963 2637 scriptus
2984 2574 3086 2634 est,
3115 2583 3239 2623 cum
3262 2569 3520 2639 propheta

1942 2654 2107 2709 dicit:
2136 2655 2314 2711 Radix
2337 2657 2485 2711 Iesse
2506 2698 2519 2721 ,
2562 2656 2652 2727 qui
2686 2666 2789 2711 stat
2837 2659 2893 2710 in
2928 2657 3132 2727 signum
3187 2656 3519 2728 populorum.

1940 2750 2088 2803 Intus
2117 2748 2350 2816 scriptus
2387 2755 2487 2810 est,
2514 2762 2635 2800 eum
2662 2746 2791 2801 dicit
2816 2761 2831 2799 :
2864 2745 3045 2817 Ipsum
3088 2756 3263 2816 gentes
3283 2746 3534 2816 depreca-

1940 2842 2151 2896 buntur.
2175 2839 2332 2895 Foris
2367 2840 2600 2908 scriptus
2624 2846 2727 2903 est,
2753 2853 2874 2893 cum
2909 2839 3077 2893 Isaias
3113 2838 3279 2893 dicit:
3304 2836 3523 2908 Egredi-

1939 2943 2027 2989 tur
2049 2935 2193 3004 oirga
2227 2933 2291 2987 de
2317 2932 2493 2986 radice
2516 2931 2682 2996 Jesse,
2707 2940 2755 2986 et
2774 2933 2872 3001 flos
2900 2931 2965 2984 de
2986 2930 3162 2985 radice
3187 2930 3301 3000 ejus
3341 2945 3522 2984 ascen-

1936 3024 2035 3078 dit.
2064 3024 2212 3080 Intus
2237 3022 2473 3092 scriptus
2513 3029 2597 3075 est
2621 3061 2636 3086 ,
2691 3035 2812 3076 cum
2864 3019 3085 3090 angelus
3110 3019 3321 3091 Virgini
3350 3020 3481 3075 dicit
3505 3035 3520 3071 :

1941 3111 2094 3178 Quod
2121 3120 2363 3165 nascetur
2395 3126 2459 3164 ea:
2503 3119 2550 3164 te
2593 3119 2828 3164 sanctum
2874 3109 3144 3163 vocabitur
3183 3107 3357 3163 Filius
3401 3107 3521 3161 Dei.

253 3212 380 3272 plus
403 3211 502 3267 est,
527 3222 648 3259 cum
679 3206 792 3276 ipse
826 3207 953 3261 dicit
977 3223 990 3262 :
1024 3181 1152 3263 Post.
1170 3210 1282 3264 Iuro
1316 3211 1370 3264 ἱη
1414 3212 1566 3265 terris
1601 3213 1738 3266 risus
1766 3222 1839 3265 est
1871 3181 1916 3245 ο
1946 3201 2102 3258 Ὲοτίε
2119 3202 2350 3271 scriptus
2372 3208 2474 3266 est,
2489 3216 2611 3255 cum
2632 3200 2770 3254 idem
2793 3199 3013 3268 angelus
3033 3199 3199 3254 dicit:
3232 3197 3518 3253 Vocabitur

254 3303 300 3346 et
335 3310 450 3346 cum
480 3295 775 3350 hominibus
805 3308 1136 3353 conversatus
1158 3310 1251 3353 est.
1283 3299 1430 3354 Intus
1453 3301 1689 3371 scriptus
1708 3308 1800 3355 est
1823 3341 1838 3363 ,

254 3402 375 3441 cum
402 3387 515 3456 ipse
540 3390 604 3443 de
616 3405 673 3443 se
699 3389 827 3443 dicit
852 3408 863 3442 :
892 3389 1004 3460 ligo
1025 3409 1140 3445 smn
1165 3391 1351 3462 Alplta,
1378 3403 1425 3446 et
1449 3392 1665 3464 Omega,
1693 3395 1843 3463 prin-

253 3479 441 3548 cipium
465 3492 509 3533 et
546 3480 688 3550 ﬁnis.
720 3478 874 3536 Foris
900 3484 1133 3553 scriptus
1174 3495 1256 3540 cst
1279 3527 1291 3548 ,
1323 3500 1445 3540 cum
1492 3485 1633 3539 idem
1670 3486 1839 3541 dicit:

254 3566 300 3621 0
326 3567 561 3634 Domine,
591 3588 684 3642 ego
720 3588 894 3626 servus
911 3583 1052 3639 tuus,
1077 3585 1123 3628 et
1145 3575 1287 3643 ﬁlius
1311 3575 1520 3630 ancilla:
1540 3587 1665 3630 tute.
1693 3577 1843 3633 Intus

251 3659 489 3728 scriptus
517 3669 620 3726 est,
648 3676 771 3717 cum
794 3662 910 3732 ipse
936 3665 1091 3719 dicit:
1119 3665 1266 3719 Sicut
1285 3665 1447 3719 Pater
1464 3667 1681 3720 suscitat
1706 3678 1843 3719 mor-

249 3758 366 3802 tuos
393 3758 441 3802 et
468 3749 713 3818 viviﬁcat,
736 3752 809 3804 sic
835 3762 883 3805 et
914 3751 959 3804 F
962 3752 1084 3805 ilius
1116 3770 1244 3822 quos
1279 3753 1383 3808 vult
1414 3755 1657 3823 vivi/ient.
1686 3754 1842 3809 Foris

246 3838 486 3906 scriptus
507 3845 608 3902 est,
638 3855 761 3894 cum
788 3840 949 3895 Pater
979 3842 1107 3896 dicit
1132 3857 1145 3895 :
1176 3843 1306 3895 Ecce
1334 3860 1509 3897 servus
1534 3860 1698 3907 meus,
1724 3861 1841 3898 sus-

245 3926 442 3995 cipiam
487 3941 623 3979 eum.
668 3927 816 3984 Intus
864 3931 1096 3999 scriptus
1144 3940 1252 3997 est,
1301 3948 1423 3987 cum
1473 3932 1641 3989 Filius
1664 3934 1835 3988 dicit:

250 4014 445 4069 Omnia
467 4032 583 4085 quae
606 4017 757 4071 habet
789 4018 948 4073 Patet:
966 4038 1080 4074 mea
1107 4032 1248 4076 sunt.
1280 4023 1432 4078 Foris
1471 4024 1704 4093 scriptus
1729 4034 1832 4091 est,

248 4121 372 4160 cum
404 4106 573 4163 Filius
599 4110 665 4164 ad
698 4109 913 4166 Patrem
945 4113 1113 4167 dicit:
1167 4114 1240 4170 De
1276 4127 1446 4170 ventre
1472 4118 1657 4171 matris
1708 4134 1836 4172 mea:

251 4195 390 4251 Deus
422 4214 566 4252 meus
591 4210 645 4253 es
669 4209 748 4254 tu.
794 4202 943 4257 Intus
966 4204 1200 4274 scriptus
1223 4214 1321 4270 est,
1350 4222 1472 4260 cum
1511 4222 1608 4276 per
1631 4207 1836 4263 Zacha-

250 4287 384 4342 riam
412 4289 524 4357 ipse
562 4290 626 4345 de
652 4306 709 4345 se
736 4290 903 4348 Filius
924 4294 1090 4349 dicit:
1121 4294 1258 4349 Ecce
1277 4312 1370 4366 ego
1395 4298 1597 4351 mittam
1618 4314 1829 4353 manum

250 4394 417 4433 meum
447 4398 603 4451 super
626 4399 733 4449 vos,
760 4394 808 4437 et
829 4385 1270 4456 deprcedabuntur
1288 4389 1379 4459 qui
1404 4389 1829 4461 deprtrdaverunt

250 4486 357 4523 vos.
394 4470 461 4524 Et
479 4474 662 4527 scietis
687 4476 812 4546 quia
833 4492 926 4546 ego
973 4493 1087 4531 sum
1130 4477 1384 4533 Dominus
1426 4479 1567 4533 Deus
1599 4481 1832 4552 omnipo—

249 4571 381 4615 tens.
409 4562 474 4616 Et
503 4565 591 4635 qui
621 4567 758 4620 misit
795 4584 875 4621 me
912 4568 1163 4624 Dominus
1192 4571 1510 4643 omnipotens
1537 4583 1632 4626 est.

323 4654 481 4709 CXV.
524 4657 677 4712 Foris
729 4660 962 4730 scriptus
1003 4670 1104 4727 est,
1133 4678 1255 4717 cum
1305 4664 1419 4733 ipse
1468 4663 1614 4718 Patri
1669 4666 1831 4719 dicit:

254 4743 412 4799 Salva
434 4762 515 4799 me
540 4748 604 4800 de
626 4765 714 4802 ore
736 4749 921 4805 leonis.
957 4751 1105 4807 Intus
1139 4754 1374 4823 scriptus
1397 4762 1479 4808 est
1505 4794 1519 4818 ,
1570 4770 1693 4808 cum
1722 4756 1837 4824 ipse

253 4836 305 4888 in
338 4835 626 4908 Evangelia
647 4854 745 4907 pro
779 4840 1055 4911 discipulis
1101 4842 1269 4896 dicit:
1298 4842 1479 4908 Pater,
1512 4843 1626 4898 volo
1652 4855 1707 4898 ut
1748 4845 1836 4899 ubi

251 4941 366 4977 eum
394 4942 505 4996 ego,
525 4937 571 4980 et
598 4928 695 4998 ipsi
721 4930 825 4983 sint
858 4947 1079 4985 mecum.
1123 4932 1238 4986 Non
1281 4932 1451 4997 dixit,
1494 4933 1643 4988 Peto.
1677 4933 1838 4990 Foris

250 5016 487 5086 scriptus
519 5026 620 5081 est,
646 5035 767 5074 cum
803 5022 859 5075 in
881 5024 1005 5077 navi
1047 5022 1265 5078 dormit.
1292 5022 1441 5080 Intus
1466 5025 1700 5094 scriptus
1726 5034 1824 5094 est,

249 5123 375 5164 cum
408 5111 582 5166 ventis
606 5112 856 5181 imperat.
891 5114 1047 5170 Foris
1073 5116 1308 5185 scriptus
1344 5125 1449 5183 est,
1482 5132 1606 5172 cum
1622 5115 1832 5186 jejunat

249 5209 305 5255 et
334 5201 524 5257 esurit.
548 5202 698 5259 Intus
726 5205 962 5276 scriptus
985 5215 1088 5272 est,
1128 5221 1251 5263 cum
1280 5205 1347 5263 de
1370 5207 1712 5276 paucissimis
1737 5224 1833 5278 pa-

249 5289 411 5346 nibus
447 5292 616 5347 multa
636 5294 805 5350 millia
835 5296 1114 5353 hominum
1160 5298 1339 5354 satiat.
1390 5297 1549 5353 Foris
1597 5299 1832 5369 scriptus

249 5389 355 5445 est,
380 5395 503 5435 cum
532 5396 564 5439 a
583 5380 785 5440 Iudaeis
806 5394 1021 5454 potator
1042 5387 1154 5443 vini
1174 5387 1391 5443 dicitur.
1413 5387 1569 5444 Intus
1600 5389 1835 5460 scriptus

249 5480 356 5536 est,
388 5486 510 5525 cum
529 5472 596 5528 de
631 5488 772 5545 aqua
807 5476 992 5532 vinum
1033 5477 1182 5533 facit.
1228 5478 1385 5535 Foris
1433 5480 1669 5549 scriptus
1709 5489 1792 5536 est
1815 5522 1829 5545 ,

250 5576 378 5617 cum
397 5562 526 5617 dicit
551 5580 564 5594 ·
597 5563 761 5619 Pater
788 5583 962 5637 major
1001 5584 1082 5623 me
1124 5578 1220 5625 est.
1269 5570 1418 5626 Intus
1451 5571 1683 5641 scriptus
1709 5580 1792 5627 est
1815 5613 1831 5638 ,

249 5669 375 5709 cum
406 5654 535 5709 dicit
559 5674 571 5709 :
607 5656 723 5728 Ego
748 5668 797 5713 et
831 5657 989 5714 Pater
1008 5676 1168 5714 unum
1192 5678 1392 5717 sumus.
1418 5662 1576 5719 Foris
1600 5665 1835 5733 scriptus

249 5754 356 5813 εει,
388 5762 511 5803 cum
529 5748 691 5805 Pater
713 5751 879 5807 dicit:
909 5751 1013 5808 Hic
1041 5763 1116 5808 est
1150 5752 1324 5810 Filius
1375 5772 1521 5811 meus
1570 5756 1791 5811 dilectus
1815 5796 1831 5824 ,

1861 4527 1913 4586 1)

1945 3309 2132 3349 nomen
2165 3294 2280 3363 ejus
2305 3293 2479 3347 Jesus.
2504 3293 2653 3347 Intus
2680 3291 2914 3359 scriptus
2947 3300 3048 3353 cst,
3073 3304 3196 3343 cum
3222 3288 3392 3343 dicit:
3424 3287 3523 3342 Fi-

1942 3386 2045 3440 lius
2075 3384 2327 3438 Altissimi
2354 3383 2637 3438 vocabitur.
2684 3382 2837 3436 Foris
2857 3381 3089 3451 scriptus
3115 3387 3234 3434 est:
3272 3380 3342 3434 Et
3375 3381 3523 3435 dabit

1941 3476 2023 3531 illi
2069 3476 2325 3529 Dominus
2374 3473 2515 3527 Deus
2548 3475 2718 3528 sedem
2759 3473 2927 3527 David
2970 3474 3136 3543 patris
3174 3473 3307 3543 ejus.
3367 3471 3518 3529 Intus

1943 3568 2178 3635 Rriptus
2196 3574 2279 3620 est
2302 3581 2315 3618 :
2346 3564 2413 3618 Et
2442 3564 2674 3635 regnabit
2697 3566 2751 3618 in
2784 3564 2938 3618 domo
2957 3564 3121 3618 Jacob
3144 3565 3199 3618 in
3220 3575 3472 3619 a'ternum
3498 3582 3517 3620 :

1941 3668 1988 3712 et
2025 3656 2168 3726 regni
2216 3655 2329 3724 ejus
2360 3670 2463 3708 non
2514 3656 2610 3708 erit
2633 3655 2775 3724 ﬁnis.
2809 3654 2964 3709 Foris
2994 3655 3230 3723 scriptus
3260 3663 3366 3729 est,
3394 3669 3518 3710 cum

1939 3749 2106 3803 Isaias
2161 3746 2330 3802 dicit:
2362 3743 2645 3801 Parvulas.
2670 3755 2826 3800 natus
2870 3755 2944 3799 est
2999 3745 3166 3799 uobis.
3196 3745 3345 3800 Intus
3380 3744 3520 3800 scri-

1941 3849 2066 3908 ptus
2109 3845 2221 3902 est,
2269 3851 2391 3891 cum
2450 3836 2562 3905 ipse
2595 3836 2766 3891 dicit:
2798 3834 2969 3889 Filius
3024 3835 3180 3890 datus
3221 3843 3296 3889 est
3347 3835 3518 3891 nobis.

1939 3930 2094 3984 Foris
2128 3928 2359 3998 scriptus
2383 3937 2485 3992 est,
2512 3943 2634 3983 cum
2660 3928 2790 3982 dicit
2815 3945 2828 3980 :
2859 3926 2927 3980 Et
2957 3927 3130 3997 factus
3154 3937 3228 3982 est
3256 3929 3523 3998 principu-

1937 4033 2021 4074 tus
2042 4021 2155 4090 ejus
2177 4036 2333 4091 super
2350 4020 2622 4074 humerum
2651 4019 2784 4090 ejus.
2816 4019 2963 4073 Intus
3009 4019 3242 4090 scriptus
3268 4028 3372 4083 est,
3394 4035 3519 4075 eum

1938 4112 2080 4168 idem
2131 4111 2294 4167 dicit:
2322 4110 2393 4165 Et
2439 4112 2708 4166 vocabitur
2757 4128 2942 4166 nomen
2987 4112 3105 4182 ejus
3136 4111 3515 4177 Admirabilis,

1937 4201 2301 4267 Consiliarius,
2326 4201 2483 4268 Deus,
2509 4200 2708 4257 Fortis.
2726 4201 2882 4259 Foris
2896 4201 3128 4271 scriptus
3142 4210 3240 4264 est,
3257 4218 3379 4257 cum
3395 4218 3522 4272 pro-

1933 4295 2092 4366 pheta
2107 4294 2238 4350 dicit
2263 4313 2275 4347 :
2302 4293 2371 4349 Et
2401 4295 2677 4365 requiescet
2700 4310 2856 4365 super
2878 4310 2997 4347 eum
3033 4291 3262 4364 Spiritus
3282 4293 3516 4358 Domini,

1936 4387 2163 4459 Spiritus
2174 4387 2443 4456 sapientia:
2457 4394 2503 4439 et
2519 4384 2830 4450 intellectus,
2847 4383 3077 4455 Spiritus
3102 4384 3308 4438 consilii
3330 4394 3378 4438 et
3410 4385 3520 4455 {or-

1935 4478 2193 4532 titudinis.
2225 4476 2454 4548 Spiritus
2487 4477 2716 4530 scientia:
2741 4485 2791 4529 et
2812 4476 3039 4544 pietatis.
3065 4473 3132 4528 Et
3165 4474 3372 4544 replevit
3397 4491 3516 4529 eum

1934 4568 2119 4639 spiritu
2139 4565 2340 4619 timoris
2371 4563 2602 4617 Domini.
2629 4564 2779 4618 Intus
2808 4563 3044 4632 scriptus
3067 4570 3166 4625 est,
3198 4579 3318 4617 cum
3349 4563 3519 4619 Filius

1933 4660 2000 4719 de
2025 4661 2142 4730 ipso
2156 4657 2361 4727 Spiritu
2387 4664 2576 4713 saneto
2598 4656 2807 4711 dieitad
2820 4654 3092 4725 apostolos
3115 4669 3130 4708 :
3154 4656 3381 4727 Accipite
3401 4656 3520 4727 Spi-

1932 4752 2089 4806 ritum
2118 4758 2377 4805 sanctum.
2401 4748 2561 4803 Foris
2589 4748 2820 4817 scriptus
2840 4755 2923 4804 est
2948 4789 2963 4815 ,
3024 4762 3147 4802 cum
3197 4748 3311 4816 ipse
3346 4747 3516 4803 Filius

1932 4844 2064 4900 dicit
2080 4841 2316 4898 Iudaeis:
2357 4839 2418 4897 Si
2457 4857 2559 4895 non
2589 4840 2858 4905 uenissem,
2889 4849 2937 4894 et
2986 4837 3188 4893 locutus
3229 4838 3368 4892 vobis
3410 4854 3514 4893 non

1936 4935 2177 4999 luissem,
2217 4944 2486 5005 peccatum
2514 4949 2618 4987 non
2648 4932 2925 4987 haberetis.
2951 4930 3100 4986 Intus
3123 4930 3359 5000 scriptus
3390 4937 3474 4984 est
3498 4943 3512 4982 :

1941 5025 2045 5093 Qui
2071 5043 2152 5080 me
2171 5025 2299 5090 odit,
2315 5025 2424 5080 odit
2446 5033 2495 5079 et
2517 5023 2731 5079 Patrem
2753 5039 2946 5078 meum.
2969 5021 3127 5079 Foris
3154 5021 3386 5090 scriptus
3411 5026 3511 5085 est,

1937 5134 2060 5175 cum
2094 5116 2235 5173 idem
2271 5116 2403 5173 dicit
2431 5115 2636 5171 Filius:
2675 5114 2895 5186 Expedit
2931 5115 3072 5170 vobis
3104 5124 3166 5168 ut
3192 5131 3285 5185 ego
3327 5113 3515 5168 vadam

1937 5192 2006 5264 ad
2032 5206 2265 5264 Patrem.
2300 5206 2362 5263 Si
2392 5207 2527 5261 enim
2571 5222 2675 5261 non
2713 5206 2918 5272 abiero,
2968 5203 3274 5261 Paracletus
3302 5200 3404 5261 non
3425 5221 3510 5261 ve-

1936 5301 2040 5355 niet
2053 5300 2122 5354 ad
2144 5316 2249 5355 vos.
2271 5298 2419 5354 Intus
2445 5297 2680 5368 scriptus
2700 5304 2782 5351 est
2828 5311 2951 5351 eum
2965 5296 3095 5352 dicit
3119 5311 3134 5350 :
3163 5295 3513 5351 Hittam'eum

1935 5391 2005 5445 ad
2029 5407 2135 5446 vos.
2160 5389 2317 5445 Foris
2351 5389 2583 5457 scriptus
2611 5396 2694 5443 est
2718 5405 2731 5440 :
2760 5384 2862 5440 Ille
2895 5403 2975 5441 me
3007 5385 3339 5455 clariﬁcabit.
3367 5387 3516 5443 Intus

1934 5483 2166 5550 scriptus
2195 5488 2298 5544 est,
2335 5495 2458 5534 cum
2482 5480 2651 5535 dicit:
2687 5477 2788 5532 Ille
2825 5480 2888 5532 de
2930 5494 3042 5532 meo
3082 5479 3317 5549 accipiet,
3340 5488 3390 5533 et
3419 5496 3517 5533 an-

1935 5574 2192 5627 nuntiabit
2218 5573 2377 5628 vobis.
2407 5571 2567 5629 Foris
2586 5574 2822 5642 scriptus
2846 5581 2929 5628 est
2948 5614 2961 5638 ,
2992 5588 3113 5629 cum
3140 5572 3304 5629 dicit:
3330 5570 3512 5637 Pater,

1933 5663 2067 5718 venit
2092 5662 2223 5716 liora
2248 5679 2265 5716 :
2293 5662 2528 5732 clariﬁca
2550 5662 2749 5718 Filium
2777 5673 2945 5732 tuum,
2963 5673 3020 5718 ut
3050 5661 3223 5718 Filius
3250 5672 3374 5717 tuus
3403 5662 3516 5717 cla-

1933 5754 2098 5823 ri/icet
2124 5763 2173 5808 te
2198 5771 2217 5808 :
2236 5755 2370 5809 sicut
2404 5755 2590 5810 dedisti
2616 5757 2665 5811 ei
2685 5766 2992 5825 potestatem
3015 5758 3182 5814 omnis
3212 5756 3386 5812 carnis
3410 5771 3429 5810 :
3455 5762 3514 5810 ut
