3992 6176
437 323 537 386 967
1245 317 1648 383 ELIPANDUS,
1691 315 1918 382 rsux,
1959 313 2306 371 nummus
2342 316 2431 371 ΕΤ
2471 316 2527 371 ε.
2569 298 2858 378 BEATUS.
3565 323 3671 379 968

435 454 603 501 omne,
641 436 778 507 quod
823 435 1012 490 dedisti
1028 435 1096 499 ei,
1126 435 1211 488 det
1241 435 1314 488 eis
1354 434 1512 487 vitam
1555 440 1823 486 mternam.
1853 430 2000 485 Intus
2024 429 2076 489 Δ
2099 427 2354 496 pepercit:
2379 427 2468 480 sed
2496 445 2590 499 pro
2623 430 2768 484 nobis
2795 429 3034 483 omnibus
3065 430 3283 484 tradidit
3309 430 3478 485 illum.
3526 433 3681 490 Intus

433 529 668 598 scriptus
686 536 804 593 est,
839 544 962 583 cum
991 527 1121 582 dicit
1149 543 1162 579 :
1195 524 1325 580 Htec
1354 534 1528 578 autem
1567 524 1671 579 vita
1695 531 1910 587 azterna,
1941 530 1997 574 ut
2099 514 2336 585 scriptus
2355 524 2458 581 est,
2485 532 2606 570 cum
2642 517 2782 572 idem
2807 517 3081 588 apostolus
3107 517 3173 572 de
3195 519 3309 588 ipso
3335 517 3473 575 Filio
3501 520 3631 576 dicit
3661 544 3678 576 ;

434 628 741 688 cognoscant
784 628 833 672 te
854 616 1020 672 solum
1050 625 1098 671 et
1136 631 1310 671 verum
1354 612 1541 676 Deum,
1563 622 1612 667 et
1631 628 1783 684 quem
1809 611 1999 666 misisti
2099 602 2251 670 Quod
2281 616 2453 660 autem
2491 623 2628 660 nunc
2654 607 2762 661 vivo
2781 607 2838 660 in
2861 623 3038 673 carne,
3071 608 3126 662 in
3147 607 3253 677 ﬁde
3289 609 3398 662 vivo
3425 603 3557 662 Filii
3584 608 3688 664 Dei

434 707 613 762 Iesum
640 707 922 764 Christum.
946 706 1100 762 Foris
1124 706 1355 775 scriptus
1395 713 1496 769 est,
1513 719 1634 759 cum
1656 703 1859 774 angelis
1880 744 1896 770 ,
1945 712 2003 760 ει
2095 701 2186 771 qui
2210 699 2390 755 dilexit
2410 717 2511 765 me,
2541 710 2588 756 et
2623 702 2950 772 semetipsum
2986 700 3207 755 tradidit
3247 717 3341 768 pro
3376 717 3478 754 me.
3519 701 3690 756 Foris

434 805 746 874 parentibus
770 805 1085 858 minoratur.
1116 803 1263 857 Intus
1309 802 1540 870 scriptus
1562 806 1662 864 εει,
1679 813 1811 854 .cum
1834 809 2001 866 ange-
2096 789 2326 858 scriptus
2361 797 2460 855 εει,
2487 805 2609 845 cum
2630 790 2796 844 Filius
2824 790 2889 844 de
2929 803 2987 844 se
3009 789 3170 843 dicit:
3201 786 3324 842 Non
3365 790 3501 842 enim
3531 792 3680 843 mis‘t

436 895 613 949 lorum
651 905 704 950 et
737 896 1011 950 hominum
1041 895 1299 950 Dominus
1343 892 1629 947 invenitur.
1681 888 1836 945 Foris
1869 889 2002 944 scri-
2098 878 2238 932 De!“
2266 877 2463 932 Filium
2484 895 2635 932 suum
2677 879 2733 932 ἱη
2774 878 3048 942 mundum.
3075 888 3133 931 αι
3159 877 3362 948 iudicet
3392 879 3676 942 mundum.

437 995 558 1056 ptus
586 995 686 1051 est,
703 1002 824 1042 cum
851 1003 882 1042 a
905 986 1116 1042 diabolo
1140 993 1456 1042 tentaretur.
1479 985 1626 1039 Intus
1645 983 1876 1052 scriptus
1896 989 2000 1047 εει,

2107 971 2188 1026 sed
2209 980 2264 1024 ut
2282 969 2507 1025 salvetur
2526 971 2750 1025 mundus
2773 988 2864 1042 per
2897 972 3091 1042 ipsum.
3121 971 3269 1026 Intus
3293 971 3524 1040 scriptus
3554 982 3636 1026 est
3667 1014 3687 1036 ,

434 1094 555 1132 cum
580 1079 628 1131 ei
679 1078 853 1149 angeli
889 1077 1216 1132 ministrant.
1275 1076 1431 1130 Foris
1466 1077 1697 1144 scriptus
1725 1082 1808 1128 est
1832 1113 1848 1138 ,
1880 1087 2002 1126 cum
2100 1075 2222 1116 cum
2242 1058 2441 1149 Paulus
2479 1059 2654 1149 dicit:
2686 1058 2873 1149 Gratia
2910 1060 3073 1126 vobis,
3103 1069 3150 1114 ετ
3171 1076 3332 1149 Ριιστα
3379 1058 3488 1114 Deo
3521 1059 3691 1115 Ραινε

434 1181 558 1220 eum
596 1146 902 1234 matereius
919 1174 976 1220 et
1003 1165 1199 1220 fratres
1228 1163 1361 1220 loris
1398 1171 1605 1218 stantes
1628 1161 1812 1216 videre
1851 1175 2000 1230 qum-
2100 1157 2275 1202 ηοδενο
2301 1157 2348 1202 ει
2374 1147 2594 1202 Domino
2623 1146 2753 1202 λεεα
2794 1146 3000 1202 σηπίδιο
3025 1187 3040 1213 ν
3071 1149 3161 1218 qui
3185 1147 3324 1202 άεάίι
3351 1151 3690 1220 δι’ΐηειίρειιηι

436 1266 580 1311 runt.
601 1257 748 1312 Intus
769 1258 999 1327 scriptus
1015 1265 1117 1321 est,
1145 1271 1268 1310 cum
1289 1256 1582 1310 extendens
1602 1266 1818 1306 manum
1842 1265 2004 1319 super

2107 1253 2192 1305 pro
2216 1238 2438 1306 peccatis
2474 1239 2682 1301 nostris,
2715 1248 2770 1291 ut
2793 1255 2886 1292 nos
2907 1238 3123 1308 eriperet
3141 1237 3205 1291 de
3224 1239 3465 1308 praesenti
3486 1241 3692 1294 sa‘culo

435 1347 706 1416 apostolos
740 1347 867 1402 dicit
882 1326 908 1399 7:
938 1346 1072 1400 Ecce
1100 1354 1266 1399 mater
1287 1361 1432 1407 mea,
1476 1352 1524 1397 et
1561 1342 1615 1395 hi
1650 1340 1838 1410 fratres
1871 1341 2002 1405 mei,

2107 1345 2340 1399 nequam,
2381 1329 2662 1383 secundum
2707 1328 3017 1400 voluntatem
3066 1328 3166 1382 Dei
3185 1339 3232 1382 et
3269 1326 3445 1383 Patris
3477 1334 3640 1385 nostri
3666 1373 3689 1398 ,

434 1437 522 1506 qui
544 1436 742 1504 faciunt
764 1435 1077 1490 voluntatem
1103 1435 1282 1489 Patris
1304 1436 1404 1488 mei
1431 1434 1520 1505 qui
1541 1434 1596 1488 in
1621 1432 1760 1487 caelis
1790 1441 1884 1486 est.

2107 1421 2187 1475 cui
2215 1429 2291 1473 est
2323 1418 2492 1490 gloria
2517 1421 2574 1473 in
2594 1418 2788 1474 sazcula
2808 1419 3143 1474 saeculorum.

508 1525 687 1581 CXVI.
707 1524 864 1581 Foris
883 1526 1118 1595 scriptus
1143 1533 1245 1591 est,
1272 1539 1395 1580 cum
1423 1524 1583 1578 dicit:
1616 1522 1692 1576 De
1719 1521 1804 1575 die
1831 1529 2004 1575 autem
2171 1509 2375 1567 CXVII.
2413 1510 2481 1565 Et
2513 1511 2639 1581 quia
2671 1527 2777 1565 una
2807 1511 3054 1565 voluntas
3092 1519 3147 1564 et
3183 1526 3287 1565 una
3319 1520 3554 1581 potestas
3587 1523 3689 1568 est

439 1627 485 1669 et
505 1632 637 1671 nora
665 1617 758 1672 illa
794 1634 940 1672 nemo
962 1618 1075 1679 scit,
1108 1633 1268 1687 neque
1294 1615 1464 1686 angeli
1517 1613 1761 1669 caelorum
1786 1653 1802 1678 ,
1843 1629 2006 1684 neque
2103 1603 2298 1668 Patris,
2329 1611 2383 1659 et
2405 1603 2550 1669 Filii,
2577 1611 2632 1658 et
2661 1602 2893 1672 Spiritus
2939 1601 3132 1666 sancti,
3161 1610 3215 1655 et
3234 1601 3395 1657 Pater
3419 1605 3561 1658 misit
3582 1605 3692 1659 Fi—

2107 1698 2260 1763 lium,
2302 1695 2596 1753 secundum
2636 1695 2778 1765 quod
2807 1694 2982 1750 minor
3009 1701 3092 1748 est
3132 1711 3145 1747 :
3187 1704 3240 1748 ct
3276 1693 3435 1750 Filius
3465 1696 3579 1765 ipse
3609 1713 3688 1752 se

2111 1789 2277 1855 misit,
2301 1788 2592 1844 secundum
2614 1787 2756 1858 quod
2783 1784 3003 1856 aequalis
3027 1792 3110 1839 est
3135 1802 3148 1837 :
3173 1792 3227 1839 et
3253 1784 3408 1838 Pater
3431 1787 3688 1852 tradidit,

2110 1889 2164 1935 et
2183 1879 2330 1935 dedit
2347 1878 2558 1944 Filium,
2581 1878 2870 1934 secundum
2901 1876 3043 1947 quod
3073 1877 3247 1932 minor
3276 1886 3358 1931 cst
3389 1895 3402 1930 :
3430 1889 3482 1932 et
3504 1877 3695 1933 Filius

2111 1970 2350 2036 tradidit,
2377 1979 2430 2025 et
2451 1970 2598 2026 dedit
2629 1970 2996 2040 semetipsum,
3027 1969 3316 2023 secundum
3362 1970 3501 2038 quod
3529 1970 3694 2025 Patri

2108 2060 2329 2131 mqualis
2356 2069 2459 2116 est.
2502 2059 2628 2127 Sed,
2657 2068 2717 2115 ut
2759 2059 3130 2130 loquebamur,
3162 2058 3293 2113 foris
3333 2060 3567 2132 scriptus
3593 2073 3690 2116 cst

2109 2151 2244 2207 liber
2270 2151 2391 2217 iste,
2420 2166 2542 2206 cum
2570 2150 2869 2221 ﬂagellatur
2895 2160 2948 2205 et
2975 2151 3216 2207 czcditur.
3268 2152 3416 2209 Intus
3446 2156 3693 2224 scriptus

2109 2251 2212 2308 est,
2243 2258 2363 2297 cum
2395 2240 2622 2296 inﬁrmis
2650 2241 2936 2296 sanitatem
2977 2250 3216 2311 prmstat.
3262 2242 3418 2297 Foris
3444 2245 3690 2314 scriptus

2107 2340 2208 2396 est,
2261 2347 2382 2386 cum
2435 2330 2689 2401 allligitur
2724 2331 2892 2386 cruci.
2955 2329 3103 2386 Intus
3143 2333 3372 2402 scriptus
3405 2344 3506 2398 est,
3555 2352 3689 2390 cum

2107 2422 2415 2492 paradisum
2453 2421 2651 2476 latroni
2678 2421 2942 2491 promittit
2968 2421 3023 2476 in
3051 2437 3230 2478 cruce.
3258 2423 3411 2478 Foris
3441 2426 3688 2494 scriptus

2107 2521 2207 2574 est,
2237 2527 2360 2566 cum
2395 2511 2639 2580 spiritum
2670 2512 2906 2566 moriens
2929 2513 3218 2567 secundum
3265 2516 3526 2570 rationem
3579 2518 3690 2570 hu-

2106 2617 2281 2656 manae
2306 2601 2484 2656 carnis
2507 2601 2725 2655 emittit.
2755 2602 2903 2656 Intus
2927 2603 3162 2672 scriptus
3190 2613 3289 2668 est,
3323 2620 3440 2659 cum
3468 2607 3523 2660 in
3555 2623 3693 2676 pas-

2107 2695 2258 2751 sione
2283 2695 2362 2750 sol
2406 2693 2558 2766 fugit,
2592 2695 2706 2750 dies
2745 2698 3112 2762 absconditur,
3159 2707 3302 2753 terra
3345 2699 3687 2753 concutitur.

2107 2782 2262 2839 Foris
2289 2784 2520 2854 scriptus
2539 2792 2642 2849 εει,
2667 2801 2788 2840 cum
2817 2787 3091 2856 sepelitur.
3128 2788 3276 2843 Intus
3311 2788 3544 2858 scriptus
3572 2799 3691 2854 est,

2107 2888 2229 2928 cum
2261 2874 2417 2929 tertia
2441 2874 2527 2928 die
2555 2874 2783 2944 sepulcri
2814 2875 3087 2932 liminibus
3109 2879 3330 2933 remotis
3355 2879 3592 2948 erumpit
3619 2879 3690 2934 in

2108 2961 2301 3017 lucem.
2347 2961 2501 3018 Foris
2540 2965 2775 3034 scriptus
2812 2975 2915 3032 εει,
2944 2982 3065 3022 cum
3111 2968 3362 3037 apostolis
3401 2968 3694 3023 clavorum

2107 3059 2164 3108 ει
2191 3051 2390 3107 lancea:
2412 3052 2724 3108 vulneribus
2752 3054 3004 3121 ostensis,
3031 3071 3208 3111 escam
3237 3057 3394 3111 etiam
3418 3059 3694 3127 postulat.

442 1703 632 1770 Filius,
657 1707 756 1761 nisi
790 1705 930 1760 solus
958 1706 1137 1759 Pater.
1168 1705 1316 1759 Intus
1341 1703 1571 1772 scriptus
1595 1711 1677 1756 est
1699 1743 1714 1767 ,
1756 1717 1877 1757 cum
1923 1702 2005 1756 di-

443 1795 516 1848 cit
541 1810 556 1847 :
584 1795 706 1849 Dies
729 1795 941 1850 ultionis
969 1796 1024 1849 in
1049 1794 1208 1848 corde
1236 1811 1368 1848 meo.
1425 1792 1578 1847 Foris
1623 1792 1855 1860 scriptus
1885 1799 1968 1847 est
1988 1831 2006 1858 ,

442 1900 564 1938 cum
611 1885 733 1938 ﬁliis
768 1884 1010 1940 Zehedaai
1038 1883 1167 1938 dicit
1196 1901 1208 1937 :
1236 1883 1428 1938 Sedere
1452 1892 1624 1937 autem
1653 1881 1722 1934 ad
1743 1881 2008 1936 dexteram

440 1990 609 2027 meam
627 2015 641 2038 ,
670 1991 773 2028 non
793 1982 865 2028 est
892 1990 1060 2027 meum
1095 1973 1221 2027 dare
1249 1973 1407 2036 vobis,
1439 1971 1528 2026 sed
1553 1971 1740 2042 quibus
1763 1980 2007 2041 paratum

439 2077 514 2122 est
538 2087 570 2123 a
595 2068 748 2122 Patre
773 2084 904 2122 meo.
932 2068 1081 2121 Intus
1105 2067 1335 2136 scriptus
1361 2074 1471 2129 est,
1504 2080 1628 2120 cum
1654 2063 1820 2119 dicit:
1855 2061 2010 2117 Sede-

440 2159 559 2213 bitis
583 2175 737 2229 super
753 2159 982 2223 thronos,
1006 2157 1304 2228 judicantes
1331 2157 1602 2211 duodecim
1625 2155 1789 2209 tribus
1815 2153 2006 2208 Israel.

440 2248 594 2303 Foris
615 2248 848 2318 scriptus
871 2254 972 2312 est,
1001 2262 1122 2301 cum
1150 2246 1281 2300 dicit
1322 2261 1419 2316 pro
1461 2244 1736 2314 discipulis
1761 2262 1774 2297 :
1806 2243 1968 2298 Pater
1990 2282 2005 2308 ,

438 2337 708 2406 sancti/ica
729 2352 814 2391 eos
831 2337 886 2390 in
909 2336 1136 2390 veritate.
1153 2333 1299 2390 Intus
1317 2334 1547 2404 scriptus
1567 2342 1670 2401 εει,
1693 2349 1816 2388 cum
1841 2332 2003 2388 dicit:

438 2425 507 2480 Et
523 2443 614 2496 ego
631 2442 722 2496 pro
743 2426 815 2478 eis
838 2424 1106 2494 sancti/ica
1129 2425 1398 2493 meipsum,
1423 2432 1478 2476 ut
1501 2424 1602 2476 sint
1627 2432 1672 2476 et
1699 2422 1798 2492 ipsi
1815 2421 2009 2475 sancti-

439 2516 582 2581 ﬁcati
601 2517 652 2569 in
680 2515 910 2569 veritate.
929 2515 1084 2569 Foris
1103 2514 1334 2584 scriptus
1355 2521 1456 2576 est,
1471 2528 1590 2568 cum
1623 2511 1788 2566 dicit:
1810 2509 1870 2566 Si
1892 2509 2008 2580 quis

437 2607 567 2669 sitit,
579 2606 743 2659 veniat
759 2605 828 2658 ad
844 2621 943 2671 me,
960 2614 1006 2658 et
1023 2605 1182 2659 bibat.
1199 2604 1347 2662 Intus
1361 2604 1596 2672 scriptus
1611 2609 1695 2658 est
1707 2615 1829 2655 cum
1847 2600 2002 2656 dicit:

443 2696 545 2762 Qui
573 2697 731 2750 credit
765 2697 820 2750 in
851 2712 952 2760 me,
981 2696 1200 2765 ﬂumina
1227 2695 1290 2749 de
1318 2703 1489 2748 ventre
1515 2695 1628 2764 ejus
1662 2695 1823 2762 ﬂuent
1858 2707 2008 2762 aqua:

439 2787 582 2840 vivaz.
608 2786 761 2841 Foris
784 2788 1011 2855 scriptus
1035 2795 1136 2851 est,
1165 2801 1284 2840 cum
1306 2785 1436 2839 dicit
1461 2803 1473 2838 :
1507 2784 1609 2850 Qui
1645 2784 1804 2838 credit
1827 2784 1881 2839 in
1905 2800 2006 2851 me,

441 2892 543 2929 non
562 2876 615 2928 in
639 2892 720 2929 me
743 2874 918 2937 credit,
934 2874 1022 2928 sed
1035 2875 1088 2927 in
1103 2890 1220 2928 eum
1233 2874 1321 2944 qui
1347 2874 1484 2926 misit
1498 2889 1598 2926 me.
1614 2873 1763 2927 Intus
1777 2872 2009 2941 scriptus

440 2975 543 3036 cst,
562 2981 681 3020 cum
711 2966 840 3020 dicit
864 2980 878 3018 :
916 2964 1027 3035 Ego
1050 2981 1165 3017 sum
1187 2963 1278 3018 lux
1303 2963 1503 3016 mundi.
1532 2962 1634 3028 Qui
1653 2963 1887 3034 sequitur
1905 2979 2006 3029 me,

441 3073 543 3122 non
566 3054 794 3110 ambulat
815 3056 868 3109 in
903 3054 1246 3119 tenebris,sed
1273 3053 1476 3107 habebit
1497 3053 1669 3108 lumen
1689 3055 1822 3109 vitae.
1850 3051 2007 3112 Foris

437 3150 670 3218 scriptus
701 3157 803 3215 est,
829 3165 950 3204 cum
985 3149 1113 3203 dicit
1139 3163 1152 3201 :
1182 3147 1294 3217 Ego
1322 3163 1424 3200 non
1455 3145 1640 3216 judico
1667 3161 2000 3217 quemquam.
2031 3117 2075 3180 (ἶ
2106 3145 2254 3200 Intus
2272 3145 2502 3214 scriptus
2521 3153 2622 3210 est,
2647 3161 2768 3200 cum
2793 3145 2935 3201 inter
2952 3148 3169 3203 eosdem
3189 3117 3452 3217 apostolos
3474 3149 3698 3205 clausis

438 3238 534 3292 Est
547 3240 634 3310 qui
662 3248 883 3309 quterat,
914 3249 962 3292 et
998 3239 1222 3309 judicet.
1255 3235 1403 3290 Intus
1453 3235 1687 3304 scriptus
1721 3243 1834 3298 εει,
1883 3249 2004 3290 cum
2105 3233 2260 3289 ostiis
2281 3241 2520 3303 apparet,
2551 3235 2642 3304 qui
2675 3235 2815 3289 intra
2835 3251 2894 3290 se
2907 3236 3055 3291 visus
3081 3252 3186 3291 non
3219 3236 3403 3292 fuisset

437 3331 566 3386 dicit
597 3350 611 3386 :
654 3331 833 3403 Neque
883 3332 1020 3385 enim
1071 3329 1231 3383 Pater
1277 3328 1487 3398 judicat
1527 3343 1880 3398 quemquam:
1915 3326 2006 3380 sed
2174 3323 2403 3379 CXVIII.
2450 3323 2556 3380 Sed
2584 3325 2723 3379 miro
2754 3327 2932 3392 modo,
2967 3342 3088 3381 cum
3128 3328 3356 3384 interior
3395 3328 3696 3399 Scriptura

437 3439 585 3476 omne
601 3422 862 3492 judicium
883 3421 1022 3475 dedit
1051 3418 1211 3484 Filio,
1241 3427 1295 3472 ut
1336 3433 1510 3472 omnes
1550 3415 1889 3485 Itonoriﬁcent
1913 3412 2008 3468 Fi-
2106 3413 2228 3467 libri
2277 3413 2448 3484 magis
2474 3415 2703 3471 obscura
2750 3417 2840 3482 sit,
2890 3417 3121 3487 amplius
3159 3419 3432 3475 hominum
3468 3431 3701 3478 mentes

435 3515 563 3570 lium
599 3518 729 3570 sicut
756 3515 1098 3585 honoriﬁcam
1135 3512 1368 3567 Patrem.
1419 3507 1522 3575 Qui
1551 3525 1654 3563 non
1699 3507 2007 3576 honoriﬁcat
2107 3505 2288 3559 turbat
2322 3506 2576 3560 exterior.
2602 3505 2670 3560 Et
2696 3507 2940 3564 videmus
2968 3509 3055 3563 illa
3087 3525 3205 3580 quae
3241 3509 3409 3564 videri
3443 3524 3545 3578 per
3582 3511 3699 3566 ho—

437 3607 655 3671 Filium,
674 3624 775 3660 non
805 3605 1115 3674 [tonoriﬁcat
1149 3603 1358 3657 Patrem
1379 3602 1466 3672 qui
1491 3600 1630 3654 misit
1651 3597 1820 3651 illum.
1851 3597 2008 3652 Foris
2106 3597 2304 3651 minem
2331 3612 2438 3651 non
2463 3605 2689 3666 possunt
2719 3612 2734 3651 :
2763 3598 2857 3664 ita,
2881 3615 3000 3669 quae
3027 3608 3251 3669 possunt
3275 3615 3370 3668 per
3398 3600 3692 3655 hominem

435 3699 667 3768 scriptus
693 3707 795 3760 cst,
826 3711 946 3752 cum
961 3695 1120 3750 dicit:
1157 3693 1336 3748 Omnis
1353 3692 1440 3763 qui
1458 3707 1538 3746 me
1559 3690 1815 3760 negaverit
1831 3705 2006 3742 coram
2106 3689 2297 3754 videri,
2329 3705 2464 3743 nova
2492 3690 2701 3746 ratione
2732 3705 2840 3746 non
2883 3691 3082 3746 vident.
3120 3691 3254 3746 Nam
3290 3700 3342 3746 et
3367 3691 3464 3760 ipsi
3498 3691 3690 3746 Mani—

435 3789 748 3851 ltominibus,
781 3787 973 3858 negabo
994 3803 1084 3857 ego
1101 3795 1147 3840 et
1177 3801 1292 3839 eum
1311 3799 1487 3838 coram
1512 3781 1674 3836 Patre
1697 3795 1808 3834 meo
1838 3780 1927 3850 qui
1953 3779 2007 3832 in
2106 3780 2241 3835 ειιωί
2284 3779 2339 3834 in
2365 3779 2707 3835 Divinitatem
2742 3780 2965 3836 credunt
3011 3798 3024 3832 :
3066 3781 3325 3851 aequalem
3367 3782 3473 3835 Deo
3524 3781 3690 3836 Patri

435 3879 574 3934 caelis
599 3888 692 3931 est.
743 3879 890 3931 Intus
928 3877 1160 3946 scriptus
1192 3883 1305 3939 est,
1337 3889 1457 3928 cum
1489 3872 1618 3928 dicit
1647 3889 1660 3924 :
1700 3870 1802 3937 Qui
1834 3879 2006 3924 autem
2106 3872 2322 3936 Filium,
2361 3880 2416 3926 et
2443 3886 2565 3926 eum
2595 3886 2777 3926 veram
2811 3885 3028 3926 carnem
3061 3871 3258 3926 habere
3286 3887 3390 3926 non
3418 3871 3700 3926 conﬁteri-

435 3965 792 4033 meconfessus
819 3965 974 4033 fuerit
998 3979 1174 4016 coram
1199 3961 1511 4024 hominibus,
1545 3958 1825 4027 conﬁtebor
1844 3967 1891 4010 et
1915 3972 2005 4026 ego
2110 3949 2225 4027 tui;
2258 3969 2312 4016 et
2355 3961 2491 4014 mira
2531 3959 2905 4029 perversitate,
2950 3961 3092 4029 quod
3140 3961 3323 4016 vident
3369 3972 3582 4028 negant,
3632 3973 3701 4016 et.

435 4070 554 4109 eum
581 4069 757 4106 coram
782 4052 940 4106 Patre
963 4067 1074 4104 meo
1102 4049 1189 4121 qui
1213 4058 1285 4103 est
1306 4050 1362 4102 in
1386 4047 1544 4103 caelis.
1574 4047 1730 4102 Foris
1773 4045 2008 4114 scriptus
2107 4049 2252 4120 quod
2276 4065 2382 4104 non
2403 4047 2586 4103 vident
2610 4047 2950 4102 conﬁtentur.
2966 4049 3289 4103 Invisibilem
3313 4049 3365 4104 in
3387 4050 3698 4106 virtutibus

434 4151 536 4207 εει,
565 4157 689 4198 cum
715 4141 899 4195 Daniel
927 4140 1092 4195 dicit:
1125 4137 1481 4208 Aspiciebam,
1509 4145 1555 4191 et
1585 4153 1699 4190 ecce
1722 4151 1836 4189 cum
1859 4134 2008 4188 nubi—
2109 4145 2524 4210 recognoscunt;
2557 4136 2821 4193 visibilem
2850 4139 2904 4192 in
2935 4139 3171 4205 homine,
3199 4138 3341 4208 quod
3364 4139 3482 4208 plus
3503 4143 3697 4208 possi-

435 4233 528 4286 bus
555 4230 848 4302 caeli,quasi
878 4227 1046 4283 Filius
1080 4227 1302 4282 hominis
1328 4225 1578 4280 veniebat.
1605 4224 1752 4278 Intus
1777 4223 2007 4292 scriptus
2107 4231 2214 4287 bile
2239 4245 2357 4286 esse
2383 4229 2585 4294 debuit,
2612 4245 2718 4284 non
2757 4237 3070 4301 agnoscunt.
3105 4230 3197 4287 Sic
3229 4231 3519 4301 Elipandus
3551 4247 3697 4288 cum

435 4331 519 4376 εει
544 4361 558 4387 ,
615 4336 736 4376 cum
778 4320 907 4375 dicit
933 4361 944 4373 .
989 4317 1170 4372 Omnis
1194 4315 1412 4388 populus
1438 4356 1452 4381 ,
1505 4315 1668 4369 tribus
1712 4333 1774 4368 ac
1814 4314 2007 4386 lingua:
2108 4336 2204 4375 sua
2232 4319 2473 4374 doctrina
2499 4318 2757 4389 aequalem
2785 4318 2894 4374 Deo
2923 4319 3072 4374 Patri
3093 4319 3288 4374 Filium
3314 4320 3603 4375 conﬁtetur
3629 4324 3700 4379 in

431 4412 529 4481 ipsi
551 4412 786 4465 servient.
819 4408 1053 4463 Potestas
1085 4409 1198 4478 ejus
1237 4415 1460 4476 potestas
1489 4414 1702 4470 a'tcrna,
1731 4404 1870 4469 quod
1899 4421 2003 4459 non
2029 4463 2080 4481 _
2107 4407 2403 4474 divinitate,
2429 4417 2484 4462 et
2507 4423 2630 4462 eum
2656 4408 2748 4462 Dci
2773 4407 2967 4462 Filium
3015 4417 3176 4480 negat
3221 4411 3273 4464 in
3302 4410 3649 4464 humanitate
3674 4429 3696 4468 :

435 4503 703 4571 auferetur
724 4517 742 4554 :
765 4511 808 4555 et
843 4515 1056 4569 regnum
1083 4497 1196 4567 ejus
1213 4537 1228 4561 ,
1275 4496 1413 4568 quod
1470 4511 1575 4549 non
1620 4502 1996 4564 corrumpetur.
2029 4496 2084 4526 ν
2106 4507 2160 4552 ει
2182 4499 2283 4552 sibi
2306 4513 2428 4552 eum
2451 4498 2681 4552 similem
2705 4497 2944 4567 deputat,
2965 4508 3021 4552 et
3042 4500 3357 4555 insaniendo
3387 4500 3438 4552 in
3466 4508 3696 4557 tantam

435 4590 589 4645 Foris
609 4595 841 4659 scriptus
867 4596 983 4654 εει,
1038 4603 1158 4642 cum
1189 4571 1356 4642 Isaias
1406 4586 1570 4641 dicit:
1603 4584 1737 4640 Ecce
1763 4584 2001 4654 intelligit
2103 4591 2348 4659 prorupit
2374 4590 2798 4658 perversitatem,
2833 4598 2892 4644 ut
2912 4589 3112 4643 nullam
3155 4590 3294 4644 inter
3330 4603 3387 4642 se
3413 4597 3464 4641 et
3495 4589 3696 4644 hom}-

407 4695 610 4733 servus
645 4695 807 4732 meus.
838 4678 985 4732 Intus
1019 4677 1251 4747 scriptus
1287 4683 1404 4740 εει,
1460 4692 1584 4730 cum
1614 4675 1783 4729 David
1831 4675 1997 4729 dicit:
2105 4693 2229 4732 nem
2250 4679 2758 4744 DeiFilium,Deum
2785 4694 2990 4744 verum,
3009 4677 3321 4733 diﬁ‘erenticc
3347 4677 3552 4733 faceret
3574 4679 3702 4734 dis-

438 4770 566 4836 Quis
589 4772 641 4824 in
668 4769 885 4824 nubibus
919 4769 1207 4839 thuabitur
1247 4767 1506 4821 Domino?
1538 4775 1626 4820 aut
1679 4767 1794 4837 quis
1818 4765 2002 4820 similis
2106 4776 2438 4840 unctionem,
2467 4791 2591 4830 cum
2627 4775 2829 4830 diceret
2860 4793 2873 4827 :
2917 4793 2934 4825 ‹
2963 4775 3030 4828 Et
3071 4774 3161 4830 ille
3198 4774 3461 4832 Christus,
3493 4781 3551 4828 et
3577 4789 3698 4831 nos

431 4861 526 4914 erit
557 4859 665 4913 Deo
690 4861 823 4913 inter
842 4858 979 4922 ﬁlios
1003 4857 1140 4911 Dei?
1171 4855 1323 4910 Foris
1354 4856 1587 4925 SCTiPlUS
1609 4863 1712 4919 θεῖν
1739 4869 1859 4909 cum
1889 4855 2001 4924 ipse
2105 4868 2312 4924 christi.
2345 4867 2412 4921 Et
2432 4866 2521 4921 ille
2542 4865 2843 4935 adoptivus,
2869 4873 2922 4920 et
2941 4881 3040 4920 nos
3061 4866 3315 4935 adoptivi.
3343 4865 3410 4918 Et
3428 4863 3518 4919 ille
3545 4881 3692 4934 par-

433 4964 528 5019 per
547 4949 888 5004 Salomonem
937 4948 1064 5003 dicit
1088 4965 1101 5000 :
1148 4945 1398 5000 Dominus
1432 4945 1620 4999 creavit
1654 4961 1734 4998 me
1767 4945 1821 4998 in
1844 4945 1993 5000 initio
2101 4956 2277 5021 vuius,
2295 4964 2349 5010 et
2371 4954 2706 5023 nosparvuli.
2724 4953 2790 5008 Et
2809 4953 2901 5009 ille
2925 4969 3133 5019 servus,
3160 4963 3215 5010 et
3236 4969 3336 5009 nos
3353 4953 3497 5007 servi
3517 4971 3529 5006 :
3549 4957 3693 5022 quia

435 5040 631 5092 ι’ίαηιῑη
657 5054 871 5093 suarum
903 5039 956 5092 ίη
991 5054 1144 5108 ορενα
1165 5053 1279 5090 διια·
1305 5035 1453 5090 Imus
1486 5034 1717 5104 Scriptus
1745 5044 1846 5101 θεῖν
1871 5051 1993 5089 cum
2101 5063 2208 5102 non
2233 5061 2329 5116 per
2352 5044 2502 5098 illum
2523 5044 2753 5099 visibilis
2774 5054 2827 5098 et
2850 5043 3136 5099 invisibilia
3168 5042 3309 5098 facta
3343 5051 3485 5098 sunt.
3503 5061 3521 5094 ι
3541 5042 3694 5099 Mira

431 5128 559 5183 dicit
585 5145 598 5182 :
633 5130 760 5183 Ante
781 5129 934 5184 colles
954 5147 1044 5200 ego
1065 5128 1413 5200 parturiebar.
1435 5127 1590 5182 Foris
1616 5127 1848 5197 scriptus
1870 5135 1954 5182 est
1975 5167 1991 5185 .
2101 5136 2452 5204 perversitate
2477 5132 2865 5188 incredulitatis
2886 5131 3000 5200 eius
3021 5133 3330 5189 interiorem
3356 5140 3564 5201 partem
3615 5132 3695 5186 ιε-

431 5236 552 5275 cum
577 5222 848 5291 apostolus
870 5221 998 5276 dicit
1023 5239 1035 5274 :
1065 5219 1132 5274 Ut
1166 5221 1232 5274 sit
1259 5221 1365 5290 ipse
1383 5219 1754 5290 primogenitus
1788 5219 1842 5271 in
1866 5217 1998 5270 mul-
2103 5226 2184 5281 bri
2210 5224 2514 5289 conﬁtetur,
2537 5231 2592 5278 et
2614 5223 2936 5278 exteriorem
2957 5231 3165 5292 partem
3195 5223 3316 5278 libri
3339 5237 3537 5293 negare
3561 5238 3692 5278 non

431 5311 495 5362 tis
522 5310 792 5379 fratribus.
813 5311 960 5365 Intus
985 5311 1214 5379 scriptus
1239 5317 1341 5373 est,
1366 5325 1486 5364 cum
1513 5309 1625 5379 ipse
1649 5307 1818 5362 Filius
1849 5308 1914 5362 dc
1937 5323 1995 5363 se
2103 5313 2391 5377 erubescit,
2419 5328 2542 5367 cum
2568 5327 2632 5366 ex
2655 5320 2883 5380 utroque
2903 5326 3042 5366 unus
3062 5312 3133 5366 sit
3153 5312 3308 5366 liber.
3342 5311 3555 5366 Etcum
3576 5326 3696 5367 ex-

431 5399 559 5453 dicit
583 5417 595 5452 :
631 5400 721 5456 Sic
742 5401 922 5455 dilexit
947 5401 1086 5454 Deus
1112 5399 1383 5465 mundum,
1411 5409 1466 5453 ut
1486 5399 1532 5452 F
1534 5400 1684 5452 ilium
1706 5415 1858 5452 suum
1882 5401 1996 5455 uni-
2101 5402 2355 5458 teriorem
2376 5409 2582 5470 partem
2603 5402 2728 5457 libri
2751 5410 2930 5472 negat,
2947 5410 3002 5456 et
3027 5403 3334 5457 interiorem
3356 5417 3460 5457 non
3485 5403 3687 5458 habet.

2101 5492 2238 5559 Quia
2270 5491 2448 5546 nullus
2486 5491 2656 5548 lector
2691 5492 2808 5546 sine
2857 5491 2996 5546 libro
3024 5491 3353 5547 intellectum
3398 5493 3694 5550 interioris

2101 5585 2224 5640 libri
2257 5583 2497 5638 invenire
2527 5592 2723 5653 potest.
2754 5582 2887 5637 Nam
2917 5583 3008 5652 qui
3039 5583 3200 5638 dicit:
3237 5583 3421 5637 Solum
3447 5583 3696 5640 interior

2103 5689 2229 5743 pars
2256 5682 2336 5728 cst
2361 5673 2516 5738 liber,
2540 5673 2776 5728 exterior
2796 5689 2898 5727 non
2927 5684 3037 5740 est;
3072 5674 3197 5741 quid
3220 5674 3318 5729 istc
3337 5673 3448 5727 vult
3470 5673 3689 5736 dicere,

432 5493 656 5560 genitum
699 5493 878 5555 daret;
914 5502 969 5546 ut
1003 5494 1168 5547 omnis
1216 5494 1304 5564 qui
1339 5492 1500 5545 credit
1526 5493 1581 5544 in
1606 5508 1743 5555 eum,
1775 5509 1877 5546 non
1902 5509 1994 5562 pe-

435 5589 563 5642 reat,
592 5582 682 5634 sed
704 5583 886 5636 habeat
909 5583 1064 5637 vitam
1089 5592 1358 5636 wternam.
1389 5580 1546 5635 Foris
1593 5581 1825 5652 scriptus
1880 5591 1991 5644 cst,

435 5683 556 5723 cum
580 5669 774 5723 Paulus
792 5672 954 5725 dicit:
991 5671 1128 5737 Quia
1178 5670 1314 5724 Deus
1351 5669 1492 5723 Filio
1515 5689 1607 5725 suo
1648 5675 1858 5742 proprio
1895 5691 1996 5728 non
