3992 6176
258 245 370 321 969
926 259 1200 316 IIETERR
1239 258 1324 314 ET
1363 258 1424 312 S.
1463 253 1664 311 BEATI
1699 253 1791 310 AD
1828 253 2218 310 ELIPANDUM
2258 253 2475 312 EPIST.
2516 286 2584 296 —
2623 256 2750 312 LIB.
2791 255 2831 310 1.
3399 257 3510 316 970

257 374 406 427 videt
451 376 640 439 neget,
695 377 749 424 et
789 369 878 425 illa
925 385 1046 439 quae
1083 385 1190 423 non
1234 368 1379 422 videt
1420 365 1722 436 conlingat,
1774 372 1830 418 et
1859 371 1906 430 Α
1933 364 2167 432 Spiritus
2216 372 2454 418 sanctus.
2508 363 2668 419 Solus
2712 363 2874 418 Pater
2924 364 3199 434 respondit
3239 364 3411 420 Filio:
3441 368 3512 428 Et

255 471 443 535 aperta
474 461 650 516 fronte
679 461 974 516 Ecclesium
1004 460 1227 514 illudat?
1265 459 1370 514 Sed
1396 475 1500 514 non
1527 465 1704 526 potest
1731 469 1834 510 nos
1930 455 2216 523 elariﬁcaei
2257 465 2305 508 et
2345 454 2669 523 clari/icabo.
2720 454 2835 508 Hoc
2872 469 2978 509 non
3017 456 3291 524 respondit
3320 456 3509 526 Filius,

256 551 508 614 illudcre,
553 551 682 619 quia
715 550 837 605 libri
861 550 1182 604 exteriorem
1220 557 1431 618 partem
1459 547 1618 603 nobis
1663 545 1829 600 relin-
1931 561 2033 600 nec
2061 544 2298 614 Spiritus
2339 555 2582 601 sanctus.
2633 544 2794 606 Solus
2826 545 3061 616 Spiritus
3091 555 3311 602 sanctus
3344 563 3514 618 super

251 642 401 712 quit,
451 650 504 696 et
550 639 640 696 ille
678 640 1184 695 vacuus‘abscedit.
1244 639 1351 710 Ipsi
1413 647 1470 692 et
1512 638 1830 693 interiorem

249 739 462 806 partem
494 730 617 786 libri
652 731 928 796 habemus,
959 729 1052 800 qui
1077 730 1400 785 exteriorem
1427 737 1641 800 partem
1676 736 1832 782 tene-

250 835 394 885 mus,
425 835 548 876 cum
577 820 764 874 beatus
782 817 1016 874 Joannes
1047 827 1101 874 et
1128 819 1450 875 invisibilem
1481 826 1536 873 et
1560 816 1830 872 visibilem

248 909 470 977 librum,
499 911 640 964 intus
667 917 720 963 et
748 908 880 965 fon‘s
905 910 1187 978 scriptum,
1220 911 1273 965 id
1296 919 1397 974 est,
1429 911 1616 973 Deum,
1645 918 1702 964 et
1728 911 1828 964 110·-

247 1003 450 1057 minem
498 1001 650 1072 brevi
693 1001 846 1070 quasi
898 1002 1210 1056 charactere
1265 1001 1669 1070 signiﬁcaverit.
1732 999 1827 1055 Sic

245 1093 394 1147 enim
416 1091 528 1145 ait:
562 1091 718 1156 Quod
747 1091 848 1160 fuit
883 1091 948 1147 ab
991 1092 1166 1156 initio,
1207 1092 1418 1161 fratres,
1445 1092 1584 1163 quod
1615 1092 1826 1146 audivi-

245 1199 384 1236 mus.
412 1183 552 1238 Ecce
576 1181 868 1237 libri.illius
895 1182 1206 1237 interiorem
1229 1190 1458 1251 partem.
1486 1182 1646 1252 Aperi
1676 1196 1822 1237 nunc

245 1275 452 1337 oculos,
485 1282 542 1328 et
562 1273 683 1329 vide
707 1273 836 1344 quid
863 1275 1141 1344 sequitur:
1165 1274 1233 1328 Et
1268 1275 1491 1329 uidimus
1529 1274 1697 1329 oculis
1725 1292 1820 1329 no-

245 1365 390 1428 stris,
432 1375 481 1419 et
525 1380 713 1419 manus
755 1375 946 1419 nostra:
981 1364 1321 1435 palpaverunt
1367 1364 1432 1418 de
1480 1365 1630 1418 verba
1680 1365 1819 1418 vitio.

247 1444 387 1513 Ecce
436 1458 558 1513 libri
603 1473 729 1527 pars
777 1459 1033 1523 exterior,
1085 1473 1206 1530 quae
1251 1459 1422 1514 oculis
1463 1467 1519 1514 et
1567 1459 1822 1514 manibus

244 1545 485 1614 subjecta
519 1546 795 1601 hominum
825 1556 882 1602 et
909 1547 1076 1602 videri
1104 1556 1156 1602 et
1184 1549 1403 1624 tractari
1438 1556 1632 1618 potest.
1671 1549 1824 1605 Hanc

246 1645 455 1706 partem
485 1635 607 1691 libri
633 1636 919 1691 exterioris
957 1637 1249 1708 Elipandus
1290 1637 1518 1708 ignorat.
1549 1638 1643 1693 111ε
1666 1653 1820 1708 aper-

1928 635 2113 692 Jesum
2137 637 2464 706 baptizatum
2491 638 2759 708 apparuit,
2783 653 2890 692 non
2913 637 3094 703 Pater,
3121 652 3298 708 neque
3313 638 3509 696 Filius.

1929 727 1999 782 Et
2024 729 2078 783 hi
2107 736 2218 784 tres
2240 743 2368 784 vere
2391 737 2525 791 tres,
2549 729 2677 797 quia
2696 743 2869 784 unum
2892 736 3039 793 sunt,
3061 735 3256 783 natura
3281 730 3508 796 scilicet,

1929 836 2036 875 non
2066 835 2314 890 persona.
2347 820 2414 874 Et
2446 819 2536 874 ille
2558 821 2718 883 Deus,
2745 828 2804 875 et
2836 819 2925 874 ille
2947 821 3108 885 Deus,
3140 829 3196 874 et
3225 819 3315 874 ille
3343 821 3507 876 Deus.

1929 911 1997 965 Et
2043 911 2131 965 ille
2172 911 2542 982 omnipotens,
2595 918 2651 965 et
2701 910 2790 966 ille
2825 910 3184 980 omnipotens.
3233 910 3509 978 Quomodo

1928 1016 2069 1056 nunc
2109 1010 2166 1056 et
2215 1003 2305 1057 ille
2351 1017 2544 1058 servus
2570 1001 2687 1066 Dei,
2713 1011 2768 1056 et
2807 1009 2862 1056 tu
2893 1017 3084 1057 servus
3109 1002 3227 1068 Dei,
3253 1011 3311 1057 et
3348 1005 3509 1060 ambo

1926 1108 2094 1148 unum
2137 1093 2304 1148 Deum
2355 1095 2600 1149 habetis?
2647 1093 2706 1148 Si
2750 1093 2823 1146 ita
2863 1092 3041 1148 credis
3081 1100 3141 1147 ut
3181 1093 3320 1148 dicis
3343 1132 3360 1156 ,
3399 1109 3509 1148 non

1927 1183 2096 1238 Deum
2141 1185 2586 1254 omnipotentem,
2630 1187 2726 1239 sed
2766 1199 3086 1240 conservum
3135 1191 3284 1237 tuum
3322 1181 3506 1240 Jesum

1925 1273 2236 1336 conﬁteris;
2274 1283 2370 1327 aut
2413 1282 2560 1329 certe
2604 1283 2657 1330 te
2698 1273 2928 1339 exultas,
2963 1282 3024 1328 ut
3060 1282 3287 1343 quartus
3330 1275 3508 1330 omni-

1923 1373 2116 1434 potens
2165 1366 2273 1429 sis;
2348 1374 2443 1420 aut
2490 1374 2637 1420 certe
2685 1381 2809 1420 eum
2863 1366 3154 1429 humilias,
3209 1374 3270 1420 ut
3311 1365 3508 1422 similis

1921 1456 2000 1509 tui
2044 1455 2137 1509 sit.

1992 1546 2156 1601 CXX.
2189 1546 2296 1601 Sed
2325 1548 2453 1602 licet
2479 1545 2698 1602 humilis
2725 1547 2818 1601 tibi
2845 1547 3163 1611 :estimetur,
3193 1563 3299 1603 non
3329 1558 3508 1619 potest

1919 1637 2021 1692 tibi
2068 1653 2187 1692 esse
2228 1638 2440 1703 similis,
2469 1639 2596 1707 quia
2637 1646 2693 1692 et
2719 1638 2834 1707 ipsa
2881 1638 3229 1706 conceptione
3269 1639 3507 1698 humana

245 1735 332 1780 tus
367 1723 506 1780 liber
537 1733 620 1779 est
652 1725 706 1779 in
739 1733 967 1790 tantum,
993 1734 1054 1781 ut
1091 1727 1302 1782 etiamsi
1332 1737 1475 1782 totus
1501 1730 1732 1783 mundus
1767 1729 1822 1784 in
1855 1731 1900 1792 Β
1925 1728 2155 1782 multum
2185 1728 2468 1789 dissimilis
2493 1729 2590 1782 tibi
2620 1736 2722 1782 est.
2773 1727 2865 1782 ille
2891 1735 3181 1797 conceptus
3210 1730 3274 1784 de
3300 1729 3506 1800 Spiritu

243 1830 310 1870 co
338 1814 599 1869 voluisset
627 1815 867 1880 credere,
893 1817 994 1871 etsi
1028 1816 1234 1872 litteras
1270 1818 1584 1888 ignorasset,
1615 1820 1820 1875 solum-

241 1907 406 1960 modo
425 1907 515 1975 qui
541 1921 664 1961 eum
690 1907 931 1963 imitatus
951 1907 1159 1972 fuisset,
1183 1910 1360 1966 nullus
1385 1913 1560 1981 perire
1587 1923 1816 1983 poterat.

237 1997 397 2064 Quod
445 1997 491 2052 si
546 1998 880 2053 mendacium
931 1999 1180 2064 dicimus,
1219 2001 1311 2070 qni
1359 2001 1586 2070 apostoli
1631 2004 1820 2058 rustici

241 2090 334 2158 qui
363 2090 418 2142 in
446 2104 512 2144 eo
533 2088 878 2145 crediderunt
900 2098 954 2145 et
989 2105 1112 2146 eum
1149 2091 1343 2146 imitati
1375 2102 1520 2157 sunt,
1551 2093 1729 2148 nullus
1753 2109 1820 2149 cx

239 2180 319 2233 eis
342 2179 523 2248 periit,
550 2179 655 2234 nisi
677 2196 817 2235 unus
843 2181 985 2235 filius
1009 2181 1327 2252 perditionis
1359 2181 1544 2250 ludas,
1578 2186 1667 2254 qui
1696 2201 1820 2240 cum

239 2286 346 2324 non
369 2270 536 2326 Deum
562 2271 654 2326 sed
677 2272 948 2327 hominem
975 2273 1235 2328 credidit?
1258 2273 1391 2328 Nam
1418 2290 1540 2330 cum
1565 2276 1822 2332 Dominus

239 2362 446 2418 diceret
470 2374 525 2418 et
552 2365 756 2420 crimen
786 2365 836 2419 in
864 2380 1120 2420 numeros
1145 2367 1403 2432 mitteret,
1428 2384 1563 2421 unus
1594 2378 1818 2422 vestrum

238 2470 320 2508 me
360 2454 548 2520 tradet,
575 2464 636 2510 ut
659 2470 822 2524 quem
870 2457 1202 2511 remorderet
1251 2457 1600 2523 conscientia,
1649 2458 1823 2527 poeni-

237 2547 466 2600 tentiam
514 2554 716 2617 ageret,
745 2563 934 2603 onmes
980 2546 1280 2602 tremefacti
1323 2549 1576 2603 dixerunt
1610 2563 1624 2602 :
1668 2548 1822 2603 Nun-

237 2637 362 2708 quid
395 2655 488 2708 ego
529 2654 666 2704 sum,
698 2637 966 2692 Domine?
1013 2639 1077 2692 Et
1125 2640 1226 2694 hoc
1247 2639 1439 2694 Petrus
1462 2639 1596 2693 dixit
1624 2655 1638 2694 :
1671 2637 1822 2691 Nun-

238 2728 362 2799 quid
401 2745 492 2798 ego
519 2745 654 2793 sum,
682 2727 944 2782 Domine?
971 2727 1203 2784 Iacobus
1237 2730 1372 2784 dixit
1398 2746 1410 2781 :
1443 2728 1697 2799 Nunquid
1726 2744 1819 2799 ego

239 2839 377 2886 sum,
409 2821 680 2875 Domine?
730 2821 964 2876 Joannes
1017 2822 1193 2875 dixit:
1233 2818 1489 2889 Nunquid
1539 2835 1632 2890 ego
1677 2833 1815 2883 sum,

241 2915 460 2968 Domine
477 2914 502 2966 ?
528 2912 622 2969 Sic
642 2922 697 2967 et
719 2914 899 2968 cancri
919 2914 1192 2968 dixerunt.
1215 2911 1380 2968 Judas
1393 2926 1541 2978 vero,
1557 2918 1818 2982 quantum

239 3012 355 3058 emt
382 3003 643 3074 superbus
667 3009 722 3057 et
755 3003 946 3068 elatus,
979 3003 1290 3074 desecctum
1319 3002 1508 3058 habuit
1528 3000 1814 3057 Dominum

1922 1826 2133 1883 sancto,
2168 1833 2276 1872 non
2321 1816 2389 1872 de
2431 1818 2576 1872 virili
2626 1817 2854 1883 semine,
2909 1817 3057 1873 solus
3102 1819 3221 1873 sine
3260 1829 3504 1889 peccato.

1921 1907 2004 1962 Tu
2029 1923 2160 1962 vero
2185 1909 2251 1963 de
2285 1909 2425 1962 virili
2460 1909 2686 1973 semine,
2736 1908 2803 1962 de
2854 1923 3030 1964 massa
3071 1910 3411 1978 perditionis,
3453 1919 3510 1966 et

1921 1998 2358 2067 concupiscentia
2399 2006 2750 2067 utrorumque
2794 2008 3102 2067 parentum.
3150 1999 3218 2054 Et
3258 2009 3417 2055 natus
3441 2002 3510 2060 de

1912 2089 2150 2143 muliere
2189 2089 2246 2142 in
2279 2090 2520 2158 peccatis
2551 2099 2844 2160 conceptus
2873 2099 2928 2145 et
2956 2091 3010 2145 in
3044 2093 3283 2161 peccatis
3326 2103 3504 2148 natus.

1920 2177 2016 2232 Ille
2061 2178 2204 2232 inter
2249 2178 2496 2232 homines
2536 2179 2685 2234 solus
2725 2189 2884 2235 natus
2909 2180 2977 2234 de
3024 2183 3251 2250 virgine,
3275 2193 3331 2238 et
3361 2185 3510 2240 solus

1921 2269 2042 2324 sine
2072 2276 2294 2339 peccato
2319 2277 2632 2339 conceptus,
2663 2279 2716 2324 et
2753 2271 2900 2326 solus
2933 2272 3051 2329 sine
3072 2283 3295 2342 peccato
3325 2284 3504 2330 natus.

1922 2358 2016 2414 Ille
2065 2360 2213 2415 solus
2255 2361 2450 2430 plenus
2479 2361 2686 2432 Spiritu
2731 2371 2966 2418 sancto:
3011 2373 3070 2419 tu
3117 2364 3365 2432 fortasse,
3416 2378 3511 2426 aut

1923 2463 2042 2519 ego,
2072 2459 2166 2504 aut
2196 2451 2445 2520 quilibet,
2489 2454 2534 2506 si
2571 2455 2896 2523 accepimus,
2925 2456 2994 2510 de
3035 2456 3150 2526 ipso
3176 2460 3508 2528 accepimus.

1923 2537 2170 2606 Quia'sic
2213 2541 2304 2597 ille
2333 2543 2564 2612 accepit,
2608 2553 2667 2597 ut
2699 2560 2800 2599 nos
2822 2560 3013 2602 omnes
3050 2548 3116 2602 de
3147 2548 3238 2602 illo
3278 2551 3512 2620 accipia-

1923 2645 2066 2685 mus.
2097 2631 2190 2687 llle
2221 2633 2289 2687 ad
2322 2632 2732 2703 plenitudinem,
2762 2635 2918 2690 nobis
2942 2652 3068 2690 vero
3094 2647 3356 2707 quantum
3379 2643 3511 2695 dare

1915 2718 2090 2788 jubet.

1993 2809 2179 2867 CXXI.
2222 2810 2328 2866 Sed
2372 2821 2426 2866 tu
2468 2813 2644 2868 dicis:
2671 2815 2786 2884 Ego
2821 2816 2965 2884 quod
3003 2816 3144 2880 dico,
3189 2826 3396 2874 tantum
3443 2820 3512 2880 de

1922 2902 2144 2958 homine
2168 2905 2309 2959 dico.
2349 2905 2415 2959 Et
2437 2920 2538 2976 ego
2563 2921 2708 2960 nunc
2737 2908 2880 2974 quod
2913 2907 3045 2970 dixi,
3077 2916 3285 2966 tantum
3315 2909 3383 2966 de
3414 2911 3510 2965 bo-

1925 2994 2070 3050 utine
2103 2996 2236 3050 dixi.
2280 2997 2386 3052 Sed
2417 3013 2591 3067 neque
2632 2999 2687 3053 in
2726 3015 2834 3068 quo
2865 3000 3026 3054 homo
3056 3009 3160 3066 est,
3193 3003 3372 3058 nullus
3413 3020 3508 3061 an-

239 3071 484 3152 nostrum
529 3094 711 3150 Jesum
756 3096 1050 3151 Christum.
1077 3071 1271 3151 iNoluit
1308 3095 1508 3161 dicere,
1550 3094 1812 3150 Domine:
1839 3071 1889 3135 ο
1920 3087 2161 3157 8810mm
2210 3088 2404 3142 Similis
2449 3089 2499 3142 ei
2551 3097 2668 3153 est;
2720 3091 2815 3143 sed
2855 3105 3028 3159 neque
3075 3091 3255 3155 homo,
3297 3094 3390 3162 qui
3439 3095 3507 3150 de

239 3186 329 3240 sed
352 3185 486 3239 dixit
503 3202 515 3239 :
534 3183 787 3256 Nunquid
801 3203 891 3257 ego
913 3203 1048 3251 sum,
1066 3185 1272 3242 Rabbi!
1294 3184 1548 3256 Nunquid
1568 3201 1660 3255 ego
1679 3201 1816 3250 sum,

239 3275 521 3346 magister?
563 3275 764 3345 Aperte
794 3285 1013 3347 apparet
1048 3277 1191 3346 quod
1221 3290 1327 3331 non
1356 3275 1606 3331 Christus
1653 3274 1707 3329 in
1753 3287 1820 3329 eo

239 3367 536 3432 habitabat,
566 3370 662 3421 sed
708 3367 798 3423 ille
838 3368 930 3437 qui
961 3368 1136 3422 dixit:
1179 3365 1247 3420 In
1273 3364 1457 3420 emtum
1509 3363 1815 3430 ascendam,

239 3474 396 3528 super
431 3457 762 3513 altitudinem
801 3459 1014 3512 nubium
1042 3473 1233 3528 ponam
1281 3457 1524 3510 thronum
1553 3471 1723 3507 meum
1751 3453 1816 3507 ab

238 3548 502 3619 aquilone,
525 3560 572 3604 et
596 3567 684 3605 ero
726 3551 913 3604 similis
934 3549 1218 3605 Altissimo.
1246 3548 1357 3604 Cur
1382 3549 1691 3616 despectum
1716 3546 1816 3599 ha-

242 3638 358 3692 buit
379 3640 560 3694 dicere
582 3641 808 3695 Domino
832 3640 961 3703 Deo,
990 3639 1236 3702 Domine,
1268 3640 1408 3693 sicut
1435 3637 1618 3691 cancri
1661 3635 1815 3690 dixe-

239 3739 397 3784 runt:
421 3730 515 3786 sed
541 3729 677 3784 dixit
699 3748 712 3783 :
733 3728 987 3800 Nunquid
1009 3746 1099 3800 ego
1125 3745 1260 3792 sum,
1292 3727 1579 3797 magister?
1597 3725 1819 3779 Viderat

237 3821 410 3874 oculis
432 3822 546 3875 suis
576 3820 813 3875 misellus
834 3821 1059 3874 virtutes
1084 3826 1139 3872 et
1167 3817 1432 3872 mirabilia
1464 3831 1584 3886 qure
1612 3814 1816 3870 fecerat

235 3911 519 3976 Dominus,
543 3919 600 3965 et
627 3925 750 3966 eum
779 3909 1064 3965 Dominum
1087 3917 1248 3980 negat
1281 3907 1349 3962 ad
1379 3906 1594 3962 faciem.

305 4001 490 4058 CXIX.
534 4001 724 4056 Videat
754 3999 991 4054 Ecclesia
1032 4014 1099 4053 ne
1140 3998 1280 4054 forte
1325 4006 1381 4052 et
1415 3995 1707 4066 Elipandus
1747 3995 1813 4051 de

237 4097 352 4166 ipsa
380 4093 622 4149 doctrina
656 4092 747 4156 sit,
778 4089 871 4161 qui
897 4090 1208 4159 despectum
1237 4089 1398 4143 habet
1432 4086 1704 4141 hominem
1732 4086 1814 4140 di-

238 4199 362 4240 cere
378 4185 566 4238 Deum.
595 4181 654 4237 Si
680 4181 822 4236 Deus
847 4196 1035 4236 servus
1059 4189 1162 4244 εει,
1189 4193 1318 4249 ergo
1339 4177 1507 4232 totius
1531 4176 1814 4231 Trinitatis

239 4292 425 4334 servus
457 4283 560 4339 est,
592 4274 720 4344 quia
749 4272 986 4328 Trinitas
1012 4272 1126 4342 ipse
1152 4280 1235 4326 est
1255 4272 1415 4326 Deus.
1451 4268 1508 4323 Si
1532 4267 1814 4323 Trinitatis

239 4380 426 4421 servus
449 4373 549 4428 est,
595 4364 686 4419 ubi
728 4363 888 4418 habet
913 4361 1106 4416 Filium
1133 4360 1246 4425 Dei,
1291 4360 1382 4430 qui
1422 4367 1581 4413 natus
1625 4364 1709 4412 est
1744 4357 1812 4411 de

1923 3179 2150 3234 muliere
2178 3189 2338 3234 natus
2364 3187 2468 3234 est.
2524 3180 2737 3234 Dictum
2761 3188 2848 3234 est
2884 3181 2950 3234 de
2989 3181 3196 3238 Joanne
3223 3185 3366 3252 quod
3396 3201 3508 3239 ma-

1921 3285 2056 3339 gnus
2089 3269 2189 3321 erit
2234 3285 2414 3322 coram
2462 3268 2708 3324 Domino.
2757 3269 2977 3324 Dictum
3023 3279 3106 3324 est
3145 3272 3208 3326 de
3245 3271 3504 3329 Christo:

1923 3358 2028 3413 Hic
2054 3361 2153 3414 erit
2179 3376 2434 3430 magnus,
2471 3361 2565 3415 sed
2600 3376 2706 3414 non
2732 3375 2917 3414 coram
2954 3361 3213 3426 Domino,
3237 3363 3364 3431 quia
3392 3363 3507 3433 ipse

1917 3450 2079 3506 Iesus
2109 3458 2194 3506 est
2234 3465 2456 3520 magnus
2487 3449 2743 3503 Dominus
2787 3461 2982 3514 noster,
3025 3461 3076 3504 et
3111 3460 3306 3522 magna
3342 3456 3507 3510 uirtus

1917 3540 2036 3609 ejus
2064 3553 2084 3592 :
2115 3547 2163 3592 et
2196 3538 2468 3607 sapientia:
2499 3538 2618 3606 ejus
2651 3555 2756 3592 non
2787 3548 2866 3593 est
2899 3556 3170 3596 numerus.
3227 3541 3508 3610 Quomodo

1917 3628 2118 3698 poterit
2151 3642 2272 3681 esse
2303 3627 2462 3682 Jesus
2491 3627 2744 3684 Christus
2773 3644 2898 3685 cum
2923 3630 3166 3693 christis,
3198 3642 3256 3688 et
3289 3633 3505 3705 adopti-

1918 3731 2021 3771 vus
2039 3732 2161 3771 cum
2186 3717 2471 3786 adoptivis,
2503 3718 2763 3787 parvulus
2788 3734 2911 3776 cum
2946 3721 3206 3790 parvulis,
3229 3730 3286 3778 ct
3317 3739 3506 3780 servus

1917 3824 2041 3864 cum
2071 3809 2277 3866 servis?
2314 3809 2483 3864 Tanta
2513 3812 2904 3876 controversia,
2944 3811 3256 3872 interiorem
3290 3824 3501 3886 partem

1917 3898 2042 3954 libri
2077 3898 2258 3965 unius,
2288 3900 2432 3968 quod
2460 3909 2546 3955 est
2583 3900 3128 3971 inconprehensibile
3156 3913 3212 3960 et
3234 3905 3505 3964 invisibile

1915 3989 2404 4059 comprehendere;
2445 4000 2502 4046 et
2529 3993 2675 4060 quod
2702 4001 2788 4046 est
2809 3992 3021 4051 visibile
3053 4003 3113 4050 et
3141 3997 3501 4068 comprehen-

1915 4079 2072 4134 sibile
2117 4095 2224 4134 non
2255 4080 2459 4145 videre,
2509 4081 2605 4136 sed
2648 4081 2860 4152 publice
2903 4098 3121 4155 negare.
3174 4085 3221 4144 Ο
3254 4087 3501 4144 carcitas!

1913 4168 1960 4224 0
1983 4169 2250 4240 ignoratio
2282 4170 2556 4226 veritatis!
2611 4170 2658 4226 Ο
2702 4172 2926 4229 nimiam
2978 4173 3268 4232 elationem
3315 4185 3373 4233 et
3419 4179 3503 4234 sui

1912 4259 2273 4316 damnandam
2299 4263 2802 4330 praesumptionem!
2833 4263 2923 4319 Isti
2966 4273 3093 4320 sunt
3135 4269 3227 4335 qui
3254 4268 3364 4323 Deo
3398 4269 3502 4340 ipsi

1915 4365 1976 4406 se
1996 4349 2294 4420 praeferunt
2317 4351 2398 4405 sic
2421 4353 2713 4406 credendo.
2740 4352 2808 4406 Et
2835 4353 2882 4409 si
2905 4353 2996 4409 isti
3025 4355 3079 4408 in
3105 4371 3270 4410 carne
3299 4358 3502 4412 consti-

243 4457 480 4527 Virgine,
511 4418 672 4524 quem
719 4452 940 4525 angelus
964 4418 1540 4521 annuntiavitNirgini
1589 4449 1805 4504 dicens:
1843 4418 1889 4476 θ
1919 4443 2019 4496 tuti
2060 4442 2234 4497 adhuc
2265 4450 2584 4511 exspeth
2613 4446 3088 4510 resurrectionem.
3119 4454 3175 4502 et
3199 4447 3500 4515 spirituali-

242 4548 375 4602 Ecce
399 4547 654 4618 concipies
679 4554 726 4600 et
756 4548 928 4616 paries
950 4545 1140 4614 ﬁliam,
1165 4555 1211 4598 et
1237 4545 1440 4598 vocabis
1477 4559 1661 4597 nomen
1698 4541 1812 4611 ejus

239 4642 439 4696 Iesum.
461 4640 561 4694 llic
591 4641 686 4695 erit
711 4657 949 4710 magnus,
973 4649 1018 4693 et
1041 4638 1215 4691 Filius
1245 4636 1496 4691 Altissimi
1524 4635 1810 4690 vocabitur.

238 4733 377 4787 Ecce
400 4729 586 4786 Jesum
614 4731 810 4786 Filium
838 4731 1083 4784 altissimi
1110 4728 1300 4791 Patris,
1333 4743 1439 4781 non
1465 4726 1660 4780 Filium
1688 4725 1812 4795 Spi-

237 4825 376 4878 ritus
420 4825 612 4888 sancti,
646 4839 751 4878 non
803 4823 992 4878 Filium
1025 4822 1165 4884 Filii,
1195 4820 1462 4890 quomodo
1505 4825 1588 4873 est
1636 4825 1815 4871 tecum

235 4916 461 4969 servus?
504 4915 582 4970 'fu
621 4914 667 4969 si
695 4927 882 4969 servus
907 4913 1000 4968 Dei
1023 4929 1099 4974 cs,
1132 4912 1295 4965 totius
1320 4909 1602 4962 Trinitatis
1625 4923 1815 4963 servus

233 5024 316 5071 es,
363 5009 414 5063 id
461 5016 544 5062 est
590 5008 681 5060 uni
723 5007 852 5070 Deo,
893 5007 1020 5074 quia
1066 5012 1174 5059 tota
1205 5003 1444 5057 Trinitas
1488 5016 1627 5055 unus
1651 5000 1812 5054 Deus.

237 5097 303 5152 Et
324 5094 486 5152 Pater
508 5096 651 5151 Deus
680 5104 764 5150 est
789 5110 804 5147 :
829 5103 884 5148 et
917 5093 1076 5149 Jesus
1111 5093 1278 5148 Filius
1306 5092 1443 5161 ejus,
1483 5093 1573 5160 qui
1607 5091 1672 5146 de
1695 5092 1815 5146 Vir-

235 5192 361 5263 gine
400 5197 560 5247 natus
582 5188 724 5244 Deus
749 5195 851 5252 est,
882 5195 936 5242 et
966 5188 1081 5258 ipsa
1118 5187 1275 5242 tertia
1309 5186 1363 5239 in
1387 5185 1654 5238 Trinitatc
1694 5200 1815 5254 per-

235 5299 369 5339 sona
391 5281 626 5353 Spiritus
664 5275 882 5337 sanctus
908 5281 1050 5335 Deus
1069 5289 1168 5335 est.
1200 5279 1339 5333 Ecce
1365 5277 1684 5331 Trinitatem
1723 5291 1816 5331 ex-

235 5388 503 5444 pressam,
534 5379 590 5428 et
633 5381 742 5427 tres
768 5385 1026 5441 personas
1061 5369 1273 5442 proprie
1297 5367 1397 5423 sibi
1437 5367 1812 5422 subsistentes.

237 5462 395 5520 Iesus
428 5461 694 5527 Christus,
723 5460 814 5531 qui
860 5461 923 5515 de
949 5460 1169 5528 Virgine
1194 5466 1348 5514 natus
1382 5467 1482 5520 est,
1543 5471 1648 5510 non
1705 5459 1817 5526 ipse

239 5553 424 5619 Pater,
451 5569 552 5608 nec
571 5551 807 5622 Spiritus
833 5557 1073 5604 sanctus.
1103 5549 1260 5619 Solus
1287 5550 1399 5618 ipse
1426 5549 1560 5604 dixit
1585 5566 1598 5600 :
1636 5545 1816 5610 Pater,

239 5641 476 5711 clariﬁca
522 5641 719 5696 Filium
754 5647 920 5692 tuum.
961 5638 1072 5692 Hoc
1124 5653 1229 5690 non
1258 5638 1397 5692 dixit
1425 5637 1604 5700 Pater,
1643 5650 1817 5704 neque

649 5733 914 5791 Pn‘ttoL.
969 5731 1013 5798 Χ
1026 5729 1070 5788 C
1083 5726 1124 5783 ι’
1139 5729 1156 5786 Ι
1173 5773 1186 5786 .

1919 4543 2000 4588 ιει·
2028 4549 2088 4588 se
2126 4533 2308 4587 vivere
2337 4533 2676 4600 profitentur,
2707 4535 2800 4602 qui
2832 4543 3042 4590 tantum
3075 4537 3321 4592 homines
3354 4547 3499 4602 sunt,

1915 4633 1972 4678 et
2018 4640 2047 4678 a
2089 4624 2199 4678 Deo
2245 4621 2373 4679 facti
2422 4631 2668 4678 suntzet
2717 4625 2822 4680 ista
2871 4625 3081 4696 possint
3129 4627 3351 4696 habere,
3381 4640 3502 4701 post

1919 4725 2146 4770 mortem
2187 4729 2219 4769 a
2248 4715 2359 4770 Deo
2397 4724 2761 4786 acceperunt:
2802 4724 2858 4771 et
2896 4717 3064 4772 Deum
3118 4734 3177 4776 se
3224 4720 3498 4777 hominem

1920 4808 2098 4864 facere
2123 4808 2361 4878 potuisse
2390 4822 2494 4862 non
2521 4807 2766 4863 credunt.
2808 4807 2981 4863 Minor
3001 4809 3148 4863 enim
3177 4810 3294 4864 sine
3337 4808 3496 4865 dubie

1917 4903 1986 4956 ab
2015 4901 2132 4956 istis
2155 4901 2295 4954 Deus
2321 4910 2425 4964 est,
2451 4899 2498 4953 si
2522 4899 2665 4970 quod
2697 4899 2786 4954 isti
2810 4909 3032 4970 possunt
3057 4900 3147 4955 ille
3173 4915 3280 4956 non
3301 4900 3498 4970 potuit.

1920 4991 2052 5045 Nam
2102 4991 2147 5045 si
2201 4991 2289 5046 isti
2339 4998 2564 5060 possunt
2606 4989 2658 5043 in
2703 5003 2868 5045 carne
2922 4988 3202 5045 constituti
3266 4988 3499 5048 alienam

1919 5097 2112 5154 capere
2150 5091 2438 5146 naturam,
2488 5097 2585 5136 cur
2635 5081 2722 5134 ille
2766 5082 2821 5136 in
2871 5095 3036 5136 carne
3087 5081 3295 5151 positus
3341 5097 3496 5140 suam

1919 5189 2137 5230 servare
2185 5189 2290 5228 non
2329 5181 2529 5243 posset,
2564 5171 2831 5236 videlicet,
2879 5182 2940 5227 ut
2980 5187 3196 5244 semper
3219 5172 3361 5235 Deus
3403 5173 3498 5240 sit,

1920 5282 2019 5321 nec
2043 5263 2361 5334 corruptela:
2386 5263 2648 5318 admistus
2673 5263 2853 5318 carnis
2868 5263 3117 5320 humana:
3141 5262 3500 5334 incipiatusc

1919 5357 2236 5427 corruptus?
2262 5355 2395 5411 Mira
2423 5355 2714 5424 disputatio
2737 5355 3006 5410 veritatis!
3039 5356 3166 5411 dum
3193 5354 3308 5411 vult
3327 5355 3499 5416 Deum

1919 5450 2208 5511 honorare,
2251 5445 2523 5514 diiudicat.
2559 5444 2776 5514 Maioris
2799 5447 2946 5502 enim
2976 5448 3194 5503 virtutis
3227 5454 3311 5502 est
3353 5443 3467 5500 obti
3494 5473 3498 5478 *

1921 5555 2049 5595 nere
2086 5542 2296 5594 interna
2341 5538 2640 5593 substantia
2671 5538 2945 5604 deitatem,
2983 5553 3146 5608 quam
3185 5538 3355 5594 Deum
3386 5536 3494 5607 spi-

1922 5631 2186 5686 ritualiter
2231 5630 2285 5683 in
2327 5629 2526 5683 deitate
2567 5627 2782 5684 durare.
2837 5627 2974 5696 Quid
3011 5644 3141 5701 ergo
3175 5625 3414 5684 mirabor
3441 5625 3496 5680 in

2976 5723 3048 5784 3l
