3992 6176
469 223 563 281 971

1281 217 1687 292 ELIPANDUS,
1728 224 1952 288 FELIX,
1993 222 2336 279 HETERIUS
2378 224 2466 280 ET
2505 225 2564 281 S.
2605 165 2934 285 BEAZI'US.-

2707 135 2726 168 Ι

3607 229 3724 290 971.
3775 182 3788 189 ξ

469 337 614 401 Deo,’
642 334 743 389 nisi
773 333 914 404 quod
939 343 1061 390 eum
1091 336 1252 390 homo
1296 349 1419 391 esse
1460 338 1712 407 dignatus
1738 338 1831 400 sit,
1857 350 2042 390 tamen
2073 339 2115 396 Α
2145 348 2242 404 per
2267 336 2441 401 vivus,
2493 337 2620 406 quia
2649 353 2720 390 ex
2747 345 2978 407 utroque
3026 352 3166 392 unus
3185 345 3272 394 est
3314 338 3452 395 Iiher
3477 339 3628 400 intus
3664 355 3724 400 es

469 428 522 480 in
549 427 785 491 homine,
825 427 968 495 quod
989 427 1129 480 Deus
1161 435 1324 493 esset,
1355 429 1648 497 apparuit?
1685 428 1796 482 Hoc
1823 435 1909 482 est
1937 428 2040 482 mi-

467 517 654 580 rabile,
699 518 801 571 hoc
844 526 939 570 est
972 515 1266 586 singulare.
1317 515 1452 571 Nam
1502 517 1778 572 hominem
1827 525 2044 572 tantum

464 609 688 664 credere
709 608 844 663 nihil
867 615 953 663 es't
993 607 1386 672 admirandum,
1415 609 1540 677 quia
1577 619 1768 666 omnes
1795 607 2042 662 homines

465 703 671 756 tantum
700 700 947 755 homines
969 707 1111 753 sunt.
1141 699 1214 752 Et
1239 698 1360 753 ideo
1388 698 1637 754 mirabile
1664 714 1773 753 non
1810 706 1894 753 est
1913 699 2042 767 quia

463 791 604 849 uitus
633 792 862 847 alterum
884 791 949 845 de
977 804 1036 846 se
1071 789 1321 860 intelligit
1341 789 1488 858 quod
1519 796 1728 844 tantum
1757 789 1920 844 homo
1947 789 2039 843 sit.

465 881 572 938 Sed
615 883 719 937 hoc
765 888 850 935 est
873 879 1197 935 Christianis
1244 878 1492 934 mirabile
1530 878 1674 947 quod
1713 877 1876 933 homo
1897 877 2044 934 Deus

463 989 625 1030 verus
646 981 730 1029 est
748 972 924 1037 Jes'us,
948 970 1241 1026 secundum
1257 970 1541 1039 Propheta:
1556 970 1780 1035 dictum,
1801 969 1893 1040 qui
1921 969 1998 1024 ait
2023 983 2040 1022 :

469 1067 737 1139 Lapidem,
772 1073 922 1137 quem
951 1064 1350 1135 reprobaoerunt
1373 1062 1714 1130 wdiﬁcantes,
1754 1061 1838 1115 hic
1869 1060 2042 1130 factus

468 1169 541 1213 est
568 1160 623 1212 in
646 1165 798 1228 caput
819 1153 1018 1226 anguli.
1051 1153 1090 1207 Α
1125 1152 1350 1206 Domino
1373 1151 1570 1221 factum
1590 1159 1666 1205 est
1692 1149 1856 1216 istud,
1887 1158 1937 1205 et
1968 1157 2044 1204 est

465 1247 706 1303 'ntirabile
732 1248 787 1300 in
813 1244 1211 1299 ocitlis'nostris.
1245 1240 1363 1296 Non
1387 1241 1530 1311 quod
1568 1241 1674 1295 iste
1695 1239 1904 1294 destitit
1925 1254 2046 1295 esse

469 1337 612 1409 quod
647 1336 822 1391 fuerat
847 1351 862 1391 :
890 1333 986 1389 sed
1008 1333 1150 1402 quod
1177 1345 1396 1387 carnem
1433 1329 1561 1385 fecit
1585 1344 1705 1384 esse
1733 1329 1877 1399 quod
1902 1328 2047 1384 Deus

470 1437 572 1493 est,
597 1435 652 1482 et
669 1440 798 1480 vere
825 1427 1006 1486 homo,
1028 1423 1120 1492 qui
1146 1423 1212 1477 de
1232 1422 1454 1490 Virgine
1477 1428 1634 1475 natus
1671 1426 1776 1484 est,
1818 1420 1932 1488 ipse
1963 1425 2049 1474 est

456 1515 626 1572 ‘ie'sus
648 1516 740 1570 Dei
764 1514 948 1577 Filius,
981 1512 1072 1581 qui
1093 1510 1412 1567 suhiPontio
1430 1509 1608 1564 Pilato
1632 1517 1718 1563 est
1755 1507 2047 1563 cruciﬁxus

459 1616 526 1661 τοι
545 1605 804 1676 sepultus,
823 1619 890 1658 ex
909 1609 1348 1671 utraqne'naturu
1369 1615 1386 1655 :
1405 1614 1512 1654 non
1535 1598 1662 1662 duo,
1685 1595 1782 1652 sed
1801 1595 2049 1668 unigeni-

2141 423 2272 480 l'oris
2295 428 2546 495 scriptus.

2208 519 2441 576 CXXIV.
2481 520 2638 576 Foris
2677 521 2916 591 scriptus
2948 529 3052 588 est,
3085 536 3212 578 cum
3261 523 3378 593 ipse
3409 539 3510 594 per
3543 524 3730 586 David

2140 612 2314 667 dicit:
2350 610 2468 683 Ego
2520 613 2743 668 dormivi
2789 623 2839 668 et
2891 614 3084 684 quievi.
3137 613 3292 671 Intus
3337 616 3577 686 scriptus
3610 629 3728 685 est.

2140 716 2265 756 eum
2299 702 2416 772 ipse
2445 701 2614 757 dicit:
2657 701 2727 756 Et
2781 719 2876 773 ego
2933 705 3216 766 resurrexi.
3273 703 3432 762 Foris
3483 708 3730 778 scriptus

2140 799 2245 855 est,
2285 805 2409 846 cum
2459 791 2575 861 ipse
2621 793 2691 849 de
2721 792 2882 849 Patre
2933 794 3100 850 dicit:
3140 793 3406 860 Quoniam
3459 796 3728 855 Domitius

2141 881 2408 937 suscitavit
2440 898 2540 938 nte.
2577 883 2714 950 Quia
2741 892 2796 940 et
2821 884 2983 941 Pater
3023 901 3148 942 eum
3174 887 3478 956 suscitavit,
3527 890 3584 947 in
3607 907 3731 962 quo

2143 973 2322 1029 minor
2349 982 2435 1030 est
2456 974 2638 1032 Patre.
2677 976 2746 1031 Et
2766 975 2939 1033 Filius
2967 977 3082 1047 ipse
3110 992 3170 1035 se
3196 979 3504 1047 suscitavit,
3533 983 3590 1037 in
3610 1000 3733 1054 quo

2143 1064 2367 1134 aqualis
2401 1073 2486 1121 est
2535 1066 2706 1122 Patri.
2747 1067 2900 1123 Sicut
2935 1076 2990 1124 et
3037 1069 3154 1140 ipse
3203 1086 3263 1127 se
3317 1073 3484 1139 misit,
3527 1074 3585 1130 in
3611 1092 3734 1146 quo

2143 1155 2365 1224 aqualis
2392 1164 2476 1212 est
2520 1155 2690 1212 Patri.
2730 1158 2798 1213 Et
2823 1158 2985 1214 Pater
3011 1177 3129 1215 eum
3152 1163 3304 1229 misit
3319 1164 3376 1218 in
3404 1165 3549 1222 hunc
3570 1183 3736 1223 mun-

2146 1241 2304 1307 dum,
2325 1244 2381 1299 in
2409 1259 2520 1313 quo
2545 1246 2837 1302 minoratus
2888 1248 3036 1304 venit
3069 1249 3227 1319 paulo
3265 1253 3438 1308 minus
3465 1255 3530 1308 ab
3562 1273 3735 1328 ange-

2145 1330 2231 1386 lis.
2271 1330 2362 1387 Sic
2389 1341 2445 1388 et
2472 1341 2673 1389 caetera
2699 1333 3012 1404 huiusmodi
3055 1337 3252 1394 similia
3298 1340 3458 1396 debet
3504 1354 3732 1400 seruta-

2147 1429 2236 1476 tor
2259 1429 2567 1476 sanctarum
2589 1421 2991 1493 Scripturarum
3017 1425 3365 1496 interpretari
3388 1431 3736 1500 testimonia,

2145 1517 2205 1566 ut
2241 1523 2309 1564 ex
2336 1517 2566 1579 utraque
2589 1511 2891 1567 substantia
2906 1528 3180 1584 nunquam
3194 1515 3397 1572 dividat
3409 1535 3738 1590 personam.

2145 1598 2204 1653 In
2244 1599 2472 1655 Domino
2501 1600 2666 1671 igitur
2701 1600 2828 1658 Jesu
2857 1602 3072 1660 Christo
3116 1606 3229 1662 Deo
3273 1619 3329 1662 et
3367 1609 3596 1676 homine,
3617 1629 3739 1668 au-

457 1707 559 1753 -tus
579 1707 662 1755 est
683 1697 775 1751 Dei
802 1695 990 1750 Filius.
1023 1693 1090 1747 Et
1110 1693 1233 1762 ipse
1255 1690 1346 1760 qui
1374 1697 1459 1745 est
1486 1689 1794 1760 unigenitus
1817 1687 1912 1742 Dei
1947 1686 2044 1742 Fi-
2075 1683 2122 1746 Β
2148 1696 2300 1745 ctore
2326 1705 2391 1745 ac
2418 1690 2757 1761 redemptore
2784 1701 2991 1760 uestro,
3037 1695 3180 1750 sicut
3205 1713 3364 1753 unam
3391 1702 3587 1771 absque
3613 1704 3740 1758 du-

454 1789 595 1854 'lius,
623 1790 738 1857 ipse
753 1796 836 1841 est
851 1787 1223 1856 primogenitus
1240 1785 1297 1837 in
1318 1781 1498 1837 multis
1519 1781 1796 1852 fratribus.
1826 1781 1895 1836 Et
1917 1779 2046 1850 quia

453 1879 778 1947 unigenitus
813 1881 884 1930 et
902 1874 1291 1945 primogenitus
1324 1873 1679 1928 dumnaturai
1717 1879 1846 1926 sunt
1885 1889 1898 1924 :
1951 1869 2046 1926 sed

467 1975 691 2039 propter
711 1974 1078 2035 susceptorem
1098 1979 1253 2019 suum
1277 1962 1614 2032 unigenitum
1637 1960 1827 2026 Deum,
1850 1968 1906 2014 et
1932 1959 2048 2029 ipse

451 2061 634 2115 homo
657 2057 962 2128 unigenit‘us
994 2055 1210 2120 dicitur,
1251 2053 1394 2122 quia-
1421 2053 1476 2107 in
1510 2066 1578 2107 eo
1598 2060 1685 2106 est
1713 2050 2042 2118 unigenitus.

449 2175 452 2178 -
541 2148 749 2204 CXXII.
780 2146 1019 2216 Denique
1042 2144 1330 2200 diversitas
1366 2144 1700 2198 diversarum
1731 2149 2047 2196 naturarum

445 2240 529 2298 -in
567 2237 838 2294 locutione
871 2235 1281 2307 Evangeliorum
1315 2233 1636 2289 ostenditur.
1687 2230 1840 2286 Fidei
1886 2231 2048 2300 igitur

447 2338 670 2386 a-nosttve
711 2344 816 2384 non
841 2328 1092 2384 convenit
1131 2335 1193 2380 ut
1231 2327 1516 2381 credamus
1535 2322 1678 2394 quod
1700 2321 1877 2378 Jesus.
1897 2336 2048 2378 men-

443 2422 656 2486 -tiatur,
685 2420 810 2489 quia
837 2419 956 2473 sine
995 2417 1160 2472 dubio
1197 2425 1281 2472 est
1321 2416 1545 2471 veritas.
1597 2415 1685 2470 Et.
1711 2430 1780 2469 ex
1819 2420 2049 2482 utraque

439 2521 662 2566 natura
713 2511 826 2580 ipse
869 2509 1174 2572 conﬁtetur,
1208 2516 1263 2562 et
1301 2509 1370 2562 ab
1409 2507 1580 2577 ipsius
1618 2520 1714 2560 ore
1761 2504 2047 2565 didicimus

453 2600 614 2668 mod
639 2601 884 2654 dicimus.
923 2598 991 2653 Et
1017 2606 1276 2667 utrasque
1298 2605 1522 2652 naturas
1551 2596 1667 2665 ipse
1692 2595 1795 2650 sibi
1813 2594 2046 2664 proprio

469 2703 566 2743 ore
605 2688 986 2743 manilestavit.
1022 2687 1162 2742 Dicit
1188 2702 1288 2756 pro
1313 2687 1492 2742 divina
1524 2703 1536 2739 :
1574 2685 1686 2756 Ego
1725 2701 1863 2740 sum.
1909 2684 2048 2738 Dicit

435 2791 569 2848 ’τρι-ο
595 2777 826 2832 humana
852 2795 872 2830 -:
895 2777 1017 2847 ‘Ego
1042 2791 1181 2830 sum;
1219 2775 1614 2845 Nonnunquam
1659 2775 1826 2829 dicit:
1856 2773 1970 2844 Ego
1997 2784 2046 2829 et

473 2864 636 2923 Pater
659 2883 819 2922 unum
845 2883 1058 2932 sumus;
1086 2868 1267 2922 divina
1291 2875 1393 2921 est.
1427 2866 1563 2921 Cum
1593 2880 1722 2920 vero
1747 2864 1910 2920 dicit:
1930 2863 2045 2935 Ego

432 2977 588 3016 «mn
613 2960 716 3015 ria.
759 2957 844 3022 Et,
889 2957 1003 3028 Ego
1041 2959 1106 3012 in
1133 2959 1340 3011 nomine
1360 2955 1539 3010 Patris
1567 2956 1668 3010 mei
1697 2955 1830 3020 veni,
1864 2963 1912 3008 et
1939 2969 2044 3007 non

450 3067 554 3105 *me
579 3017 876 3120 recepistis;
918 3017 1151 3103 humana
1177 3055 1280 3102 est.
1329 3047 1398 3102 Et
1442 3047 1499 3102 in
1545 3046 1636 3100 illa
1680 3046 1746 3100 de
1882 3045 2038 3100 dixit.
2069 3017 2117 3083 ο

435 3165 440 3168 ·
471 3145 562 3200 Sic
583 3152 641 3199 et
664 3157 786 3198 cum
813 3141 982 3197 dixit:
1005 3140 1110 3206 Qui
1133 3155 1218 3194 nte
1243 3140 1408 3204 misit,
1433 3154 1634 3194 mecum
1660 3147 1753 3202 est,
1779 3152 1939 3207 neque
1965 3153 2046 3190 nte

467 3234 761 3306 dereliquit.
794 3233 862 3288 Et
884 3232 990 3286 alio
1017 3231 1136 3286 loco
1163 3249 1179 3284 :
1215 3230 1376 3294 Deus,
1407 3228 1548 3283 Deus
1570 3245 1736 3293 meus,
1767 3227 2042 3298 quare-de-

457 3323 856 3396 veliquistinte?
884 3323 954 3378 Et
980 3322 1034 3376 in
1060 3321 1151 3376 illa
1169 3319 1332 3376 dicit:
1358 3318 1462 3385 Qui
1489 3318 1749 3372 ntemisit.
1781 3318 1848 3372 Et
1868 3318 1926 3372 in
1953 3316 2044 3372 illa

465 3415 632 3470 dicit:
662 3412 838 3478 Quare
859 3427 938 3466 me
965 3409 1325 3480 dereliquisti?
1364 3408 1426 3463 in
1467 3408 1657 3465 ambas
1699 3416 1922 3463 naturas
1963 3423 2044 3460 me

449 3516 523 3562 ret
545 3523 646 3562 nte.
693 3506 826 3561 Nam
854 3520 976 3560 cum
998 3504 1166 3560 dicit:
1191 3502 1278 3558 He
1302 3501 1647 3573 dereliquisti,
1678 3501 1912 3556 humana
1937 3509 2038 3556 est.

423 3597 599 3665 'Quia
628 3597 770 3652 Deus
801 3597 1072 3652 hominem
1103 3601 1436 3663 susceperat,
1478 3600 1536 3648 et
1579 3593 1693 3663 ipse
1716 3593 1878 3648 homo
1902 3592 2042 3648 mori

455 3689 715 3745 habebat.
744 3687 810 3742 Et
846 3686 1120 3751 divinitas,
1169 3700 1290 3755 qua:
1329 3685 1441 3739 vita
1483 3691 1630 3748 erat,
1674 3682 1830 3738 exsul
1865 3691 2042 3737 erata

457 3788 660 3832 morte.
709 3777 832 3832 Ideo
876 3792 974 3846 per
1015 3784 1246 3831 mortem
1293 3774 1473 3830 crucis
1496 3773 1877 3842 relinquendus
1923 3779 2041 3827 erat

420 3881 422 3886 '
457 3882 635 3937 usque
669 3868 737 3922 ad
774 3867 1223 3922 resurrectionem
1251 3865 1440 3935 ipsius.
1477 3863 1594 3919 Non
1621 3863 1765 3932 quod
1786 3863 2039 3920 divinitas

467 3957 801 4025 relinqueret
843 3968 1063 4010 carnem
1102 3967 1277 4015 suam,
1315 3951 1410 4006 sed
1444 3952 1588 4020 quod
1626 3964 1736 4006 non
1777 3949 2041 4004 moritura

455 4058 584 4106 erat
617 4063 749 4104 cum
783 4060 946 4104 carne
994 4061 1110 4101 sua.
1160 4043 1296 4110 Quia
1326 4044 1407 4099 sic
1443 4044 1500 4098 in
1544 4043 1793 4113 sepulcro
1822 4058 2040 4098 carnem

463 4158 620 4200 suam
646 4141 1036 4198 commonendo
1055 4152 1081 4182 ι
1107 4137 1365 4202 deseruit,
1389 4137 1529 4192 sicut
1548 4137 1604 4192 iu
1633 4144 1788 4191 utero
1809 4135 2042 4207 Virginis

422 4243 424 4245 ’
463 4232 844 4292 connascendo
889 4230 1159 4286 formavit.
1193 4228 1343 4284 Fidei
1363 4242 1494 4297 ergo
1517 4235 1717 4282 nostra:
1741 4226 1822 4281 sic
1846 4240 2041 4282 conve-

413 4339 419 4344 '
466 4327 564 4392 nit,
611 4331 671 4379 ut
709 4325 868 4391 homo
900 4321 1070 4377 Filius
1114 4319 1260 4375 dicat
1298 4335 1311 4372 :
1353 4317 1528 4384 Quare
1567 4333 1649 4371 nte
1677 4316 2040 4390 dereliquisti?

464 4419 533 4474 Et
573 4400 729 4472 Deus.
760 4415 948 4480 Filius,
991 4414 1083 4485 qui
1129 4428 1253 4469 etim
1285 4413 1444 4467 Pater
1470 4409 1696 4480 aequalis
1717 4417 1832 4474 est,
1863 4409 2033 4467 dicat:

467 4509 570 4574 Qui
588 4523 671 4561 tne
695 4506 858 4570 misit,
878 4519 1079 4558 mecum
1098 4513 1210 4558 est:
1237 4519 1330 4557 nec
1350 4517 1432 4556 nte
1456 4499 1754 4570 dereliquit.

537 4596 764 4652 CXXIII.
803 4595 872 4650 Et
907 4609 1031 4653 cum
1057 4610 1124 4650 ex
1173 4603 1404 4662 utroque
1441 4608 1593 4647 unus
1629 4593 1700 4646 sit
1720 4589 1914 4656 Filius,
1951 4605 2040 4645 ca-

415 4705 420 4721 τ
465 4693 693 4746 vendum
733 4698 818 4745 est
852 4701 922 4742 ne
966 4686 1160 4756 aliquis
1206 4685 1386 4740 dicat:
1456 4684 1631 4740 Homo
1685 4692 1947 4746 mortuus,
1985 4690 2040 4737 et

464 4781 606 4838 Deus
629 4794 754 4838 eum
791 4779 1061 4835 excitavit.
1103 4777 1216 4832 IIoc
1262 4776 1337 4830 illi
1368 4775 1553 4830 dicunt
1605 4775 1700 4846 qui
1745 4773 2036 4830 secundum

419 4896 422 4898 ·
461 4887 682 4932 carnem
731 4886 856 4928 eum
893 4868 1188 4940 pradicant
1248 4865 1577 4936 adoptivum,
1627 4873 1682 4920 et
1741 4865 2036 4921 secundum

413 4962 416 4966 ’
462 4958 800 5018 divinitatem
836 4957 1132 5028 proprium.
1177 4955 1284 5011 Sed
1312 4955 1426 5024 ipse
1455 4954 1715 5010 Dominus
1752 4955 2037 5009 mendaces

461 5065 556 5107 eos
599 5048 892 5120 redarguit,
935 5061 1059 5102 cum
1109 5044 1291 5100 Judeis
1331 5044 1470 5098 dixit
1505 5061 1519 5096 :
1565 5041 1759 5098 Solvite
1787 5043 2036 5114 templum

407 5167 414 5174 -
461 5141 583 5208 ltoo,
616 5150 665 5195 et
690 5140 743 5192 in
768 5137 943 5192 triduo
992 5134 1254 5192 suscitabo
1285 5133 1417 5188 illud
1452 5131 1634 5204 (Joan.
1665 5149 1738 5199 ιι,
1778 5133 1886 5203 19).
1918 5131 2034 5188 Νοη

403 5233 414 5246 ”
461 5232 638 5290 dixit:
681 5228 882 5285 Solvite
944 5226 1199 5298 templum
1259 5225 1404 5296 quod
1448 5224 1613 5280 Pater
1661 5223 1904 5287 suscitet,
1941 5223 2036 5277 sed

401 5347 407 5353 -
461 5325 574 5395 Ego
611 5319 869 5377 suscitabo
913 5317 1086 5385 illud;
1122 5317 1246 5388 quia
1274 5332 1382 5372 non
1409 5324 1494 5372 est
1517 5315 1652 5371 alius
1675 5315 1769 5386 qui
1805 5315 2036 5370 moritur

461 5426 514 5470 ct
566 5414 702 5469 alius
730 5429 826 5482 per
855 5426 1015 5481 quem
1045 5418 1292 5465 mortuus
1329 5408 1584 5479 resurgit,
1617 5408 1712 5464 sed
1761 5407 1876 5478 ipse
1895 5423 2034 5463 unus

461 5513 709 5559 mortuus
735 5511 820 5558 est
842 5501 1110 5558 Christus.
1151 5500 1218 5554 Et
1247 5500 1359 5568 ipse
1397 5505 1643 5554 mortuus
1671 5506 1724 5556 et
1749 5497 1868 5570 ipse
1893 5512 2034 5555 sem-

537 5626 566 5654 ει
595 5612 816 5667 Videtur
841 5613 1026 5666 deesse
1060 5611 1272 5678 negatio
1297 5626 1420 5663 non.

2145 1777 2409 1833 bitatione
2479 1794 2784 1849 personam,
2853 1782 2929 1838 ita
2993 1783 3260 1854 duplicem
3328 1799 3530 1845 constat
3593 1808 3742 1851 esse

2147 1866 2542 1922 substantiam:
2584 1884 2749 1940 quam
2805 1887 2984 1929 sermo
3020 1875 3234 1932 divinus
3286 1879 3626 1949 singulariter
3669 1885 3741 1940 in

2146 1953 2264 2027 lege
2289 1957 2645 2028 distinguens,
2675 1960 2749 2014 ita
2777 1961 3018 2033 loquitur
3042 1967 3111 2020 ad
3147 1963 3378 2030 Judazos,
3412 1985 3534 2024 cum
3556 1974 3739 2030 ritum

2146 2047 2443 2102 carnalium
2473 2050 2866 2108 sacriﬁciorum
2908 2069 3031 2110 cum
3059 2058 3302 2128 mysticis
3355 2074 3420 2115 ac
3467 2063 3738 2131 spiritua-

2146 2133 2290 2190 Iibus
2340 2138 2578 2192 traderet
2627 2143 3018 2198 sacramentis:
3059 2144 3135 2200 De
3163 2164 3299 2218 agno
3332 2166 3450 2204 cunt
3477 2154 3648 2222 capite
3681 2166 3737 2208 et

2143 2225 2359 2296 pedibus
2415 2228 2714 2295 comedetis,
2763 2240 2813 2285 et
2867 2231 3112 2288 intestina
3167 2236 3281 2306 ejus
3342 2239 3605 2294 rorabitis.
3641 2242 3736 2297 Ad

2147 2311 2263 2369 haec
2287 2314 2333 2369 si
2362 2315 2690 2391 exteriorem
2718 2318 2911 2377 littera:
2955 2337 3145 2378 sonum
3175 2325 3474 2397 interroges
3511 2337 3608 2384 aut
3637 2331 3736 2384 in-

2128 2402 2376 2472 telligas,
2413 2404 2692 2476 indignum
2733 2417 2894 2464 tanta:
2924 2413 3224 2484 majestatis
3277 2427 3548 2487 praecepto
3599 2418 3736 2486 fuit,

2146 2502 2206 2548 ut
2232 2493 2523 2552 vilissimas
2567 2498 2753 2554 edacis
2776 2501 2960 2570 populi
2987 2503 3135 2559 cibos
3163 2514 3324 2576 caput
3348 2523 3469 2562 cum
3495 2510 3741 2578 pedibus

2147 2585 2402 2657 conjungi
2443 2598 2498 2644 et
2539 2590 2795 2648 intestina
2849 2597 3066 2666 purgari
3119 2597 3352 2668 Spiritus
3389 2610 3610 2658 sanctus
3635 2620 3740 2659 or-

2147 2674 2376 2732 dinaret.
2413 2677 2480 2733 Et
2501 2678 2625 2736 ideo
2651 2697 2794 2736 nunc
2823 2682 3075 2739 intestina
3105 2685 3240 2756 ipsa,
3270 2679 3326 2743 id
3365 2698 3447 2745 est
3474 2690 3740 2760 latentia,

2147 2763 2563 2836 interrogemus.
2627 2769 2740 2826 Sub
2776 2771 2970 2828 littera:
3019 2790 3184 2831 carne
3221 2781 3494 2849 mysteria.
3538 2782 3745 2853 Agnus

2146 2857 2236 2914 ille
2263 2866 2346 2914 est
2375 2861 2579 2930 absque
2622 2861 2802 2926 dubio,
2834 2863 2901 2918 de
2927 2879 3036 2934 quo
3080 2862 3316 2924 Joannes
3338 2868 3580 2938 Baptista
3599 2888 3745 2941 pro-

2146 2949 2396 3008 nuntiat:
2439 2949 2574 3004 Ecce
2621 2951 2799 3021 Agnus
2845 2952 2964 3021 Dei,
3010 2971 3126 3009 ecce
3182 2956 3270 3026 qui
3333 2958 3468 3012 tollit
3509 2974 3745 3029 peccata

2146 3039 2347 3094 mundi.
2388 3039 2447 3094 In
2476 3055 2584 3110 quo
2627 3056 2764 3112 agno
2803 3057 2904 3114 per
2931 3053 3090 3114 caput
3119 3045 3472 3116 divinitatem,
3505 3064 3605 3119 per
3635 3067 3746 3120 pe-

2148 3130 2244 3186 des
2291 3129 2678 3186 humanitatem
2722 3141 2936 3202 oportet
2980 3134 3226 3206 intelligi.
3268 3136 3344 3190 Da
3396 3137 3449 3192 in
3475 3142 3747 3210 symbolo

2147 3223 2342 3292 capitis
2381 3222 2750 3278 eminentiam.
2790 3223 2978 3292 Credo,
3031 3227 3226 3298 inquit,
3278 3228 3334 3282 in
3361 3227 3559 3284 Filium
3602 3233 3748 3302 ejus

2145 3313 2327 3368 Jesunt
2369 3312 2634 3368 Christum
2679 3312 2963 3369 Dominum
3023 3326 3278 3371 nostrum.
3321 3317 3396 3371 Da
3450 3327 3748 3378 terrenam

2146 3405 2201 3460 in
2245 3405 2476 3475 pedibus
2514 3405 2894 3462 humilitatem.
2939 3406 3041 3474 Qui
3071 3420 3343 3482 conceptus
3371 3420 3444 3464 est
3479 3411 3546 3464 de
3587 3411 3747 3484 δρᾶ-

2146 3498 2251 3551 ritu
2289 3506 2492 3552 sancto.
2535 3497 2711 3567 Natus
2770 3515 2834 3553 ex
2889 3497 3066 3552 Maria
3113 3501 3326 3570 virgine.
3371 3500 3567 3556 Passus
3624 3505 3747 3558 sub

2145 3586 2337 3641 Pontio
2368 3585 2564 3641 Pilato.
2605 3585 2903 3656 Cruciﬁxus
2929 3597 2978 3642 et
3020 3587 3272 3659 sepultus.

2213 3676 2424 3733 CXXV.
2466 3677 2542 3734 De
2587 3679 2783 3748 quibus
2818 3680 3019 3748 absque
3057 3679 3220 3734 dubio
3244 3681 3469 3750 pedibus
3499 3685 3746 3754 sapien-

2145 3770 2219 3824 tia
2265 3768 2570 3825 Salomonis
2603 3770 2879 3826 insinuat:
2922 3770 2992 3825 Et
3027 3771 3241 3843 ﬁgulus,
3283 3773 3473 3842 inquit,
3500 3775 3748 3843 pedibus

2143 3872 2340 3934 uertens
2392 3871 2562 3918 rotam
2628 3863 2782 3935 (Sap.
2836 3879 2924 3930 xv,
2955 3861 3028 3935 7).
3072 3863 3140 3919 Et
3192 3865 3319 3935 quid
3370 3874 3453 3920 est
3503 3864 3744 3936 ﬁgulus,

2142 3954 2248 4010 nisi
2273 3953 2361 4010 ille
2389 3955 2480 4024 qui
2530 3970 2629 4010 nos
2665 3955 2732 4011 de
2761 3964 2917 4010 terra:
2956 3955 3256 4025 plasmator
3283 3955 3414 4011 limo
3450 3971 3570 4012 esse
3595 3956 3746 4027 jus-

2142 4045 2214 4100 sit
2237 4060 2304 4100 ex
2332 4046 2542 4103 nihilo?
2592 4045 2733 4115 Quid
2755 4047 3000 4118 pedibus,
3052 4047 3156 4105 nisi
3196 4048 3451 4119 assumpti
3483 4049 3748 4109 hominis

2139 4137 2438 4208 disciplinis
2483 4140 2672 4196 orbem
2700 4148 2870 4196 totum
2915 4142 2984 4196 ad
3011 4142 3268 4198 salutaria
3311 4143 3560 4198 instituta
3586 4161 3746 4202 con—

2141 4229 2352 4283 vertit?
2389 4230 2465 4285 De
2513 4245 2621 4301 qua
2665 4239 2781 4286 rota
2831 4232 2883 4286 in
2922 4231 3134 4302 psalmo
3180 4232 3442 4304 legimus:
3500 4230 3618 4287 Vox
3651 4247 3748 4290 to-

2144 4319 2306 4373 nitrui
2335 4319 2412 4373 tui
2431 4320 2492 4373 in
2520 4330 2654 4385 rota,
2684 4320 2849 4377 idest
2870 4337 2974 4392 per
3002 4316 3176 4378 rotam
3205 4321 3386 4377 tnundi
3414 4339 3516 4378 vox
3540 4323 3750 4382 Σπω-

2140 4408 2264 4478 gelii
2292 4409 2586 4479 procurrit.
2622 4410 2699 4466 De
2728 4425 2833 4481 qua
2863 4413 3097 4467 humana
3144 4412 3439 4469 substantia
3475 4413 3528 4468 in
3563 4430 3750 4472 sexa-

2140 4500 2348 4569 gesimo
2403 4501 2630 4570 septimo
2670 4503 2918 4572 psalmo:
2957 4501 3025 4556 Ut
3061 4503 3349 4574 intingatur
3392 4521 3483 4573 pes
3509 4515 3646 4561 tuus
3679 4511 3751 4564 its
3781 4506 3793 4512 ’

2099 4654 2106 4661 _
2139 4592 2392 4663 sanguine
2417 4610 2438 4646 .'
2477 4592 2658 4664 lingua
2689 4609 2876 4648 canunt
2907 4603 3115 4648 tuorum
3150 4611 3215 4649 ea:
3237 4594 3455 4649 inimicis
3481 4596 3544 4649 ab
3581 4598 3746 4667 ipso.
3781 4577 3796 4592 ⁸

2096 4735 2104 4742 .
2139 4681 2209 4737 Ut
2245 4683 2537 4754 intingatur
2562 4723 2577 4750 ,
2615 4683 2824 4754 inquit,
2881 4702 2970 4754 pes
3021 4694 3162 4751 tuus,
3197 4685 3252 4741 id
3278 4694 3378 4750 est,
3433 4686 3611 4743 homo
3645 4706 3752 4746 as-

2138 4781 2383 4842 sumptus
2419 4772 2473 4827 in
2519 4775 2798 4844 sanguine.
2854 4773 2970 4829 Non
3018 4775 3162 4830 enim
3227 4785 3416 4831 natura
3475 4777 3752 4839 celestis

2137 4866 2317 4921 crucis
2363 4864 2532 4921 sensit
2559 4863 2833 4934 iniuriam,
2865 4865 2959 4920 sed
2985 4881 3083 4936 per
3107 4857 3426 4923 conditionis
3460 4866 3752 4928 humanae

2136 4956 2191 5011 in
2219 4955 2478 5024 sanguine
2540 4954 2808 5026 passionis
2855 4955 3114 5012 intinctus
3159 4966 3260 5012 est.
3323 4957 3383 5012 In
3428 4956 3520 5012 illo
3567 4963 3749 5018 enin

2089 5047 2374 5118 .patibulo
2435 5047 2571 5104 nihil
2619 5048 2839 5119 pertulit
2885 5047 3028 5105 Deus
3089 5051 3314 5120 patienti
3377 5065 3557 5112 sensu.
3628 5056 3756 5110 sed

2129 5137 2355 5208 pertulit
2383 5137 2762 5206 compatientis
2803 5136 3014 5194 alI'ectu.
3065 5139 3210 5195 Nihil
3257 5140 3470 5210 pertth
3495 5155 3608 5210 pro
3640 5145 3758 5200 di-

2134 5229 2409 5294 versitate,
2441 5229 2535 5284 sed
2560 5243 2659 5299 pro
2703 5228 2908 5284 unitate
2944 5243 3206 5300 personae.
3248 5229 3391 5284 Nihil
3437 5228 3589 5285 Dens
3623 5247 3760 5303 pro

2134 5315 2449 5371 inﬁrmitate
2497 5331 2693 5387 passus
2719 5324 2822 5382 est,
2849 5317 2942 5373 sed
2977 5331 3075 5387 pro
3122 5317 3426 5389 dignatione
3462 5331 3757 5388 comm

2134 5423 2226 5463 sus
2251 5415 2368 5462 est:
2411 5404 2512 5475 Qui
2541 5407 2635 5462 tibi
2661 5406 2921 5463 esurienti
2953 5407 3259 5463 alimoniam
3290 5407 3596 5478 porrigens,
3624 5425 3758 5480 pe:

2133 5497 2477 5567 Evangelium
2512 5496 2706 5555 clamat
2727 5497 2793 5554 de
2818 5498 2989 5556 coelo:
3038 5495 3250 5554 Esurivi
3268 5508 3318 5554 et
3340 5497 3558 5553 dedistis
3588 5502 3757 5561 mist
