3992 6176
218 268 317 335 973

883 253 1162 323 unum!
1197 261 1300 318 ετ,
1324 260 1383 315 s.
1423 254 1626 314 sum
1663 254 1755 308 AD
1794 250 2194 312 EUPANDUM
2230 250 2444 312 εριετ.
2486 285 2555 298 -
2589 256 2718 312 us.
2759 246 2800 312 ι.

3363 246 3469 315 ON

217 386 555 448 manducare,
594 380 727 435 εὔιὶυό
775 388 823 432 et
869 376 1086 431 dedistis
1130 374 1260 429 mihi
1303 372 1493 427 bibere.
1541 369 1678 438 Quia
1705 384 1796 426 cas
1821 373 1870 432 Α
1897 367 2093 438 ceptio,
2144 382 2266 438 qua:
2323 367 2492 424 Deum
2542 369 2817 424 hominem
2877 367 3043 432 fecit,
3101 379 3156 427 et
3201 371 3506 435 imminent.

221 486 316 550 put
349 491 408 531 se
459 475 516 528 in
547 470 806 527 membris
868 469 982 524 suis
1017 468 1168 536 pasci
1237 473 1400 534 atque
1453 463 1662 550 vestiri,
1696 476 1796 533 pro

219 549 480 639 personae,
517 570 580 616 ut
607 559 860 622 diximus,
914 556 1122 612 unitate
1168 551 1502 625 pronuntiat.
1543 549 1614 608 Ut
1637 551 1771 604 intin

219 667 393 732 μιαν,
457 651 652 721 inquit,
681 665 770 720 pes
793 657 915 702 tuus
950 647 1006 700 in
1046 643 1342 714 sanguine;
1381 639 1565 712 lingua
1606 654 1796 694 conum

219 763 427 809 tuorum
453 764 517 802 ea:
539 744 766 800 inimicis
793 741 858 797 ab
884 742 1016 812 ipso.

288 840 524 899 CXXVI.
564 835 791 906 Quando
816 833 904 889 vel
929 830 1201 904 quomodo
1220 829 1404 900 lingua
1428 839 1625 883 unum
1642 821 1800 878 Chri‘

221 937 289 994 sti
325 934 494 989 tincta
531 937 615 986 est
653 925 938 997 sanguine,
981 923 1122 979 scire
1167 920 1444 977 debemus.
1483 915 1661 972 Canes
1697 913 1799 968 ita-

221 1036 325 1100 que
367 1021 537 1079 .luda:i
593 1027 740 1084 sunt,
783 1016 876 1087 qui
913 1022 1102 1070 contra
1162 1011 1450 1067 veritatem
1485 1004 1800 1076 blaspheme

221 1135 354 1176 voce
393 1115 685 1171 latrabaut:
725 1111 964 1179 Quorum
1001 1109 1184 1180 lingua
1213 1120 1410 1163 canum
1439 1112 1570 1159 tunc
1597 1102 1802 1171 absque

223 1211 386 1267 dubio
413 1206 676 1278 sanguine
699 1204 870 1258 tincta
898 1209 983 1257 est
1008 1198 1323 1264 Salvatoris,
1348 1196 1565 1268 quando
1588 1193 1804 1249 furente

224 1304 278 1358 in
319 1317 380 1356 se
404 1297 619 1354 diabolo
653 1295 1062 1351 clamaverunt:
1105 1291 1335 1362 Sanguis
1375 1290 1492 1362 ejus
1529 1304 1687 1359 super
1708 1301 1830 1340 nos:

225 1401 274 1446 et
299 1404 454 1460 super
499 1384 637 1456 ﬁlios
695 1392 917 1438 nostros.
961 1381 1037 1436 De
1078 1395 1187 1451 quo
1239 1377 1335 1434 Dei
1395 1374 1656 1447 sanguine
1702 1373 1804 1430 sub

226 1487 374 1538 certo
420 1477 516 1532 Dei
562 1473 904 1543 hominisque
955 1470 1283 1533 discrimine,
1332 1467 1389 1523 iu
1439 1465 1804 1537 apostolorum

223 1570 448 1627 Actibus
481 1566 747 1637 legimus:
789 1560 1048 1616 Attendite
1100 1558 1239 1614 vobis
1279 1567 1328 1612 et
1372 1557 1614 1610 universo
1662 1552 1807 1624 gregi

225 1667 408 1723 vestro,
447 1657 504 1711 in
532 1664 636 1726 quo
673 1666 762 1708 vos
809 1646 1040 1722 Spiritus
1065 1655 1285 1707 sanctus,
1330 1643 1501 1716 posuit
1543 1639 1805 1716 apoyolos

1903 459 2091 525 Deum,
2115 468 2172 514 et
2197 474 2262 515 ex
2314 468 2544 529 utroque
2575 474 2744 514 unum
2795 459 3091 516 Christum.
3128 461 3187 516 lu
3234 461 3322 518 his
3350 463 3477 521 duo

1900 543 2002 610 bus
2053 548 2370 604 substantiis
2403 556 2690 604 venturum
2737 549 2806 604 ad
2847 558 3048 606 terram
3092 551 3260 608 Deum
3312 554 3482 611 lenias

1900 638 2160 708 propheta
2180 639 2414 696 eximius
2431 648 2764 710 protestetur
2789 658 2804 697 :
2831 640 3048 709 Βαναία,
3071 644 3206 710 cali,
3236 645 3480 718 desuper.

1899 737 1950 784 et
1990 728 2150 784 nubes
2173 727 2360 799 pluunt
2384 729 2615 798 justum.
2657 729 2734 784 De
2757 730 2976 787 homine
3021 745 3151 788 vero
3193 749 3320 791 mox
3350 737 3480 793 sub.

1899 816 2071 876 didit:
2110 817 2396 889 Aperiatur
2419 828 2582 885 terra,
2621 829 2671 874 et
2695 821 2948 891 germinet
2971 821 3320 880 Salutarem.
3343 825 3483 895 Quia

1901 906 2088 978 utique
2112 906 2167 962 in
2193 907 2379 964 Maria:
2403 908 2633 980 virginis
2658 925 2888 980 corpore
2924 912 3336 974 mundissimam
3372 927 3483 975 tere

1902 1010 2020 1052 ram
2065 997 2276 1054 caelesti
2331 999 2577 1067 gemine
2638 999 2966 1058 fecundavit.
3007 1002 3206 1062 Beatus
3267 1023 3487 1081 quoque

1899 1083 2022 1151 .Ioh,
2048 1087 2141 1156 qui
2167 1103 2276 1143 non
2301 1087 2477 1144 solum
2513 1089 2704 1146 adesse
2755 1093 3102 1162 praesentiam
3160 1096 3486 1171 Redepto‘

1901 1177 1998 1241 ris,
2027 1178 2123 1233 sed
2148 1179 2314 1234 etiam
2339 1181 2611 1250 passionis
2638 1184 3002 1253 pnesignavit,
3033 1186 3109 1243 ita
3146 1189 3280 1245 dicit
3302 1207 3316 1244 :
3341 1190 3487 1246 Rur‘

1900 1284 2019 1322 sum
2048 1270 2418 1326 circumdabor
2443 1271 2576 1343 pelle
2608 1290 2746 1340 mea,
2772 1285 2821 1330 et
2845 1277 2903 1332 in
2924 1294 3082 1334 carne
3131 1298 3249 1337 mea
3301 1285 3484 1340 videbo

1903 1357 2186 1413 Dominum
2213 1360 2336 1431 (Job
2371 1378 2481 1428 nx,
2505 1363 2740 1436 26,27).
2781 1366 2912 1434 Quae
2953 1372 3221 1427 sententia
3256 1373 3489 1446 duplicis

1903 1450 2268 1522 intelligentia:
2320 1453 2440 1509 luce
2493 1455 2790 1526 praefulget,
2846 1457 2899 1513 id
2940 1467 3046 1526 est,
3078 1461 3134 1516 in
3185 1461 3405 1521 Christo
3431 1475 3492 1522 et

1903 1540 2145 1597 Ecclesia
2195 1540 2296 1600 Job
2339 1543 2701 1616 praefiguravit
2751 1547 3051 1606 Ecclesium
3078 1561 3189 1608 :-et
3213 1553 3269 1608 in
3320 1571 3487 1614 carne

1909 1649 2006 1690 sua
2053 1637 2382 1706 repromittit
2421 1653 2724 1710 resurgere,
2765 1650 2823 1698 et
2880 1642 3051 1699 Deum
3103 1646 3378 1705 hominem
3407 1649 3488 1704 fas

228 1715 407 1821 regere,
428 1715 720 1801 Ecciesiam
922 1741 991 1797 Et
1022 1737 1176 1808 cuius
1207 1735 1303 1793 Dei
1333 1715 1805 1791 Ecclesiamlsuh-
1835 1715 1880 1776 Β
1908 1731 2056 1821 Cium
2083 1724 2138 1779 ίιι
2167 1741 2333 1821 ea???
2358 1743 2480 1821 sua;
2506 1744 2611 1798 qua
2649 1730 2764 1801 ipse
2791 1742 2926 1799 erat,
2977 1751 3322 1807 cognoscere.
3347 1741 3486 1810 Quis

228 1854 460 1910 sequens
507 1851 688 1892 sermo
721 1833 1077 1897 demonstrat,
1119 1831 1194 1885 ita
1240 1829 1467 1884 dicens:
1511 1824 1684 1892 Quam
1719 1839 1810 1878 ac-

224 1930 432 2003 quisivit
466 1925 720 1997 sanguine
743 1940 862 1979 suo.
902 1923 1104 1994 Aperte
1164 1921 1271 1984 hic,
1319 1919 1418 1974 sub
1447 1917 1664 1974 nomine
1695 1915 1810 1970 dei-

227 2020 353 2075 tatis
394 2027 450 2074 et
495 2015 772 2087 sanguinis
797 2049 814 2082 ,
874 2013 1116 2070 cmicstia
1157 2021 1213 2067 et
1261 2012 1495 2066 humana
1561 2006 1806 2063 sociavit.

225 2113 365 2168 Ecce
389 2123 584 2180 agnum
634 2106 928 2178 ﬁguraliter
970 2102 1246 2159 Christum
1297 2099 1611 2170 pronuntiat
1664 2097 1811 2152 Scri-

226 2211 382 2273 ptura
413 2212 587 2254 sacra.
628 2197 696 2252 Et
727 2196 781 2251 in
834 2195 1012 2266 capite
1044 2193 1166 2264 agni
1201 2191 1538 2247 divinitatem
1585 2187 1828 2254 Christi,

229 2303 284 2350 et
319 2295 378 2347 in
427 2291 654 2363 pedibus
693 2288 817 2359 agni
845 2286 1239 2342 humanitatem
1285 2280 1484 2338 Christi
1512 2279 1816 2350 intelligere

230 2382 463 2454 Spiritus
491 2388 712 2436 sanctus
761 2375 1161 2448 praeordinavit.
1199 2374 1267 2428 Et
1299 2387 1440 2426 unus
1488 2385 1679 2440 agnus,
1707 2383 1813 2438 qua

229 2472 536 2530 temeritate
596 2469 854 2526 dividitur
879 2467 1036 2522 ate?
1072 2464 1132 2520 Si
1177 2461 1474 2520 secundum
1522 2466 1684 2530 caput
1730 2465 1815 2512 est

229 2565 366 2620 alter
390 2576 582 2633 agnus,
627 2568 684 2616 et
706 2557 998 2615 secundum
1042 2555 1205 2626 pedes
1234 2553 1389 2615 alter,
1438 2549 1708 2620 quomodo
1730 2556 1816 2604 est

231 2672 372 2713 unus
403 2655 601 2725 Agnus,
651 2652 739 2722 qui
783 2647 934 2704 tollat
961 2655 1173 2720 peccata
1215 2642 1399 2699 mundi
1427 2642 1452 2695 ?
1486 2639 1621 2694 Nam
1655 2638 1700 2693 si
1732 2637 1813 2692 di-

231 2749 371 2805 vidis
399 2760 543 2811 eum,
590 2743 704 2814 jam
730 2756 832 2798 nec
872 2741 981 2797 duo
1007 2740 1130 2810 agni
1165 2747 1310 2800 sunt,
1357 2749 1458 2790 nec
1495 2748 1652 2788 unus.
1691 2729 1813 2786 iam

231 2841 288 2896 in
321 2839 426 2893 hoc
490 2850 632 2907 agno
677 2848 784 2889 non
837 2831 1038 2902 poterit
1072 2827 1293 2884 illuderc
1335 2824 1632 2880 Ecclesium
1693 2821 1810 2876 Dei.

231 2929 433 2998 Aperte
497 2927 656 2996 lupus
684 2921 1005 2994 apparuisti,
1070 2921 1196 2990 quia
1237 2933 1408 2988 agnus
1434 2925 1486 2972 te
1514 2914 1820 2985 superavit-

229 3020 417 3091 Agnus
441 3019 544 3072 iste
588 3017 734 3071 vires
763 3023 886 3069 tuas
927 3009 1212 3082 confregit.
1237 3010 1422 3080 Agnus
1445 3008 1546 3063 iste
1570 3007 1808 3079 prmdam

230 3123 394 3183 quam
434 3109 653 3163 tenebas
693 3104 952 3170 excussit,
981 3112 1038 3158 et
1059 3100 1553 3172 argumentationes
1580 3099 1812 3169 philoso-

229 3201 372 3274 phiae
400 3209 504 3255 tua:
545 3196 906 3268 simplicitatis
935 3209 1046 3250 sua:
1079 3193 1385 3250 innocentia
1422 3191 1641 3248 omnino
1668 3189 1812 3247 dele-

232 3292 332 3345 vit.
389 3308 407 3340 ‹
464 3289 571 3344 Ιειε
627 3293 711 3342 εει
737 3285 921 3356 Agnus
974 3283 1369 3348 immaculatus,
1411 3284 1502 3353 qui
1549 3281 1806 3352 quotidie,

231 3389 293 3436 ut
329 3381 516 3435 beatus
549 3379 793 3435 Andreas
820 3377 914 3441 ait,
945 3376 1002 3430 in
1026 3375 1195 3430 altare
1219 3375 1397 3431 crucis
1418 3373 1806 3430 sanetiticatur.

232 3469 398 3540 Cujus
420 3483 614 3525 carnes
640 3475 992 3539 posteaquam
1027 3466 1205 3522 omnis
1226 3463 1453 3535 populus
1474 3463 1810 3519 credentium

233 3560 658 3625 manducaverit,
693 3568 748 3614 et
773 3558 889 3628 ejus
920 3559 1234 3628 sanguinem
1259 3556 1476 3620 biberit,
1503 3568 1690 3623 agnus,
1716 3551 1810 3622 qui

234 3654 573 3710 sacrificatus
597 3659 702 3716 est,
720 3650 929 3718 integer
958 3654 1336 3719 perseveratet
1348 3647 1519 3700 vivus.
1544 3663 1564 3695 ι
1595 3643 1810 3698 Etcum

233 3756 362 3798 vere
384 3739 722 3796 sacriﬁcales
761 3738 852 3803 sit,
879 3745 935 3792 et
958 3751 1086 3791 vere
1123 3750 1316 3790 carnes
1363 3732 1482 3802 ejus
1520 3732 1630 3786 sint
1657 3745 1812 3784 man-

231 3835 451 3890 ducaue
479 3845 510 3883 a
547 3829 764 3900 populo,
795 3837 852 3883 et
893 3842 1022 3883 vere
1045 3826 1264 3896 sanguis
1299 3827 1418 3893 ejus
1457 3824 1529 3878 sit
1562 3823 1808 3886 haustus,

222 3935 436 3987 tanien,
483 3929 546 3974 ut
571 3919 706 3984 dixi,
744 3919 954 3989 integer
973 3925 1180 3980 manet,
1229 3925 1284 3972 et
1327 3914 1722 3977 immaculatus,
1755 3920 1811 3967 et

221 4015 407 4071 vivus.
455 4011 538 4067 Tu
585 4024 734 4077 vero,
781 4025 943 4081 supra
987 4023 1148 4078 quam
1206 4008 1403 4071 fecisti,
1443 4021 1554 4062 non
1601 4005 1814 4062 dividas

222 4107 460 4176 Agnum.

298 4213 555 4272 CXXVII.
598 4213 706 4270 Sed
734 4213 779 4270 si
808 4213 892 4269 vis
932 4213 1111 4269 dicere
1148 4211 1417 4284 quomodo
1451 4211 1688 4282 quotidie
1709 4226 1803 4267 oc-

223 4310 450 4376 ciditur,
484 4317 579 4363 aut
605 4309 872 4378 quomodo
893 4322 1020 4362 caro
1061 4305 1176 4376 ejus
1221 4305 1460 4376 quotidie
1509 4305 1809 4360 comeditur

1831 3055 1887 3122 ϐ

1909 1815 2050 1872 sicut
2078 1832 2208 1874 caro
2255 1817 2356 1875 Job
2395 1820 2578 1877 nullus
2621 1823 2762 1879 alter
2788 1834 2908 1880 erat
2947 1827 3054 1882 nisi
3088 1826 3211 1898 Job,
3260 1832 3334 1888 ita
3361 1849 3490 1892 caro

1909 1909 2004 1966 Dei
2047 1911 2208 1968 Verbi
2236 1911 2417 1969 nullus
2458 1914 2596 1970 alter
2619 1925 2739 1970 erat
2768 1917 2870 1972 nisi
2897 1919 3059 1976 Deus.
3101 1921 3167 1976 In
3193 1941 3352 1980 carae
3371 1940 3491 1982 meo

1908 2003 2089 2058 videbo
2136 2004 2440 2072 Dominum,
2471 2005 2524 2060 id
2567 2017 2672 2071 est,
2707 2009 2758 2062 in
2803 2025 2966 2066 carne
3013 2013 3068 2066 in
3095 2029 3204 2085 qua
3253 2031 3394 2084 sum,
3435 2019 3491 2074 in

1908 2108 1972 2150 ea
2027 2104 2433 2152 resurrecturus
2479 2111 2618 2151 sum.
2665 2099 2779 2154 Hoc
2831 2101 2974 2155 enim
3024 2117 3258 2175 sequens
3309 2121 3493 2163 sermo

1909 2187 2213 2251 conﬁrmat,
2276 2187 2498 2242 dicens:
2543 2186 2710 2253 Quem
2773 2191 2952 2246 videbo
2997 2210 3090 2264 ego
3152 2197 3279 2267 ipse,
3307 2209 3358 2253 et
3387 2211 3492 2256 non

1908 2273 2065 2337 alius,
2097 2285 2145 2328 et
2174 2275 2313 2328 oculi
2341 2277 2443 2330 mei
2477 2281 2803 2348 conspecturi
2837 2291 2980 2335 sunt;
3020 2282 3134 2339 Hoc
3161 2286 3214 2342 in
3242 2302 3338 2343 sua
3365 2300 3485 2359 per:

1911 2376 2040 2417 sona
2071 2364 2139 2418 de
2187 2371 2300 2418 tota
2349 2363 2590 2422 Ecclesia
2640 2368 2797 2436 dixit,
2841 2373 2984 2440 quod
3025 2372 3263 2432 futurum
3317 2380 3500 2435 adhuc

1908 2462 2032 2523 post
2079 2457 2530 2512 resurrectionem
2585 2459 2712 2514 erit.-
2753 2460 2830 2517 De
2882 2462 3102 2520 Christo
3154 2482 3304 2534 vero,
3348 2472 3494 2540 quod

1910 2560 2064 2600 suam
2103 2561 2328 2602 carnem
2377 2548 2431 2603 in
2479 2564 2546 2604 eo
2599 2563 3029 2624 recognosceret,
3079 2566 3134 2612 et
3185 2574 3403 2616 carnem
3441 2573 3494 2619 et

1911 2633 2246 2690 divinitatem
2273 2652 2438 2690 unum
2468 2637 2742 2695 Christum
2770 2642 2940 2698 Deum
2975 2657 3314 2716 agnosceret,
3339 2665 3507 2720 ειιιιεέ⁴

1911 2723 2026 2778 rior
2077 2724 2384 2782 intellectus
2427 2727 2532 2784 hoc
2571 2731 2832 2797 continet,
2888 2737 3033 2803 quod
3072 2738 3128 2792 in
3170 2755 3328 2794 carne
3374 2759 3494 2807 sua,

1911 2813 1967 2869 id
2015 2822 2121 2879 est,
2170 2815 2226 2870 in
2288 2815 2582 2888 fragilitate
2643 2823 2969 2880 conditionis
3027 2842 3163 2895 suae,
3219 2830 3495 2888 hominem

1911 2903 2078 2958 Deum
2118 2905 2343 2962 videret.

1978 2993 2258 3052 CXXVIII.
2300 2997 2450 3056 lianc
2477 3016 2607 3072 ergo
2645 3003 3015 3061 diversitatem
3059 3023 3124 3064 ex
3149 3010 3253 3066 hoc
3281 3027 3498 3084 quoque

1913 3087 2215 3160 intelligere
2250 3101 2496 3164 apertum
2523 3105 2629 3151 est.
2668 3097 2788 3153 Alia
2815 3107 2900 3154 est
2940 3101 3085 3156 enim
3112 3103 3200 3158 illa
3240 3105 3500 3163 nativitas

1911 3181 1996 3235 vel
2057 3192 2271 3250 natura,
2327 3187 2382 3240 in
2439 3202 2570 3257 qua,
2608 3189 2768 3259 juxta
2822 3190 3156 3262 Apostolum,
3206 3196 3378 3265 factus
3432 3213 3498 3252 ea:

1911 3272 2150 3340 muliere,
2187 3275 2372 3345 factus
2432 3279 2528 3332 sub
2575 3279 2726 3350 lege;
2765 3280 2889 3346 alia,
2941 3297 3047 3352 qua
3117 3284 3172 3338 in
3235 3287 3496 3358 principio

1910 3373 2025 3420 erat
2074 3361 2317 3430 Verbum,
2349 3367 2496 3421 Deus
2544 3369 2688 3437 apud
2716 3369 2924 3436 Deum;
2965 3371 3088 3437 alia,
3138 3373 3230 3441 qui
3280 3385 3499 3433 creatus

1911 3461 1978 3504 ex
2023 3449 2192 3506 Maria
2249 3453 2564 3509 humiliatur
2614 3457 2669 3510 in
2718 3458 2914 3524 terris;
2949 3460 3074 3525 alia,
3129 3462 3184 3516 in
3215 3477 3322 3534 qua
3379 3467 3498 3521 sine

1913 3541 2069 3596 initio
2119 3557 2361 3608 manens,
2415 3547 2617 3602 creavit
2673 3548 2868 3603 caelum
2921 3560 2978 3606 et
3025 3562 3246 3620 terram,
3303 3570 3497 3613 secun-

1912 3631 2040 3686 dum
2094 3647 2255 3701 quam
2309 3635 2630 3705 regulariter
2682 3638 2999 3709 intelligitur
3057 3643 3328 3714 Christus,
3373 3665 3497 3720 quin

1911 3723 2094 3778 omnia
2121 3725 2337 3794 quidem
2370 3728 2484 3797 ipse
2518 3738 2604 3784 est
2642 3744 2742 3800 per
2777 3731 3207 3803 similitudinem,
3251 3739 3345 3794 sed
3388 3757 3496 3796 non

1911 3816 2090 3870 omnia
2123 3818 2235 3887 ipse
2263 3828 2347 3874 est
2396 3835 2496 3890 per
2546 3823 2956 3893 proprietatem.
2999 3825 3188 3882 Trahit
3225 3830 3369 3885 enim
3395 3847 3494 3887 no-

1913 3908 2120 3964 minum
2176 3911 2390 3980 species
2433 3913 2501 3968 de
2550 3913 2898 3972 inferioribus
2948 3919 3127 3987 rebus,
3169 3931 3231 3977 ut
3283 3924 3496 3980 facilius

1911 3998 2258 4070 intelligatur.-
2307 4001 2519 4058 Dieitur
2556 4004 2701 4060 enim
2749 4007 2911 4063 modo
2954 4007 3058 4076 leo,
3115 4012 3278 4068 modo
3303 4025 3493 4085 agnus,

1910 4092 2070 4147 modo
2094 4093 2273 4162 panis,
2321 4095 2482 4152 modo
2520 4095 2666 4151 vitis.
2706 4095 2797 4152 Sic
2821 4107 2876 4153 et
2901 4109 3116 4166 caetera,
3149 4103 3204 4158 id
3245 4116 3348 4173 est,
3373 4106 3490 4172 flos,

1909 4184 2015 4248 via,
2069 4185 2290 4249 ostium,-
2345 4195 2520 4256 petra,
2581 4203 2758 4254 mons,
2809 4188 2948 4259 lapis
3006 4192 3302 4264 angularia,
3357 4197 3496 4267 lapis

1909 4272 2239 4340 offensionis,
2301 4275 2734 4342 fundamentum,
2782 4279 2918 4345 ovis,
2964 4282 3125 4347 aries,
3168 4284 3373 4351 haedus,
3413 4290 3493 4343 vi—
3585 4332 3596 4337 -

227 4409 288 4456 et
332 4367 552 4469 sanguis
595 4367 712 4468 eius
744 4400 965 4465 bibitur,
1016 4367 1358 4468 et'quotidie
1401 4397 1533 4452 vivit
1572 4397 1803 4461 occisus,
1835 4399 1888 4461 Β
1913 4367 2076 4469 ¹ξ¹¹¹¹⁸ν
2125 4383 2370 4469 “tam”
2411 4369 2889 4469 Yefﬂii91_aq"i'_':
3099 4375 3280 4469 9mm“
3335 4377 3491 4433 Ch'i‘

226 4502 447 4545 assume
508 4488 736 4544 formam
790 4487 1056 4558 discipuli,
1089 4495 1148 4542 ut
1194 4488 1371 4558 possis
1432 4487 1613 4543 doceri
1665 4487 1807 4556 quod

223 4581 445 4651 qumris.
486 4580 641 4649 Quod
679 4581 725 4636 si
764 4581 868 4636 hoc
919 4580 1157 4646 abusive,
1186 4589 1246 4635 ut
1279 4589 1569 4636 consuetus
1613 4594 1691 4643 es,
1727 4587 1809 4632 tu-

221 4671 378 4736 leris,
428 4681 536 4725 nou
587 4681 803 4741 agnum,
865 4671 958 4726 sed
1000 4671 1341 4742 temetipsum
1391 4669 1605 4725 dividis.
1671 4667 1805 4722 Nam

219 4775 353 4818 eum
381 4762 524 4817 hunc
560 4761 770 4832 Agnum
796 4761 1036 4817 Ecclesia
1062 4763 1117 4816 in
1141 4759 1377 4816 medium
1425 4759 1727 4829 protulerit,
1753 4768 1820 4814 et'

218 4861 284 4908 tu
313 4851 515 4908 dixeris
543 4865 557 4906 :
584 4851 883 4922 Adoptivus
910 4860 992 4907 est
1017 4851 1312 4906 secundum
1339 4851 1502 4920 pedes
1523 4857 1578 4903 et
1604 4864 1807 4918 nequa-

217 4952 393 5012 quam
457 4942 755 4997 secundum
806 4951 984 5012 caput,
1035 4941 1148 5011 jam
1197 4941 1286 4995 hic
1336 4939 1516 4994 illusio
1565 4947 1654 4994 tua
1699 4956 1806 4996 non

217 5030 447 5086 valebit.
490 5030 710 5099 Quare?
746 5031 882 5098 Quia
912 5047 1018 5086 una
1078 5042 1310 5103 persona
1364 5038 1420 5084 et
1452 5041 1592 5084 unus
1624 5028 1808 5101 Agnus

219 5129 337 5175 nun
364 5120 564 5189 poterit
603 5133 671 5176 ex
725 5129 882 5192 parte
936 5132 1057 5176 esse
1111 5119 1363 5190 proprius
1408 5119 1595 5187 Filius,
1641 5128 1697 5175 et
1739 5134 1806 5175 ex

216 5220 384 5282 parte
413 5211 715 5283 adoptivus,
758 5213 811 5268 id
855 5223 957 5276 est,
998 5223 1065 5268 es
1103 5220 1260 5284 parte
1292 5211 1433 5268 illius
1471 5222 1526 5268 et
1563 5226 1628 5268 ex
1653 5225 1807 5284 parte

218 5311 337 5354 non
389 5300 552 5367 illius,
601 5311 656 5359 et
681 5317 747 5358 ex
773 5309 930 5374 parte
966 5301 1108 5358 Deus
1143 5311 1198 5358 et
1224 5317 1290 5358 ex
1318 5312 1473 5373 parte
1511 5318 1615 5358 non
1641 5304 1802 5360 Deus.

217 5392 344 5450 Non
391 5395 620 5464 dividas,
665 5411 771 5451 non
819 5410 1059 5466 rumpas,
1113 5411 1222 5452 non
1271 5397 1505 5453 scindas.
1545 5396 1807 5454 Omnibus

215 5485 435 5556 integer
462 5487 718 5543 abundat.
765 5482 1028 5543 Omnibus
1076 5487 1224 5542 solus
1269 5484 1488 5544 sufficit.
1530 5488 1596 5543 Et
1625 5496 1805 5543 tamen

215 5572 353 5631 licet
415 5577 655 5634 dividere
698 5578 933 5642 coneris,
977 5592 1101 5633 eum
1135 5577 1377 5634 dividere
1429 5593 1536 5634 non
1579 5579 1800 5648 poteris.

216 5663 606 5734 Inseparabilis
648 5670 822 5727 unitio
865 5680 968 5727 est.
1032 5670 1178 5729 Talis
1217 5670 1356 5729 facta
1411 5682 1496 5730 est
1546 5673 1635 5728 illa
1677 5687 1791 5729 sus-

1913 4463 2030 4510 stus
2058 4457 2352 4510 secundum
2382 4457 2788 4513 similitudinem
2817 4459 3194 4531 intelligendus
3235 4473 3339 4530 est,
3381 4481 3490 4522 non

1912 4559 2010 4613 per
2047 4545 2454 4614 proprietatem.
2497 4545 2909 4618 Proprietatem,
2952 4552 2998 4606 si
3047 4567 3261 4622 quaeras
3304 4571 3336 4611 a
3380 4573 3488 4624 me,

1913 4633 2041 4701 quid
2066 4634 2137 4687 sit
2162 4632 2446 4702 Christus;
2486 4636 2630 4692 Deus
2653 4645 2709 4693 et
2735 4639 2898 4696 homo
2939 4651 3044 4708 est,
3084 4661 3189 4701 una
3234 4658 3485 4718 persona.

1912 4725 2048 4792 Quia
2071 4727 2125 4780 in
2159 4727 2414 4799 principio
2439 4739 2550 4784 erat
2599 4728 2840 4798 Verbum,
2879 4743 2927 4788 et
2965 4732 3184 4793 Verbum
3209 4751 3321 4796 erat
3347 4743 3492 4814 apud

1912 4823 2100 4890 Deum,
2131 4835 2180 4880 et
2226 4824 2366 4881 Dens
2410 4839 2522 4882 erat
2584 4827 2825 4886 Verbum.
2881 4833 3020 4890 Ecce
3056 4848 3208 4891 suam
3245 4841 3489 4910 proprie-

1914 4923 2098 4970 tatem.

1983 5022 2219 5080 CXXIX.
2262 5026 2319 5081 Si
2366 5043 2580 5098 quarras
2607 5045 2638 5086 a
2686 5047 2772 5087 me
2811 5031 2877 5088 de
2921 5031 3039 5102 ejus
3095 5027 3486 5106 incarnatione,

1912 5116 2143 5173 dicimus
2198 5133 2350 5173 suam
2404 5121 2808 5190 proprietatem.
2849 5113 3018 5180 Filius
3069 5125 3260 5182 unicus
3311 5138 3395 5184 est
3421 5127 3490 5187 de

1913 5214 2073 5271 Patre
2095 5215 2149 5270 iu
2176 5223 2439 5270 :etcrnum
2489 5213 2558 5270 ab
2601 5217 2802 5268 aeterno
2856 5212 3088 5284 genitus,
3133 5216 3355 5288 :equalis
3400 5214 3490 5292 εί.

1913 5307 2118 5377 gnenti,
2156 5320 2254 5377 per
2305 5321 2463 5376 quem
2532 5300 2675 5360 facta
2721 5313 2846 5361 sunt
2891 5305 3114 5360 omnia:
3156 5323 3279 5363 cum
3328 5305 3491 5372 Patre

1913 5394 2370 5455 incommutabilis
2422 5404 2476 5451 et
2521 5405 2740 5467 accepta
2782 5393 2953 5452 forma
2981 5397 3216 5453 hominis
3242 5414 3347 5455 non
3372 5417 3490 5456 mu-i

1912 5497 2077 5546 talus.
2134 5491 2214 5546 Ex
2259 5488 2629 5544 incarnatione
2699 5487 2837 5544 ﬁlius
2895 5484 3152 5554 homins,
3218 5499 3272 5546 et
3318 5491 3490 5550 Filius

1913 5581 2030 5644 Dei.
2088 5581 2201 5636 Hoc
2228 5589 2402 5636 totum
2431 5580 2575 5650 quod
2609 5579 2739 5643 dini,
2786 5589 2894 5634 non
2921 5578 3236 5645 similitudo,
3267 5583 3366 5639 sed
3401 5598 3492 5641 res

1911 5681 2034 5730 est:
2091 5671 2144 5726 id
2197 5680 2299 5740 est,
2348 5687 2445 5743 per
2499 5671 2882 5744 proprietatem
2919 5669 3170 5731 Christus
3200 5674 3292 5732 Dei
3320 5675 3490 5734 Filius
