3992 6176
400 223 409 235 ·
428 179 532 271 975'

1239 205 1646 271 ELIPANDUS,
1686 200 1910 265 FELIX,
1952 196 2299 254 HETERIUS
2335 197 2422 253 ET
2461 199 2522 253 S.
2563 189 2854 254 BEATUS.

3580 199 3698 258 976

400 332 531 380 est.
568 320 704 378 Nam
730 320 972 391 illa-quae
997 333 1172 390 supra
1226 317 1665 380 memoravimus,
1699 311 2005 370 similitudi—
2033 308 2086 370 Α
2108 305 2338 363 intentio
2359 315 2467 365 εει.
2506 309 2576 364 Ει
2613 323 2778 379 porro
2823 310 2984 379 pauci
3028 309 3352 380 intelligunt,
3396 324 3498 367 nec
3526 311 3700 369 intel-

401 425 527 470 -nes
563 413 765 468 Christi
808 417 954 476 sunt,
984 425 1093 466 non
1123 409 1239 478 ipse
1282 407 1532 464 Christus
1570 415 1674 462 est.
1711 405 1820 460 Per
1855 402 2009 460 simi-

426 503 706 559 litudinem
739 500 993 556 Christus
1013 499 1188 555 multa
1235 506 1321 554 est
1349 513 1468 568 quae
1498 511 1600 566 per
1623 495 2004 568 proprietatem

429 599 692 648 non
757 589 816 644 Si
871 598 1052 644 autem
1091 587 1454 658 proprietates
1506 585 1769 641 discutias
1823 597 2003 639 rerum

424 696 562 752 quas
588 680 774 734 videre
801 677 1150 743 consuevisti,
1181 691 1283 731 nec
1329 675 1414 730 leo
1457 681 1546 730 εει
1583 673 1846 735 Christus,
1877 671 2004 740 quia

425 771 540 826 tera
565 777 806 826 nonest.
845 767 956 824 Nec
1001 781 1178 837 agnus
1228 773 1333 831 est,
1382 765 1508 834 quia
1551 779 1717 834 pecus
1759 779 1876 819 non
1895 769 2014 818 est.

425 859 537 916 Nec
558 859 746 929 panis,
793 856 922 928 quia
947 856 1015 911 de
1041 856 1209 910 herba
1236 861 1395 909 natus
1435 868 1544 909 non
1575 860 1677 908 est.
1717 850 1828 908 Nec
1850 852 1998 918 vitis,

423 951 553 1021 quia
593 951 756 1006 arbor
807 963 916 1004 non
941 955 1044 1003 est.
1103 945 1213 1002 Nec
1260 945 1377 1012 ﬂos,
1425 945 1552 1016 quia
1598 959 1784 1000 semen
1820 943 2003 998 herbae

419 1054 534 1093 non
572 1045 676 1093 est.
727 1035 838 1092 Nec
886 1035 995 1101 via,
1043 1035 1173 1104 quia
1223 1033 1478 1089 animalia
1533 1033 1691 1087 bruta
1734 1045 1832 1101 per
1877 1044 2002 1084 eum

421 1143 534 1182 non
583 1125 882 1182 ambulant.
920 1123 1032 1180 Nec
1076 1124 1300 1190 ostium,
1349 1123 1476 1193 quia
1521 1137 1628 1179 non
1677 1136 1803 1177 eum
1851 1119 2005 1176 faber

425 1217 574 1273 fecit.
614 1217 725 1272 Nec
751 1230 908 1271 mons
933 1222 1038 1280 est,
1067 1215 1198 1285 quia
1240 1213 1389 1285 sylva
1420 1228 1528 1268 non
1555 1221 1657 1268 εει.
1694 1211 1804 1266 Νεε
1846 1219 2001 1280 petra

425 1315 532 1373 est,
563 1307 690 1378 quia
740 1308 910 1362 durus
936 1315 991 1361 et
1037 1305 1154 1361 sine
1197 1317 1358 1359 sensu
1409 1317 1518 1359 non
1564 1309 1667 1358 est.
1704 1300 1819 1359 Nec
1868 1300 2005 1371 lapis

423 1398 701 1471 angularia
743 1404 847 1461 est,
895 1396 1021 1466 quia
1054 1410 1162 1450 non
1188 1395 1258 1450 ab
1301 1393 1628 1450 instructore
1672 1391 2004 1462 compositus

419 1501 526 1549 est.
568 1490 680 1545 Nec
713 1489 854 1559 lapis
901 1485 1216 1543 oii'ensionis
1238 1493 1340 1550 est,
1386 1484 1512 1555 quia
1542 1499 1652 1540 non
1678 1481 2005 1538 viamoccu-

419 1585 592 1655 pavit.
637 1581 749 1639 Nec
792 1581 911 1638 ovis
949 1586 1054 1646 est,
1109 1593 1210 1634 nec
1237 1577 1400 1644 aries,
1438 1577 1565 1648 quia
1595 1590 1761 1646 pecus
1807 1589 2005 1631 comu-

2107 396 2274 468 ligent
2317 414 2506 455 omnes
2549 401 2723 471 impii.
2779 401 2951 464 Porro
2995 401 3143 458 docti
3189 401 3506 472 intelligent,
3555 406 3700 474 quia

2105 489 2318 546 clausus
2361 491 2500 547 liber
2527 500 2630 555 εει,
2662 502 2719 547 ει
2745 494 3011 562 signatus,
3056 502 3113 550 et
3162 494 3399 564 publice,
3429 505 3486 550 et
3512 497 3700 555 mani.

2104 580 2250 638 feste-
2308 591 2551 652 apertus.
2607 583 2678 637 Et
2701 584 2808 640 nisi
2861 600 2921 640 se
2965 585 3083 654 ipse
3129 587 3462 655 exposuerit,
3507 589 3703 644 nullus

2102 686 2228 726 eum
2297 673 2498 741 poterit
2547 673 2844 744 intelligere
2931 673 3264 730 incredulus.
3334 675 3706 736 Credentihns

2103 763 2247 818 enim
2279 764 2538 834 aperitur,
2585 773 2641 820 et
2678 780 2784 820 non
2813 765 3163 834 credentibus
3211 767 3503 826 clauditur.
3547 769 3706 825 Hinc

2101 867 2201 922 per
2239 852 2515 908 Danielem
2568 853 2803 908 dicitur:
2841 853 3042 908 Claude
3088 871 3399 922 sermonem,
3449 865 3498 912 et
3533 859 3706 927 signa

2102 942 2314 997 librum.
2351 943 2456 1000 Per
2481 942 2760 1000 Joannem.
2795 960 3010 1015 quoque
3037 946 3092 1002 in
3120 945 3464 1018 Apocalypsi,
3494 948 3550 1002 in
3576 950 3710 1018 pri»

2102 1049 2190 1090 ma
2239 1043 2396 1105 parte
2422 1035 2546 1090 libri
2577 1035 2816 1092 dicitur:
2857 1036 3025 1107 Signa
3071 1053 3188 1107 qua
3233 1037 3411 1092 locuta
3457 1051 3578 1093 sunt
3599 1059 3686 1096 se-

2100 1135 2237 1196 ptem
2259 1127 2514 1192 tonitrua,
2562 1136 2611 1188 et
2643 1144 2707 1182 ne
2730 1144 2791 1182 ea
2824 1129 3115 1199 scripseris.
3154 1129 3213 1184 in
3265 1129 3372 1185 ﬁne
3401 1145 3530 1186 vero
3562 1132 3708 1188 libri

2101 1217 2218 1272 ait:
2259 1217 2342 1272 Ne
2364 1218 2654 1288 signaveris
2687 1218 2840 1274 verba
2865 1219 3148 1290 prophetia:
3177 1219 3298 1275 libri
3320 1221 3502 1291 hujus.
3547 1223 3710 1290 Quid

2103 1307 2208 1362 hoc
2229 1314 2336 1372 est,
2366 1306 2472 1372 nisi
2518 1307 2664 1376 quod
2708 1307 3177 1378 appropinquante
3231 1311 3418 1366 mundi
3465 1311 3709 1370 ﬁnesu-

2101 1411 2269 1467 perna
2321 1397 2840 1468 scientiaaperitur,
2868 1406 2925 1454 et
2973 1399 3208 1468 proﬁcit,
3235 1406 3290 1454 et
3339 1400 3504 1456 latius
3558 1418 3707 1460 cum

2104 1503 2332 1558 corpore
2350 1487 2619 1543 excrescit
2638 1489 2661 1544 ?
3389 1556 3394 1559 _

2171 1580 2408 1638 CXXXI.
2447 1579 2586 1635 Hinc
2622 1595 2857 1650 namque
2873 1594 2972 1650 per
2989 1579 3270 1640 Danielem
3295 1580 3518 1636 dicitur:
3553 1580 3712 1636 Per-

425 1646 537 1734 ium
568 1693 675 1734 non
703 1685 805 1731 est.
845 1673 955 1729 Nec
981 1671 1165 1728 haedus
1191 1680 1296 1736 est,
1326 1646 1732 1740 quiaidecapra
1769 1683 1876 1723 non
1898 1673 1999 1722 est.

2110 1673 2398 1727 transibam
2423 1671 2657 1744 plurimi,
2698 1683 2746 1728 et
2767 1646 3181 1745 multiplarerit
3208 1675 3438 1732 scicntia.
3472 1674 3594 1730 1am
3622 1686 3706 1733 et

424 1769 537 1824 Nec
560 1766 783 1832 vitulus,
840 1763 964 1833 quia
1005 1762 1071 1816 de
1101 1775 1265 1814 vacca
1301 1775 1410 1815 non
1456 1766 1559 1813 est.
1607 1757 1718 1812 Nec
1761 1770 2000 1826 serpens,

425 1873 525 1914 nec
567 1856 766 1912 vermis
791 1861 894 1918 εει,
922 1851 1048 1922 quia
1077 1849 1269 1918 reptile
1293 1864 1401 1903 non
1429 1855 1534 1903 εει.
1571 1847 1684 1902 Νεε
1704 1845 1880 1916 aquila
1899 1851 2000 1910 est,

425 1948 552 2018 quia
577 1944 792 2001 volatile
848 1957 956 1998 non
983 1949 1087 1996 est.
1130 1939 1338 1994 Dicitur
1378 1945 1436 1992 et
1458 1945 1654 2006 pastor
1686 1949 1786 2007 per
1818 1935 2007 1990 simili-

426 2038 668 2093 tudinem
697 2043 754 2092 et
773 2034 947 2098 liber;
981 2031 1074 2087 sed
1103 2037 1289 2100 pastor
1341 2043 1450 2084 non
1503 2035 1612 2093 est,
1668 2026 1795 2096 quia
1822 2034 2006 2082 custos

424 2127 604 2181 ovium
654 2122 1058 2194 quadrupedum
1096 2136 1206 2176 non
1250 2127 1354 2175 εει.
1395 2118 1506 2173 Νεε
1555 2117 1691 2173 liber
1732 2124 1833 2182 est,
1878 2115 2005 2186 quia

425 2231 530 2272 non
583 2229 651 2270 ex
679 2213 911 2283 pellibus
938 2211 1120 2267 ovium
1151 2212 1220 2266 ab
1251 2210 1516 2279 scriptore
1541 2207 1874 2278 compositus
1899 2214 2002 2262 est.

425 2310 514 2366 Sic
542 2318 598 2364 et
621 2317 814 2364 caetera
847 2305 1153 2376 bujusmodi
1182 2305 1400 2371 similia,
1424 2319 1545 2374 quae
1571 2319 1669 2374 per
1706 2303 1809 2359 ista
1835 2317 2004 2373 parva

425 2403 658 2474 prudens
721 2399 890 2454 lector
951 2397 1250 2466 intelligere
1302 2403 1510 2465 quaerat
1557 2392 1778 2466 [Forte,
1819 2392 2002 2464 queat]

425 2495 551 2564 quid
577 2494 649 2547 sit
691 2491 938 2546 Christus
964 2503 1062 2559 per
1087 2487 1491 2558 proprietatem,
1523 2493 1619 2541 aut
1649 2485 1778 2554 quid
1805 2483 2022 2538 intelli-

425 2595 580 2657 gatur
607 2600 703 2653 per
735 2582 1160 2638 similitudinem.

2108 1765 2248 1821 sicut
2271 1781 2434 1836 supra
2459 1767 2713 1832 diximus,
2757 1765 2951 1823 Joanni
2979 1768 3032 1822 in
3060 1769 3278 1839 propria
3328 1779 3476 1840 parte
3521 1785 3702 1826 reve-

2106 1855 2322 1912 lationis
2342 1857 2564 1927 angelus
2583 1857 2714 1912 dicit
2740 1873 2754 1911 :
2792 1856 2976 1928 Signa,
3008 1874 3125 1928 qua:
3149 1858 3325 1913 locuta
3348 1867 3465 1914 sunt
3489 1871 3704 1930 septem

2105 1947 2356 2000 tonitrua.
2379 1946 2475 2002 Cui
2500 1956 2678 2002 tamen
2691 1947 3037 2003 revelationis
3052 1946 3293 2017 ejusdem
3309 1947 3417 2004 ﬁne
3438 1950 3703 2018 praecipit

2106 2035 2329 2090 dicens:
2370 2035 2454 2089 Ne
2479 2036 2764 2104 signaveris
2819 2035 2972 2090 uerba
3011 2037 3294 2106 prophetia:
3341 2036 3462 2092 libri
3497 2038 3697 2107 hujus.

2105 2125 2245 2182 Ecce
2268 2125 2482 2190 librum,
2528 2134 2584 2180 et
2610 2126 2900 2196 signatum,
2933 2134 2988 2181 et
3007 2126 3252 2182 clausum
3280 2135 3337 2183 et
3357 2129 3693 2194 revelatum,

2105 2215 2447 2270 manifestum
2487 2223 2650 2284 atque
2677 2224 2942 2285 apertum,
2968 2225 3023 2272 et
3053 2232 3162 2272 non
3211 2217 3498 2288 signatum.
3549 2218 3702 2278 Pars

2105 2306 2302 2375 quippe
2326 2306 2670 2361 revelationis
2707 2307 2762 2361 in
2799 2307 2977 2376 capite
3028 2308 3150 2363 libri
3200 2309 3402 2378 signari
3437 2312 3724 2382 principia

2107 2402 2212 2458 tur,
2257 2394 2380 2449 ﬁnis
2410 2410 2538 2451 vero
2565 2395 2688 2450 libri
2733 2396 2935 2466 signari
2981 2397 3320 2467 prohibetur.
3360 2398 3494 2466 Quia
3525 2401 3704 2470 quid-

2105 2485 2234 2554 quid
2278 2486 2334 2540 in
2357 2494 2559 2542 sanctae
2581 2486 2841 2542 Ecclesiae
2888 2489 3274 2558 praedicatione
3299 2491 3351 2545 in
3381 2491 3704 2561 primordio

2106 2575 2280 2640 latuit,
2326 2574 2449 2630 ﬁnis
2477 2576 2717 2645 quotidie
2760 2578 3014 2633 ostendit.
3061 2577 3197 2645 Quia
3237 2580 3376 2635 sicut
3423 2580 3724 2638 uniuscu-

495 2675 707 2730 CXXX.
747 2673 882 2727 Nam
923 2673 1006 2726 leo
1071 2671 1270 2726 dicitur
1315 2685 1415 2741 pro
1479 2685 1646 2740 regno
1689 2676 1744 2724 et
1793 2666 2010 2722 fortitu-
2096 2667 2294 2738 jusque
2353 2669 2588 2724 hominis
2615 2670 2684 2725 ab
2733 2667 2959 2724 infantia
3026 2685 3197 2740 usque
3227 2672 3294 2727 ad
3347 2680 3724 2728 senectutem-

426 2768 568 2823 dine.
614 2765 800 2834 Agnus
854 2771 1079 2834 propter
1119 2761 1502 2827 innocentiam,
1533 2761 1658 2829 quia
1695 2765 2009 2814 mansuetus
2105 2768 2238 2814 aetas
2259 2759 2600 2814 describitur.
2633 2759 2864 2816 Parvula
2910 2762 3106 2832 quippe
3145 2770 3271 2819 tunc
3320 2771 3456 2829 erat,
3484 2779 3613 2821 cum
3661 2782 3704 2821 ει

427 2857 589 2913 venit.
629 2855 837 2910 Dicitur
866 2854 1008 2908 enim
1039 2852 1213 2921 panis,
1242 2851 1366 2920 quia
1399 2865 1526 2904 caro
1555 2856 1657 2903 est.
1701 2847 1856 2912 Vitis,
1881 2847 2007 2916 quia
2107 2849 2390 2904 nativitate
2419 2864 2608 2904 recens
2635 2851 2858 2906 verbum
2892 2850 3029 2907 vitae
3070 2853 3371 2922 praedicare
3393 2869 3497 2907 non
3527 2863 3722 2924 potea

428 2947 683 3018 sanguine
714 2944 882 3014 ipsius
922 2941 1186 3010 redempti
1225 2927 1430 2995 sumus.
1471 2937 1612 3002 Flos,
1649 2937 1774 3006 quia
1803 2936 2006 2991 electus
2034 2974 2080 3040 Ο
2110 2948 2212 2992 rat.
2254 2939 2391 2994 illnc
2438 2941 2582 2994 enim
2611 2940 2676 2994 de
2703 2940 2791 2994 illa
2839 2940 3072 2998 dicitur:
3118 2942 3284 2998 Soror
3337 2953 3510 2998 nostra
3558 2962 3708 3014 par-

427 3049 530 3094 est.
573 3038 691 3101 Via,
720 3035 847 3105 quia
875 3047 973 3104 per
1019 3031 1194 3102 ipsum
1245 3031 1316 3084 ad
1353 3030 1522 3083 Deum
1577 3028 1734 3082 imus.
1774 3025 2000 3090 Ostium,

429 3130 553 3199 quia
598 3142 695 3197 per
749 3126 926 3194 ipsum
966 3121 1033 3175 ad
1061 3120 1229 3174 Deum
1269 3117 1619 3188 ingredimur.
1677 3115 1850 3180 Mons,
1879 3114 2012 3183 quia

429 3218 604 3274 fortis.
645 3215 822 3280 Petra,
875 3211 999 3280 quia
1044 3209 1271 3264 ﬁrmitas
1321 3215 1406 3262 est
1451 3205 1805 3261 credentium.
1845 3204 2007 3273 Lapis

429 3308 721 3379 angularis,
751 3305 855 3360 vel,
889 3302 1016 3374 quia
1053 3301 1189 3356 duos
1223 3298 1458 3370 parietes
1494 3309 1518 3336 ο
1558 3296 1801 3359 ediocise,
1830 3295 1883 3350 id
1901 3302 2018 3360 est,

430 3399 709 3454 ludaicum
737 3393 990 3466 populum
1017 3399 1074 3447 et
1101 3389 1357 3461 gentilem
1403 3387 1472 3441 ad
1523 3385 1685 3440 ﬁdem
1733 3385 2021 3440 venientes:

430 3490 484 3542 in
507 3502 668 3543 unam
696 3484 957 3540 fabricam
1000 3479 1256 3536 Ecclesia:
1274 3476 1491 3547 jungit;
1537 3475 1619 3560 vel
1647 3474 1790 3545 quod
1817 3489 2018 3543 pacem.

430 3580 570 3634 inse
597 3575 803 3647 angelis
843 3582 900 3629 et
942 3570 1252 3629 hominibus
1307 3566 1454 3624 facit.
1494 3565 1656 3636 Lapis
1697 3563 2010 3620 oll‘ensionis

429 3671 649 3734 dicitur,
698 3667 824 3738 quia
872 3664 1092 3720 veniens
1134 3659 1356 3717 humilis
1409 3657 1750 3713 oﬁ'enderunt
1799 3655 1855 3709 in
1883 3669 2021 3709 eum.

431 3762 619 3824 Judaei,
650 3759 735 3814 vel
789 3755 1050 3812 increduli
1086 3753 1354 3816 homines,
1411 3759 1467 3805 et
1512 3749 1686 3805 factus
1735 3756 1818 3822 est
1862 3757 2021 3818 petra.

431 3845 690 3910 scandali,
749 3845 891 3900 sicut
952 3842 1084 3896 dicit
1151 3839 1478 3910 Apostolus:
1537 3838 1742 3912 Judwis
1801 3836 2012 3908 quidem

431 3935 762 3999 scandalum,
803 3932 1231 3987 Fundamentum
1257 3938 1438 3984 autem
1466 3928 1588 3982 ideo
1616 3933 1860 3991 vocatur,
1883 3927 2020 3995 quia,

433 4001 566 4092 ﬁdes
594 4009 650 4077 in
699 4017 1103 4090 eollrmissima
1144 4023 1246 4083 est,
1276 4015 1361 4071 vel
1387 4016 1513 4084 quia
1557 4030 1654 4085 per
1681 4030 1804 4069 eum
1828 4013 2011 4069 Eccle-

432 4115 514 4170 sia
563 4111 828 4169 catholica
891 4107 1186 4174 constituta
1239 4113 1344 4161 est.
1383 4102 1533 4170 Ovis,
1563 4113 1782 4173 propter
1799 4103 2003 4172 patien-

433 4193 585 4264 tiam.
637 4205 812 4268 Aries,
865 4207 1088 4272 propter
1125 4198 1506 4269 principatum.
1549 4197 1764 4261 Haedus,
1791 4204 2012 4266 propter

2112 3026 2231 3083 uula
2259 3037 2354 3094 est,
2382 3039 2428 3083 et
2457 3029 2616 3083 ubera
2646 3046 2748 3083 non
2794 3030 2967 3095 habet,
3019 3031 3147 3100 quia
3196 3032 3447 3088 nimirum
3476 3043 3726 3090 sanctae.

2109 3117 2361 3174 Ecclesiae
2395 3118 2709 3188 priusquam
2747 3119 3036 3189 proliceret
3088 3135 3184 3190 per
3208 3122 3538 3176 incrementa
3569 3123 3720 3184 virs

2109 3207 2258 3272 tutis,
2313 3207 2540 3263 inﬁrmis
2584 3210 2886 3278 quibusque
2929 3211 3267 3266 auditoribus
3316 3212 3545 3282 praeberi
3571 3230 3710 3271 non

2107 3305 2330 3364 potuere
2359 3297 2524 3352 ubera
2576 3298 2998 3366 praedicationis.
3036 3300 3232 3355 Adulta
3259 3316 3388 3356 vero
3437 3301 3708 3359 Ecclesia

2107 3391 2324 3455 dicitur,
2372 3391 2590 3459 quando
2637 3391 2732 3446 Dei
2785 3392 2974 3447 Verbo.
2997 3392 3270 3462 copulata,
3309 3393 3510 3463 repleta
3555 3410 3705 3450 san-

2109 3490 2196 3536 cto
2250 3480 2473 3550 Spiritu,
2534 3481 2933 3550 pradicationis
2977 3484 3296 3554 mysterium
3342 3484 3396 3538 in
3445 3483 3706 3541 ﬁliorum

2109 3570 2458 3639 conceptione
2504 3569 2725 3636 letatur,
2773 3571 2903 3640 quia
2949 3585 3086 3640 quos
3123 3571 3453 3631 exhortando
3501 3575 3708 3629 conci-

2108 3662 2187 3730 pit
2237 3661 2290 3716 in
2321 3662 2683 3718 convertendo
2719 3663 2880 3732 parit.
2922 3663 2998 3718 De
3021 3663 3124 3720 bac
3149 3661 3268 3732 ejus
3307 3672 3460 3719 aetate
3499 3665 3710 3722 Domi-

2110 3771 2180 3812 no
2217 3754 2416 3810 dicitur
2449 3772 2463 3807 :
2505 3754 2918 3811 Adolescentula:
2965 3755 3262 3814 dilexerunt
3303 3767 3370 3812 te.
3407 3757 3719 3818 Universae.

2109 3846 2306 3915 quippe
2361 3845 2632 3911 Ecclesiae,
2683 3861 2803 3916 qua:
2862 3863 3027 3903 unam
3087 3833 3405 3908 catholicam
3449 3842 3706 3917 faciunt,

2111 3936 2520 3992 adolescentulie
2568 3945 2847 3993 vocantur.
2887 3937 3007 4012 Non
3049 3937 3165 4014 jam
3208 3947 3431 4001 vetusta:
3457 3955 3556 4009 per
3573 3943 3712 3997 cul-

2110 4041 2254 4096 pam,
2282 4029 2380 4082 sed
2417 4027 2642 4082 novellae
2669 4042 2768 4097 per
2815 4028 3066 4098 gratiam.
3107 4028 3226 4084 Non
3255 4031 3404 4084 senio
3445 4031 3704 4098 steriles,

2111 4119 2207 4174 sed
2248 4127 2405 4175 aetate
2433 4120 2629 4176 mentis
2653 4121 2722 4176 ad
2750 4120 3088 4190 spiritualem
3140 4136 3390 4192 congruae
3438 4120 3708 4178 fecundi-

2112 4220 2299 4266 tatem.
2377 4212 2529 4267 Tunc
2570 4228 2697 4284 ergo
2761 4228 2883 4268 cum
2945 4212 3002 4267 in
3049 4212 3239 4268 diebus
3281 4213 3385 4268 illis
3438 4212 3710 4273 Ecclesia

431 4295 835 4354 similitudinem
878 4289 1059 4346 carnis
1106 4288 1332 4379 peccati.
1376 4286 1606 4352 Vitulus,
1651 4300 1750 4355 pro
1775 4300 1843 4340 eo
1867 4285 2014 4355 quod
2037 4301 2268 4379 θεωρεῖ
2297 4301 2530 4370 quodam
2576 4305 2727 4357 δεηίο
2755 4301 3052 4366 debilitata,
3104 4318 3203 4372 per
3249 4302 3708 4372 praedicationem

433 4405 532 4459 pro
585 4385 742 4442 nobis
789 4392 874 4440 est
922 4379 1248 4450 ίωωοιειιυεο
1289 4378 1542 4448 Serpens.
1597 4392 1697 4448 pro
1751 4384 1925 4432 morte
1956 4386 2014 4432 οι
2049 4378 2070 4379 ίί
2115 4392 2258 4448 ﬁlios
2314 4407 2506 4464 parere
2549 4407 2657 4447 non
2718 4392 2856 4459 vult,
2923 4392 3289 4448 reminiscitur
3338 4391 3728 4462 fecunditatis,

434 4478 718 4548 sapientia.
771 4472 1000 4536 Vermis,
1053 4471 1181 4542 quia
1243 4470 1560 4526 resurrexit.
1624 4468 1838 4538 Aquila,
1879 4468 2008 4538 quia

433 4576 556 4639 post
597 4563 1052 4621 resurrectionem
1115 4561 1187 4630 ad
1223 4569 1369 4616 astra
1435 4560 1715 4616 remeavit.
1795 4559 2006 4626 Pastor,

433 4659 560 4732 quia
611 4643 796 4712 custos
859 4653 1162 4710 hominum.
1217 4651 1398 4716 Liber,
1442 4652 1569 4720 quia
1645 4652 1700 4706 in
1754 4666 1820 4707 eo
1882 4659 2010 4707 sunt

433 4766 610 4806 omnes
647 4746 879 4802 thesauri
934 4744 1205 4818 sapientia:
1241 4753 1288 4796 et
1326 4743 1554 4796 scientiae
1596 4743 1904 4798 absconditi.
1955 4743 2012 4799 In

434 4837 698 4910 sapientia
753 4835 1069 4904 intelligitur
1111 4833 1289 4888 omnis
1315 4832 1579 4901 plenitudo
1623 4834 1930 4898 divinitatis,
1959 4835 2014 4889 id

431 4942 532 4996 est,
588 4945 685 4986 sua
715 4937 770 4984 et
821 4927 996 4984 Patris
1045 4933 1102 4981 et
1161 4923 1397 4995 Spiritus
1455 4925 1646 4979 sancti.
1688 4924 1743 4978 In
1789 4925 2015 4982 scientia

435 5023 753 5094 intelligitur
816 5018 996 5076 omnis
1034 5016 1312 5086 plenitudo
1377 5017 1728 5073 humanitatis
1794 5028 2012 5086 nostrm,

435 5130 598 5184 quam
627 5114 741 5183 ipse
790 5110 937 5167 solus
961 5107 1131 5164 Filius
1178 5108 1414 5177 suscepit
1446 5123 1512 5162 ex
1550 5108 1788 5180 Virgine,
1817 5110 1871 5163 in
1907 5097 2018 5181 quo.

435 5205 635 5261 habitat
671 5203 836 5258 omnis
861 5201 1125 5272 plenitudo
1178 5199 1462 5254 divinitatis
1485 5199 1844 5270 corporaliter.
1875 5200 2011 5255 Nam

436 5315 558 5353 cum
601 5294 841 5368 plerique
895 5278 1079 5363 legunt
1130 5290 1272 5347 hunc
1321 5292 1537 5356 librum,
1575 5300 1630 5347 et
1679 5288 1865 5348 omnes
1917 5310 2012 5348 au-

438 5390 616 5454 diunt,
662 5386 815 5440 multi
861 5385 1032 5438 multa
1083 5382 1148 5437 de
1171 5397 1237 5438 eo
1278 5382 1636 5452 suspicantur,
1695 5391 1750 5438 et
1796 5383 2009 5439 diversa

2113 4486 2368 4555 antiquae,
2421 4486 2604 4542 dicens
2658 4485 2806 4540 illum
2868 4483 2970 4542 Job
3012 4485 3376 4541 versiculum:
3416 4483 3564 4540 Sicut
3615 4488 3714 4555 fui

2111 4578 2168 4632 in
2200 4577 2381 4632 diebus
2427 4575 2789 4631 adolescentia:
2831 4591 2978 4640 mete,
3031 4575 3243 4648 quando
3301 4583 3492 4629 secreto
3541 4571 3714 4630 Deus

2110 4677 2222 4720 erat
2267 4667 2323 4720 in
2352 4665 2689 4722 tabernaculo
2722 4681 2858 4720 meo.
2897 4664 3291 4736 Quamvispost
3323 4663 3538 4719 eosdem
3566 4665 3715 4721 dies

2110 4759 2307 4827 quibus
2335 4755 2672 4825 deprimitur,
2721 4753 2832 4824 jam
2876 4763 3056 4831 tamen
3102 4756 3246 4810 circa
3292 4754 3464 4824 ipsum
3518 4753 3709 4809 linem

2112 4855 2414 4916 temporum
2455 4846 2642 4916 grandi
2692 4845 3088 4914 praedicationis
3129 4843 3327 4897 virtute
3375 4844 3725 4922 roboratur._

2112 4937 2248 4992 Nam
2276 4937 2540 5007 susceptis
2564 4935 2632 4990 ad
2656 4935 2872 5005 plenum
2909 4933 3178 5006 gentibus,
3207 4947 3422 4988 omnem
3472 4931 3724 5002 lsraeii—g

2116 5031 2278 5085 ticum
2325 5028 2582 5098 populum
2623 5027 2714 5096 qui
2769 5038 2894 5080 tunc
2939 5026 3187 5080 inventus
3241 5023 3422 5090 fuerit,
3469 5012 3522 5077 in
3561 5024 3710 5082 ﬁdei

2113 5123 2290 5176 sinum
2321 5120 2502 5174 trahit.
2543 5118 2814 5186 Scriptum
2839 5116 3038 5185 quippe
3064 5124 3179 5170 est:
3215 5114 3389 5169 Donec
3414 5113 3726 5185 plenitudi,

2113 5213 2339 5282 gentium
2370 5212 2630 5265 intraret:
2668 5221 2716 5264 et
2772 5210 2846 5265 sic
2888 5211 3056 5266 omnis
3103 5208 3274 5265 Israel
3315 5208 3489 5265 salvus
3534 5208 3709 5278 ﬁeret

2113 5300 2292 5364 (Rom.
2335 5316 2409 5363 ιι,
2439 5299 2527 5364 25,
2564 5299 2675 5370 26).

2184 5387 2440 5445 CXXXII.
2474 5387 2580 5443 Sed
2609 5396 2732 5443 ante
2756 5388 2845 5442 illa
2873 5394 3111 5460 tempora
3141 5398 3303 5444 erunt
3336 5388 3450 5444 dies
3481 5387 3537 5443 in
3567 5391 3712 5462 qui-

451 5558 459 5566 .
509 5530 549 5598 sp
574 5518 797 5598 videtur
823 5531 866 5598 ε.
890 5516 1100 5598 item»,
1130 5518 1272 5585 quod
1321 5524 1407 5572 est
1470 5516 1799 5588 administro,
1863 5539 2002 5595 rego,
2042 5527 2247 5590 ordino,
2313 5525 2552 5595 dispono,
2583 5523 2854 5581 derivasse
2909 5523 3168 5598 istam“,
3206 5535 3261 5582 et
3298 5525 3506 5582 Latinis
3561 5529 3716 5584 cha-

444 5587 759 5663 racteribus,
784 5585 1026 5660 ediocise.
