3992 6176
266 376 372 436 977

927 375 1204 434 HETERII
1242 375 1332 431 ET
1372 374 1432 430 S.
1471 369 1677 428 BEATI
1713 372 1804 426 AD
1839 357 2238 427 ELIPANDUM
2275 365 2492 421 EPIST.
2534 355 2602 402 ἑ·
2639 360 2768 416 LIB.
2809 359 2849 413 I.

3418 358 3520 412 978

263 489 369 546 bus
396 489 466 545 ab
490 489 819 546 adversariis
843 491 1117 561 paululum
1163 489 1373 543 videtur
1414 501 1689 556 oppressa,
1720 500 1841 540 cum
1870 488 1921 546 Δ
1946 483 2242 537 netralibus
2272 480 2670 541 luereticorum,
2697 476 2790 530 sed
2816 473 2958 543 quod
2985 474 3051 527 ab
3086 470 3310 528 Oriente
3347 483 3522 541 usque

264 591 322 636 et
354 581 472 636 dies
509 581 885 637 adolescentia:
909 580 1293 645 reminiscitur,
1331 579 1552 633 dicens:
1595 577 1743 632 Sicut
1769 576 1847 646 fui

264 667 321 723 in
344 668 526 724 diebus
545 668 905 724 adolescentia!
933 685 1080 733 mete,
1109 667 1318 739 quando
1344 677 1540 722 secreto
1568 666 1707 720 Deus
1735 675 1848 720 erat

266 761 322 814 in
337 759 679 828 tabernaculo
692 776 824 814 meo.
841 759 978 826 Quid
993 759 1047 813 in
1063 761 1166 814 hoc
1179 759 1298 814 loco
1313 756 1727 822 tabernaculum,
1741 756 1848 810 nisi

268 858 539 906 secretum
577 852 792 917 mentis,
830 851 934 906 nisi
957 850 1214 920 quietudo
1233 851 1418 916 animi,
1443 849 1548 904 nisi
1573 849 1686 902 vita
1715 863 1848 903 con-

269 941 586 1013 templativa
627 942 743 996 sine
769 941 1142 1012 persecutione
1187 941 1403 1010 aliqua?
1443 940 1696 993 Attamen
1726 953 1846 992 cum

267 1035 324 1089 in
373 1034 480 1090 ﬁne
523 1033 703 1089 surculi
728 1034 953 1104 cmperit
976 1034 1216 1090 Ecclesia
1255 1031 1716 1103 persecutionibus
1752 1030 1851 1085 ilu-

267 1131 480 1189 ctuare,
494 1124 858 1195 quietudinem
877 1123 1075 1178 mentis
1101 1124 1300 1178 habere
1317 1137 1425 1176 non
1451 1119 1669 1190 poterit.
1700 1120 1852 1174 Tunc

268 1216 645 1272 reminiscitur
678 1215 810 1270 illud
853 1216 997 1284 quod
1042 1229 1140 1284 per
1170 1213 1513 1281 semetipsam
1555 1211 1766 1266 Veritas
1797 1210 1850 1264 in

242 1291 560 1375 ‘Evangelio
606 1304 774 1360 dicit:
829 1303 1056 1375 Surgent
1108 1303 1486 1374 pseudochristi
1537 1310 1586 1355 et
1633 1299 1854 1371 pseudo-

267 1394 554 1464 prophetre,
578 1401 626 1447 et
655 1393 857 1446 dabunt
884 1393 1038 1462 signa
1077 1408 1271 1463 magna
1313 1398 1360 1444 et
1393 1391 1654 1461 prodigia,
1692 1391 1768 1442 ita
1793 1398 1851 1442 ut

271 1483 332 1537 in
349 1498 578 1536 errorem
604 1483 896 1547 mittantur,
920 1483 966 1536 si
985 1482 1103 1551 ﬁeri
1123 1491 1308 1552 potest,
1336 1482 1490 1535 etiam
1511 1480 1678 1534 electi.
1700 1479 1853 1534 Nunc

272 1583 459 1630 autem
488 1573 674 1629 ﬁdeles
703 1574 874 1628 nostri
906 1573 1045 1628 mira
1077 1571 1301 1636 faciunt,
1331 1585 1454 1626 cum
1478 1584 1732 1640 perversa
1758 1584 1854 1638 pa-

271 1665 521 1731 tiuntur;
554 1673 667 1719 tum
698 1673 876 1720 autem
897 1673 955 1718 et
978 1677 1233 1734 perversa
1254 1663 1532 1732 patiuntur
1563 1661 1765 1724 sancti,
1798 1667 1856 1714 et

273 1756 540 1812 miracula
566 1773 674 1813 mn
700 1755 921 1812 faciunt.
951 1755 1103 1810 Tunc
1129 1769 1258 1808 vero
1287 1753 1669 1822 praedicatores
1695 1750 1852 1804 Anti-

1948 575 2016 628 ad
2059 571 2403 628 Occidentem
2443 571 2577 624 ﬁdes
2618 567 2753 636 ejus,
2783 582 2902 636 qum
2929 567 2995 620 ab
3025 563 3284 635 apostolis
3326 565 3524 618 tradita

1946 671 2050 726 est,
2080 663 2133 716 in
2161 660 2442 716 catholicis
2470 658 2725 713 Ecclesiis
2752 656 2972 726 fulgeat.

2017 754 2296 811 CXXXIII.
2327 753 2460 806 Nam
2489 759 2544 806 et
2583 750 2686 804 hoc
2720 745 3236 820 praetermittendum
3275 757 3382 800 non
3419 752 3524 810 est,

1949 847 2042 902 sed
2066 860 2248 900 coram
2271 843 2415 898 omni
2444 842 2683 896 Ecclesia
2709 849 2814 894 tam
2855 838 3186 907 sapientibus
3219 851 3379 906 quam
3408 852 3526 890 rus-

1949 938 2074 993 ticis
2091 935 2510 1007 praedicandum,
2541 933 2684 1003 quod
2727 931 2994 986 secundus
3038 929 3300 983 adventus
3342 927 3529 983 Salva-

1949 1029 2086 1084 toris
2115 1041 2221 1082 non
2251 1027 2304 1080 in
2346 1024 2676 1087 humilitate,
2727 1030 2787 1077 ut
2825 1021 2996 1091 prius,
3025 1018 3119 1074 sed
3147 1018 3201 1072 in
3237 1018 3408 1088 gloria
3435 1019 3529 1073 de-

1948 1117 2332 1173 monstrandus
2363 1115 2452 1169 sit.
2496 1113 2730 1168 Stultum
2759 1118 2842 1167 est
2889 1110 3069 1179 itaque
3107 1123 3231 1163 eum
3271 1109 3326 1162 in
3361 1113 3531 1178 parto

1951 1207 2072 1264 loco
2101 1207 2182 1262 vel
2209 1207 2261 1260 in
2292 1204 2610 1260 abscondito
2634 1215 2895 1271 quaerere,
2921 1201 3013 1270 qui
3041 1189 3204 1255 totius
3234 1200 3419 1253 mundi
3451 1187 3530 1253 lu-

1953 1311 2076 1354 men
2103 1305 2205 1352 est.
2236 1297 2311 1350 De
2343 1295 2458 1363 ipso
2484 1294 2625 1348 enim
2660 1291 2920 1360 legimus:
2955 1290 3094 1345 Deus
3133 1289 3408 1360 manifeste
3451 1281 3532 1344 ce-

1953 1390 2077 1454 niet,
2104 1387 2242 1442 Deus
2273 1395 2466 1448 noster,
2494 1393 2540 1438 et
2569 1400 2672 1436 non
2708 1381 2897 1436 silebit.
2923 1381 3072 1451 Ignis
3100 1389 3221 1435 ante
3244 1381 3413 1450 ipsum
3446 1395 3531 1434 ar-

1951 1479 2112 1543 debit,
2140 1487 2186 1532 et
2211 1478 2268 1531 in
2292 1477 2512 1530 circuitu
2539 1474 2654 1545 ejus
2687 1482 2958 1544 tempestas
2986 1470 3179 1526 valida.
3214 1471 3454 1539 Intelligo
3481 1480 3531 1524 et

1953 1570 2044 1625 hic
2073 1568 2355 1636 utriusque
2394 1565 2708 1621 substantiae
2749 1563 3172 1633 proprietatem;
3210 1563 3262 1615 in
3304 1563 3534 1617 veritate

1957 1659 2216 1731 assumpti
2252 1657 2494 1727 corporis
2521 1663 2780 1711 venturus
2807 1654 3071 1720 creditur,
3119 1663 3172 1708 et
3201 1654 3342 1709 Deus
3378 1668 3535 1708 voca-

1956 1751 2124 1806 bitur.
2147 1748 2333 1805 Adfuit
2359 1749 2674 1804 inﬁrmitate
2717 1747 3091 1810 absconditus,
3139 1747 3311 1802 aderit
3350 1745 3404 1800 in
3429 1746 3538 1799 vir—

273 1845 488 1910 christi,
515 1845 672 1901 idest
697 1849 956 1912 haeretici,
979 1849 1144 1903 etiam
1165 1862 1290 1902 cum
1313 1861 1564 1916 perversa
1596 1843 1850 1907 inferunt,
1881 1827 1929 1888 Β
1960 1851 2071 1900 tute
2095 1841 2432 1899 manifestus.
2469 1840 2635 1911 Ignis,
2672 1840 2866 1909 inquit,
2893 1850 3014 1893 ante
3055 1855 3172 1894 eum
3215 1838 3414 1892 ardebit
3439 1853 3456 1901 ;
3489 1845 3535 1890 et

273 1935 418 1990 mira
439 1934 639 1992 facturi
664 1947 808 1993 sunt.
837 1937 1071 1994 Proinde
1099 1953 1198 1994 nos
1228 1937 1499 2003 admouet,
1536 1936 1757 1991 dicens:
1798 1933 1859 1990 Si

273 2043 399 2096 ergo
424 2027 651 2081 dixerint
681 2029 864 2083 vobis:
896 2029 1030 2083 Ecce
1057 2030 1112 2082 in
1137 2028 1339 2082 deserto
1370 2037 1445 2082 est
1475 2026 1732 2091 Christus,
1769 2039 1862 2079 no-

274 2112 369 2166 lite
394 2114 556 2167 eam.
591 2113 806 2170 Ecceia
834 2117 1205 2186 penetralibus,
1254 2116 1411 2172 nolite
1433 2117 1664 2170 credere.
1699 2115 1778 2169 Ac
1815 2113 1862 2169 si

277 2210 467 2272 aperte
493 2201 731 2258 diceret:
765 2203 828 2258 Si
859 2205 978 2274 quis
1003 2207 1317 2276 prmuiserit
1344 2206 1496 2262 vobis
1528 2206 1672 2274 quod
1696 2204 1752 2258 in
1773 2206 1865 2258 de-

279 2300 432 2348 serto
457 2293 735 2365 gentilium
769 2302 825 2347 et
854 2294 907 2348 in
936 2295 1378 2366 philosophorum
1420 2296 1669 2366 dogmate
1711 2294 1866 2350 Chri-

283 2393 405 2440 stus
435 2395 698 2464 moretur,
721 2395 821 2441 aut
849 2387 906 2442 in
954 2388 1327 2444 hmreticorum
1354 2387 1740 2458 penetralibus,
1773 2384 1866 2454 qui

285 2475 385 2529 Dei
411 2475 734 2546 pollicentur
767 2487 975 2534 secreta
993 2520 1009 2545 ,
1039 2479 1194 2534 nolite
1218 2481 1364 2534 exire
1385 2496 1404 2534 :
1434 2478 1591 2533 nolite
1614 2478 1866 2541 credere;

280 2566 403 2622 sive
425 2568 548 2636 quia
569 2569 960 2637 persecutionis
981 2579 1034 2623 et
1055 2569 1423 2640 angustiarum
1446 2577 1706 2638 tempore,
1728 2582 1870 2622 sem-

282 2672 388 2728 per
408 2658 886 2730 p‘seudoprophetae
923 2661 1223 2731 decipiendi
1270 2659 1551 2716 inveniunt
1581 2659 1778 2714 locum.
1812 2657 1869 2713 Si

291 2753 416 2822 quis
441 2754 540 2808 sub
564 2752 779 2808 nomine
805 2751 1005 2807 Christi
1033 2768 1092 2808 se
1109 2751 1320 2821 jactare
1343 2751 1592 2815 voluerit,
1629 2765 1735 2804 non
1762 2757 1873 2802 sta-

295 2843 394 2897 tim
423 2844 841 2900 accommodetis
880 2844 1062 2898 ﬁdem.
1098 2843 1246 2902 Sicut
1281 2844 1418 2898 enim
1444 2842 1620 2913 [algor
1655 2841 1781 2896 exiit
1807 2839 1872 2894 ab

294 2931 528 2999 Oriente,
560 2943 607 2987 et
632 2942 776 3004 paret
809 2949 970 3003 usque
1017 2935 1073 2988 in
1121 2932 1420 2999 Occidente,
1461 2933 1537 2989 ita
1579 2934 1677 2987 erit
1703 2941 1752 2986 et
1779 2931 1874 2985 ad—

289 3033 468 3078 ventus
492 3023 621 3078 Filii
642 3023 891 3078 hominis.
917 3023 1094 3078 Nolite
1120 3025 1283 3089 exire,
1306 3023 1463 3079 nolite
1482 3023 1709 3089 credere,
1733 3023 1876 3092 quod

290 3111 462 3170 Filius
486 3115 740 3182 hominis,
771 3114 854 3168 vel
883 3113 937 3167 in
970 3114 1186 3169 deserto
1209 3115 1450 3186 gentium
1477 3115 1568 3179 sit,
1597 3114 1683 3168 vel
1707 3114 1759 3168 in
1781 3127 1873 3185 pe-

1959 1935 2305 2006 inﬂammabit
2330 1935 2387 1987 in
2415 1933 2634 1986 circuitu
2658 1932 2900 1984 inimicos
2922 1930 3055 2001 ejus.
3078 1929 3212 1984 Cum
3234 1928 3358 1982 talis
3388 1940 3538 1981 reve-

1959 2027 2132 2081 rentia
2160 2025 2442 2096 praesentis
2468 2023 2574 2079 erit
2612 2022 2810 2087 futura,
2849 2031 2977 2092 puta
3017 2022 3192 2091 qualis
3225 2021 3329 2074 erit
3365 2019 3539 2074 forma

1961 2118 2282 2174 sententiae?
2314 2117 2407 2171 Ille
2431 2116 2645 2186 quidem
2669 2115 2979 2170 redditurus
2999 2123 3082 2170 est
3101 2115 3243 2184 quod
3268 2113 3536 2184 promisit,

1961 2209 2057 2264 sed
2087 2216 2378 2262 exacturus
2401 2215 2483 2261 est
2506 2205 2650 2276 quod
2676 2206 2922 2262 redemit.

2033 2298 2316 2356 CXXXIV.
2345 2299 2414 2353 Et
2439 2299 2560 2354 ideo
2590 2299 2721 2354 totis
2752 2314 2850 2369 per
2880 2296 3387 2366 adjutorium‘suu’m
3413 2295 3542 2350 viri.

1963 2392 2066 2446 bus
2089 2393 2358 2447 enitamur
2381 2399 2442 2445 ut
2465 2391 2723 2461 quidquid
2745 2388 3256 2458 contulitjudicatus
3277 2388 3542 2457 integrant

1967 2483 2020 2537 in
2052 2483 2207 2537 nobis
2238 2482 2475 2536 inveniat
2511 2479 2870 2550 iudicaturus.
2897 2480 2965 2534 Et
3008 2478 3128 2533 ideo
3167 2467 3214 2533 si
3259 2493 3379 2532 cum
3418 2477 3542 2542 fide,

1967 2588 2090 2628 cum
2112 2572 2345 2642 justitia,
2363 2587 2485 2627 cum
2505 2572 2893 2637 misericordia,
2911 2587 3034 2626 cum
3061 2570 3324 2625 cbaritatc
3350 2579 3544 2624 etcum

1969 2663 2219 2717 castitate
2241 2661 2514 2728 viventes,
2541 2661 2597 2716 in
2621 2659 2740 2730 ejus
2770 2661 2964 2716 timore
3009 2661 3386 2726 manserimus,
3433 2674 3546 2713 ma-

1972 2768 2135 2824 rerum
2159 2752 2270 2822 jam
2290 2747 2571 2808 numerum
2601 2768 2821 2808 suorum
2854 2753 3046 2822 pignus
3086 2759 3350 2808 tenemus.
3391 2751 3547 2805 Dabit

1972 2847 2176 2914 absque
2221 2846 2383 2901 dubio
2432 2859 2658 2915 regnum
2695 2857 2871 2898 suum.
2921 2843 3080 2896 Dabit
3134 2856 3254 2910 quae
3291 2856 3387 2896 sua
3424 2848 3548 2895 sunt

1974 2935 2149 3000 nobis,
2179 2935 2272 3005 qui
2312 2934 2546 3005 seipsum
2589 2934 2838 3005 dignatus
2885 2939 2970 2987 est
3010 2929 3206 2987 olferre
3239 2945 3336 3002 pro
3373 2931 3548 2986 nobis.

1977 3026 2147 3081 Amen
2163 3073 2166 3079 .

301 3255 3533 3282 Μ

1461 3371 1763 3447 LIBER
1816 3367 2371 3446 SECUNDUS.

713 3522 818 3618 DE
890 3521 1234 3583 CHRISTO
1303 3522 1405 3580 ET
1475 3521 1658 3581 EJUS
1726 3517 2132 3586 CORPORE,
2209 3516 2426 3588 QUOD
2497 3516 2640 3575 EST
2712 3513 3090 3576 ECCLESIA

1892 3657 1972 3698 ET

871 3762 959 3817 DE
993 3761 1288 3818 DIABOLO
1327 3761 1416 3815 ET
1455 3759 1623 3816 EIUS
1660 3757 2000 3826 CORPORIS,
2040 3759 2229 3827 QUOD
2262 3761 2394 3816 EST
2433 3761 2957 3819 AN'I‘ICIIRISTUS.

366 3983 408 4039 I.
441 3981 766 4052 Scripsimus
790 3993 816 4022 ι
848 3980 1212 4045 criminatus,
1249 3980 1445 4050 quibus
1471 3997 1568 4037 nos
1591 3983 1875 4038 haereticos
1902 3984 1949 4047 C
1978 3991 2200 4048 ctorem,
2226 3981 2494 4037 novellum
2516 3981 3000 4051 archiepiscopum,
3029 3991 3083 4037 et
3105 3998 3204 4050 nos
3225 3983 3558 4042 Libanenscs

298 4085 358 4132 et
381 4075 602 4145 ignaros
623 4070 745 4126 ﬁdei
771 4079 932 4140 atque
967 4070 1288 4126 Antichristi
1331 4071 1623 4142 discipulos
1649 4087 1884 4142 pronun-

302 4169 445 4222 tiare
464 4179 568 4219 non
590 4177 794 4224 cessas.
824 4163 970 4217 hunc
989 4162 1410 4233 apologcticum;
1436 4180 1541 4220 non
1564 4165 1886 4236 panegyrico

298 4270 470 4317 more,
494 4251 833 4308 allocutionis
877 4253 1166 4316 mendacii,
1204 4267 1309 4309 nec
1352 4253 1772 4311 obscuritatibus
1804 4255 1887 4312 fu-

301 4364 583 4406 mosorum
618 4345 938 4416 eloquentia:
966 4348 1295 4413 Sermonum,
1330 4347 1423 4402 sed
1447 4348 1595 4416 puris
1617 4348 1883 4416 sensibus,

305 4449 370 4495 ut
388 4455 575 4496 omnes
600 4439 691 4509 qui
718 4437 988 4493 audierint
1025 4437 1324 4509 intelligere
1345 4440 1579 4509 possint.
1627 4439 1888 4511 Apologe—

304 4532 472 4586 ticum
501 4537 586 4584 est
611 4528 887 4584 excusatio
908 4528 962 4582 in
991 4544 1096 4597 quo
1122 4530 1505 4586 accusantibus
1533 4531 1890 4602 respondetur

303 4619 365 4675 in
389 4619 757 4675 defensionem
782 4619 884 4674 sui.
913 4619 980 4673 Et
1009 4620 1128 4675 ideo
1166 4620 1581 4676 criminantibus
1611 4621 1890 4690 respondi-

293 4724 450 4775 mus,
479 4720 534 4766 et
573 4726 674 4766 nos
702 4711 770 4767 ab
815 4712 1008 4766 haeresi
1054 4719 1330 4781 purgatos,
1370 4712 1483 4766 Deo
1523 4711 1886 4776 'illuminante,

307 4803 632 4858 invenimus.
660 4800 1072 4871 Panegyricum,
1098 4809 1152 4855 et
1177 4801 1516 4856 licentiosum
1556 4811 1611 4856 et
1644 4801 1892 4857 lascivio-

307 4904 431 4947 sum
453 4905 622 4962 genus
643 4889 876 4954 dicendi,
901 4889 955 4944 in
983 4889 1228 4944 laudibus
1257 4906 1464 4960 regum,
1492 4890 1543 4945 in
1570 4889 1722 4960 cujus
1746 4907 1892 4946 com-

310 4982 579 5053 positione
611 4982 796 5037 multis
826 4975 1118 5036 mendaciis
1154 4981 1457 5035 adulantur.
1482 4980 1598 5037 Non
1629 4983 1773 5038 enim
1795 4999 1893 5040 nos

311 5071 653 5144 mendacium
689 5071 743 5126 in
783 5070 1132 5142 apologeticis
1173 5071 1373 5126 nostris
1400 5071 1452 5126 in
1481 5069 1692 5127 Iaudem
1716 5071 1894 5140 cujus-

311 5160 446 5218 libet
484 5163 626 5234 regis
667 5162 867 5217 terreni
895 5162 1312 5231 composuimus,
1356 5164 1450 5218 sed
1489 5163 1649 5218 ﬁdem
1687 5179 1890 5230 veram,

311 5267 476 5322 quam
507 5253 574 5307 ab
605 5252 738 5322 ipsis
765 5252 1040 5322 discipulis
1063 5252 1318 5308 Veritatis
1353 5253 1651 5308 hausimus.

1985 4074 2228 4129 indoctos
2273 4082 2328 4128 ct
2370 4073 2652 4129 htereticos
2701 4083 2863 4143 atque
2904 4073 3220 4130 Antichristi
3273 4076 3560 4146 discipulos

1984 4161 2262 4218 l‘leterium
2289 4171 2339 4218 et
2378 4161 2597 4217 Beatum
2625 4163 2957 4232 przedicent;
2995 4173 3050 4220 ot
3089 4166 3215 4234 quia
3240 4181 3308 4220 ex
3337 4177 3563 4237 utraque

1983 4267 2137 4329 parte
2165 4259 2439 4322 contentio
2460 4267 2648 4312 exorta
2676 4268 2758 4314 est
2783 4267 2839 4314 et
2867 4259 3000 4316 ﬁdes
3029 4261 3240 4316 diversa
3265 4264 3562 4329 profertur,

1985 4364 2091 4402 non
2118 4347 2290 4401 solum
2318 4346 2480 4412 fama,
2524 4347 2616 4403 sed
2646 4349 2811 4403 etiam
2847 4349 3139 4418 ignominia
3179 4351 3384 4404 nobisa
3409 4359 3463 4405 te
3492 4352 3564 4405 ir-

1987 4445 2226 4508 regatur.
2254 4437 2418 4491 Fama
2445 4437 2588 4492 enim
2611 4445 2720 4492 tam
2749 4437 2804 4492 in
2843 4439 3041 4493 bonam
3079 4454 3244 4508 quam
3281 4439 3338 4494 in
3369 4440 3565 4495 malam

1985 4538 2197 4598 partem
2242 4528 2576 4598 intelligitur.
2627 4528 2922 4599 Ignominia
2968 4545 3098 4586 vero
3143 4545 3416 4601 nunquam
3461 4534 3566 4590 nisi

1987 4633 2202 4688 seraper
2229 4618 2281 4672 in
2313 4618 2511 4672 malam
2545 4629 2754 4688 partem
2795 4621 3041 4675 vertitur.
3092 4621 3444 4692 Ignominiam
3487 4625 3570 4680 di-

1989 4717 2152 4772 ctam,
2176 4709 2412 4778 ecquod
2450 4709 2660 4764 desinat
2697 4711 2896 4766 habere
2940 4713 3240 4774 honestatis
3280 4731 3476 4772 nomen
3521 4717 3568 4772 is

1991 4801 2083 4870 qui
2111 4799 2162 4854 in
2191 4800 2371 4871 aliquo
2399 4802 2623 4860 crimine
2645 4804 3079 4874 deprehenditur.
3107 4809 3259 4864 Dicta
3287 4790 3371 4864 est
3388 4818 3566 4864 autem

1991 4894 2282 4965 ignominia
2305 4895 2458 4965 quasi
2475 4896 2591 4952 sine
2613 4897 2845 4963 nomine,
2867 4899 3002 4954 sicut
3021 4900 3240 4971 ignarus
3261 4901 3377 4956 sine
3399 4901 3569 4957 scien-

1993 4985 2086 5050 tia,
2123 4985 2262 5040 sicut
2289 4986 2536 5056 ignobilis
2563 4987 2680 5040 sine
2707 4989 3002 5057 nobilitate.
3035 4991 3148 5045 Iloc
3189 5005 3403 5060 quoque
3430 4989 3570 5045 infa-

1993 5076 2100 5130 mia
2141 5076 2367 5142 dicitur,
2411 5077 2563 5145 quasi
2589 5077 2709 5133 sine
2734 5078 2874 5133 bona
2900 5078 3063 5134 fama.
3098 5079 3166 5134 Et
3195 5080 3314 5136 ideo
3341 5080 3571 5150 ignomi-

1994 5169 2138 5222 niam
2178 5168 2332 5223 nobis
2361 5184 2483 5224 cum
2507 5169 2644 5224 mala
2671 5168 2812 5225 fama
2841 5172 3124 5240 praedicas,
3161 5181 3221 5227 ut
3263 5172 3380 5229 sine
3419 5171 3570 5229 ditius

1994 5261 2168 5316 rentia
2213 5261 2360 5316 solus
2401 5269 2456 5315 tu
2489 5261 2722 5318 videaris
2765 5262 2821 5318 in
2851 5263 3090 5320 Ecclesia
3139 5265 3340 5321 habere
3371 5266 3570 5322 bonam

384 5343 448 5397 li.
469 5343 574 5398 Sed
601 5344 728 5414 quia
753 5344 917 5400 libelli
938 5343 1036 5409 tui,
1058 5345 1110 5398 in
1127 5343 1322 5414 quibus
1340 5362 1439 5400 nos
1462 5346 1745 5402 haereticos
1775 5361 1892 5402 esse
1921 5338 1972 5399 Β
1995 5355 2215 5410 famam,
2243 5355 2400 5411 certe
2431 5364 2519 5411 ma
2531 5355 2644 5425 jam
2677 5364 2733 5411 ει
2754 5365 2937 5413 nostra
2968 5357 3090 5413 talis
3114 5365 3199 5414 θδι
3219 5358 3360 5413 bona
3387 5356 3565 5422 fama;

315 5435 524 5501 fateris,
547 5435 659 5505 jam
687 5452 785 5506 per
819 5436 1089 5506 publicum
1133 5437 1185 5491 iu
1229 5437 1456 5493 diversis
1484 5447 1750 5493 terrarum
1781 5439 1897 5492 vul-

313 5527 427 5596 gati
455 5536 582 5582 sunt
607 5528 872 5598 partibus,
905 5535 966 5580 ut
1003 5543 1188 5581 omnes
1214 5529 1304 5596 qui
1333 5544 1426 5583 eos
1454 5529 1679 5601 legerint
1703 5546 1894 5584 secun-

317 5619 447 5672 dum
487 5617 643 5673 ﬁdem
675 5627 841 5683 tuam,
874 5625 923 5672 te
960 5617 1282 5672 catholicum
1327 5618 1596 5676 Toletanis
1631 5621 1774 5675 sedis
1804 5622 1895 5676 do—

382 5743 416 5772 ι
445 5730 608 5788 Forte
637 5733 786 5788 deest
811 5731 876 5786 ob
904 5731 985 5786 vel
1012 5740 1238 5802 propter.

1994 5454 2050 5500 et
2084 5461 2187 5500 non
2228 5445 2296 5500 ab
2326 5444 2451 5511 alio,
2484 5446 2576 5500 sed
2611 5461 2640 5499 a
2671 5453 2722 5500 to
2763 5447 2878 5502 solo
2919 5446 3158 5502 additum
3188 5453 3304 5512 est,
3339 5453 3398 5504 et
3439 5446 3574 5503 infa-

1997 5538 2180 5600 miam,
2208 5537 2259 5591 id
2286 5546 2388 5601 est,
2417 5536 2785 5607 ignominiam,
2814 5546 2872 5592 ut
2895 5537 2987 5608 qui
3010 5553 3203 5594 nomen
3230 5553 3337 5594 non
3367 5538 3572 5594 habue-

1996 5637 2140 5692 runt,
2173 5626 2237 5682 ad
2284 5643 2458 5683 meam
2483 5629 2954 5698 comparationem,
3002 5645 3197 5686 nomen
3226 5630 3426 5687 habere
3465 5644 3572 5686 non
