3992 6176
485 320 590 383 979

1297 322 1708 389 ELIPANDUS,
1750 321 1980 388 FELlX,
2045 321 2390 382 HETERIUS
2427 324 2515 384 ET
2533 324 2605 382 .S.
2638 326 2927 387 BEATUS.

3594 312 3750 388 ’9εο

485 447 728 510 possunt.
753 437 880 494 Haec
907 437 1048 494 fama
1076 448 1161 494 est
1190 455 1288 510 per
1311 441 1582 511 publicum
1599 482 1615 507 ,
1658 449 1714 496 et
1760 449 1906 496 certe
1949 439 2066 493 sine
2091 437 2143 496 Δ
2167 437 2303 494 riam
2328 442 2593 510 quaesivit,
2625 444 2751 512 quia
2778 459 2808 498 a
2838 445 3128 514 semctip'o
3150 441 3359 499 locutus
3382 449 3483 501 est.
3511 443 3752 502 Proinde

486 544 651 595 causa
677 530 820 584 nulla
848 530 993 591 fama
1021 532 1198 601 potuit
1232 547 1372 588 esse.
1416 532 1581 588 Fama
1623 541 1802 589 autem
1842 532 1984 588 dicta
2032 547 2064 587 a

486 619 668 685 fando,
708 619 761 674 id
787 631 872 676 est
899 636 931 675 a
970 621 1256 692 loquendo,
1283 624 1409 694 quia
1435 625 1704 695 loquendo
1740 636 2068 698 pervagatur

484 725 584 786 per
607 709 860 767 traduces
897 710 1202 782 linguarum
1239 724 1587 785 perstrepens
1610 718 1833 775 auribus
1851 719 2067 774 audien-

485 799 643 870 tium.
669 800 767 858 Est
788 808 968 862 autem
997 818 1194 859 nomen
1222 813 1278 860 et
1301 806 1564 872 bonarum
1592 823 1772 864 rerum
1793 849 1809 874 ,
1837 819 1897 867 ut
1930 811 2068 867 dixi-

485 907 628 960 mus,
658 900 715 949 et
746 893 1031 955 malarum.
1057 893 1190 952 Cum
1215 903 1271 951 et
1291 896 1396 954 ista
1416 898 1488 961 sit
1514 907 1743 970 utraque
1769 900 1927 967 fama,
1952 903 2067 959 sive

486 989 601 1048 tua,
631 983 746 1039 sive
785 991 991 1048 nostra,
1036 984 1242 1042 incerta
1270 995 1372 1042 est.
1401 989 1469 1044 Et
1509 989 1630 1052 ideo
1672 990 1828 1052 fama:
1871 1008 2066 1050 nomen

485 1072 665 1142 locum
709 1088 817 1128 non
855 1074 1039 1141 habet,
1067 1077 1193 1146 quia
1240 1077 1468 1135 fortasse
1500 1082 1730 1141 mendax
1773 1082 1918 1140 fama
1961 1095 2064 1154 est,

485 1163 746 1234 adﬁciens
786 1167 989 1233 multa,
1037 1169 1120 1224 vel
1161 1170 1412 1230 minuens
1455 1172 1522 1228 de
1565 1175 1811 1231 veritate.
1857 1178 2069 1234 Veritas

486 1256 632 1323 enim
663 1257 806 1313 inter
835 1267 1062 1329 utraque
1087 1260 1189 1320 sibi
1217 1261 1330 1322 sola
1366 1262 1588 1330 sutlicit,
1627 1266 1753 1335 quia
1781 1283 1881 1323 nec
1909 1271 2066 1336 addi,

489 1362 591 1409 nec
627 1349 797 1404 minui
822 1358 1018 1420 potest.
1061 1351 1193 1420 Quae
1237 1353 1423 1415 tandiu
1466 1354 1738 1427 fatigatur,
1790 1374 2069 1432 quousque

487 1440 890 1512 comprobetur.
927 1441 996 1495 Et
1036 1457 1161 1505 cum
1207 1444 1434 1512 probata
1483 1443 1662 1512 fuerit,
1710 1460 1890 1504 cessat
1927 1466 2068 1517 esse,

489 1537 550 1598 ut
569 1530 766 1602 exinde
799 1545 887 1600 res
907 1531 1233 1606 nominetur,
1261 1549 1368 1589 non
1393 1534 1554 1590 fama.
1585 1537 1812 1610 Semper
1842 1541 2070 1599 mendax

2168 528 2424 586 Dominus
2447 532 2500 586 in
2533 533 2820 604 Evangelio
2841 535 2958 590 ait:
2999 534 3103 602 Qui
3147 535 3379 608 loquitur
3411 538 3751 594 mendacium

2164 619 2230 674 de
2255 637 2370 675 suo.
2393 621 2462 677 Et
2487 625 2578 693 qui
2596 640 2629 678 α
2659 627 2930 696 semetipso
2957 626 3204 698 loquitur,
3233 630 3499 699 propriam
3520 628 3751 700 glorians

2128 741 2130 744 ν
2162 714 2371 780 quierit.
2401 713 2516 784 Ego
2545 732 2648 770 non
2683 734 2862 788 qurere
2903 717 3127 789 gloriam
3168 737 3358 786 meam,
3394 717 3484 776 sed
3511 722 3630 793 ejus
3656 725 3752 794 qui

2164 817 2247 856 me
2265 803 2427 857 misit.
2453 803 2572 860 Jam
2598 806 2863 872 diabolus,
2889 807 2982 878 qui
3006 817 3161 879 pater
3181 811 3444 866 mendacii
3473 811 3752 882 apparuit,-

2163 904 2232 946 ει
2267 891 2384 961 ipso
2409 894 2689 950 mendacio
2711 896 2943 966 primum
2982 897 3036 952 in
3073 897 3325 967 paradiso
3352 899 3629 956 hominem
3653 901 3750 958 de-

2164 981 2326 1051 cepit,
2359 982 2587 1044 dicendo
2611 996 2797 1049 contra
2819 995 3143 1057 praeceptum
3175 988 3424 1044 Domini:
3453 989 3623 1046 Erilis
3648 993 3753 1047 sic-

2165 1082 2224 1127 ιιι
2255 1073 2364 1137 dii.
2396 1073 2443 1129 si
2483 1076 2826 1137 comederitis
2867 1077 2934 1133 de
2963 1077 3107 1148 ligno
3138 1077 3348 1135 lllicito.
3390 1079 3505 1136 Hoc
3530 1081 3752 1136 menda-

2165 1163 2310 1219 cium
2340 1181 2448 1222 non
2474 1167 2542 1223 ab
2577 1165 2797 1224 homine
2835 1169 3108 1227 inventum
3151 1179 3264 1238 est,
3308 1172 3403 1228 sed
3430 1187 3464 1249 ε
3513 1173 3750 1230 diabolo.

2131 1295 2136 1299 .
2165 1251 2285 1309 Jam
2312 1255 2476 1314 homo
2500 1258 2643 1326 quod
2673 1257 2802 1322 fecit
2837 1275 2943 1315 non
2970 1275 3002 1314 ε
3025 1276 3084 1317 se
3112 1262 3317 1330 didicit,
3362 1266 3457 1320 sed
3479 1279 3510 1318 a
3536 1267 3752 1322 diabolo

2167 1342 2454 1436 instigatus
2489 1349 2718 1418 accepit.
2759 1348 2878 1405 1am
2907 1351 3050 1408 illius
3083 1354 3283 1410 diaboli
3322 1354 3496 1412 factus
3525 1365 3613 1413 est
3654 1373 3753 1436 per

2168 1435 2537 1502 mendacium,
2585 1439 2712 1508 quia
2750 1439 2926 1509 ipsum
2965 1443 3304 1499 mendacium
3343 1453 3550 1516 patrem
3587 1447 3755 1508 habet

2168 1523 2460 1582 diabolum.
2494 1526 2572 1592 Ex
2597 1529 2704 1586 hoc
2740 1533 3077 1588 mendacium
3116 1536 3434 1606 propinatus
3461 1548 3543 1594 est
3574 1554 3756 1610 genus

489 1637 614 1687 cum
647 1623 928 1695 mendacio
949 1622 1152 1692 deficit.
1179 1623 1296 1681 Non
1317 1629 1516 1696 poterit
1543 1631 1772 1685 mendax
1800 1647 1921 1690 esse
1949 1635 2074 1690 abs.
2148 1617 2485 1675 humanum.
2515 1619 2582 1676 Et
2606 1639 2750 1681 nunc
2772 1625 2826 1681 in
2855 1626 3090 1684 Ecclesia
3112 1646 3300 1686 omnes
3325 1633 3413 1702 qui
3441 1641 3563 1688 sunt
3591 1649 3754 1688 men-

489 1728 594 1783 que
623 1715 924 1786 mendacio,
966 1731 1249 1786 quousque
1281 1717 1499 1778 finxerit
1538 1721 1896 1779 mendacium.
1937 1725 2070 1780 Nam

2175 1708 2350 1776 daces,
2375 1726 2440 1766 ex
2467 1712 2584 1783 ipso
2609 1715 2802 1783 spiritu
2836 1718 3037 1775 erroris
3064 1721 3350 1790 accipiunt,
3375 1733 3429 1777 ut
3456 1723 3563 1779 sint
3591 1737 3756 1788 men-

489 1822 612 1871 cum
629 1783 898 1863 dimiserit
917 1809 1276 1878 mendacium,
1301 1811 1500 1874 desiuit
1517 1827 1637 1870 esse
1652 1816 1901 1870 mendax.
1926 1816 2072 1872 Men-

2175 1798 2352 1861 duces.
2380 1800 2449 1856 Et
2477 1773 2570 1873 qui
2595 1773 2877 1863 veritatem
2905 1773 3204 1878 proferuntr
3224 1811 3277 1866 in
3313 1773 3547 1869 Ecclesia
3576 1782 3699 1873 non
3723 1830 3754 1868 a

490 1893 707 1962 dacium
728 1895 864 1968 nihil
887 1896 1032 1969 aliud
1053 1906 1134 1961 est
1159 1899 1264 1959 nisi
1286 1901 1530 1964 absentia
1556 1905 1818 1961 veritatis.
1844 1906 2071 1964 Mendax

491 1995 620 2058 vero
651 1986 954 2049 substantia
981 1994 1085 2054 est,
1112 1989 1455 2051 mendacium
1493 2004 1674 2052 autem
1700 2011 1806 2052 non
1841 2007 1925 2054 est
1947 2001 2075 2056 sub—

493 2076 714 2150 stantia,
745 2078 840 2134 sed
865 2078 1102 2154 qualitas
1129 2079 1184 2134 in
1215 2082 1538 2146 substantia.
1569 2083 1756 2144 Omnis
1781 2102 1914 2160 ergo
1942 2090 2071 2146 sub-

493 2168 694 2230 stantia
720 2183 840 2239 quae
865 2185 895 2224 a
921 2169 1032 2225 Deo
1055 2171 1198 2228 bono
1225 2180 1411 2230 creata
1436 2183 1540 2242 est,
1572 2176 1713 2232 bona
1738 2186 1843 2234 est.
1873 2179 2074 2236 Vitium

491 2273 625 2326 vero
648 2275 758 2316 non
778 2267 862 2316 est
879 2276 912 2316 a
936 2261 1048 2319 Deo
1068 2270 1334 2330 creatum,
1355 2267 1451 2323 sed
1478 2282 1510 2323 a
1534 2268 1750 2326 diabolo
1769 2270 2072 2328 inventum.

491 2350 631 2429 {iam
660 2352 802 2409 Deus
826 2352 990 2410 Pater
1015 2357 1199 2426 genuit
1238 2358 1520 2416 veritatem
1558 2361 1751 2418 Filium
1777 2381 1791 2417 :
1833 2372 1888 2420 et
1919 2375 2078 2424 natus

491 2451 577 2511 est
596 2443 810 2500 Veritas
833 2445 899 2500 de
925 2446 1184 2515 Veritate,
1208 2447 1262 2504 id
1287 2456 1389 2516 εει,
1414 2451 1716 2508 substantia
1737 2453 1805 2510 de
1829 2455 2081 2511 substan-

495 2533 590 2603 tia.
620 2533 688 2588 Et
713 2535 874 2590 ambo
900 2535 1061 2591 simul
1095 2552 1200 2592 una
1232 2539 1552 2609 substantia,
1574 2543 1714 2598 sicut
1731 2545 1891 2600 ambo
1919 2545 2080 2602 simul

495 2640 605 2698 una
636 2629 858 2684 veritas.
885 2628 1142 2686 Diabolus
1168 2645 1297 2687 vero
1317 2634 1618 2690 substantia
1647 2645 1730 2692 est
1758 2637 1900 2693 bona
1928 2653 2078 2694 crea-
2109 2649 2120 2660 ‘

499 2721 588 2808 μ’
625 2715 752 2785 quia
789 2718 965 2793 omnia
1001 2735 1118 2798 qua!
1143 2719 1264 2808 Ῐεείτ
1292 2720 1432 2787 Deus
1461 2723 1597 2785 bona
1624 2736 1744 2783 sunt
1772 2726 1942 2782 valde.
1976 2727 2080 2800 Ar-

496 2807 663 2885 bitrio
693 2823 794 2884 suo
826 2808 1001 2878 factus
1045 2819 1128 2880 est
1148 2807 1436 2880 diabolus,
1465 2831 1574 2876 non
1615 2817 1710 2874 Dei
1748 2819 2076 2877 conditione.

500 2899 618 2978 ipse
642 2907 728 2957 est
770 2909 960 2961 auctor
1001 2903 1289 2972 mendacii,
1333 2906 1459 2978 quia
1506 2911 1691 2980 genuit
1718 2911 2076 2968 mendacium.

498 2989 567 3060 Et
591 2991 715 3060 quia
746 2991 1084 3047 mendacium
1125 2995 1326 3065 genuit,
1367 3006 1520 3067 pater
1543 3000 1807 3056 mendacii
1833 3010 1935 3056 est.
1962 3001 2080 3058 Non

497 3083 664 3149 enim,
696 3092 754 3139 ut
794 3100 954 3156 supra
976 3085 1238 3185 diximus,
1277 3091 1613 3145 mendacium
1646 3093 1943 3148 substantia
1973 3101 2074 3161 est,
2104 3121 2152 3185 ο

497 3175 593 3247 sed
623 3183 829 3253 tantum
869 3175 1119 3257 qualitas.
1159 3175 1326 3257 Solus
1346 3185 1523 3253 tamen
1562 3180 1811 3251 diabolus
1836 3183 2079 3244 substan-

498 3268 572 3340 tia
600 3275 705 3332 est,
734 3267 857 3337 quia
886 3255 1042 3339 pater
1067 3255 1346 3340 qualitatis
1365 3277 1466 3338 est,
1497 3287 1606 3327 non
1635 3273 1970 3353 substantiae.

567 3363 654 3435 ιιι.
685 3363 752 3419 Et
773 3362 904 3432 quid
932 3369 1016 3418 est
1036 3361 1298 3433 qualitas?
1315 3361 1452 3431 Quia
1482 3363 1610 3420 facit
1646 3381 2081 3436 unumquemque

498 3455 672 3526 qualis
695 3455 786 3511 sit.
812 3455 1025 3527 Etenim
1048 3455 1103 3510 in
1123 3455 1438 3530 corporibus
1456 3457 1688 3526 qualitas
1712 3465 1767 3513 et
1783 3458 2077 3528 quantitas.

499 3532 740 3614 Qualitas
768 3555 852 3602 est
876 3547 1142 3617 corporis,
1168 3561 1289 3618 quae
1331 3546 1460 3604 facit
1486 3563 1610 3604 eum
1651 3549 1832 3606 album
1867 3557 1962 3606 aut
1995 3550 2081 3605 ni-

499 3657 675 3711 grum.
708 3640 995 3709 Quantitas
1041 3656 1188 3709 vero,
1226 3641 1446 3715 longum
1474 3651 1568 3700 aut
1595 3645 1834 3700 brevem.
1879 3644 1957 3699 Ac
1983 3657 2084 3713 per

501 3733 603 3788 hoc
627 3732 680 3787 in
705 3734 1022 3802 corporibus
1068 3741 1152 3789 est
1183 3733 1434 3803 qualitas,
1474 3749 1594 3803 quae
1626 3735 1862 3790 refertur
1893 3734 1961 3789 ad
1985 3747 2081 3788 co-

500 3821 698 3887 lorem;
726 3824 1018 3891 quantitas,
1041 3823 1111 3876 ad
1137 3836 1464 3877 mensuram.
1488 3823 1545 3877 ln
1567 3823 1934 3892 spiritualibus
1953 3837 2082 3882 vero

501 3913 664 3966 rebus
688 3912 918 3988 qualitas
945 3920 1030 3966 est
1053 3911 1170 3966 sine
1194 3914 1513 3989 quantitate,
1553 3922 1613 3987 ut
1652 3929 1772 3989 cum
1811 3914 2041 3983 dicimus
2065 3930 2078 3965 :

501 3997 724 4068 angelus
749 3983 851 4053 est.
878 3999 945 4053 Et
965 3998 1090 4068 quia
1117 3997 1429 4068 angelorum
1452 3983 1716 4078 bonorum
1731 3983 1799 4078 et
1820 4001 2083 4058 malorum

503 4089 807 4147 substantia
847 4097 952 4153 εει,
990 4081 1357 4143 "discernimus
1403 4073 1612 4142 eum-in
1639 4073 1918 4166 qualitate,
1961 4106 2085 4156 cum

503 4180 755 4245 dicimus,
782 4178 1030 4250 angelum
1058 4178 1279 4259 bonum,
1310 4187 1365 4234 et
1393 4180 1640 4250 angelum
1668 4180 1887 4259 malum.
1915 4181 2087 4258 Ange-

501 4270 588 4330 lus
611 4270 786 4325 bonus
815 4284 924 4324 non
959 4283 988 4322 a
1019 4281 1078 4323 se
1107 4276 1191 4324 est
1214 4267 1389 4324 bonus
1425 4262 1566 4324 sicut
1599 4270 1759 4342 Deus,
1790 4271 1882 4326 sed
1907 4271 2087 4327 adhue-

503 4363 672 4420 nendo
694 4364 838 4419 bono
863 4363 974 4418 Deo
997 4361 1059 4416 iit
1089 4362 1282 4418 bonus.
1308 4361 1545 4430 Angelus
1572 4371 1753 4441 autem
1786 4363 1958 4441 malus
1977 4381 2086 4440 non

2173 1904 2233 1945 se
2256 1900 2382 1949 sunt
2404 1895 2645 1962 veridici,
2673 1898 2766 1953 sed
2808 1913 2837 1952 a
2880 1900 3117 1964 Veritate
3145 1902 3415 1986 accipiunt
3440 1904 3583 1959 unde
3617 1904 3754 1967 veri.-

2140 2021 2144 2025 ρ
2174 1991 2340 2039 tatem
2361 1985 2670 2057 proferant.

2244 2075 2333 2133 ιν.
2374 2077 2491 2134 iam
2533 2096 2694 2152 supra
2732 2083 2967 2142 diximus
2995 2087 3119 2156 quia
3150 2087 3349 2143 veritas
3377 2087 3538 2143 Pater
3567 2089 3750 2158 genuit

2170 2167 2372 2224 Filium
2405 2171 2708 2240 veritatem,
2740 2184 2794 2229 et
2819 2175 2921 2230 hoc
2944 2178 3087 2246 quod
3121 2187 3206 2234 est
3243 2179 3546 2235 substantia
3597 2179 3753 2235 Pater

2177 2261 2364 2331 genuit
2430 2263 2744 2320 substantias
2792 2281 2904 2321 sua:
2950 2265 3146 2322 Filium
3221 2283 3320 2340 per
3365 2285 3528 2340 quem
3575 2271 3751 2326 omnia

2175 2354 2432 2410 condidit.
2463 2355 2528 2410 Et
2557 2356 2676 2413 ideo
2719 2373 2828 2413 non
2863 2368 2947 2414 est
2975 2375 3006 2414 a
3037 2361 3326 2431 semetipso
3376 2359 3548 2416 Filius
3593 2361 3750 2425 Deus,

2177 2443 2317 2499 sicut
2351 2444 2512 2500 Pater
2551 2461 2580 2501 a
2621 2448 2912 2519 semetipso
2939 2443 3024 2505 est
3050 2449 3190 2505 Deus
3215 2469 3227 2504 :
3254 2450 3347 2505 sed
3378 2451 3480 2506 hoc
3506 2452 3656 2530 quod
3680 2461 3755 2514 est

2144 2564 2148 2568 -
2181 2537 2250 2592 ab
2287 2538 2411 2601 alio,
2446 2538 2500 2594 id
2525 2547 2610 2594 est
2633 2553 2663 2594 a
2687 2539 2866 2608 Patre,
2897 2557 3005 2597 non
3031 2558 3060 2596 a
3083 2557 3140 2598 se
3168 2551 3271 2598 est.
3313 2543 3573 2598 Diabolus
3608 2560 3752 2610 vero,

2177 2639 2300 2682 cum
2332 2641 2363 2681 a
2389 2627 2500 2682 Deo
2524 2628 2666 2684 bono
2693 2629 2866 2686 bonus
2893 2639 3039 2687 esset
3074 2630 3268 2697 factus,
3307 2633 3493 2704 genuit
3529 2633 3753 2687 menda-

2143 2747 2148 2752 ε
2177 2716 2340 2783 cium,
2391 2733 2500 2772 non
2542 2728 2750 2776 natura:
2785 2735 2896 2776 suae
2921 2720 3088 2776 illium
3115 2723 3256 2791 quod
3283 2731 3402 2777 erat
3428 2723 3752 2786 substantia,

2178 2809 2272 2864 sed
2306 2808 2620 2878 qualitatem
2664 2809 2717 2866 in
2766 2811 3087 2877 substantia,
3138 2821 3198 2866 ut
3229 2811 3344 2883 ipsa
3377 2812 3619 2882 qualitas
3655 2827 3753 2866 non

2146 2897 2349 2967 possit
2375 2897 2501 2953 alibi
2533 2899 2739 2964 accedi,
2785 2899 2889 2954 nisi
2916 2897 2970 2954 in
3011 2901 3332 2964 substantia,
3369 2900 3512 2969 quod
3542 2909 3633 2954 est
3669 2901 3753 2954 bo-

2178 3003 2328 3044 num.
2379 2986 2460 3044 Ac
2501 3003 2602 3059 per
2644 2990 2765 3054 hoc,
2811 2990 3012 3045 bonum
3056 2999 3235 3061 potest
3274 3005 3394 3045 esse
3427 2989 3546 3045 sine
3594 2991 3753 3069 malo,

2181 3079 2382 3135 malum
2414 3081 2532 3136 sine
2565 3081 2708 3136 bono
2733 3095 2852 3137 esse
2877 3096 2983 3138 non
3013 3091 3211 3152 potest,
3245 3083 3368 3152 quia
3401 3082 3612 3137 nullum
3651 3097 3755 3137 ma-

2181 3169 2290 3241 lum
2331 3170 2628 3238 substantia
2660 3179 2760 3235 est,
2790 3171 2894 3227 nisi
2931 3180 3138 3228 tantum
3167 3172 3402 3241 privatio
3423 3172 3574 3227 boni.
3611 3170 3754 3226 Sicut

2179 3261 2416 3326 tenebrae
2452 3259 2597 3332 nulla
2633 3263 2932 3317 substantia
2975 3272 3078 3327 εει,
3123 3264 3218 3318 sed
3259 3271 3467 3317 tantum
3512 3263 3754 3318 absentia

2179 3350 2332 3406 lucis.
2374 3349 2532 3405 Sicut
2556 3365 2702 3405 mors
2731 3351 2873 3406 nulla
2903 3351 3203 3413 substantia
3249 3361 3350 3416 est,
3401 3351 3497 3407 sed
3543 3361 3754 3406 tantum

2180 3440 2423 3496 absentia
2459 3441 2602 3494 vitae.
2631 3439 2784 3496 Sicut
2813 3441 2986 3499 fames
3019 3442 3164 3512 nulla
3190 3441 3493 3498 substantia
3523 3451 3638 3504 est,
3669 3441 3754 3495 sed

2181 3541 2391 3588 tantum
2413 3532 2655 3588 absentia
2681 3533 2808 3588 cibi.
2848 3533 3002 3590 Sicut
3043 3535 3257 3589 nuditas
3283 3533 3429 3588 nulla
3456 3532 3753 3597 substantia

2180 3631 2282 3688 est,
2329 3612 2428 3678 sed.
2468 3630 2675 3678 tantum
2725 3624 2967 3679 absentia
3012 3625 3336 3680 vestimenti.
3385 3623 3480 3678 Sic
3505 3623 3751 3697 superbia

2181 3713 2326 3776 nulla
2368 3713 2666 3774 substantia
2711 3721 2814 3780 est,
2861 3715 3217 3770 sedabsentia
3277 3713 3626 3774 humilitatis.
3673 3713 3756 3768 Sic

2183 3804 2451 3877 discordia
2477 3805 2622 3861 nulla
2651 3806 2951 3870 substantia
2981 3813 3084 3872 est,
3119 3805 3214 3861 sed
3241 3804 3486 3860 absentia
3521 3803 3756 3858 charita-

2183 3897 2273 3971 tis.
2322 3894 2414 3952 Sic
2459 3895 2734 3968 iracundia
2766 3895 2911 3960 nulla
2937 3897 3238 3959 substantia
3267 3903 3372 3964 est,
3394 3895 3490 3950 sal
3515 3894 3755 3954 absentia

2182 3987 2473 4056 patientize.
2525 3985 2617 4042 Sic
2656 4003 2868 4058 quoque
2897 3988 3234 4043 mendacium
3279 3986 3424 4051 nulla
3457 3985 3755 4049 substantia

2183 4085 2288 4142 est,
2309 4066 2404 4132 sed
2435 4077 2676 4132 absentia
2703 4077 2964 4133 veritatis.

2259 4169 2323 4223 γ.
2365 4168 2510 4224 Dicis
2535 4177 2681 4224 certe
2712 4169 2853 4239 quod
2878 4184 2980 4240 ego
3017 4185 3135 4224 sum
3157 4168 3382 4238 spiritus
3411 4167 3504 4223 ille
3529 4167 3753 4222 mendas

2186 4259 2409 4316 erroris.
2453 4261 2588 4316 Cum
2617 4260 2734 4316 bzec
2758 4261 2912 4324 dicis,
2950 4260 3132 4330 patule
3170 4259 3332 4314 datur
3358 4257 3587 4328 intelligi
3623 4254 3755 4327 quod

2186 4357 2242 4406 te
2272 4365 2517 4416 veracem
2545 4365 2666 4406 esse
2688 4349 2980 4428 profiteris,
3010 4366 3134 4406 cum
3162 4363 3230 4404 ne
3257 4348 3576 4404 mendacem
3607 4347 3756 4402 dicis.

501 4471 533 4510 ο
564 4455 707 4511 bono
733 4453 864 4520 Deo,
888 4453 981 4509 sed
1010 4467 1042 4507 a
1065 4467 1123 4508 se
1148 4461 1234 4508 est
1255 4443 1449 4531 malus.
1481 4452 1633 4520 quod
1659 4433 1957 4531 substantia
1979 4433 2082 4522 es},
2115 4468 2168 4530 υ
2189 4442 2335 4507 Dicis
2362 4443 2507 4498 enim
2533 4441 2704 4500 Fideli
2732 4452 2843 4508 tuo,
2873 4444 3013 4514 quod
3045 4452 3174 4514 puto
3203 4442 3292 4498 ille
3319 4443 3416 4500 tibi
3436 4440 3554 4511 jam
3576 4452 3755 4498 notue—

501 4561 534 4601 a
557 4547 700 4602 bono
732 4545 843 4601 Deo
873 4551 975 4600 est.
1004 4543 1160 4611 Quod
1184 4551 1366 4600 autem
1395 4529 1571 4601 malus
1594 4553 1696 4613 est,
1732 4561 1763 4601 a
1791 4529 1849 4602 se
1877 4555 2084 4624 tantum
2122 4529 2136 4530 ί
2189 4543 2312 4603 rat:
2348 4554 2366 4588 α
2398 4533 2506 4607 Sed
2547 4535 2672 4611 quia
2710 4537 2888 4603 audivi
2931 4537 3076 4608 quod
3112 4549 3414 4606 praecursor
3436 4532 3757 4590 Antichristi

503 4637 700 4702 malus,
737 4651 844 4692 non
871 4650 902 4690 a
941 4637 1081 4692 bono
1117 4636 1230 4692 Deo
1259 4636 1454 4714 malus.
1483 4637 1552 4717 Et
1577 4637 1720 4711 unde
1748 4636 1973 4712 effectus
2003 4645 2088 4719 est

504 4727 701 4794 malus,
729 4726 833 4781 nisi
866 4738 974 4780 non
1001 4724 1326 4803 adhaerendo
1356 4710 1478 4781 Deo
1503 4710 1726 4782 eli’ectus
1759 4734 1844 4792 est
1862 4710 2087 4781 malus?

503 4817 648 4876 sicut
673 4831 706 4873 e
731 4816 1006 4872 contrario
1038 4815 1262 4887 angelus
1295 4816 1468 4872 bonus
1509 4817 1832 4896 adhaerendo
1868 4816 1980 4871 Deo
2002 4823 2088 4892 est

507 4911 700 4966 bonus.
733 4908 886 4965 Unde
909 4923 1040 4980 ergo
1066 4923 1175 4964 non
1202 4908 1426 4964 adhaesit
1444 4908 1554 4984 Deo
1577 4907 1838 4980 diabolus,
1862 4915 1921 4962 ut
1945 4915 2089 4968 esset

509 5002 702 5067 bonus,
732 5000 839 5056 nisi
878 5000 1004 5075 quia
1034 4999 1264 5075 mendax
1291 4997 1420 5053 est?
1454 4997 1537 5073 Ab
1577 4998 1733 5053 initio
1765 4998 1908 5074 enim
1936 5015 2085 5053 men-

507 5091 617 5146 das
635 5090 754 5160 fuit,
785 5073 1076 5146 secundum
1099 5073 1311 5144 Domini
1331 5086 1557 5165 dictum,
1580 5088 1704 5142 etin
1727 5073 1941 5142 veritate
1961 5105 2091 5165 nun-

505 5195 666 5251 quam
685 5179 843 5234 stetit.
866 5179 1080 5235 Veritas
1099 5178 1245 5232 enim
1270 5177 1412 5233 Deus
1429 5185 1532 5244 est,
1555 5183 1615 5232 ut
1637 5191 1794 5248 supra
1817 5176 2083 5231 diximus:

509 5270 568 5330 la
594 5284 702 5342 qua
731 5270 957 5326 veritate
981 5277 1127 5326 stare
1153 5269 1493 5338 contempsit.
1536 5267 1870 5342 Mendacium
1902 5266 2086 5333 ﬂuxit,

510 5362 640 5432 quia
665 5361 808 5432 quod
836 5361 979 5416 Deus
1018 5358 1326 5430 possidebat
1353 5374 1450 5429 per
1489 5365 1741 5414 naturam
1787 5357 1957 5412 voluit
2000 5357 2091 5412 ille

509 5451 617 5507 hoc
642 5450 1041 5521 apprehendere
1075 5464 1176 5520 per
1209 5450 1474 5519 rapinam,
1505 5448 1728 5504 dicens:
1766 5446 1875 5501 Ero
1903 5447 2091 5520 similis

2185 4627 2242 4682 in
2268 4627 2445 4700 medio
2469 4626 2638 4703 nostri
2681 4628 2948 4712 apparuit,
2985 4627 3112 4697 quia
3137 4626 3286 4692 illum
3308 4625 3421 4695 jam
3458 4632 3651 4698 patum
3675 4640 3766 4678 an-

2184 4716 2412 4781 nuntiat,
2442 4731 2625 4798 quasso
2647 4724 2706 4771 ut
2721 4717 3003 4798 perquiras
3028 4717 3096 4772 ab
3121 4731 3187 4782 eo
3212 4716 3325 4790 ubi,
3352 4723 3446 4790 aut
3470 4715 3757 4785 quamde.

2185 4815 2280 4885 aut
2299 4794 2515 4885 quando
2544 4814 2704 4882 natus
2721 4814 2806 4862 est
2833 4794 3057 4878 spiritus
3092 4806 3182 4876 ille
3214 4806 3448 4872 mendax
3472 4807 3761 4882 propheta.-

2185 4911 2308 4952 rum
2343 4897 2436 4966 qui
2476 4896 2531 4974 in
2567 4911 2634 4952 eo
2666 4886 2924 4969 loquitur,
2962 4911 3062 4952 nos
3089 4895 3348 4974 sollicitos
3384 4893 3615 4968 [certos]
3638 4895 3757 4962 red»

2187 4985 2304 5062 das.
2329 5006 2347 5039 ι
2382 4971 2534 5062 Multi
2570 4985 2715 5061 enim
2745 4975 3084 5074 intelligunt,
3142 4983 3234 5058 qui
3280 4971 3468 5065 legunt
3511 4980 3757 5074 nebulam

2187 5079 2476 5157 verborum
2517 5085 2732 5151 tuorum
2755 5092 2876 5160 quae
2907 5073 3008 5130 sub
3036 5075 3292 5152 allegoria
3331 5074 3551 5150 scribis,
3589 5082 3649 5128 ut
3672 5073 3758 5144 ttat

2188 5170 2416 5239 qumstio
2455 5169 2596 5245 inter
2645 5167 2991 5246 interpretes,
3037 5175 3093 5222 et
3144 5176 3219 5244 te,
3260 5175 3519 5236 tanquam
3565 5176 3758 5234 novum

2187 5261 2523 5336 prophetam,
2555 5260 2889 5330 aanigmatice
2927 5258 3163 5313 locutum
3193 5257 3502 5327 explanent.
3539 5253 3689 5323 Quod
3714 5252 3756 5307 si

2191 5345 2462 5407 inveneris
2500 5350 2808 5422 laudatores
2843 5357 2962 5404 tuos
2997 5348 3089 5418 qui
3129 5348 3340 5418 possint
3377 5345 3544 5402 multa
3576 5344 3755 5413 opina:

2189 5445 2299 5498 tive
2318 5441 2587 5517 conﬁgere
2611 5451 2672 5496 ut
2700 5439 2940 5515 conligis,
2981 5447 3038 5494 et
3073 5437 3374 5503 adulantes,
3417 5449 3569 5491 more
3600 5444 3750 5504 pane-

513 5541 802 5597 Altissimo.
836 5542 903 5595 Et
924 5542 1045 5596 ideo
1071 5540 1320 5605 mendax,
1349 5539 1477 5609 quia
1502 5539 1569 5594 de
1591 5553 1690 5594 suo
1714 5538 1870 5603 dixit,
1902 5539 1969 5594 de
1995 5553 2094 5594 suo
2192 5535 2395 5613 gyrico,
2430 5532 2526 5587 tibi
2553 5531 2910 5602 respondeant
2945 5528 3138 5602 solum,
3163 5528 3292 5614 quia
3329 5535 3519 5583 contra
3554 5537 3669 5597 nos.
3699 5529 3750 5591 ul

514 5631 836 5700 composuit,
875 5629 942 5684 de
967 5645 1065 5685 suo
1093 5628 1268 5694 ﬁnxit,
1316 5645 1347 5684 a
1395 5629 1685 5698 semetipso
1727 5629 1916 5685 didicit
1950 5629 2093 5699 quod

519 5721 674 5793 dixit.
693 5716 762 5778 Et
787 5718 910 5785 quia
939 5733 969 5772 a
997 5718 1284 5785 semetipso
1303 5718 1512 5786 didicit,
1541 5719 1664 5775 ideo
1683 5720 1956 5788 propriam
1980 5719 2093 5789 glo-

2193 5627 2328 5698 agis,
2366 5633 2547 5695 agant,
2583 5623 2831 5679 doctores
2854 5620 3163 5692 peritissimi
3190 5635 3219 5673 a
3243 5629 3295 5674 te
3327 5617 3751 5706 comprobemus,

2195 5719 2320 5774 licet
2358 5715 2696 5772 mendacium
2731 5705 3038 5784 loquantur.
3085 5711 3152 5766 Et
3191 5711 3330 5766 unde
3361 5710 3464 5765 hoc
3492 5707 3594 5763 scis
3615 5705 3752 5768 quod
