3992 6176
282 363 403 433 δῦσΙ

971 370 1248 453 ueremi
1285 371 1373 429 er
1408 373 1468 429 s.
1490 364 1711 430 nam
1748 375 1839 430 an
1876 342 2270 431 animum!
2309 373 2527 431 EPIST.
2566 404 2637 415 -
2673 375 2800 429 un.
2840 374 2903 430 n.

3437 365 3551 430 Μ

296 478 606 561 ντωαιιιεὸι*
633 484 948 544 Antichristi
981 502 1123 554 sum,
1166 488 1258 556 qui
1302 487 1605 556 specialiter
1640 502 1672 542 a
1699 495 1756 543 te
1779 486 1874 543 de-
1897 491 1946 548 Δ
1972 487 2247 545 Christum
2290 489 2493 545 Filium
2529 490 2620 546 Dei
2644 490 2858 559 publice
2885 488 3225 546 conﬁtemur.
3260 476 3447 560 thu'i
3473 492 3544 546 ita

294 577 501 632 notor?
536 567 658 631 3am
679 576 859 632 dicis:
899 575 997 631 «In
1034 574 1217 630 medio
1261 576 1433 629 nostri
1458 575 1725 646 apparuit.
1753 592 1774 628 ο
1806 576 1873 631 Et

295 667 429 738 quid
454 675 542 723 est
572 667 743 721 inedia
770 668 1068 732 restri,'aut
1090 666 1282 735 quanti
1302 665 1456 732 estis,
1494 666 1551 721 in
1573 666 1730 735 cujus
1753 682 1873 723 me-

295 760 390 816 dio
430 761 591 817 sum?
638 759 815 816 Debes
865 759 1146 816 nominare
1181 768 1239 816 et
1280 762 1514 832 speciem
1542 763 1716 832 partis
1744 771 1869 829 tute,

294 851 439 908 sicut
477 852 711 923 speciem
751 852 922 923 partis
966 851 1304 909 Antichristi.
1331 852 1446 909 Hoc
1482 869 1679 910 nomen
1715 853 1874 911 Anti-

294 942 490 1000 christi
526 957 696 1000 unum
737 949 914 1009 sonat,
962 943 1059 1000 sed
1104 942 1259 999 multi
1301 950 1444 1009 sunt,
1473 951 1531 1000 et
1551 945 1606 999 in
1632 945 1874 1002 Ecclesia

294 1026 536 1098 fuerunt,
572 1040 632 1088 et
675 1033 744 1088 de
784 1033 1023 1089 Ecclesia
1067 1034 1336 1091 exierunt.
1372 1034 1513 1090 Nihil
1549 1037 1694 1091 enim
1729 1036 1876 1093 aliud

292 1128 382 1180 est
426 1137 624 1178 nomen
666 1120 988 1179 Antichristi
1024 1123 1133 1179 nisi
1176 1124 1484 1180 contrarius
1521 1123 1757 1181 Christo.
1807 1126 1877 1183 Et

293 1224 422 1268 cum
464 1198 787 1267 contrarius
837 1211 1110 1268 invenitur
1160 1212 1378 1270 Christo
1400 1254 1417 1281 ,
1479 1223 1706 1286 apparet
1754 1233 1875 1274 esse

295 1302 548 1358 mendax.
593 1301 663 1357 Et
705 1317 829 1357 eum
872 1304 1104 1360 mendax
1159 1305 1423 1377 apparuit,
1480 1319 1707 1378 apparet
1750 1323 1874 1367 esse

294 1394 440 1451 ﬁlius
506 1393 726 1450 diaboli.
787 1395 856 1450 Et
909 1395 1088 1454 omnis
1150 1399 1379 1455 mendax
1439 1400 1583 1457 ﬁlius
1623 1397 1871 1474 'diaboli,

292 1486 420 1556 quia
458 1485 735 1551 diabolus,
781 1495 845 1543 ut
874 1502 1041 1560 supra
1079 1488 1343 1558 diximus,
1383 1499 1539 1564 pater
1588 1503 1672 1551 est
1718 1482 1872 1552 men;

292 1579 454 1635 dacii.

363 1666 453 1722 Vl.
498 1667 860 1739 Requiramus
905 1684 1050 1726 nunc
1083 1671 1176 1742 qui
1219 1681 1304 1728 est
1339 1674 1593 1731 mendax.
1616 1673 1874 1751 Joannes

292 1757 568 1829 apostolus
608 1758 775 1815 dicat.
810 1759 907 1816 Sic
929 1761 1075 1816 enim
1108 1762 1223 1818 ait:
1255 1761 1441 1820 Omnis
1471 1768 1562 1838 qui
1598 1768 1875 1837 conﬁtetur

288 1850 433 1922 quod
475 1850 632 1907 Iesus
676 1866 781 1907 non
818 1860 894 1907 est
937 1849 1113 1908 Filius
1139 1853 1257 1921 Dei,
1285 1856 1514 1912 mendax
1555 1868 1651 1923 est,
1686 1868 1735 1914 et
1764 1859 1874 1930 ipse

288 1950 368 1998 est
395 1942 764 1998 Antichristus.
795 1943 875 1999 Tu
917 1943 1053 2001 dicis
1092 1945 1218 2017 quia
1266 1944 1426 2004 Jesus
1454 1964 1559 2005 non
1586 1958 1673 2006 est
1702 1942 1874 2009 Filius

291 2032 411 2088 Dei.
436 2031 505 2088 Et
531 2033 652 2102 quis
670 2039 756 2088 est
782 2031 959 2107 Jesus,
986 2035 1092 2090 nisi
1121 2036 1284 2092 homo
1326 2037 1416 2095 ille
1449 2040 1540 2109 qui
1564 2041 1632 2097 de
1648 2040 1874 2113 Virgine

290 2129 455 2177 natus
477 2121 595 2177 est?
625 2121 767 2178 Ecce
792 2122 885 2192 qni
908 2124 1052 2180 hunc
1083 2122 1267 2181 lesum
1314 2137 1476 2199 negat
1514 2143 1635 2186 esse
1674 2128 1873 2186 Filium

289 2211 407 2275 Dei,
451 2211 819 2268 Antichristus
859 2222 963 2279 est,
995 2223 1050 2270 et
1085 2215 1422 2272 mendacium
1461 2217 1717 2288 loquitur,
1747 2221 1873 2290 quia

287 2312 481 2357 sumes
509 2302 783 2358 credimus
816 2305 963 2375 quod
1004 2303 1162 2361 Jesus
1200 2305 1372 2363 Filius
1396 2309 1493 2365 Dei
1521 2319 1624 2369 est.
1656 2292 1790 2368 Vide
1813 2319 1871 2368 tu

291 2408 436 2449 nunc
478 2395 601 2465 quis
641 2404 727 2451 est
766 2412 1073 2467 prtecursor
1113 2397 1430 2458 Antichristi
1473 2403 1567 2481 qui
1606 2403 1662 2458 in
1695 2403 1874 2460 medio

290 2487 456 2542 vestri
498 2487 766 2557 apparuit.
797 2487 1079 2555 Quomodo
1105 2491 1358 2568 apparuit
1402 2493 1494 2563 qui
1532 2501 1692 2548 natus
1736 2492 1874 2547 fuit?

289 2575 597 2646 Antequam
634 2586 967 2644 nasceretur,
1013 2594 1322 2649 praecarsor
1347 2580 1689 2639 Antichristi.
1719 2582 1874 2639 Post-

290 2681 456 2736 quam
477 2681 606 2722 vero
633 2676 795 2723 natus
833 2668 953 2741 fuit,
987 2667 1105 2738 jam
1152 2680 1387 2728 nonest
1428 2688 1754 2744 prtecursor,
1777 2676 1873 2732 sed

286 2759 411 2831 ipse
449 2764 535 2816 est
575 2759 962 2819 Antichristus.
1012 2764 1152 2835 Quid
1177 2774 1261 2822 est
1289 2768 1543 2825 nativitas
1581 2769 1729 2838 ejus,
1768 2771 1870 2827 nisi

292 2850 561 2921 apparitio
598 2850 751 2921 ejus?
799 2852 866 2909 Et
903 2855 1039 2924 quid
1073 2857 1342 2927 apparitio
1374 2858 1509 2929 ejus,
1557 2860 1661 2915 nisi
1698 2862 1871 2917 mani-

291 2942 508 2999 lbstatio
535 2943 687 3014 ejus?
715 2945 782 3000 Et
804 2946 935 3016 quid
954 2954 1037 3001 est
1057 2934 1420 3015 manifestatio
1440 2950 1576 3021 ejus,
1608 2952 1709 3007 nisi
1730 2968 1871 3024 prai-

290 3032 491 3089 dicatio
530 3033 681 3104 eius?
712 3034 1015 3107 Antequam
1044 3040 1381 3108 praedicaret,
1414 3057 1719 3113 prtecursor
1752 3052 1870 3100 erat

1973 593 2078 633 non
2100 577 2387 634 crediderit
2415 578 2784 644 ut'credimus,
2815 580 2990 647 ipsum
3010 593 3136 634 esse
3154 579 3546 636 Antichristnm

1971 666 2428 722 non'duhitamus.
2450 664 2571 722 Non
2596 666 2772 736 ipsum
2790 681 2890 737 per
2912 666 3147 736 speciem
3172 667 3265 736 qui
3288 675 3549 724 venturus

1972 765 2076 824 est,
2123 759 2217 815 sed
2259 759 2406 828 ipsos
2442 771 2580 827 quos
2607 756 2886 825 apostolus
2919 754 3159 812 Joannes
3180 757 3355 812 dixit:
3390 757 3548 813 Nam:

1971 850 2029 905 in
2048 848 2284 905 Ecclesia
2307 849 2614 905 Antichristi
2631 847 2785 902 multi
2815 856 2955 903 sunt.
2992 847 3079 903 Ea:
3106 847 3257 903 notis
3285 849 3542 914 ederunt,

1971 940 2063 995 sed
2086 955 2193 996 non
2224 948 2377 995 erant
2402 955 2469 995 ea:
2492 940 2662 1003 nobis,
2710 938 2765 995 id
2803 945 2911 1004 εει,
2959 938 3019 1006 in
3060 939 3167 996 ﬁde
3204 947 3394 996 nostra
3424 955 3547 997 ‘non

1972 1040 2147 1088 erant.
2170 1030 2323 1099 Quod
2344 1031 2391 1086 si
2417 1030 2647 1087 fuissent
2669 1045 2737 1088 ex
2758 1030 2864 1086 ﬁde
2889 1039 3096 1096 nostra,
3120 1031 3548 1101 pennansissent

1973 1120 2159 1191 utique
2182 1121 2487 1176 nobiscum.
2535 1122 2603 1176 Et
2628 1120 2752 1199 ideo
2780 1120 3087 1178 antichristi
3116 1122 3454 1193 appellantur
3475 1125 3547 1180 ab

1971 1212 2324 1278 Antichristo,
2352 1214 2405 1268 id
2431 1221 2535 1280 est,
2560 1215 2823 1270 contrarii
2846 1214 3051 1272 Christi
3090 1226 3375 1284 vocantur,
3418 1220 3553 1289 quia

1972 1309 2161 1361 contra
2180 1302 2467 1360 Christum
2493 1315 2753 1377 pugnant.
2783 1304 2919 1362 Nam
2954 1308 3096 1364 sicut
3126 1310 3317 1368 habuit
3343 1312 3548 1369 media-

1973 1401 2121 1450 tores
2161 1409 2291 1451 suos
2331 1395 2567 1452 christus
2608 1397 2777 1454 David
2798 1419 2821 1462 ,-
2844 1399 2931 1454 vel
2959 1409 3186 1457 caeteros
3223 1400 3316 1474 qui
3356 1402 3547 1460 christi

1973 1482 2292 1540 dicebantur
2316 1494 2372 1540 et
2398 1500 2521 1540 eum
2559 1486 2997 1559 praeﬁgurabant,
3026 1490 3106 1546 sic
3135 1490 3225 1547 ille
3253 1492 3398 1548 ﬁlius
3421 1508 3547 1566 per-

1972 1573 2194 1631 ditionis
2220 1575 2605 1644 Antichristus,
2635 1580 2728 1650 qui
2755 1596 2876 1637 eum
2897 1582 3248 1655 praeﬁgurant
3266 1593 3327 1640 et
3348 1601 3544 1649 nomen

1971 1667 2174 1724 habent
2220 1668 2562 1727 Antichristi.
2622 1671 2992 1729 Antichristus
3043 1675 3361 1745 appellatur,
3418 1677 3545 1746 quia

1971 1764 2159 1813 contra
2170 1757 2447 1817 Christum
2457 1768 2713 1818 venturus
2727 1770 2827 1818 est.
2845 1761 2962 1819 Non
2975 1767 3257 1834 quomodo
3275 1766 3548 1838 simplices

1976 1848 2280 1922 intelligunt
2302 1890 2317 1916 ,
2359 1850 2747 1908 Antichristum
2802 1854 2923 1910 ideo
2969 1854 3172 1911 dictum
3226 1858 3369 1927 quod
3418 1866 3548 1915 ante

1975 1938 2251 1996 Christum
2280 1948 2541 1997 venturus
2558 1942 2651 2008 sit,
2682 1943 2734 1998 id
2761 1953 2863 2009 est,
2892 1952 3016 2015 post
3038 1961 3162 2001 eum
3188 1947 3370 2001 veniet
3390 1947 3548 2003 Chri-

1974 2038 2111 2088 stus.
2142 2031 2258 2087 Non
2282 2032 2384 2097 sic,
2424 2034 2520 2088 sed
2539 2032 2905 2091 Antichristus
2933 2034 3121 2091 Grmce
3149 2036 3365 2102 dicitur,
3405 2038 3549 2107 quod

1975 2132 2061 2180 est
2096 2124 2289 2180 Latine
2316 2126 2622 2180 contrarius
2647 2125 2883 2182 Christo.
2923 2128 3063 2182 Anti
3087 2129 3457 2185 enim'Grtece
3494 2130 3548 2183 in

1974 2215 2226 2271 Latinum
2265 2225 2447 2271 contra
2489 2217 2776 2288 signiﬁcat.
2822 2219 3098 2274 Christum
3132 2221 3357 2275 seenim
3396 2228 3550 2275 men—

1975 2305 2141 2360 tietur
2182 2305 2309 2360 dum
2349 2307 2577 2372 venerit,
2603 2315 2659 2363 et
2682 2314 2870 2362 contra
2894 2322 3019 2364 eum
3042 2307 3341 2372 dimicabit,
3370 2317 3427 2365 et
3455 2310 3549 2363 ad-

1973 2398 2279 2453 versabitur
2318 2400 2675 2454 sacramentis
2704 2399 2908 2456 Christi
2934 2441 2950 2466 ,
2984 2409 3051 2456 ut
3086 2401 3335 2457 veritatis
3373 2400 3549 2456 Evau~

1972 2489 2169 2560 gelium
2201 2490 2392 2555 solvat,
2440 2499 2495 2544 et
2530 2506 2636 2545 non
2684 2491 2929 2561 recipiat,
2973 2492 3077 2547 nisi
3127 2498 3336 2547 tantum
3377 2492 3551 2563 legem

1975 2579 2264 2637 Mosaicam
2289 2622 2303 2646 ,
2362 2589 2418 2637 et
2475 2582 2732 2664 papillam
2786 2584 2855 2638 ad
2914 2583 3384 2639 circumcisionem
3428 2598 3548 2654 pm

1976 2678 2150 2725 vocet.
2189 2670 2326 2726 Nam
2358 2679 2417 2727 et
2461 2673 2719 2743 templum
2744 2673 3138 2746 Hierosolymis
3183 2689 3452 2746 reparare,
3492 2684 3549 2732 ct

1971 2762 2149 2818 omnis
2178 2761 2316 2834 legis
2344 2765 2544 2820 veteris
2581 2765 2932 2821 cairemonias
2964 2776 3272 2822 restaurare
3297 2766 3546 2822 tentabit.

2042 2852 2173 2908 Vlll.
2215 2853 2320 2909 Sed
2341 2863 2398 2910 ει
2422 2854 2510 2910 ille
2535 2855 2902 2913 Antichristus
2938 2865 3023 2913 est
3058 2857 3152 2927 qui
3192 2865 3353 2931 negat
3379 2859 3547 2915 Deum

1971 2958 2091 3000 esse
2112 2941 2295 2999 Iesum
2320 2944 2616 3002 Christum.
2640 2947 2987 3004 Contrarium
3009 2951 3174 3015 enim,
3200 2960 3267 3006 ut
3293 2951 3547 3016 diximus,

1970 3031 2170 3089 Christi
2197 3043 2301 3090 εει.
2326 3034 2433 3091 Sed
2458 3044 2515 3091 et
2538 3036 2628 3091 ille
2648 3036 3016 3095 Antichristus
3035 3048 3119 3095 est
3136 3042 3227 3111 qui
3256 3058 3359 3096 non
3385 3042 3549 3097 credit

292 3126 629 3197 Antichristi,
674 3131 800 3202 quia
840 3131 1012 3187 noluit
1042 3133 1315 3198 Christum
1360 3136 1645 3209 intelligere
1665 3148 1720 3192 ut
1742 3138 1868 3195 bene
1906 3164 1942 3209 ςΔ
1968 3123 2153 3181 Iesum
2184 3125 2464 3183 Christum
2484 3144 2605 3184 esse
2635 3128 2824 3196 Deum.
2857 3131 3113 3201 openbus
3141 3140 3320 3188 autem
3343 3133 3551 3187 dissen-

290 3231 464 3294 ageret
485 3238 505 3288 ;
539 3222 630 3278 sed
649 3223 975 3294 iniquitatem
1003 3225 1283 3281 meditatas
1307 3236 1383 3291 est
1412 3228 1470 3282 in
1493 3204 1659 3291 cubili
1681 3247 1794 3291 suo,
1819 3238 1869 3284 et

1974 3216 2040 3272 tit
2066 3232 2098 3272 a
2125 3217 2363 3275 Christo.
2392 3218 2671 3275 Christum
2694 3221 2869 3302 credit
2901 3223 3025 3287 ﬁde,
3058 3222 3153 3276 sed
3179 3232 3338 3294 negat
3364 3238 3546 3292 opere.

288 3313 457 3368 astitit
499 3313 642 3367 omni
664 3312 759 3367 rite
784 3328 886 3368 non
917 3312 1084 3375 (tanta.
1123 3314 1256 3371 Cum
1282 3316 1428 3371 omni
1454 3316 1552 3374 via:
1583 3332 1689 3372 non
1717 3320 1873 3376 bona:

292 3404 485 3471 astitit,
508 3403 624 3459 sine
643 3403 808 3460 dubio
833 3403 1152 3463 Antichristi
1177 3422 1489 3487 praecursor
1506 3408 1635 3471 fuit.
1651 3409 1720 3464 Et
1745 3426 1869 3466 cum

291 3496 631 3568 iniquitatem
678 3498 891 3568 publice
929 3500 1213 3571 praedicat,
1246 3515 1408 3575 quam
1447 3509 1600 3566 tanto
1629 3509 1873 3574 tempore

292 3587 347 3643 in
372 3587 535 3644 cubili
561 3604 679 3654 suo,
708 3588 761 3643 id
790 3598 896 3655 est,
921 3590 976 3644 in
999 3599 1211 3646 secreto
1235 3591 1415 3647 cordis
1438 3592 1542 3658 sui,
1572 3592 1871 3659 meditavit,

289 3679 407 3733 sine
431 3678 594 3735 dubio
618 3677 985 3735 Antichristus
1024 3688 1129 3745 est,
1172 3679 1299 3749 quia
1332 3677 1515 3735 Iesum
1545 3686 1704 3751 negat
1728 3680 1871 3750 quod

289 3770 461 3825 Filius
483 3769 576 3824 Dei
598 3776 703 3825 est.

292 3867 302 3875 '
363 3858 474 3914 Vll.
516 3858 624 3917 Sed
654 3859 794 3915 forte
819 3861 955 3917 dicis
980 3864 1007 3915 ε’
1023 3859 1178 3917 Unde
1214 3861 1319 3916 hoc
1340 3860 1582 3916 afﬁrmas
1607 3862 1743 3931 quod
1764 3861 1874 3917 An-

290 3948 572 4006 tichristus
616 3949 732 4004 est?
775 3949 928 4006 Unde
961 3951 1065 4006 hoc
1106 3950 1356 4007 afﬁrmo?
1387 3952 1532 4017 audi,
1564 3952 1691 4022 quia
1720 3952 1874 4008 mali-

287 4041 421 4095 tiam
460 4055 570 4096 non
610 4040 798 4096 odivit.
839 4041 1109 4112 Propheta
1144 4043 1248 4098 hoc
1283 4044 1439 4109 dixit,
1478 4061 1583 4100 non
1610 4060 1729 4116 ego.
1757 4045 1871 4099 No-

286 4132 404 4195 luit,
454 4132 649 4203 inquit,
694 4131 981 4205 intelligere
1019 4144 1073 4187 ut
1120 4134 1246 4188 bene
1294 4144 1487 4207 ageret.
1536 4134 1872 4206 Iniquitatem

285 4221 566 4278 meditatus
594 4232 670 4278 est
692 4224 748 4279 in
770 4223 930 4278 cubili
949 4220 1067 4289 suo,
1093 4225 1258 4279 astitit
1289 4227 1430 4280 omni
1458 4226 1550 4280 ria:
1571 4243 1675 4281 non
1701 4226 1869 4292 Dante,

284 4310 547 4367 malitiam
596 4323 771 4367 autem
818 4330 922 4368 non
962 4314 1144 4370 adivit.
1188 4314 1294 4370 Ista
1337 4316 1442 4370 tria
1488 4317 1542 4371 in
1591 4317 1871 4375 mendacio

288 4412 433 4467 sunt,
459 4418 570 4459 non
598 4402 655 4458 in
682 4403 928 4460 veritate.
971 4402 1092 4458 iam
1128 4403 1495 4461 Antichristus
1531 4406 1695 4461 habet
1721 4406 1869 4461 anti-

192 4480 223 4493 ”
287 4495 544 4550 christos.
582 4492 834 4566 Nunquid
872 4495 1241 4573 Antichristus
1283 4496 1430 4551 aliud
1450 4495 1713 4553 tacturus
1752 4504 1864 4563 εει,

287 4604 412 4645 cum
437 4588 667 4655 venerit,
699 4589 803 4645 nisi
836 4590 942 4647 hoc
972 4597 1179 4645 tantum
1204 4589 1349 4660 quod
1376 4598 1563 4646 contra
1589 4589 1865 4645 Christum

287 4680 645 4737 dimicaturus
668 4681 758 4748 sit,
790 4688 845 4737 et
869 4678 1219 4751 Evangelium
1244 4678 1363 4749 ejus
1398 4696 1505 4735 non
1539 4679 1785 4749 recipiat,
1812 4686 1869 4735 et

287 4770 435 4826 dicat
462 4788 475 4825 :
510 4770 625 4843 Ego
649 4786 767 4829 sum
803 4770 1087 4827 Christus?
1119 4769 1238 4826 lam
1262 4778 1320 4826 et
1339 4777 1396 4825 tu
1424 4769 1562 4825 dicis
1588 4787 1602 4823 :
1634 4789 1652 4821 ι
1676 4769 1743 4824 Et
1768 4786 1869 4827 nos

286 4862 480 4918 christi
503 4876 711 4928 sumus,
747 4863 901 4918 sicut‘
915 4860 1183 4921 Christus.
1206 4880 1226 4913 ι
1252 4860 1322 4916 Et
1356 4860 1617 4916 Dominus
1647 4875 1747 4916 nos
1770 4861 1868 4916 ad-

285 4964 472 5012 monet
494 4957 715 5012 dicens:
745 4955 1037 5028 Exsurgent
1059 4954 1439 5029 pseudochristi
1476 4965 1525 5009 et
1554 4955 1871 5027 pseudopro-

282 5047 482 5123 phetis;
510 5056 557 5101 et
590 5046 788 5105 dabunt
810 5047 963 5117 signa
984 5056 1033 5101 et
1053 5046 1314 5118 prodigia,
1345 5045 1420 5099 ita
1455 5054 1513 5099 ut
1543 5045 1600 5100 in
1637 5061 1868 5101 errorem

284 5141 587 5206 mittantur,
607 5141 652 5195 si
671 5140 790 5211 ﬁeri
816 5148 1001 5213 potest,
1029 5140 1189 5194 etiam
1218 5137 1386 5194 electi.
1415 5135 1536 5193 iam
1562 5146 1619 5193 et
1647 5139 1753 5194 hoc
1775 5153 1869 5193 ex-

283 5229 591 5302 perimento
632 5231 1003 5302 cognovimus,
1038 5229 1164 5302 quia
1198 5229 1266 5285 ad
1294 5230 1435 5285 hanc
1457 5236 1695 5285 vestram
1729 5231 1869 5285 veri-

285 5319 437 5384 tatis,
484 5317 608 5376 ﬁdei
651 5320 980 5376 contrariam
1006 5332 1033 5362 ι
1061 5319 1305 5392 plerique
1334 5319 1498 5376 etiam
1528 5319 1705 5386 electi,
1744 5319 1871 5376 licet

285 5411 356 5466 ad
395 5410 688 5476 modicum,
734 5411 934 5467 turbati
977 5419 1121 5467 sunt.
1150 5411 1251 5480 Qui
1276 5420 1332 5468 et
1358 5425 1566 5477 omnes,
1607 5427 1730 5467 cum
1756 5412 1868 5483 pri-

287 5503 456 5558 mitus
476 5501 802 5568 audivimus,
832 5501 1033 5558 turbati
1056 5502 1275 5559 fuimus.
1307 5503 1376 5558 Et
1406 5504 1526 5559 ideo
1548 5502 1868 5566 Antichristi

284 5605 656 5664 prtecursorcs
679 5607 785 5647 non
820 5607 1027 5647 sumus.
1054 5591 1192 5660 Quin
1220 5594 1325 5649 etsi
1365 5611 1486 5650 cum
1525 5593 1689 5649 Petro
1719 5609 1868 5650 erra-

286 5683 484 5746 vimus,
506 5681 620 5753 jam
648 5694 771 5741 cum
797 5699 862 5739 co
888 5691 1069 5740 errata
1105 5684 1427 5757 plangimus,
1454 5694 1506 5741 ct
1537 5685 1720 5747 lusum
1749 5700 1869 5742 esse

358 5785 385 5816 ι
422 5773 883 5837 Przedicationcm,
912 5774 995 5831 vel
1018 5773 1192 5831 simile
1216 5774 1364 5830 ouid.

1896 4558 1946 4617 l)

1974 3311 2052 3368 De
2106 3311 2303 3381 quibus
2355 3309 2647 3392 Apostolus
2699 3313 2868 3369 dicit:
2898 3313 3230 3383 Conﬁtentur
3277 3323 3452 3369 autem
3496 3332 3551 3369 se

1973 3414 2122 3459 nosse
2147 3402 2336 3468 Deam,
2357 3403 2515 3472 factis
2538 3414 2712 3457 autem
2734 3412 2943 3474 negant.
2970 3401 3104 3457 Nam
3125 3404 3496 3475 unusquisque
3519 3422 3549 3460 a

1972 3497 2254 3552 conditore
2279 3508 2399 3559 suo,
2437 3503 2531 3549 aut
2558 3494 2663 3550 ﬁde
2685 3495 2908 3557 secedit,
2945 3504 3040 3549 aut
3060 3509 3244 3565 opere.
3284 3494 3436 3551 Sicut
3455 3498 3547 3567 qui

1974 3587 2078 3643 ﬁde
2100 3585 2302 3642 secedit
2327 3586 2695 3642 Antichristus
2724 3595 2827 3651 est,
2858 3587 2934 3642 ita
2962 3595 3016 3643 et
3041 3588 3131 3657 qui
3160 3602 3324 3657 opere
3346 3586 3550 3645 secedit

1972 3678 2042 3732 ab
2066 3676 2431 3746 omnipotente
2458 3678 2566 3733 Deo
2603 3685 2845 3748 apostata
2880 3679 3209 3745 nominatur,
3234 3679 3445 3736 etiamsi
3492 3682 3550 3737 in

1973 3768 2216 3824 Ecclesia
2260 3769 2420 3825 ﬁdem
2466 3777 2650 3826 tenere
2691 3770 2958 3826 videatur.
3008 3771 3209 3828 Omnes
3261 3773 3405 3829 enim
3456 3776 3549 3845 qui

1972 3866 2173 3915 exeunt
2194 3859 2260 3914 de
2284 3858 2542 3923 Ecclesia,
2567 3868 2623 3915 et
2643 3861 2713 3916 ab
2746 3861 2955 3917 unitate
2983 3862 3106 3917 ﬁdei
3134 3870 3189 3918 et
3211 3864 3392 3937 operis
3411 3878 3551 3934 pric-

1971 3950 2242 4017 ciduntur,
2268 3950 2385 4007 sine
2405 3949 2740 4007 dubitatione
2772 3950 3072 4008 antichristi
3094 3967 3214 4012 esse
3233 3953 3546 4009 creduntur.

1972 4041 2081 4100 Nos
2108 4052 2309 4109 autem,
2340 4051 2601 4115 quantum
2626 4044 2694 4101 ad
2723 4045 2983 4100 rationem
3008 4045 3132 4102 ﬁdei
3159 4054 3356 4103 nostra:
3386 4049 3551 4118 perti-

1969 4143 2083 4203 net,
2123 4136 2191 4192 ab
2217 4135 2455 4192 Ecclesia
2500 4151 2607 4191 non
2653 4136 2940 4191 exivimus.
2973 4133 3113 4202 Quia
3152 4136 3241 4191 illa
3291 4150 3411 4207 qua:
3450 4153 3551 4207 per

1970 4234 2142 4281 totum
2166 4227 2425 4282 mundum
2460 4226 2531 4281 ah
2560 4226 2818 4308 apostolis
2850 4225 3047 4281 tradita
3077 4227 3403 4283 universitas
3430 4242 3550 4284 crc—

1970 4315 2212 4372 dentium
2255 4325 2403 4372 tenet
2442 4314 2607 4385 (unde
2635 4332 2831 4371 nomen
2870 4317 3035 4372 habet
3061 4315 3369 4385 catholica),
3405 4319 3546 4375 hanc

1970 4407 2130 4462 ﬁdem
2154 4416 2415 4462 tenemus.
2439 4405 2508 4460 Et
2525 4405 2616 4460 ubi
2631 4421 2875 4461 essemus
2895 4422 3002 4460 non
3022 4407 3298 4462 habemus.
3323 4406 3549 4474 Quando

1971 4486 2294 4555 Catholicam
2311 4496 2473 4553 ﬁdem
2496 4496 2749 4562 diximus,
2775 4496 2827 4552 id
2852 4504 2936 4551 est
2958 4497 3337 4552 universalem.
3360 4498 3550 4555 Grzccc

1968 4590 2115 4645 enim
2154 4587 2498 4652 universitas,
2543 4588 2657 4643 sive
2707 4587 3034 4660 generalitas
3062 4590 3364 4646 catholicon
3390 4606 3551 4648 voca-

1968 4686 2078 4734 tur.
2104 4677 2172 4732 Et
2194 4676 2316 4733 ideo
2338 4691 2445 4732 non
2470 4684 2648 4747 potest
2667 4691 2788 4731 csse
2817 4678 3107 4733 haereticus
3136 4680 3227 4749 qui
3250 4689 3334 4737 est
3356 4682 3549 4737 catino-

1968 4767 2127 4823 licus.
2170 4765 2230 4823 Id
2263 4773 2369 4833 est,
2396 4781 2506 4820 non
2541 4767 2740 4838 poterit
2768 4766 2920 4823 exire
2945 4769 3014 4824 ab
3040 4769 3303 4837 Ecclesia,
3334 4773 3423 4841 qui
3453 4773 3549 4827 ha~

1969 4859 2062 4915 bet
2101 4858 2263 4915 ﬁdem
2303 4859 2657 4931 apostolicam
2712 4875 2876 4929 quam
2923 4862 3192 4932 generalis
3234 4878 3335 4933 per
3377 4872 3549 4920 totum

1971 4949 2232 5005 mundum
2272 4955 2419 5004 tenet
2462 4947 2726 5004 Ecclesia.
2778 4949 3013 5007 Credere
3048 4966 3108 5007 se
3154 4953 3207 5009 in
3250 4955 3416 5009 Deum
3443 4953 3548 5008 Pa-

1973 5048 2115 5096 trem
2139 5040 2584 5110 omnipotentem,
2621 5048 2676 5095 et
2700 5039 2883 5096 Jesum
2909 5041 3184 5098 Christum
3215 5043 3412 5099 Filium
3435 5043 3553 5113 cjus

1974 5134 2193 5192 unicum
2218 5134 2388 5189 Deum
2419 5139 2476 5187 et
2500 5133 2802 5189 'Dominum
2842 5146 3108 5203 nostrum,
3145 5137 3237 5209 qui
3271 5145 3432 5192 natus
3468 5145 3552 5193 est

1975 5230 2041 5285 de
2083 5226 2288 5298 Spiritu
2320 5233 2514 5281 sancto
2551 5233 2606 5281 et
2640 5226 2707 5281 de
2730 5224 2898 5283 Maria
2920 5228 3146 5298 virgine.
3196 5227 3347 5284 lianc
3384 5226 3548 5283 ﬁdem

1974 5335 2157 5393 quam,
2212 5318 2325 5374 Deo
2368 5316 2727 5383 illuminantc,
2774 5334 2803 5372 a
2835 5319 2947 5375 suis
2991 5319 3249 5392 apostolis
3292 5321 3550 5377 traditam

1975 5411 2300 5482 accepimus,
2327 5411 2381 5466 in
2410 5411 2650 5467 Ecclesia
2674 5410 2936 5467 catholica
2967 5419 3232 5467 tenemus.
3500 5430 3505 5435 ί

2004 5520 2009 5523 -
2048 5501 2139 5558 lx.
2164 5501 2301 5558 Nam
2324 5517 2433 5557 non
2455 5501 2645 5557 didicit
2671 5501 2913 5557 Ecclcsia
2939 5503 3079 5558 hanc
3106 5502 3267 5558 ﬁdem
3289 5508 3436 5558 tuam
3457 5508 3549 5573 per

1974 5601 2146 5650 totum
2178 5594 2436 5651 mundum
2463 5612 2475 5649 :
2508 5610 2608 5650 nec
2648 5596 2931 5652 consuevit
2966 5595 3187 5652 credere
3220 5595 3274 5653 in
3301 5607 3427 5651 eum
3462 5594 3553 5664 qui

1974 5687 2040 5745 de
2062 5685 2272 5761 virgine
2308 5693 2466 5744 natus
2487 5694 2591 5753 est,
2619 5701 2724 5743 non
2748 5702 2843 5757 per
2872 5686 3021 5745 illum
3046 5687 3189 5745 facta
3223 5695 3344 5745 esse
3365 5684 3547 5743 visibi-
