3992 6176
1277 318 1684 388 ELIPANDUS,
1725 321 1949 386 FELIX,
1990 320 2336 390 HETElllUS
2373 326 2460 381 ET
2498 328 2560 382 S.
2599 328 2893 390 BEATUS.

3610 339 3713 396 ’81

460 434 529 490 lia
553 443 608 490 et
635 434 940 496 invisibilia,
973 433 1066 489 sed
1103 441 1316 489 tantum
1361 451 1460 505 per
1495 435 1648 490 illum
1689 436 1781 506 qui
1817 451 1924 492 non
1951 444 2038 491 est
2061 441 2112 498 Δ
2135 447 2237 504 εει,
2269 456 2376 495 non
2405 457 2436 496 a
2463 442 2589 507 Deo,
2619 445 2714 500 sed
2739 461 2770 500 a
2796 446 3018 502 diabolo
3041 455 3146 502 est.
3191 447 3368 505 Omne
3391 450 3540 506 enim
3565 456 3723 523 quid-

465 528 763 596 :doptione,
791 526 885 580 sed
915 540 1131 594 genere.
1161 525 1272 581 Nec
1299 526 1462 582 habet
1488 529 1932 584 consuetudinem
1958 529 2039 583 di-

459 630 618 672 cere:
643 612 811 668 Credo
851 613 908 666 in
959 613 1123 667 Deum
1163 613 1378 670 Patrem
1417 617 1838 686 omnipotentem,
1887 625 1942 672 et
1981 617 2038 673 in

459 705 652 761 Filium
679 703 812 772 ejus,
854 705 946 775 qui
976 705 1232 760 deitatem
1254 722 1406 762 suam
1436 708 1750 774 exinanivit;
1791 711 2040 778 apparuit

456 794 511 850 in
535 797 734 854 mundo
771 811 869 866 per
899 795 1158 866 subjectae
1187 806 1450 854 creaturae
1471 800 1704 868 speciem
1731 816 1853 856 cum
1878 801 2039 860 Patre

456 895 511 942 et
538 885 743 956 Spiritu
765 895 973 950 sancto,
998 887 1229 942 Abrahae
1249 889 1303 944 in
1329 889 1416 959 ipo
1441 889 1640 959 fervore
1665 891 1796 953 diei,
1827 893 1920 961 qui
1953 902 2039 950 est

457 979 738 1048 adoptivus
788 977 1142 1042 humanitate,
1173 985 1230 1030 et
1263 993 1602 1047 nequaquam
1628 982 1924 1050 adoptivus
1957 981 2039 1036 di-

415 1108 436 1123 ..
461 1069 700 1124 vinitate.
729 1067 860 1140 limo
890 1066 1026 1122 ﬁdes
1060 1077 1153 1122 tua
1183 1075 1286 1122 est.
1311 1067 1448 1123 Nam
1479 1069 1534 1123 in
1561 1077 1674 1125 toto
1699 1072 1898 1126 mundo
1929 1086 2038 1126 non

455 1167 560 1212 est.
599 1154 752 1222 Quod
775 1155 822 1210 si
848 1171 1035 1212 verum
1064 1171 1172 1211 non
1207 1155 1458 1221 dicimus,
1498 1157 1894 1229 interrogemus
1921 1175 2039 1216 om-

455 1263 578 1304 nem
605 1248 902 1302 Ecclesiam
929 1247 1274 1314 catholicam,
1317 1247 1364 1302 si
1397 1249 1720 1319 generaliter
1739 1266 1836 1320 per
1863 1258 2038 1308 totum

455 1340 713 1396 mundum
758 1339 882 1396 talis
929 1339 1062 1394 ﬁdes
1101 1348 1204 1395 est.
1243 1339 1571 1411 Requiratur
1596 1341 1730 1398 ordo
1757 1342 2035 1414 baptismi,

453 1439 512 1486 et
561 1429 877 1501 Symbolum
919 1444 950 1484 a
1001 1428 1284 1484 duodecim
1337 1429 1596 1500 apostolis
1651 1433 2034 1501 compositum,

455 1535 616 1591 quem
666 1520 830 1579 habet
887 1518 1126 1575 Ecclesia
1172 1519 1460 1584 traditum,
1502 1535 1600 1592 pro
1648 1537 1757 1593 quo
1797 1523 2038 1596 baptizat

455 1609 594 1666 ﬁlios
633 1624 780 1674 suos,
819 1608 938 1663 sine
978 1623 1085 1677 quo
1124 1624 1232 1664 non
1275 1610 1476 1680 poterit
1521 1623 1641 1664 esse
1683 1612 2034 1682 baptismum.

455 1702 757 1772 nequirant
785 1711 840 1757 et
865 1701 1168 1772 symbolum
1199 1709 1564 1756 trecentorum
1594 1701 1815 1758 Patrum
1841 1705 2038 1759 adver-

2139 531 2267 600 quid
2294 541 2378 587 est
2400 541 2456 588 et
2480 535 2679 590 malum
2706 545 2808 602 est,
2837 545 2894 592 et
2927 539 3228 596 substantia
3257 554 3364 594 non
3385 550 3490 606 est,
3519 557 3588 598 ex
3608 545 3723 601 diae

2137 619 2261 676 bolo
2279 631 2380 678 est.
2400 622 2587 680 Omnis
2617 632 2797 681 tamen
2819 627 3122 682 substantia
3153 643 3183 681 a
3216 628 3328 683 Deo
3359 628 3507 686 bono
3539 642 3720 694 rreata

2136 710 2276 766 bona
2313 721 2418 769 est.
2447 714 2516 770 Et
2538 717 2722 771 tandiu
2748 718 2888 773 bona
2923 725 3011 774 est
3047 733 3330 789 quousque
3354 721 3444 777 illa
3485 739 3596 781 non
3626 725 3727 782 In-

2135 800 2314 856 buerit
2339 804 2483 873 quod
2501 820 2567 860 ex
2601 806 2815 862 diabolo
2839 815 2942 864 est.

2210 890 2274 945 Χ.
2310 891 2447 948 Nam
2492 895 2675 950 omnia
2725 911 2847 965 quae
2890 897 3035 954 facta
3079 908 3208 955 sunt
3232 917 3264 956 a
3293 901 3408 958 Deo
3440 902 3550 960 duo
3589 918 3721 966 sunt

2138 987 2365 1047 tantum,
2407 983 2461 1038 id
2502 994 2607 1051 est,
2652 1001 2848 1058 corpus
2882 997 2939 1044 et
2960 990 3201 1059 spiritus.
3225 991 3466 1063 Angelus
3499 1004 3586 1052 est
3610 999 3714 1066 sp?-

2136 1071 2293 1136 ritus,
2340 1075 2571 1130 mundus
2615 1089 2745 1130 vero
2782 1093 2994 1147 corpus,
3046 1080 3435 1140 homotamen
3467 1083 3618 1142 solns
3649 1101 3724 1154 ex

2135 1169 2366 1232 utraque
2396 1165 2757 1233 componitur,
2791 1165 2846 1220 id
2870 1176 2973 1231 est,
3001 1183 3230 1237 corpore
3257 1180 3312 1226 et
3339 1172 3555 1240 spiritu.
3589 1175 3728 1230 Ter-

2136 1253 2210 1308 tia
2232 1261 2316 1308 est
2338 1254 2570 1324 qualitas
2601 1257 2776 1328 angeli
2815 1266 2872 1313 et
2913 1259 3176 1326 hominis;
3213 1276 3334 1330 quae
3376 1277 3479 1319 nec
3521 1280 3721 1335 corpus

2134 1352 2220 1400 est
2260 1360 2388 1401 nec.
2403 1346 2644 1416 spiritus,
2689 1359 2744 1403 et
2787 1356 2968 1405 tamen
3016 1359 3120 1415 est,
3149 1354 3277 1422 quia
3306 1356 3439 1411 nihil
3467 1373 3578 1412 non
3615 1368 3720 1412 est.

2136 1431 2267 1501 Quae
2287 1443 2340 1489 et
2377 1434 2492 1504 ipsa
2526 1437 2759 1506 qualitas
2785 1454 2892 1494 non
2920 1440 2973 1494 in
2997 1455 3057 1496 se.
3082 1450 3183 1505 est,
3213 1443 3310 1497 sed
3333 1444 3389 1498 in
3417 1447 3720 1503 substantia

2134 1533 2238 1592 est,
2265 1534 2322 1580 et
2345 1527 2643 1582 substantia
2669 1542 2791 1583 esse
2817 1546 2925 1584 non
2955 1541 3130 1600 potest
3155 1550 3169 1586 :
3195 1543 3258 1588 ut
3303 1534 3478 1591 bonus
3512 1544 3568 1590 et
3595 1553 3721 1591 ma-

2135 1615 2238 1672 lus.
2280 1616 2410 1672 limc
2443 1617 2678 1687 qualitas
2719 1619 2776 1674 in
2813 1621 3142 1676 substantia.
3188 1623 3428 1679 Dicimus
3465 1627 3714 1696 angelum

2137 1710 2359 1775 bonum,
2390 1719 2446 1767 et
2470 1711 2745 1767 hominem
2785 1713 3007 1768 bonum.
3050 1715 3293 1771 Dicimus
3322 1717 3562 1788 angelum
3583 1735 3710 1774 ma-

453 1811 548 1850 sus
569 1803 716 1850 tuam
744 1793 904 1848 ﬁdem
927 1793 1284 1861 compositum
1313 1810 1327 1847 :
1360 1801 1417 1848 et
1446 1793 1492 1849 si
1519 1793 1821 1850 invenerint
1839 1795 1905 1851 de
1928 1797 2037 1853 tuis
2067 1783 2114 1843 Β
2137 1797 2270 1862 lum,
2301 1807 2357 1852 ει
2385 1797 2662 1864 hominem
2695 1801 2920 1856 malum.
2971 1803 3130 1858 Aliud
3177 1813 3262 1860 est
3301 1783 3440 1876 quod
3476 1816 3626 1872 sunt,
3659 1818 3714 1864 et

452 1886 814 1950 sermonibus,
862 1884 946 1938 vel
994 1899 1160 1938 unum
1188 1884 1261 1940 ibi
1294 1884 1576 1951 insertum,
1621 1902 1723 1942 nos
1767 1887 2036 1948 exivimus

453 1977 524 2033 ab
570 1975 829 2032 Ecclesia.
880 1974 937 2030 Si
980 1983 1128 2030 certe
1166 1991 1359 2031 novam
1404 1977 1694 2033 habuerint
1717 1979 1860 2036 hanc
1886 1989 2034 2036 tuam

451 2068 772 2131 doctrinam,
817 2067 958 2124 sicut
977 2074 1033 2122 et
1060 2067 1217 2122 nobis
1255 2067 1465 2122 novella
1493 2075 1597 2134 est,
1632 2077 1688 2124 tu
1713 2070 1874 2126 existi
1908 2086 2033 2128 cum

450 2161 562 2218 tuis
605 2161 674 2215 ab
721 2159 963 2215 Ecclesia
1002 2159 1297 2225 catholica,
1338 2174 1458 2230 quae
1478 2161 1808 2231 generaliter
1831 2176 1929 2232 per
1956 2171 2035 2218 to-

451 2263 567 2310 tum
622 2252 880 2308 mundum
923 2259 1007 2307 est
1057 2252 1372 2308 constituta.
1422 2251 1559 2306 Nam
1599 2259 1692 2307 tua
1740 2251 1878 2308 ﬁdes
1916 2253 2031 2310 sola

452 2352 636 2415 aperte
655 2343 997 2414 cognoscitur
1016 2343 1071 2398 in
1092 2350 1145 2400 te
1164 2357 1286 2400 esse
1299 2353 1590 2411 coarctata,
1605 2352 1662 2401 et
1678 2345 1733 2400 in
1756 2351 1914 2401 antro
1929 2355 2034 2402 tum

451 2435 691 2507 perﬁdiae
737 2434 910 2490 teneri
956 2433 1140 2506 ligata.
1171 2435 1239 2492 Et
1268 2436 1386 2492 haec
1430 2435 1654 2492 heresis
1678 2444 1732 2492 te
1756 2436 1887 2492 facit
1913 2453 2034 2494 esse

453 2526 787 2591 hatreticum,
823 2541 948 2581 cum
977 2525 1069 2581 illa
1099 2542 1207 2582 non
1247 2527 1427 2584 credis
1463 2543 1582 2598 quae
1624 2528 1798 2586 credit
1838 2538 2033 2586 cuncta

451 2617 691 2690 Ecclesia
719 2631 816 2689 per
838 2617 1148 2673 universum
1177 2620 1458 2675 mundum.
1485 2620 1720 2681 Haeresis
1745 2620 1892 2676 enim
1922 2636 2031 2677 non

449 2709 770 2773 substantia,
819 2709 916 2764 sed
959 2709 1192 2778 qualitas
1225 2717 1312 2765 est
1347 2710 1402 2764 in
1442 2711 1768 2766 substantia.
1816 2710 1886 2765 Et
1922 2725 2032 2770 non

448 2800 736 2861 haereticus
775 2798 907 2856 facit
935 2798 1206 2863 hmresim,
1243 2799 1341 2854 sed
1376 2800 1599 2855 haeresis
1638 2799 1770 2856 facit
1812 2801 2032 2856 haereti—

449 2907 592 2946 cum.
619 2890 772 2948 Sicut
796 2905 903 2948 non
935 2891 1200 2960 superbus
1225 2889 1354 2946 facit
1378 2891 1703 2960 superbiam,
1728 2892 1824 2946 sed
1844 2907 2033 2961 super-

447 2984 536 3039 bia
561 2982 688 3039 facit
713 2981 1026 3052 superbum.
1073 2981 1142 3036 Et
1189 2996 1313 3036 cum
1348 2981 1618 3037 dimiserit
1660 2997 1824 3053 quam
1866 2982 2032 3039 habet

450 3075 778 3143 superbiam,
815 3072 1014 3128 desinit
1045 3087 1166 3128 esse
1203 3073 1486 3142 superbus,
1512 3073 1640 3144 quia
1661 3090 1770 3130 non
1801 3083 1886 3130 est
1911 3075 2028 3146 ipsa

448 3165 698 3232 superbia
728 3163 1047 3229 substantia,
1075 3165 1171 3219 sed
1195 3163 1432 3234 qualitas
1461 3165 1517 3220 in
1538 3166 1860 3222 substantia.
1884 3167 2030 3223 Deus

447 3256 621 3314 bonus
643 3255 771 3312 fecit
794 3255 1065 3316 hominem
1106 3257 1306 3312 bonam
1349 3257 1728 3312 substantiam.
1769 3257 2032 3328 Superbia

451 3363 579 3401 vero
605 3347 838 3418 qualitas
864 3354 948 3402 est
972 3347 1025 3402 in
1059 3348 1362 3403 substantia
1394 3348 1460 3402 de
1487 3348 1699 3404 diabolo
1724 3358 1872 3404 nata.
1901 3349 2031 3417 Qum

448 3437 574 3498 dum
617 3439 670 3492 in
722 3438 939 3494 homine
985 3439 1294 3506 accesserit,
1341 3437 1573 3494 efﬁcitur
1617 3439 1762 3496 ﬁlius
1807 3440 2029 3508 diaboli,

448 3530 573 3599 quia
595 3529 660 3584 de
687 3529 901 3587 diabolo
927 3541 1051 3588 nata
1084 3539 1166 3585 est
1191 3531 1462 3606 superbia.
1487 3531 1556 3586 Et
1588 3539 1716 3587 tunc
1735 3533 2029 3604 unusquiso

447 3633 552 3687 que
597 3619 1016 3691 deprehenditur
1055 3634 1176 3676 esse
1223 3623 1509 3690 superbus,
1556 3637 1679 3678 eum
1727 3623 1850 3696 plus
1892 3639 2032 3680 unus

447 3709 604 3766 alteri
667 3708 840 3777 major
901 3709 1016 3764 vult
1061 3725 1181 3767 esse
1236 3728 1400 3782 quam
1455 3716 1726 3783 quodest.
1785 3716 1853 3771 Et
1903 3732 2028 3772 cum

447 3799 619 3868 major
664 3815 722 3854 se
758 3801 1112 3856 :estimaverit
1159 3802 1337 3868 alteri,
1388 3804 1622 3874 perdidit
1666 3805 1845 3879 ipsum
1885 3809 2031 3876 quod

444 3898 582 3952 erat.
606 3897 660 3944 et
684 3899 812 3948 tunc
857 3893 1025 3950 Deum
1067 3893 1245 3963 perdit
1285 3911 1314 3947 a
1356 3911 1463 3964 quo
1509 3903 1612 3949 est.
1651 3897 1718 3950 Et
1745 3912 1867 3952 cum
1905 3914 2032 3968 per-

447 3981 644 4035 diderit
673 3981 863 4048 Deum,
907 3981 1076 4037 efﬁcit
1122 3984 1392 4038 diabolum
1439 3987 1760 4052 membrum,
1801 3987 1953 4056 cujus
1977 3998 2032 4046 et

446 4072 588 4128 ﬁlius
609 4080 710 4136 est,
742 4087 848 4130 non
884 4083 1096 4138 natura,
1148 4076 1240 4130 sed
1282 4075 1602 4129 imitatione.
1638 4076 1731 4131 Sic
1757 4078 1903 4135 enim
1932 4095 2032 4133 au-

446 4177 566 4222 ctor
598 4183 728 4227 suus
759 4167 1003 4226 diabolus
1030 4169 1203 4226 bonus
1245 4177 1366 4224 erat
1397 4183 1429 4222 a
1458 4169 1567 4224 Deo
1614 4170 1756 4225 bono
1793 4179 2030 4234 creatus.

444 4258 514 4318 Et
557 4259 682 4315 inde
725 4260 936 4318 exstitit
975 4258 1278 4333 superbus,
1325 4259 1451 4330 quia
1501 4274 1663 4338 super
1695 4260 1864 4318 voluit
1905 4275 2032 4318 esse

442 4367 605 4420 quam
631 4351 777 4422 quod
823 4358 963 4410 erat.
1016 4350 1086 4404 Et
1127 4351 1254 4406 dum
1292 4365 1456 4421 super
1497 4349 1667 4406 voluit
1706 4365 1824 4406 esse
1867 4367 2030 4428 quam

441 4443 585 4512 quod
616 4451 757 4506 erat,
803 4457 912 4500 non
957 4440 1131 4501 solum
1176 4441 1280 4502 hoc
1316 4442 1460 4511 quod
1489 4449 1608 4496 erat
1641 4442 1894 4513 perdidit,
1933 4444 2028 4501 sed

441 4534 606 4590 etlam
632 4533 824 4591 tartari
851 4530 1062 4590 inferna
1088 4533 1408 4603 promeruit.
1466 4533 1534 4591 Et
1575 4533 1706 4604 quia
1745 4543 1909 4604 caput
1944 4545 2028 4592 est

441 4621 684 4676 omnium
735 4622 1111 4690 superborum,
1162 4636 1355 4682 omnes
1396 4624 1658 4694 superbos
1695 4623 1798 4680 sibi
1835 4624 1891 4685 in
1919 4641 2028 4685 uno

440 4725 669 4780 corpore
716 4719 972 4781 tanquam
1012 4711 1179 4782 capiti
1233 4713 1504 4784 copulavit
1543 4721 1599 4769 et
1638 4728 1822 4774 secum
1851 4715 1907 4772 in
1935 4731 2029 4787 ge-

439 4803 671 4864 hennam
693 4802 970 4861 demersit.
1000 4802 1155 4864 Sicut
1179 4819 1210 4861 ε
1231 4806 1506 4862 contrario
1532 4805 1783 4862 Christus
1807 4807 2027 4869 humilis

440 4891 631 4952 humili
673 4891 950 4958 Ecclesiae,
985 4892 1128 4962 quod
1167 4902 1253 4950 est
1295 4902 1461 4968 caput
1487 4903 1542 4948 et
1573 4909 1794 4966 corpus,
1840 4911 2024 4953 secum

439 4981 509 5040 ad
535 4982 776 5043 cmlestia
807 4987 990 5045 traxit.
1026 4984 1162 5041 Nam
1201 4986 1344 5043 sicut
1389 4987 1640 5057 superbia
1675 4987 1808 5048 facit
1838 5003 2026 5064 super-

394 5150 398 5152 _
439 5072 590 5139 hum,
617 5075 696 5130 sic
729 5075 952 5134 hmresis
991 5075 1124 5132 facit
1163 5077 1500 5136 htereticum.
1545 5079 1754 5135 Desinit
1786 5095 1908 5136 esse
1935 5097 2026 5136 su-

437 5166 659 5238 perbus,
689 5183 813 5222 cum
833 5169 1100 5229 dimiserit
1128 5185 1291 5240 quam
1324 5171 1488 5226 habet
1517 5170 1570 5228 in
1600 5185 1660 5226 se
1693 5172 2020 5243 superbiam.

440 5255 650 5312 Desinit
689 5257 854 5315 etiam
895 5273 1017 5313 esse
1061 5259 1365 5326 haereticus,
1413 5275 1536 5316 cum
1571 5259 1838 5316 dimiserit
1861 5277 2020 5331 quam

443 5345 606 5402 habet
631 5347 686 5403 in
705 5363 766 5402 se
780 5347 1050 5404 haeresim.
1070 5349 1296 5421 Semper
1322 5351 1428 5410 erit
1449 5351 1753 5414 haereticus.
1773 5351 1864 5420 qui
1882 5367 2019 5413 sem.

437 5455 537 5514 per
560 5441 617 5496 in
641 5455 699 5496 se
720 5443 883 5498 habet
907 5441 1178 5498 haeresim.
1196 5443 1348 5498 Sicut
1372 5459 1588 5516 semper
1612 5445 1716 5500 erit
1735 5444 2017 5514 superbus,

438 5531 533 5600 qui
571 5545 782 5598 semper
812 5531 974 5589 habet
1019 5532 1072 5584 in
1100 5547 1158 5585 se
1185 5533 1515 5599 superbiam.
1553 5533 1688 5586 Nam
1723 5531 1946 5586 haeresis
1986 5547 2019 5586 a

440 5617 656 5674 diabolo
691 5619 905 5672 inventa
934 5628 1046 5683 est,
1076 5629 1132 5674 et
1159 5621 1225 5676 de
1258 5621 1471 5676 diabolo
1501 5632 1627 5677 nata
1657 5632 1760 5687 est,
1798 5622 1939 5677 sicut
1964 5631 2020 5678 ct

439 5707 712 5785 superbia.
750 5706 818 5764 Et
839 5707 960 5772 quia
997 5715 1100 5768 est,
1125 5718 1178 5762 et
1207 5710 1506 5763 substantia
1537 5728 1642 5766 non
1664 5720 1767 5772 est.
1797 5720 1851 5766 ct
1878 5712 2016 5769 mala

2135 1887 2279 1944 aliud
2303 1889 2446 1961 quod
2468 1890 2688 1947 habent.
2714 1890 2848 1945 Nam
2880 1893 3024 1962 quod
3047 1901 3193 1962 sunt,
3222 1896 3526 1952 substantia
3552 1907 3718 1962 sunt;

2133 1979 2278 2050 quod
2315 1994 2446 2036 vero
2486 1980 2704 2044 habent,
2745 1981 2981 2051 qualitas
3027 1999 3214 2040 eorum
3257 1994 3362 2050 est,
3409 2001 3512 2056 per
3557 2003 3722 2057 quam

2133 2071 2513 2128 discernuntur
2538 2072 2630 2143 qui
2660 2080 2788 2129 sunt
2813 2072 2964 2137 boni,
2990 2075 3081 2145 qui
3116 2074 3266 2129 mali.
3314 2076 3454 2131 Nam
3493 2078 3722 2149 angelus

2130 2158 2306 2215 bonus
2329 2159 2545 2225 dicitur,
2584 2161 2679 2216 sed
2701 2176 2809 2217 non
2836 2171 2922 2218 est
2946 2163 3060 2235 ipsa
3089 2164 3302 2222 bonitas
3327 2165 3444 2236 ipse
3469 2167 3718 2239 angelus.

2130 2249 2248 2306 Non
2270 2250 2416 2305 enim
2441 2257 2684 2320 apostata
2721 2252 2945 2322 angelus
2986 2254 3229 2310 diabolus
3265 2254 3448 2312 factus
3471 2265 3644 2322 esset,
3669 2259 3716 2313 si

2130 2355 2228 2414 per
2247 2357 2306 2398 se
2328 2343 2545 2399 bonitas
2568 2351 2731 2399 esset.
2755 2343 2994 2416 Angelus
3017 2346 3182 2411 enim,
3208 2355 3269 2401 ut
3293 2349 3341 2403 si
3369 2349 3576 2416 bonus,
3610 2365 3716 2406 non

2132 2448 2164 2488 ε
2191 2449 2270 2498 se,
2284 2433 2380 2491 sed
2404 2449 2435 2488 a
2463 2434 2594 2499 Deo,
2618 2434 2780 2490 habet
2800 2444 2860 2490 ut
2881 2436 2952 2492 sit
2976 2437 3167 2493 bonus.
3191 2437 3260 2492 Et
3286 2439 3435 2494 aliud
3463 2450 3552 2496 est
3575 2441 3717 2512 quod

2131 2526 2432 2582 substantia
2471 2534 2586 2591 est,
2620 2525 2764 2584 aliud
2797 2528 2940 2598 quod
2979 2528 3144 2584 habet
3187 2530 3488 2586 bonitatem
3527 2532 3587 2587 in
3635 2548 3714 2589 se.

2133 2615 2224 2672 Sic
2247 2623 2302 2671 et
2329 2615 2490 2672 homo
2517 2615 2691 2672 bonus
2716 2655 2732 2682 ,
2780 2617 2928 2674 aliud
2962 2626 3048 2674 est
3080 2619 3224 2688 quod
3271 2620 3584 2676 substantia
3613 2631 3720 2688 est,

2131 2707 2278 2762 aliud
2314 2713 2397 2762 est
2432 2707 2647 2762 bonitas
2676 2721 2838 2777 quam
2861 2707 3021 2770 habet
3048 2707 3103 2762 in
3137 2723 3215 2763 se.
3247 2709 3392 2764 Deus
3413 2718 3599 2766 tamen
3625 2726 3724 2781 per

2131 2814 2191 2855 se
2213 2800 2386 2855 bonus
2405 2805 2508 2857 est.
2533 2799 2658 2869 quia
2683 2799 2797 2869 ipsa
2819 2798 3035 2854 bonitas
3057 2799 3200 2854 Deus
3221 2799 3336 2869 ipse
3361 2807 3471 2855 est.
3507 2800 3579 2856 Et
3612 2818 3722 2858 non

2130 2900 2214 2948 est
2241 2891 2386 2947 aliud
2413 2890 2714 2946 substantia
2741 2888 2880 2958 ejus,
2907 2897 2962 2945 et
2986 2889 3132 2945 aliud
3157 2891 3374 2946 bonitas
3402 2890 3548 2960 eius,
3580 2893 3722 2952 sicut

2133 2981 2368 3039 hominis
2381 2991 2436 3037 et
2450 2981 2645 3052 angeli,
2670 2982 2764 3038 sed
2783 2981 2899 3052 ipsa
2918 2981 3133 3037 bonitas
3152 2979 3590 3049 ejussubstantia
3611 2993 3722 3040 est.

2133 3073 2324 3129 Omnia
2344 3087 2506 3143 opera
2527 3087 2646 3142 quae
2663 3069 2791 3126 fecit
2814 3072 2988 3127 bonus
3014 3071 3157 3127 Deus
3179 3073 3321 3128 bona
3335 3081 3480 3128 sunt.
3497 3073 3570 3128 Et
3593 3090 3721 3129 cum

2135 3164 2188 3220 in
2211 3165 2314 3218 hoc
2341 3170 2468 3218 sunt
2489 3161 2542 3217 in
2572 3177 2679 3232 quo
2703 3162 2841 3218 facta
2867 3170 3008 3226 sunt,
3035 3177 3250 3233 semper
3272 3163 3417 3218 bona
3436 3173 3586 3219 sunt.
3616 3165 3722 3220 Bo-

2134 3253 2278 3310 nitas
2297 3252 2384 3308 ilia
2409 3268 2569 3322 quam
2583 3267 2652 3308 ex
2669 3252 2777 3307 Deo
2790 3261 3134 3322 acceperunt,
3152 3252 3198 3307 si
3221 3268 3326 3308 non
3338 3254 3716 3323 perdiderunt,

2132 3341 2263 3398 facit
2297 3350 2357 3398 ut
2389 3357 2601 3414 semper
2623 3343 2763 3398 bona
2788 3342 2917 3398 sint.
2951 3343 3018 3397 Et
3046 3352 3236 3397 contra
3265 3343 3490 3415 angelus
3539 3345 3718 3400 malus

2133 3442 2188 3488 et
2201 3433 2361 3488 homo
2376 3432 2547 3487 malus
2569 3431 2694 3486 inde
2707 3431 2960 3488 dicuntur
2976 3433 3099 3503 quia
3113 3433 3468 3503 perdiderunt
3485 3435 3635 3489 bonn
3644 3453 3718 3489 ιιι.

2131 3523 2369 3596 Angelus
2397 3524 2700 3580 substantia
2729 3531 2834 3591 est,
2873 3532 2928 3580 et
2954 3525 3116 3580 homo
3147 3526 3451 3580 substantia
3474 3536 3582 3580 est.
3609 3527 3720 3581 Ma-

2133 3609 2244 3669 lum
2271 3629 2400 3670 vero
2428 3629 2539 3669 non
2577 3621 2662 3670 est
2700 3613 3022 3679 substantia,
3054 3617 3147 3669 sed
3168 3614 3402 3689 privatio
3422 3616 3574 3680 boni,
3604 3627 3664 3671 et
3689 3632 3720 3671 ε

2137 3706 2349 3767 diabolo
2371 3715 2579 3772 natum,
2603 3705 2658 3762 id
2680 3715 2765 3762 est
2795 3706 3092 3770 inventum,
3119 3720 3218 3776 per
3245 3706 3387 3775 quod
3407 3705 3715 3763 efﬁciuntur

2135 3796 2232 3852 ﬁlii
2268 3795 2466 3852 diaboli
2487 3795 2577 3868 qui
2616 3793 2818 3855 fuerint
2857 3795 3005 3854 mali.
3053 3795 3188 3862 Quia
3219 3811 3344 3862 non,
3369 3806 3432 3850 ut
3460 3797 3720 3863 diximus,

2134 3887 2308 3946 malus
2329 3884 2460 3941 facit
2484 3884 2764 3951 malitiam,
2797 3885 2894 3944 sed
2924 3883 3128 3941 malitia
3166 3881 3299 3941 facit
3337 3884 3565 3951 malum,
3595 3888 3723 3958 quia

2134 3993 2241 4038 non
2268 3985 2352 4032 est
2379 3976 2493 4051 ipse
2536 3976 2762 4043 malitia,
2810 3976 2923 4036 sive
2970 3975 3212 4047 angelus,
3235 3976 3350 4032 sive
3399 3977 3586 4041 homo,
3633 3977 3722 4051 qui

2134 4069 2436 4128 substantia
2478 4077 2626 4136 sunt,
2667 4069 2763 4125 sed
2803 4084 2925 4125 eam
2957 4069 3160 4124 habent
3200 4065 3255 4124 in
3304 4082 3362 4122 se
3401 4067 3721 4138 qualitatem

2134 4177 2288 4220 suam
2327 4177 2424 4232 per
2459 4177 2622 4234 quam
2662 4161 2914 4217 videntur
2947 4174 3066 4216 esse
3093 4159 3241 4221 mali.
3266 4158 3335 4214 Et
3360 4169 3472 4214 tam
3499 4160 3724 4231 angelus

2134 4254 2310 4316 malus
2358 4269 2522 4324 quam
2570 4253 2732 4310 homo
2775 4253 2966 4318 malus,
3011 4253 3226 4321 utrique
3270 4239 3478 4310 homini
3515 4249 3726 4306 faciunt

2135 4348 2358 4403 malum.
2408 4345 2662 4404 Diabolus
2709 4360 2922 4416 semper
2969 4343 3143 4400 malus
3182 4351 3286 4408 est,
3330 4343 3460 4414 quia
3507 4357 3727 4418 semper

2135 4440 2341 4494 homini
2363 4439 2495 4495 facit
2521 4437 2744 4498 malum.
2773 4437 2948 4500 Homo
2976 4436 3221 4497 diabolus
3249 4444 3334 4499 est
3361 4450 3487 4491 cum
3514 4434 3724 4496 homini

2131 4529 2261 4587 facit
2279 4531 2504 4590 malum.

2200 4623 2290 4678 Xl.
2325 4623 2461 4678 Nam
2495 4623 2640 4693 quod
2666 4622 2829 4678 homo
2865 4620 3039 4676 malus
3067 4619 3160 4690 qui
3197 4617 3404 4675 homini
3444 4618 3577 4678 facit
3606 4637 3724 4674 ma.-

2127 4713 2258 4777 lum,
2304 4711 2516 4768 dicatur
2542 4712 2738 4779 malus,
2785 4711 3044 4766 Dominus
3072 4710 3139 4764 de
3161 4708 3299 4765 Iuda
3324 4710 3378 4764 in
3423 4710 3722 4780 Evangelio

2127 4801 2384 4874 apostolis
2413 4801 2582 4856 dicit:
2627 4800 2817 4855 Nonne
2859 4817 2954 4871 ego
2982 4816 3068 4854 vos
3103 4798 3382 4857 duodecim
3410 4800 3544 4871 elegi
3565 4801 3592 4853 .’
3633 4800 3724 4860 sui

2127 4912 2262 4956 unus
2287 4911 2350 4949 ea:
2373 4894 2513 4949 vobis
2533 4892 2774 4948 diabolus
2799 4903 2893 4946 est.
2918 4891 2976 4947 ln
2999 4891 3276 4964 Scriptura
3299 4907 3456 4947 sacra
3479 4902 3537 4947 ct
3559 4893 3726 4954 homo

2127 4989 2324 5047 dicitur
2365 4985 2628 5050 diabolus,
2669 4993 2724 5041 et
2761 4984 3008 5041 diabolus
3044 4984 3226 5040 homo.
3266 4981 3401 5039 Nam
3429 4986 3574 5055 quod
3607 4985 3723 5039 dia-

2125 5079 2282 5134 bolus
2319 5077 2518 5134 dicitur
2563 5076 2723 5131 homo
2746 5116 2762 5143 ,
2811 5076 2865 5130 in
2916 5074 3208 5148 Evangelio
3243 5075 3507 5134 Dominus
3547 5075 3721 5132 dicit:

2129 5171 2381 5229 Inimicus
2423 5170 2576 5229 homo
2603 5169 2700 5222 hoc
2728 5168 2870 5238 fecit.
2917 5166 3050 5224 Cum
3081 5167 3420 5226 dormierunt
3447 5164 3723 5237 patresfa-

2127 5263 2321 5324 milias,
2362 5260 2612 5314 inimicus
2645 5259 2807 5316 homo
2841 5256 3084 5317 diabolus
3131 5257 3338 5317 zizania
3386 5255 3712 5328 supersemi-

2124 5353 2275 5407 navit
2310 5351 2362 5410 in
2387 5365 2536 5421 agro,
2570 5349 2659 5404 ubi
2690 5347 2949 5409 Dominus
2972 5348 3172 5402 bonum
3204 5363 3390 5402 semen
3415 5348 3714 5402 seminave-

2126 5451 2229 5496 rat.
2274 5441 2406 5508 Qua:
2441 5448 2525 5495 est
2555 5454 2686 5510 ergo
2713 5453 2876 5493 causa
2903 5453 3023 5508 qua:
3048 5437 3322 5494 hominem
3345 5436 3510 5493 faciat
3533 5436 3714 5491 diabo-

2129 5531 2262 5595 lum,
2309 5538 2363 5585 et
2397 5529 2668 5584 diabolum
2697 5527 2992 5591 hominem,
3040 5528 3143 5582 nisi
3171 5528 3298 5597 quia
3327 5544 3493 5582 unum
3521 5540 3720 5595 corpus

2130 5630 2256 5677 sunt
2299 5621 2522 5690 angelus
2571 5618 2746 5674 malus
2792 5626 2848 5672 et
2889 5617 3052 5672 homo
3087 5618 3306 5672 malus?
3348 5618 3478 5688 quia
3505 5617 3718 5685 utrique

2131 5713 2333 5774 homini
2365 5711 2491 5766 facit
2516 5711 2738 5766 malum.
2782 5709 2990 5785 Corpus
3016 5709 3213 5764 diaboli
3242 5709 3423 5765 homo.
3462 5707 3715 5780 Corporis
