3992 6176
228 363 340 422 985

889 359 1172 416 ΠΕΤΕΒΙΙ
1198 359 1286 417 ΕΤ
1325 356 1385 414 S.
1424 355 1626 413 BEATI
1659 354 1754 409 AD
1789 351 1812 408 1

1913 349 2186 406 ΡΑΝΒΠΠ
2213 347 2442 404 EPIST.
2469 377 2554 394 .--
2588 346 2722 402 LIB.
2762 346 2828 402 il.

3375 351 3512 408 986·

227 480 388 544 caput
423 468 674 526 diabolus
705 475 811 525 est.
867 468 984 523 Non
1021 483 1164 538 saepe
1201 467 1317 538 ejus
1361 469 1612 524 videntur
1655 467 1800 522 dicta
1827 467 1879 524 Α
1903 463 2042 517 sicut
2065 462 2308 518 diabolus
2333 468 2415 517 est
2435 459 2760 525 substantia,
2787 466 2844 515 et
2867 459 3032 515 homo
3055 460 3353 517 substantia
3379 478 3394 527 ;
3417 470 3482 517 et

229 561 595 617 membrorum
643 573 763 628 qua:
806 558 967 628 capiti
1002 567 1324 628 congruunt,
1374 567 1430 614 et
1477 574 1546 613 ex
1586 559 1822 614 nomine-

229 649 473 720 corporis
521 645 834 716 intelligitur
882 656 1042 717 caput
1064 686 1080 712 ,
1134 656 1189 701 et
1231 664 1299 702 ex
1345 648 1564 703 nomine
1612 647 1807 717 capitis

229 738 564 810 significatur
609 750 828 806 corpus.
885 736 1037 791 Sicut
1079 751 1110 794 e
1153 738 1427 793 contrario
1468 737 1714 793 Christus
1753 746 1809 793 et

230 829 475 886 Ecclesia
501 835 585 883 est
609 835 769 897 caput
801 834 857 882 et
880 840 1074 895 corpus
1092 866 1107 890 ,
1152 841 1256 880 una
1286 842 1538 897 persona.
1586 827 1654 881 Et
1683 843 1807 883 cum

228 909 471 992 loquitur
508 917 785 990 Scriptura
811 918 876 972 de
910 919 1110 986 capite,
1137 918 1370 972 refertur
1390 920 1459 974 ad
1485 935 1700 989 corpus.
1742 919 1810 974 Et

227 1031 353 1074 cum
379 1013 618 1084 loquitur
646 1011 714 1068 de
749 1026 1012 1081 corpore,
1057 1009 1289 1066 refertur
1314 1010 1380 1066 ad
1423 1020 1602 1079 caput.
1655 1009 1809 1064 Sicut

227 1104 398 1161 Isaias
423 1102 537 1159 ait:
583 1100 766 1157 Induit
793 1117 874 1155 me
911 1102 1206 1156 vestimento
1233 1100 1437 1163 salutis,
1473 1101 1626 1171 quasi
1653 1116 1810 1170 spon-

226 1213 345 1252 sam
389 1195 688 1250 decoratum
727 1209 942 1258 corona,
991 1201 1039 1246 et
1081 1193 1235 1262 quasi
1280 1209 1525 1262 sponsam
1567 1201 1810 1247 ornatam

227 1283 511 1340 monilibus
546 1283 677 1337 suis.
714 1281 772 1337 in
806 1298 914 1336 una
947 1282 1092 1336 enim
1137 1295 1368 1351 persona
1411 1283 1610 1353 duplici
1646 1299 1810 1338 voca-

230 1375 359 1433 bqu
393 1374 671 1430 nominata
703 1381 760 1429 et
808 1381 996 1443 caput,
1039 1374 1091 1428 id
1112 1382 1198 1428 est
1233 1389 1488 1443 sponsum
1537 1383 1592 1429 et
1623 1375 1812 1430 Eccle-

230 1466 389 1532 siam,
420 1465 477 1519 id
502 1472 587 1519 est
613 1479 884 1534 sponsam,
920 1464 1305 1520 manifestavit.
1331 1465 1452 1520 Istae
1479 1475 1658 1521 autem
1687 1475 1815 1521 sunt

230 1555 350 1610 dure
384 1568 630 1624 personae
677 1569 796 1622 qua:
834 1554 888 1608 in
937 1555 1086 1608 omni
1134 1555 1414 1624 Scriptura
1457 1555 1708 1624 leguntur
1756 1556 1814 1611 in

231 1647 495 1711 Ecclesia,
530 1647 583 1702 id
610 1655 695 1702 est
721 1647 974 1702 Christus
1001 1655 1056 1702 ct
1080 1662 1279 1718 corpus
1304 1646 1442 1716 ejus,
1485 1657 1543 1702 et
1570 1647 1816 1703 diabolus

231 1746 286 1796 et
313 1746 476 1807 caput
500 1737 636 1806 ejus.

1905 552 2066 626 mala,
2105 568 2226 624 qua:
2245 567 2315 607 ex
2339 551 2552 606 diabolo
2580 559 2682 614 est,
2717 549 2770 604 id
2803 559 2904 613 est,
2938 551 3182 616 hmresis,
3207 553 3478 622 superbia,

1904 641 2085 710 elatio,
2129 651 2184 698 et
2215 652 2430 706 czrtera,
2471 659 2591 712 qua:
2635 651 2761 698 sunt
2809 644 2951 698 inter
2977 644 3250 699 hominem
3281 656 3336 700 et
3361 645 3481 700 dia-

1904 734 2086 790 bolum
2114 735 2308 800 media,
2356 743 2411 790 et
2439 742 2682 790 tenentes
2709 751 2791 800 ea,
2825 734 2962 790 ﬁunt
2987 749 3112 790 cum
3146 735 3363 793 diabolo
3385 753 3478 793 ca-

1904 834 2001 899 put
2031 838 2086 880 et
2110 841 2304 896 corpus
2332 842 2437 881 una
2465 843 2714 898 persona.
2755 827 2846 881 Sic
2873 842 2904 881 e
2935 829 3211 882 contrario
3235 827 3484 884 Christus

1907 919 2206 973 substantia
2231 926 2334 981 est,
2371 927 2428 972 et
2462 918 2622 972 homo
2649 917 2948 972 substantia
2976 925 3080 982 est,
3111 926 3165 972 et
3190 919 3277 972 illa
3311 920 3486 988 quali-
3513 981 3516 984 ,

1908 1017 2014 1072 tas,
2041 1025 2163 1064 cum
2185 1025 2290 1079 qua
2313 1008 2558 1064 Christus
2582 1007 2636 1063 in
2659 1009 2803 1063 hunc
2823 1010 3080 1064 mundum
3104 1011 3270 1076 venit,
3301 1011 3354 1066 id
3378 1018 3482 1076 est,

1909 1096 2201 1159 humilitas,
2251 1097 2526 1165 patientia,
2558 1097 2881 1163 obedientia,
2927 1107 2982 1152 et
3009 1107 3223 1164 uetera,
3262 1115 3384 1170 quas
3420 1101 3487 1156 de

1909 1186 2024 1257 ejus
2064 1190 2308 1258 exemplo
2336 1197 2496 1252 sunt,
2529 1189 2621 1257 qui
2651 1204 2774 1244 eam
2817 1190 3106 1244 tenuerint.
3151 1189 3340 1262 Jungit
3371 1191 3488 1248 inec

1909 1279 2214 1334 observatio
2247 1286 2406 1348 caput
2445 1286 2499 1334 et
2535 1294 2752 1348 corpus,
2794 1287 2850 1333 et
2880 1278 2940 1333 fit
2976 1279 3217 1335 Ecclesia
3247 1297 3371 1352 cum
3398 1297 3490 1337 ca-

1910 1367 2021 1436 pite
2046 1384 2184 1422 unus
2221 1367 2488 1424 Christus.
2527 1368 2596 1422 Et
2617 1368 2724 1423 hoc
2748 1378 2830 1423 est
2855 1369 2908 1423 in
2931 1370 3077 1424 omni
3106 1369 3384 1442 Scriptura
3407 1373 3489 1428 le-

1913 1459 2076 1513 ctoris
2104 1458 2428 1522 intellectus,
2472 1466 2532 1513 ut
2562 1467 2773 1512 tantum
2809 1459 2916 1514 duo
2950 1459 3060 1513 sint
3090 1461 3232 1516 inter
3267 1477 3326 1518 se
3353 1478 3488 1518 con-

1913 1548 2086 1612 trarii,
2133 1548 2379 1604 Christus
2411 1557 2466 1603 et
2502 1549 2765 1604 diabolus.
2805 1549 2872 1604 Et
2900 1558 3026 1606 sunt
3052 1551 3171 1607 dua:
3199 1553 3486 1610 civitates:

1914 1655 2020 1695 una
2047 1639 2140 1694 Dei
2168 1648 2222 1694 et
2245 1639 2416 1695 altera
2441 1640 2668 1705 diaboli,
2716 1656 2824 1696 una
2853 1649 3088 1707 terrena,
3132 1643 3302 1700 altera
3330 1645 3492 1700 cmlcs
3521 1707 3528 1711 ,

1915 1732 2036 1788 stis.
2069 1730 2318 1787 Caelestis
2346 1741 2429 1787 est
2465 1732 2688 1796 Christi,
2741 1743 2958 1788 terrena
2991 1748 3120 1789 vero
3151 1733 3490 1791 Antichristi.

301 1826 415 1882 ΧΠ.
463 1825 643 1882 Tertia
683 1835 766 1882 est
791 1827 1044 1898 qualitas,
1090 1826 1146 1883 id
1183 1836 1301 1892 est,
1345 1843 1490 1884 unus
1522 1829 1716 1895 bonus,
1759 1837 1819 1886 et
1845 1821 1897 1884 Β
1920 1823 2117 1880 Habuit
2145 1823 2392 1880 Christus
2420 1840 2548 1882 suos
2589 1827 2910 1896 prophetas,
2954 1828 3048 1899 qui
3071 1844 3196 1884 eum
3225 1830 3492 1900 praedica-

231 1920 370 1975 alter
405 1919 601 1974 malus.
632 1919 812 1975 Bonus
838 1919 1106 1986 Christus,
1153 1929 1210 1977 et
1235 1923 1434 1978 bonum
1469 1937 1664 1993 corpus
1689 1923 1808 1993 ejus

231 2008 560 2064 adhaerendo
589 2011 750 2065 bono.
779 2010 950 2066 Malus
974 2011 1237 2079 diabolus,
1263 2015 1357 2082 qui
1391 2014 1564 2070 factus
1593 2015 1692 2070 fuit
1716 2017 1812 2073 bo-

231 2112 356 2165 nus,
394 2099 720 2157 adhaerendo
755 2101 1055 2157 mendacio.
1104 2101 1276 2160 Malus
1296 2105 1478 2170 homo,
1511 2107 1604 2175 qui
1636 2107 1813 2163 factus

234 2186 336 2244 fuit
363 2191 554 2254 bonus,
581 2191 905 2247 adhaerendo
930 2194 1232 2250 mendacio.
1261 2197 1388 2252 Haec
1411 2197 1642 2268 qualitas
1669 2199 1814 2256 inter

234 2287 494 2348 utrosque
507 2277 694 2350 jungit
727 2289 1004 2352 utrosque,
1053 2283 1107 2339 id
1144 2294 1244 2351 est,
1287 2287 1419 2343 duas
1459 2290 1811 2358 substantias,

234 2369 483 2440 angelum
510 2377 564 2424 et
597 2371 890 2436 hominem,
931 2373 1107 2444 ipsum
1142 2377 1482 2433 mendacium
1507 2379 1638 2436 facit
1673 2381 1729 2435 in
1753 2396 1814 2437 se

235 2475 424 2516 unum.
484 2460 714 2518 Proinde
763 2465 1012 2535 opposuit
1071 2466 1272 2522 veritas
1323 2467 1571 2526 Christus
1625 2481 1813 2527 contra

235 2554 594 2610 mendacium.
642 2555 928 2612 Humilitas
960 2566 1147 2614 contra
1191 2562 1515 2630 superbiam.
1564 2563 1816 2621 Charitas

235 2653 426 2700 contra
479 2645 826 2702 discordiam.
888 2649 1156 2704 Patientia
1211 2661 1400 2706 contra
1455 2654 1810 2710 iracundiam.

235 2734 460 2805 Bonitas
493 2745 680 2792 contra
735 2738 1016 2792 malitiam.
1070 2740 1352 2810 Despectio
1395 2726 1582 2799 eontra
1627 2745 1817 2801 elatio-

236 2840 381 2880 nem.
423 2825 664 2884 Parcitas
686 2836 872 2884 contra
912 2829 1216 2884 avaritiam.
1262 2831 1600 2889 Abstinentia
1624 2843 1815 2892 contra

235 2928 261 2958 ε
286 2916 742 2989 gastrimargiam.
792 2918 1068 2974 Sobrietas
1104 2930 1292 2976 contra
1336 2923 1672 2981 ebrietatem.
1724 2925 1817 2983 Sic

235 3005 345 3078 egit
372 3007 545 3064 bonus
573 3009 832 3076 medicus,
851 3019 918 3087 ut
950 3011 1121 3068 calida
1153 3009 1380 3083 frigidis,
1422 3023 1476 3070 et
1505 3014 1694 3088 frigida
1723 3033 1816 3073 ca-

235 3094 360 3152 lidis
387 3105 712 3167 temperaret
741 3099 990 3167 infirmis,
1040 3111 1095 3156 et
1122 3103 1251 3173 ipsis
1278 3105 1616 3172 promitteret
1640 3107 1806 3164 vitam

233 3187 326 3258 qui
350 3177 702 3244 observarent
727 3190 962 3245 diaetam.
1004 3192 1071 3247 Et
1113 3193 1214 3264 ipsi
1249 3195 1410 3250 citius
1435 3197 1502 3251 ad
1528 3199 1814 3254 sanitatem

235 3277 491 3342 redirent,
538 3279 631 3350 qui
668 3281 916 3350 potiones
941 3297 1157 3339 amaras
1184 3285 1451 3342 biberent.
1490 3287 1626 3344 Nam
1663 3273 1728 3346 et
1759 3291 1817 3346 in

233 3371 564 3427 medicorum
603 3374 900 3429 carnalium
935 3377 1164 3443 actibus,
1193 3379 1342 3449 prius
1369 3380 1470 3451 ipsi
1501 3383 1696 3439 medici
1721 3400 1819 3456 gu-

232 3466 380 3514 stant
402 3459 530 3531 quid
560 3461 628 3516 ad
658 3463 944 3518 sanitatem
972 3465 1301 3522 confecerint
1325 3468 1622 3536 hominum,
1658 3480 1712 3527 et
1739 3473 1819 3529 sic

231 3553 449 3622 aegrotis
481 3553 772 3610 bibendum
805 3555 1056 3610 offerunt.
1099 3557 1250 3613 Sicut
1287 3566 1342 3614 et
1370 3559 1484 3630 ipse
1507 3561 1819 3618 misericors

231 3643 474 3699 medicus
495 3644 641 3710 fecit,
669 3645 760 3714 qui
783 3661 979 3716 corpus
1003 3656 1058 3702 et
1081 3649 1396 3718 sanguinem
1427 3665 1606 3716 suum,
1645 3651 1815 3706 medi-

230 3735 409 3790 cinam
436 3745 699 3802 nostram,
747 3754 909 3807 quam
942 3754 1040 3808 pro
1071 3742 1225 3796 nobis
1253 3743 1478 3810 aptavit,
1522 3743 1673 3812 prius
1702 3744 1818 3812 ipse

228 3825 607 3882 amaritudinis
632 3827 856 3882 calicem
883 3829 1137 3898 gustavit,
1161 3839 1217 3884 et
1240 3830 1396 3886 nobis
1416 3829 1708 3886 bibendum
1731 3848 1819 3890 οι·-

228 3914 460 3981 dinavit,
511 3924 567 3970 et
601 3915 776 3972 diaetae
812 3918 1219 3975 observationes
1270 3919 1509 3992 reliquit,
1557 3936 1693 3991 quos
1725 3937 1816 3978 se-

230 4024 357 4064 cum
389 4009 571 4065 vivere
596 4011 864 4079 praevidit.

301 4098 439 4154 XIII.
478 4098 766 4155 Videamus
800 4116 944 4156 nunc
983 4102 1073 4172 qui
1119 4113 1245 4158 sunt
1292 4104 1414 4175 ipsi.
1470 4105 1586 4160 Non
1627 4121 1816 4163 omnes

227 4189 422 4260 aegroti
466 4188 602 4244 salvi
627 4205 725 4260 per
751 4206 936 4246 curam
983 4191 1138 4260 ﬁunt,
1186 4193 1288 4248 nisi
1333 4202 1541 4250 tantum
1579 4195 1678 4264 ipsi
1721 4195 1814 4264 qui

231 4279 478 4337 morituri
515 4296 624 4336 non
659 4290 805 4336 sunt.
859 4280 994 4338 Nam
1034 4285 1312 4340 morituris
1355 4285 1485 4341 dicit
1529 4286 1809 4342 medicus:

232 4369 550 4428 Manducent
575 4379 629 4424 et
663 4365 848 4427 bibant
889 4372 1033 4442 quod
1065 4373 1272 4441 volunt,
1321 4375 1447 4445 quia
1476 4377 1655 4432 vivere
1704 4393 1812 4432 non

1909 1924 2106 1972 verunt
2142 1925 2447 1972 venturum.
2498 1917 2696 1974 Habuit
2719 1927 2776 1974 et
2810 1919 3174 1976 Antichristus
3216 1936 3344 1977 suos
3370 1936 3497 1990 pro-

1909 2007 2121 2076 pbetas,
2167 2009 2477 2064 sacerdotes
2519 2006 2686 2064 falsos
2727 2009 2783 2064 in
2825 2009 2962 2080 lege,
3007 2010 3099 2078 qui
3129 2025 3256 2065 eum
3280 2011 3530 2070 crucia--

1913 2105 2124 2161 xerunt,
2157 2097 2437 2153 dicentes:
2468 2097 2585 2152 Non
2612 2108 2696 2153 est
2720 2098 2853 2167 ipse.
2887 2098 3060 2153 Habet
3080 2115 3224 2154 nunc
3245 2099 3496 2156 Christus

1913 2186 2202 2255 discipulos
2229 2202 2356 2242 suos
2395 2187 2448 2241 in
2475 2187 2764 2259 Evangelio
2785 2229 2800 2253 ,
2847 2189 2939 2256 qui
2967 2189 3186 2243 dicunt:
3232 2188 3351 2258 Ipse
3385 2195 3494 2254 est,
3524 2173 3529 2178 ⁷

1912 2282 1969 2330 et
2015 2291 2122 2329 non
2176 2275 2331 2329 alter.
2377 2274 2552 2332 Habet
2596 2285 2652 2331 et
2702 2277 3068 2333 Antichristus
3112 2278 3498 2348 praedicatores

1912 2379 2041 2418 suos
2074 2364 2129 2418 in
2152 2363 2458 2434 Evangelio,
2486 2367 2577 2435 qui
2607 2367 2831 2422 dicunt:
2862 2365 2980 2422 Non
3013 2374 3099 2423 est
3120 2367 3254 2436 ipse.
3285 2367 3388 2434 Qui
3415 2367 3528 2422 di-..

1914 2463 2044 2510 cunt
2071 2456 2184 2525 ipse
2229 2463 2332 2522 est,
2384 2464 2440 2511 et
2466 2471 2575 2512 non
2619 2457 2788 2538 alter,
2835 2472 3030 2526 corpus
3053 2457 3248 2526 capitis
3291 2465 3373 2511 est
3400 2457 3534 2526 qui,

1914 2547 2190 2616 cognoscit
2237 2554 2416 2617 caput,
2468 2548 2521 2602 id
2565 2557 2678 2614 est,
2731 2564 2926 2618 corpus
2961 2546 3165 2604 Christi
3211 2556 3320 2614 est,
3366 2548 3496 2618 quia

1914 2639 2192 2709 cognoscit
2216 2637 2509 2696 Christum.
2541 2641 2608 2696 Et
2631 2641 2725 2710 qui
2752 2640 2920 2696 dicit:
2953 2641 3068 2696 Non
3105 2649 3188 2696 est
3208 2641 3339 2712 ipse,
3374 2655 3497 2696 ων-
3525 2707 3528 2709 Α

1914 2745 2018 2800 pus
2046 2731 2244 2786 diaboli
2272 2739 2384 2798 est,
2430 2732 2554 2804 quia
2583 2731 2862 2800 cognoscit
2887 2738 3066 2801 caput,
3104 2730 3198 2800 qui
3227 2730 3504 2799 separavit

1915 2835 2111 2890 corpus
2139 2837 2298 2876 suum
2323 2837 2355 2877 a
2379 2837 2606 2892 corpore
2629 2822 2852 2890 Christi,
2899 2825 3040 2879 sicut
3066 2825 3180 2893 ipse
3221 2830 3383 2892 caput
3411 2836 3497 2876 se-

1914 2920 2136 2983 paratus
2168 2922 2271 2969 est.

1988 3006 2126 3061 XIV.
2165 3006 2482 3064 Sacerdotes
2525 3003 2836 3064 Iudaeorum
2887 3009 2940 3062 in
2981 3007 3097 3080 lege
3145 3023 3254 3064 non
3291 3022 3530 3078 cogno-,

1920 3106 2133 3153 scentes
2175 3098 2446 3156 Christum
2487 3102 2633 3172 quod
2676 3101 2791 3170 ipse
2826 3109 2972 3158 esset
3011 3102 3152 3156 Deus
3189 3101 3498 3171 redemptor

1920 3190 2105 3246 mundi
2143 3201 2304 3262 caput
2339 3193 2612 3259 Ecclesiae,
2664 3195 2981 3250 occiderunt
3007 3202 3188 3263 caput.
3232 3193 3387 3250 Nunc
3411 3209 3498 3250 sa-

1917 3283 2165 3340 cerdotes
2216 3284 2648 3343 Christianorum
2693 3286 2749 3342 in
2806 3286 3098 3354 Evangelio
3144 3301 3252 3340 non
3297 3301 3533 3356 cogno-.

1917 3383 2075 3433 scum
2097 3389 2325 3445 corpus,
2373 3379 2516 3446 quod
2543 3379 2614 3433 sit
2636 3379 2834 3433 summi
2871 3379 3062 3448 capitis
3083 3393 3303 3447 corpus,
3346 3380 3496 3435 occi-

1917 3466 2051 3520 dunt
2092 3466 2295 3521 Christi
2337 3481 2554 3536 corpus.
2590 3468 2660 3522 Et
2689 3475 2797 3522 tam
2835 3467 2911 3522 illi
2946 3467 3258 3523 sacerdotes
3297 3468 3350 3521 in
3380 3468 3498 3538 lege

1917 3559 2009 3628 qui
2034 3559 2347 3614 occiderunt
2372 3568 2554 3626 caput,
2601 3575 2766 3628 quam
2787 3559 2954 3614 etiam
3001 3559 3089 3614 isti
3126 3560 3179 3613 in
3205 3559 3531 3630 Evangelia.

1917 3646 2227 3702 sacerdotes
2249 3647 2341 3716 qui
2367 3648 2620 3702 occidunt
2647 3649 2840 3717 capitis
2875 3664 3088 3718 corpus,
3122 3649 3336 3718 utrique
3357 3666 3498 3719 prte-

1917 3739 2184 3794 dicatores
2230 3739 2547 3797 Antichristi
2600 3749 2763 3806 sunt,
2823 3742 2950 3811 quia
3003 3741 3219 3812 utrique
3273 3743 3342 3798 de
3386 3759 3494 3799 una

1915 3829 2103 3886 schola
2131 3841 2278 3898 sunt,
2322 3832 2539 3901 utrique
2569 3832 2638 3888 de
2671 3847 2777 3887 una
2815 3831 3056 3888 doctrina
3085 3839 3232 3897 sunt,
3275 3832 3493 3903 utrique
3527 3882 3534 3886 .

1916 3922 1982 3978 de
2015 3937 2122 3977 uno
2163 3923 2358 3993 spiritu
2398 3923 2713 3993 loquuntur.
2753 3919 2911 3979 Unus
2945 3922 3164 3992 spiritus
3208 3930 3293 3979 est
3334 3931 3530 3992 caput.

1915 4027 2103 4067 eorum
2129 4015 2380 4079 mendax,
2434 4012 2586 4082 cujus
2615 4023 2670 4069 et
2692 4014 2780 4068 ille
2809 4029 3006 4084 corpus
3034 4022 3136 4069 est.
3175 4011 3494 4084 Jamsupra

1914 4102 2146 4160 diximus
2185 4104 2312 4173 quia
2338 4104 2482 4173 quod
2508 4103 2640 4160 facit
2663 4112 2825 4175 caput
2859 4105 3123 4170 diabolus,
3169 4104 3402 4160 refertur
3425 4105 3496 4160 ad

1913 4214 2110 4270 corpus
2145 4200 2520 4258 ministrorum
2556 4217 2798 4257 suorum.
2846 4201 2913 4256 Et
2954 4203 3098 4270 quod
3125 4201 3256 4257 facit
3296 4217 3494 4271 corpus
3526 4256 3531 4262 .

1912 4297 2285 4354 ministrorum
2315 4297 2536 4363 diaboli,
2575 4297 2809 4359 refertur
2843 4298 2910 4352 ad
2936 4304 3119 4373 caput.
3155 4296 3219 4358 Et
3246 4311 3370 4350 cum
3395 4310 3492 4374 pa-

1913 4389 2047 4444 titur
2072 4397 2232 4458 caput
2256 4389 2532 4454 Ecclesiae,
2558 4389 2793 4453 refertur
2814 4389 2882 4444 ad
2915 4403 3131 4469 corpus,
3155 4387 3368 4455 Etcum
3394 4400 3492 4467 pa:

233 4467 476 4531 possunt.
527 4459 634 4530 Ipsi
659 4470 786 4516 sunt
828 4462 918 4532 qui
945 4476 1138 4531 pecare
1175 4473 1418 4534 possunt,
1468 4475 1523 4520 et
1549 4467 1812 4536 paenitere

1915 4481 2050 4534 titur
2085 4494 2301 4548 corpus,
2347 4479 2491 4547 quod
2525 4487 2609 4533 est
2645 4477 2886 4533 Ecclesia
2903 4518 2917 4542 ,
2953 4459 3188 4531 refertur
3212 4475 3281 4532 ad
3304 4459 3490 4562 caput.
3515 4535 3520 4539 η

233 4565 340 4608 non
368 4559 612 4620 possunt.
659 4550 813 4619 Quod
839 4553 886 4609 si
915 4555 1130 4610 delicati
1161 4572 1268 4612 non
1310 4569 1494 4613 essent
1529 4558 1600 4613 ad
1639 4559 1813 4630 poeni-

233 4639 473 4705 tendum,
505 4640 612 4696 cito
637 4642 875 4698 redirent
905 4645 974 4700 ad
991 4646 1298 4715 sanitatem,
1325 4648 1372 4702 si
1400 4648 1647 4703 biberent
1669 4664 1815 4703 ama-

233 4730 485 4788 ritudinis
513 4733 783 4802 poculum.
830 4735 898 4790 Et
927 4737 1169 4793 viverent
1193 4739 1310 4794 sine
1333 4739 1514 4805 dubio,
1553 4752 1608 4794 et
1629 4748 1813 4795 essent

231 4821 348 4876 sani
381 4837 504 4877 cum
539 4823 767 4890 medico,
821 4826 868 4880 si
912 4836 1176 4897 quantum
1212 4827 1391 4883 fuerat
1436 4829 1493 4884 in
1537 4831 1812 4899 peccando

230 4913 476 4982 abruptae
501 4915 697 4970 mentis
722 4916 967 4983 intentio,
1002 4927 1210 4973 tantum
1240 4918 1430 4974 fuisset
1458 4919 1514 4974 in
1551 4921 1813 4976 lamenta-

231 5003 382 5061 tione
413 5005 570 5076 plena
609 5007 860 5076 devotio;
907 5020 961 5066 et
998 5010 1218 5081 insuper
1260 5011 1457 5068 medici
1499 5013 1814 5069 observaret

232 5097 449 5152 diaetam
488 5097 654 5164 illam,
686 5115 846 5170 quam
885 5118 1042 5171 supra
1073 5103 1192 5174 ejus
1221 5104 1598 5181 proposuimus
1625 5121 1809 5164 exem-

228 5188 342 5263 plo,
376 5187 428 5243 id
452 5197 554 5252 est,
589 5205 709 5244 cum
734 5192 981 5247 omnibus
1002 5194 1436 5255 discordantibus
1462 5210 1671 5271 pacem,
1695 5212 1812 5250 om.-

233 5277 395 5330 nihus
429 5278 675 5348 superbis
713 5279 1091 5347 humilitatem,
1132 5282 1383 5345 omnibus
1411 5284 1682 5342 iracundis
1709 5301 1809 5356 pa.-

232 5365 499 5431 tientiam,
547 5375 603 5422 et
633 5376 847 5434 caetera,
879 5385 998 5446 quae
1024 5386 1187 5441 supra
1215 5375 1653 5431 memoravimus.
1703 5377 1810 5432 ista

231 5460 527 5520 contraria,
575 5473 696 5528 quae
723 5474 788 5514 ex
815 5459 1026 5517 diabolo
1052 5471 1177 5518 sunt
1210 5473 1354 5530 nata,
1385 5480 1484 5535 pro
1509 5482 1616 5536 quo
1641 5468 1811 5538 possit

232 5542 436 5600 diaboli
475 5555 702 5600 mortem
728 5547 970 5612 evadere,
1013 5557 1070 5604 et
1095 5551 1294 5608 Christi
1320 5554 1610 5609 observare
1646 5556 1805 5620 dicta,

233 5645 292 5693 et
318 5653 442 5692 cum
471 5654 570 5693 suo
599 5637 807 5693 medico
833 5654 1041 5710 semper
1063 5643 1259 5711 vivere,
1290 5647 1380 5714 qui
1409 5657 1491 5703 cst
1512 5647 1642 5702 vita.
1675 5647 1808 5703 Nam

311 5767 333 5801 ο
366 5759 768 5836 Γᾳστριμσργία,
796 5756 1068 5824 gulositas.

1912 4571 2150 4630 Ecclesia
2177 4578 2326 4627 certa
2370 4577 2457 4626 est
2482 4570 2551 4625 de
2591 4569 2810 4625 Christo
2831 4569 3026 4639 capite,
3075 4566 3233 4637 cujus
3257 4575 3340 4626 est
3369 4581 3496 4626 cor».

1909 4677 2030 4732 pus,
2071 4660 2197 4730 quia
2223 4660 2490 4717 mediator
2515 4667 2601 4714 est
2620 4657 2888 4715 Christus.
2912 4660 2981 4714 Et
2999 4659 3121 4714 ideo
3144 4673 3253 4714 non
3277 4658 3494 4715 dubitat

1911 4754 1978 4809 de
2019 4752 2256 4816 Christo,
2309 4749 2524 4806 etiamsi
2567 4765 2787 4806 necesse
2815 4751 2886 4806 sit
2911 4751 3224 4822 sanguinem
3262 4749 3500 4806 fundere.

1909 4862 2009 4917 pro
2041 4845 2276 4902 Christo.
2307 4845 2561 4902 Diabolus
2587 4860 2716 4900 vero
2750 4861 2856 4901 non
2880 4855 2964 4902 est
2987 4846 3252 4902 mediator
3275 4843 3498 4913 corpori

1910 4955 2044 4994 suo:
2090 4937 2182 5007 qui
2226 4939 2403 4994 adhuc
2428 4953 2554 4994 non
2603 4938 2880 5007 ingressus
2917 4945 3000 4993 est
3031 4937 3304 4993 hominem
3335 4935 3493 5007 illum

1911 5031 2242 5093 damnatum,
2285 5043 2386 5100 pro
2416 5044 2524 5098 quo
2547 5029 2622 5085 sit
2648 5029 2875 5084 visibilis
2901 5029 3170 5084 mediator
3202 5028 3316 5098 ipse
3344 5027 3496 5094 ﬁlius

1909 5120 2228 5190 perditionis
2267 5120 2408 5175 inter
2433 5119 2706 5176 diabolum
2729 5127 2786 5173 et
2817 5134 2986 5190 genus
3028 5120 3320 5173 humanum
3345 5133 3361 5172 :
3392 5119 3496 5190 sed

1910 5213 2074 5266 habet
2106 5209 2272 5266 falsos
2314 5208 2700 5279 prmdicatores
2745 5224 2874 5264 suos
2910 5209 3211 5272 haereticos,
3257 5208 3352 5278 qui
3386 5208 3490 5269 fin-_

1910 5311 2044 5374 gunt
2071 5303 2171 5358 sub
2205 5301 2423 5357 nomine
2448 5301 2648 5358 Christi
2683 5300 2980 5366 Christum,
3027 5300 3239 5370 qualem
3271 5300 3372 5356 sibi
3401 5300 3490 5362 in:

1910 5396 2147 5464 spirante
2187 5393 2400 5449 diabolo
2433 5393 2622 5458 finxit,
2671 5407 2778 5448 non
2820 5393 3032 5462 qualem
3077 5392 3290 5446 Veritas
3331 5392 3484 5460 dici:,

1910 5487 2008 5542 Est
2056 5502 2252 5555 corpus
2280 5486 2494 5550 diaboli,
2545 5498 2600 5541 ct
2635 5494 2814 5542 tamen
2842 5489 2942 5541 sub
2991 5486 3207 5542 nomine
3237 5483 3490 5546 falsitatis

1910 5579 2184 5635 Christum
2214 5578 2486 5647 prtedicat.
2519 5586 2574 5633 et
2597 5578 2872 5635 Christum
2912 5593 2971 5634 se
2993 5578 3171 5633 colere
3207 5578 3484 5640 mentitur,

1912 5671 1980 5725 Et
2005 5671 2127 5739 quia
2158 5671 2224 5726 de
2267 5671 2529 5741 sapientia
2562 5685 2621 5726 se
2661 5670 2942 5741 glorificat,
2995 5680 3183 5727 contra
3209 5669 3485 5741 Christum
