3992 6176
491 350 596 414 981

1301 336 1718 427 ELIPANDUS,
1758 355 1986 424 ωλι,
2026 340 2396 413 uersatus
2413 355 2501 413 ετ
2541 354 2599 410 s.
2627 349 2936 412 anuus.

488 470 619 541 agit,
649 450 775 540 quia
795 448 989 539 corpus
1018 447 1221 525 Christi
1259 470 1516 527 detrahit.
1543 473 1781 528 Etcum
1818 473 2074 538 detrahit,
2104 471 2158 534 Δ
2181 479 2266 527 tes
2301 480 2448 540 sunt,
2484 468 2539 528 id
2565 479 2673 538 est,
2702 486 2812 528 una
2833 489 2961 544 pars
2992 474 3108 546 ipsa
3139 475 3402 542 Ecclesia,
3441 492 3564 548 quae
3589 481 3769 539 imita-

485 559 778 617 cruciﬁsit.
809 559 878 615 Et
907 575 1029 615 cum
1055 559 1348 625 cruciﬁxit,
1380 577 1489 617 non
1518 564 1814 632 cognoscit.
1859 563 1928 619 Et
1949 577 2075 620 cum

483 663 594 705 non
625 650 904 720 cognoscit
924 665 1140 719 corpus,
1166 665 1275 705 non
1301 651 1579 722 cognoscit
1601 661 1782 724 caput,
1814 651 1970 722 cujus
1993 658 2078 708 est

483 754 704 810 corpus.
747 739 816 794 Et
837 755 962 796 cum
1003 739 1202 796 occidit
1242 756 1458 811 corpus,
1501 743 1702 799 occidit
1725 753 1904 814 caput.
1955 743 2074 799 Non

485 829 666 885 adhuc
701 828 903 884 occidit
941 829 1298 898 corporaliter
1326 845 1543 900 corpus,
1574 834 1668 888 sed
1700 833 2072 903 spiritualiter.

483 921 554 977 Et
579 930 710 978 tunc
735 921 936 978 occidit
972 937 1168 992 corpus
1204 923 1427 990 Christi,
1459 926 1675 995 quando
1709 942 1809 996 per
1829 928 2073 998 philoso-

479 1013 668 1085 phiam
695 1029 848 1069 suam
873 1021 1084 1071 mentes
1123 1014 1362 1070 ﬁdelium
1390 1019 1679 1074 conturbat
1712 1026 1769 1074 et
1795 1018 1919 1075 ﬁdei
1963 1035 2076 1076 sua:

479 1105 735 1161 associat.
773 1105 841 1161 Et
868 1107 975 1162 hoc
1011 1106 1246 1160 maxime
1293 1116 1476 1164 mente
1499 1109 1743 1178 parvulis
1772 1111 1864 1180 qui
1898 1110 2076 1167 adhuc

479 1194 623 1251 laeto
646 1203 912 1261 utuntur,
940 1196 993 1250 id
1021 1203 1133 1263 est,
1186 1211 1352 1253 carne
1375 1204 1430 1250 et
1459 1199 1720 1269 sanguine
1748 1199 1949 1255 Christi
1979 1216 2076 1270 pa-

479 1295 728 1354 scantur,
765 1294 822 1342 et
860 1289 1092 1343 necdum
1122 1288 1190 1342 ad
1239 1287 1470 1342 solidum
1515 1289 1695 1344 cibum
1725 1290 1848 1345 ﬁdei
1880 1307 2075 1361 perve-

478 1384 698 1432 nerunt.
745 1378 937 1433 Aufert
972 1387 1102 1434 tunc
1124 1379 1229 1444 lac,
1278 1378 1332 1433 id
1369 1387 1470 1443 est,
1509 1395 1730 1435 carnem
1758 1388 1812 1435 et
1851 1381 2074 1452 sangui-

479 1480 604 1524 nem
635 1468 858 1535 Christi,
904 1477 960 1524 et
987 1469 1190 1539 praebet
1214 1485 1370 1524 suum
1397 1469 1499 1535 lac,
1533 1471 1586 1525 id
1611 1479 1714 1535 est,
1763 1487 1982 1527 carnem
2020 1481 2076 1527 et

477 1561 797 1631 sanguinem
833 1577 994 1631 quam
1017 1561 1119 1616 sibi
1149 1561 1251 1631 ipsi
1274 1561 1446 1616 ﬁnxit.
1477 1561 1668 1618 Aufert
1687 1578 1954 1619 mammas
1976 1565 2077 1620 Ec-

475 1650 678 1716 clesiae,
705 1650 760 1705 id
782 1657 886 1714 est,
914 1651 1020 1705 duo
1051 1649 1399 1706 Testamenta
1423 1651 1558 1722 legis
1581 1661 1636 1706 et
1660 1651 1937 1724 Evangelii
1963 1670 1979 1718 ;
2017 1660 2075 1707 et

475 1740 682 1812 prabet
711 1753 978 1794 mammas
998 1754 1144 1804 suas,
1175 1740 1228 1794 id
1265 1749 1370 1805 est,
1403 1741 1472 1795 ad
1497 1741 1658 1796 ﬁdem
1679 1757 1833 1796 suam
1860 1757 2074 1810 perver-

476 1844 598 1884 sam
620 1837 678 1883 et
706 1829 879 1901 legem
923 1837 980 1883 et
1017 1828 1367 1900 Evangelium
1395 1830 1651 1900 exponit,
1698 1839 1754 1886 et
1789 1832 1858 1886 ad
1901 1831 2073 1902 ipsam
2107 1815 2156 1876 Β

479 1919 643 1976 ﬁdem
674 1919 819 1989 ipsas
846 1918 1156 1988 Scripturas
1190 1921 1378 1991 dirigit
1423 1922 1477 1975 in
1520 1922 1879 1992 perversitate
1916 1940 2078 1993 quam

475 2009 666 2065 sentit.
701 2007 770 2064 Et
803 2018 936 2065 tunc
962 2010 1206 2066 Ecclesia
1237 2013 1594 2080 perversitate
1618 2014 1903 2083 premitur,
1955 2030 2078 2069 cum

475 2101 660 2172 pravis
695 2101 1002 2172 quibusque
1037 2104 1486 2173 pnedicatoribus
1533 2106 1750 2163 licentia
1791 2108 2080 2167 locutionis

480 2192 662 2246 datur.
1433 2199 1435 2201 ‘

523 2281 667 2338 ίχν.
693 2281 850 2350 Quod
887 2283 1046 2353 longe
1074 2292 1202 2342 ante
1238 2285 1506 2344 Ieremias
1546 2289 1766 2345 intuens
1811 2291 1926 2346 ait:
1971 2291 2078 2347 Sed

473 2383 523 2431 et
543 2372 722 2428 lamin!
762 2373 1095 2430 nudaverant
1131 2393 1416 2434 mammam
1443 2421 1458 2445 ,
1508 2380 1834 2436 (notaverunt
1874 2380 2076 2436 catulos

475 2480 622 2521 suos.
655 2462 798 2532 Quid
829 2481 1064 2536 namque
1089 2465 1300 2534 lamias,
1351 2469 1458 2526 nisi
1484 2471 1771 2528 haereticos
1800 2472 2077 2543 appellat?

477 2555 768 2610 humanam
795 2555 1011 2627 quidem
1040 2557 1237 2615 faciem
1259 2601 1273 2623 .
1316 2562 1412 2617 sed
1437 2563 1732 2618 belluinam
1760 2577 1860 2634 per
1889 2563 2078 2636 impie-

476 2656 644 2704 tatem
672 2649 902 2706 caudam
928 2658 1222 2722 gestantes.
1250 2653 1355 2721 Qui
1379 2661 1508 2711 tunc
1527 2670 1822 2710 mammam
1844 2656 2071 2720 nudant,

473 2737 695 2809 quando
726 2755 970 2796 errorem
1004 2757 1162 2797 suum
1191 2744 1406 2814 publice
1437 2747 1756 2816 praedicant.
1795 2746 1949 2802 Tunc
1983 2761 2076 2802 ca-

477 2831 622 2886 tulos
680 2830 903 2898 lactant,
963 2835 1180 2903 quando
1223 2835 1364 2891 male
1415 2850 1676 2907 sequaces
1719 2835 2073 2909 parvulorum

479 2922 707 2988 animae,
744 2923 872 2978 dum
898 2938 1154 2994 perversa
1180 2926 1479 2994 insinuant,
1513 2928 1581 2983 ad
1607 2927 1943 2997 impietatem
1974 2941 2076 2980 nu-

476 3013 691 3068 triendo
738 3014 1083 3069 conﬁrrnant.
1137 3015 1276 3072 Huic
1323 3019 1507 3072 sensui
1551 3017 1788 3074 Joannes
1838 3019 1894 3073 in
1934 3017 2074 3074 libro

477 3100 833 3173 Apocalypsis
853 3103 1165 3169 concordat,
1195 3105 1414 3161 dicens:
1445 3105 1516 3160 Et
1545 3106 1651 3161 vidi
1673 3106 1835 3162 aliam
1855 3108 2074 3162 bestiam

478 3163 843 3249 claudentem
888 3193 956 3249 de
992 3163 1174 3260 terra,
1225 3204 1282 3253 et
1311 3197 1533 3252 habebat
1571 3214 1770 3276 cornua
1796 3197 1905 3252 duo
1948 3199 2073 3269 agni
2098 3163 2148 3229 ο

478 3288 697 3354 similia,
737 3299 788 3343 et
829 3287 1141 3360 loquebatur
1174 3290 1326 3359 quasi
1359 3289 1522 3344 draco
1545 3306 1565 3344 :
1611 3299 1660 3346 et
1683 3306 1888 3344 omnem
1932 3299 2077 3360 pote-

478 3389 667 3436 statem
703 3381 896 3452 prioris
935 3381 1112 3435 bestia.-
1153 3380 1381 3451 faciebat
1423 3381 1478 3435 in
1523 3389 1802 3452 conspectu
1831 3381 1946 3451 ejus
1972 3397 1992 3434 :
2029 3388 2078 3435 et

481 3471 611 3540 facit
654 3482 868 3536 terram,
915 3481 963 3526 et
988 3489 1076 3526 eos
1102 3473 1193 3544 qui
1219 3472 1516 3527 inhabitant
1553 3489 1690 3538 eam,
1725 3474 1951 3527 adorare
1992 3471 2079 3526 be-

481 3558 640 3616 stiarii
682 3561 831 3617 illam
871 3563 1117 3633 priorem,
1167 3563 1321 3632 cujus
1364 3572 1550 3618 curata
1587 3573 1661 3618 est
1699 3563 1857 3635 plaga
1893 3564 2078 3618 mortis

481 3653 598 3723 ejus
623 3670 644 3709 :
673 3662 723 3708 et
764 3654 892 3725 facit
920 3655 1074 3726 signa
1103 3671 1317 3726 magna,
1367 3665 1424 3710 ut
1453 3657 1624 3726 ignem
1651 3655 1814 3726 faciat
1847 3655 1913 3709 de
1950 3653 2078 3709 caelo

479 3744 791 3799 descendere
821 3744 880 3800 in
902 3753 1099 3799 terram
1122 3746 1180 3799 in
1205 3757 1484 3816 conspectu
1515 3747 1804 3810 hominum,
1851 3755 1900 3800 et
1926 3745 2082 3800 sedu-

481 3835 552 3887 cit
573 3851 662 3888 eos
684 3834 775 3904 qui
802 3833 861 3888 in
884 3827 1350 3889 terra'inhabitant
1374 3852 1466 3906 per
1485 3836 1597 3890 hac
1621 3837 1772 3906 signa
1811 3852 1928 3907 qua:
1952 3836 2082 3889 data

481 3932 604 3979 sunt
629 3925 696 3988 ei,
742 3923 916 3993 facere
939 3924 1282 3979 simulacrum
1311 3926 1503 3988 bestiar,
1545 3935 1600 3978 ut
1629 3926 1959 3980 occidantur.
2010 3924 2081 3979 Et

484 4022 614 4092 facit
638 4036 817 4075 omnes
840 4020 1086 4075 minimos
1111 4029 1159 4073 et
1183 4037 1418 4090 magnos,
1451 4029 1500 4074 et
1524 4020 1707 4074 divites
1729 4029 1777 4072 et
1803 4035 2076 4089 pauperes,

483 4121 535 4167 et
563 4111 753 4166 liberos
781 4117 830 4164 et
858 4126 1052 4174 servos,
1099 4118 1154 4164 ut
1187 4109 1309 4164 dent
1338 4111 1412 4164 eis
1451 4104 1638 4163 notam
1679 4126 1836 4179 super
1862 4126 2078 4163 manum

483 4217 667 4258 eorum
686 4202 974 4266 dexteram,
1011 4209 1103 4255 aut
1131 4215 1288 4271 super
1315 4200 1511 4270 frontes
1541 4215 1721 4253 eorum
1743 4215 1762 4253 :
1793 4205 1852 4253 ut
1874 4211 1940 4253 ne
1961 4201 2078 4270 quis

483 4304 659 4370 posset
695 4295 934 4358 vendere,
982 4304 1074 4351 aut
1115 4310 1304 4358 emere,
1349 4294 1450 4348 nisi
1490 4294 1582 4365 qui
1609 4293 1850 4348 habuerit
1875 4302 2074 4360 notam,

484 4399 577 4445 aut
607 4404 796 4444 nomen
833 4388 1028 4454 bestite,
1075 4397 1167 4442 aut
1195 4403 1469 4441 numerum
1495 4386 1722 4441 nominis
1745 4384 1863 4454 ejus
1889 4385 2074 4458 (Apoc.

486 4495 610 4544 xm,
642 4479 852 4552 ii-l'l).

555 4570 696 4624 XVI.
734 4569 848 4625 Hoc
876 4577 1047 4625 totum
1072 4584 1379 4640 quanquam
1409 4568 1768 4640 corporaliter
1799 4566 2076 4624 Antichri-

485 4661 559 4718 sti
594 4670 835 4730 tempore
858 4659 1061 4716 factum
1087 4661 1212 4726 erit,
1264 4668 1446 4716 tamen
1476 4661 1529 4716 in
1559 4659 1799 4716 Ecclesia
1824 4660 2076 4730 spiritua-

486 4751 615 4807 liter
642 4751 803 4807 hodie
829 4751 906 4806 ﬁt.
957 4751 1092 4806 Nam
1116 4753 1260 4822 quod
1289 4752 1426 4807 dixit
1449 4770 1464 4806 :
1509 4749 1628 4805 Vidi
1653 4751 1812 4805 aliam
1857 4752 2075 4806 bestiam

485 4842 848 4898 ascendentem
873 4842 939 4896 de
968 4854 1129 4908 terra,
1159 4843 1294 4898 duas
1319 4843 1554 4898 insinuat
1577 4843 1780 4898 bestias
1802 4856 1943 4898 esse.
1977 4842 2078 4898 Be-

486 4936 593 4991 stia
611 4936 756 4990 enim
778 4950 808 4990 a
835 4947 862 4976 ι
893 4936 1148 4990 ὺαειαηάο
1183 4949 1376 4993 nomen
1414 4935 1596 4990 habet.
1637 4933 1756 4991 Non
1783 4935 1930 4990 enim
1951 4935 2080 4991 her-

488 5027 594 5093 bis,
647 5027 743 5083 sed
785 5041 954 5082 carne
994 5025 1255 5097 pascitur.
1300 5025 1479 5082 Aliam
1523 5025 1754 5083 bestiam
1780 5027 1940 5093 dixit,
1980 5027 2076 5083 sed

488 5135 589 5190 pro
615 5119 812 5184 cilicio,
859 5133 961 5189 pro
994 5119 1226 5177 actione.
1273 5118 1381 5176 Sed
1409 5127 1588 5175 tamen
1617 5133 1725 5174 una
1761 5119 1933 5175 bestia
1969 5126 2076 5186 est,

491 5209 618 5280 quia
643 5217 817 5267 totum
845 5225 1046 5281 corpus
1072 5209 1271 5267 diaboli
1308 5225 1476 5267 unum
1511 5225 1710 5281 corpus
1741 5218 1845 5266 est.
1895 5210 2079 5267 Bestia

489 5300 637 5354 enim
669 5299 850 5356 omnis
888 5301 1108 5356 omnino
1143 5300 1374 5371 populus
1395 5309 1497 5366 est,
1544 5307 1654 5356 tam
1695 5301 1887 5373 pagani
1915 5317 2078 5372 quam

494 5387 621 5442 mali
660 5387 996 5455 Christiani,
1045 5390 1137 5462 qui
1169 5390 1374 5447 Christi
1418 5391 1675 5449 Ecclesia:
1702 5393 2076 5449 adversantur.

495 5478 634 5537 Nam
658 5483 852 5554 pagani
878 5491 1064 5554 aperta
1103 5483 1282 5540 fronte
1305 5485 1567 5540 recedunt
1589 5500 1620 5540 a
1641 5484 1860 5542 Christo
1878 5485 2081 5551 {Chri-

495 5569 660 5628 stiani
687 5585 834 5636 vero,
862 5573 975 5628 sive
1006 5575 1135 5629 boni
1162 5575 1276 5630 sive
1299 5574 1445 5640 mali,
1475 5591 1582 5632 una
1604 5576 1844 5632 Ecclesia
1876 5592 2081 5634 nuncu-

498 5665 718 5734 pantur.
748 5658 856 5714 Sed
881 5661 996 5727 ipsa
1015 5677 1136 5730 quae
1162 5678 1268 5716 una
1295 5665 1510 5720 videtur
1537 5664 1797 5733 Ecclesia,
1829 5676 1938 5723 tres
1958 5684 2096 5740 par-

576 5761 602 5793 ⁸
630 5749 898 5814 βαστάζω,
920 5759 1096 5816 porto,
1126 5750 1261 5805 fero.

2103 4513 2153 4573 Ι)

2179 570 2270 617 tur
2291 561 2591 619 Christum.
2637 562 2859 619 Ceterae
2894 565 3014 621 dum
3045 573 3234 635 partes
3261 575 3388 622 sunt
3420 584 3542 638 qua:
3581 579 3770 629 contra

2177 651 2351 720 ipsam
2374 651 2670 708 Ecclesiam
2708 664 2968 723 pugnant.
3009 652 3063 708 id
3091 663 3194 718 est,
3227 655 3490 721 haeretici,
3537 667 3594 713 et
3613 657 3773 713 ειη-ἱ.

2175 742 2338 798 stiani
2371 743 2520 798 mali.
2555 743 2812 798 Diabolus
2839 753 3003 808 enlm,
3033 745 3124 815 qui
3154 746 3319 802 draco
3356 747 3577 813 dicitur,
3609 759 3773 822 caput

2175 841 2270 889 est
2302 833 2358 888 in
2391 833 2564 890 tribus
2591 832 2856 904 partibus,
2896 833 2952 888 id
2974 841 3058 889 est
3095 834 3392 891 incredulis
3419 845 3477 892 et
3521 840 3772 908 paganis,

2174 930 2231 977 et
2251 921 2573 978 Christianis
2597 921 2756 976 malis
2780 929 2942 991 atque
2985 921 3274 979 haereticis.
3319 923 3457 978 Nam
3497 925 3644 981 sicut
3685 927 3769 982 in-

2175 1011 2448 1076 credulus,
2473 1026 2744 1082 paganus,
2771 1010 2885 1066 sive
2905 1011 3143 1077 Iudaeus,
3181 1011 3291 1067 ﬁde
3316 1014 3528 1069 recedit
3554 1031 3587 1068 a
3618 1015 3772 1070 Chri-

2175 1111 2280 1168 sto,
2304 1102 2384 1159 sic
2411 1101 2750 1158 Christianus
2774 1102 2950 1159 malus
2973 1118 3135 1174 opere
3158 1120 3188 1158 a
3215 1103 3456 1160 Christo.
3471 1104 3610 1173 Quia
3635 1107 3773 1163 sicut

2175 1193 2267 1248 ille
2289 1192 2500 1262 publice
2532 1199 2693 1264 negat
2718 1191 2996 1248 Christum
3019 1207 3139 1250 esse
3181 1194 3382 1262 Deum,
3431 1195 3511 1251 sic
3535 1197 3641 1252 iste
3670 1213 3771 1265 pu-

2175 1285 2315 1340 b‘lice
2340 1283 2469 1338 facit
2495 1298 2660 1354 opera
2696 1283 2835 1338 mala
2873 1299 2992 1354 qua:
3024 1299 3132 1339 non
3173 1283 3388 1354 placent
3411 1283 3652 1342 Christo.
3703 1287 3772 1343 Et

2175 1393 2300 1433 cum
2327 1391 2432 1430 una
2468 1391 2597 1447 pars
2620 1375 2724 1431 ﬁde
2749 1377 2973 1443 recedit,
3017 1375 3190 1432 altera
3213 1391 3398 1446 opere,
3444 1385 3677 1448 utraque
3706 1382 3774 1435 ab

2175 1483 2284 1523 uno
2309 1465 2527 1522 Christo
2553 1473 2853 1536 separatur.
2885 1467 2952 1521 Et
2976 1467 3101 1537 quia
3123 1482 3154 1520 a
3181 1465 3401 1522 Christo
3427 1478 3773 1538 separantur,

2175 1573 2315 1612 unus
2338 1572 2534 1626 corpus
2559 1557 2756 1627 capitis
2777 1553 2974 1612 diaboli
2994 1555 3302 1612 efﬁciuntur
3327 1573 3341 1611 :
3371 1567 3428 1613 et
3452 1574 3575 1614 cum
3597 1577 3773 1616 unum

2175 1665 2372 1719 corpus
2391 1648 2641 1714 efﬁcitur,
2669 1665 2778 1704 una
2803 1649 2976 1704 bestia
3003 1648 3222 1704 dicitur.

2247 1739 2410 1796 XVII.
2439 1739 2624 1795 Tertia
2661 1755 2789 1810 pars
2824 1745 2907 1794 est
2949 1738 3015 1794 de
3051 1738 3372 1796 Antichristi
3409 1756 3653 1812 corpore,
3714 1743 3770 1802 id

2179 1841 2263 1888 est
2290 1829 2552 1896 hteretici,
2581 1845 2702 1900 quae
2733 1831 2890 1901 longe
2918 1831 2986 1885 ab
3011 1829 3104 1884 illa
3129 1830 3304 1886 bestia
3332 1832 3528 1887 distant
3551 1835 3611 1888 in
3638 1836 3772 1890 reli-

2178 1924 2354 1994 gione.
2401 1921 2478 1976 illi
2507 1921 2736 1976 adulteri
2762 1928 2907 1983 sunt,
2947 1920 3038 1976 isti
3069 1921 3438 1992 virginitatem
3466 1931 3522 1977 et
3547 1926 3771 1981 castita-

2177 2026 2286 2070 tem
2325 2013 2598 2070 simulant.
2644 2012 2723 2068 illi
2749 2027 2972 2082 rapaces
2994 2020 3136 2076 sunt,
3165 2013 3265 2068 isti
3293 2028 3389 2068 sua
3423 2015 3648 2084 propria
3669 2015 3770 2070 lar-

2177 2105 2279 2176 giri
2334 2105 2608 2160 simulant.
2663 2103 2742 2158 illi
2795 2103 2852 2157 in
2899 2105 3323 2160 comessationes
3371 2114 3426 2160 et
3477 2107 3770 2164 ebrietates

2176 2198 2390 2269 publice
2408 2197 2578 2252 vitam
2614 2196 2836 2260 ducunt,
2877 2195 2968 2250 isti
2986 2194 3208 2265 jejuniis
3232 2205 3286 2251 ct
3313 2198 3658 2254 orationibus
3689 2215 3768 2255 se-

2173 2289 2436 2360 metipsos
2473 2287 2736 2359 aliligunt.
2771 2287 2856 2342 illi
2901 2287 3048 2342 intus
3077 2296 3132 2342 ct
3161 2287 3294 2342 foris
3335 2287 3447 2358 lupi
3481 2298 3633 2354 sunt,
3681 2291 3768 2345 isti

2176 2381 2377 2438 deforis
2420 2380 2542 2452 agni
2586 2387 2641 2436 et
2675 2380 2822 2435 intus
2857 2379 2967 2449 lupi
2997 2387 3142 2434 sunt.
3189 2378 3301 2436 llos
3327 2379 3488 2435 habet
3523 2381 3769 2438 diabolus

2175 2473 2464 2545 prophetas
2489 2487 2636 2536 suos,
2679 2485 2815 2540 quos
2844 2469 3126 2526 constituit
3170 2469 3225 2523 in
3256 2469 3500 2525 Ecclesia
3547 2472 3619 2527 de
3648 2489 3768 2530 cor-

2175 2579 2307 2636 pore
2334 2579 2433 2620 suo
2457 2581 2472 2630 ;
2513 2564 2611 2619 hos
2636 2563 2798 2618 habet
2827 2562 2930 2618 sub
2955 2561 3174 2618 nomine
3209 2561 3432 2628 Christi,
3480 2563 3572 2632 qui
3605 2563 3767 2621 Chri-

2175 2665 2318 2713 stum
2359 2655 2654 2727 prtedicare
2693 2654 2971 2719 simulent,
3015 2661 3071 2710 et
3113 2669 3311 2724 corpus
3361 2653 3566 2710 diaboli
3613 2657 3767 2713 ﬁant.

2174 2749 2310 2818 Quia
2337 2747 2689 2804 mediatorem
2725 2762 2834 2802 non
2857 2746 3024 2802 habet
3051 2745 3329 2812 diabolus,
3369 2747 3566 2816 quibus
3597 2750 3770 2805 modis

2175 2842 2242 2898 de
2270 2838 2510 2896 Ecclesia
2550 2837 2798 2908 decipere
2847 2836 3036 2907 possit,
3077 2835 3184 2891 nisi
3215 2843 3423 2890 tantum
3462 2837 3602 2893 istos
3643 2853 3769 2908 pro-

2173 2933 2364 3006 phetas
2403 2947 2530 2988 suos
2555 2929 2740 2993 falsos,
2787 2929 2880 3000 qui
2907 2929 3186 2984 Christum
3211 2929 3424 2999 publice
3450 2929 3674 2985 laudant
3717 2941 3770 2986 et

2173 3025 2385 3096 publice
2413 3024 2728 3094 praedicant,
2759 3027 2815 3078 et
2848 3037 2971 3076 eum
3007 3022 3108 3076 sub
3147 3021 3363 3077 nomine
3387 3018 3780 3077 Christianita—'

2175 3117 2247 3172 tis
2270 3116 2438 3171 Deum
2483 3129 2604 3170 esse
2647 3120 2867 3184 negant.
2915 3114 3061 3180 Quos
3091 3112 3352 3167 Dominus
3381 3112 3434 3166 in
3476 3112 3770 3182 Evangelia

2175 3208 2592 3281 pseudochristos
2623 3214 2678 3263 et
2713 3206 3190 3277 pseudoprophetas
3215 3205 3467 3275 appellat.
3500 3206 3528 3244 ιι
3561 3205 3770 3260 Psenda

2177 3299 2447 3364 dicuntur,
2477 3299 2604 3368 quia
2630 3313 2662 3352 a
2691 3311 2750 3352 se
2771 3303 3000 3365 surgunt
3023 3295 3078 3350 in
3103 3294 3370 3356 doctrina.
3409 3304 3464 3352 et
3501 3298 3767 3367 pmlica-

2176 3397 2357 3445 torum
2383 3388 2486 3444 sibi
2525 3402 2722 3443 nomen
2749 3393 3052 3449 assumunt,
3089 3393 3145 3440 et
3173 3399 3237 3440 ea
3283 3385 3494 3458 ﬁngunt
3514 3387 3581 3442 de
3612 3386 3769 3441 Chri-

2176 3488 2262 3536 sto
2285 3496 2406 3552 quaa
2433 3495 2464 3534 a
2490 3494 2549 3535 se
2577 3478 2902 3542 didicerunt,
2931 3493 3040 3532 non
3066 3493 3096 3531 a
3130 3477 3368 3533 Christo.
3407 3477 3512 3549 lpsi
3544 3493 3608 3532 se
3630 3493 3769 3548 pne-

2178 3573 2359 3628 ferunt
2388 3570 2646 3642 apostolis
2676 3569 2900 3634 Christi,
2931 3583 3068 3638 quos
3104 3585 3212 3624 non
3239 3570 3558 3640 approbavit
3583 3569 3768 3624 Eccle-

2178 3663 2257 3719 sia
2289 3669 2344 3717 et
2369 3661 2531 3732 elegit
2573 3660 2626 3715 in
2668 3659 3049 3730 apostolatum,
3097 3658 3192 3714 sed
3219 3667 3431 3713 tantum
3474 3659 3577 3729 ipsi
3608 3675 3665 3714 se
3711 3667 3768 3713 et

2178 3750 2332 3807 favor
2351 3750 2663 3820 temporalis
2691 3751 2978 3804 humanus.
3008 3747 3143 3816 Quia
3169 3764 3292 3804 cum
3317 3749 3541 3804 audiunt
3571 3765 3630 3804 se
3658 3750 3768 3803 lan-

2179 3845 2296 3902 dari
2323 3860 2354 3899 a
2399 3843 2705 3900 carnalibus
2740 3841 3072 3906 hominibus,
3114 3841 3386 3901 aestimant
3423 3857 3482 3897 se
3511 3842 3654 3911 quod
3679 3859 3770 3899 cos

2179 3938 2316 3994 tales
2362 3937 2560 3992 habeat
2611 3935 2756 3990 intus
2802 3935 2966 3989 Deus.
3019 3933 3126 3989 Pro
3174 3934 3373 4005 quibus
3412 3935 3674 3990 Dominus
3718 3937 3769 3989 in

2177 4028 2500 4101 Apocalypsi
2536 4027 2832 4084 Ecclesiam
2879 4043 3033 4092 suam
3068 4029 3324 4083 admonet
3366 4028 3594 4083 dicens:
3651 4028 3774 4084 Scio

2177 4135 2334 4190 opera
2359 4127 2450 4172 tua
2473 4125 2522 4171 et
2547 4115 2798 4181 laborent,
2833 4125 2881 4170 et
2905 4116 3237 4187 patientiam,
3265 4126 3316 4171 et
3343 4117 3470 4187 quia
3495 4134 3598 4171 non
3628 4129 3772 4187 potes

2175 4215 2384 4278 portare
2421 4205 2607 4271 malos,
2649 4215 2698 4260 et
2726 4206 2935 4262 tentasti
2973 4222 3060 4260 eos
3094 4207 3184 4277 qui
3225 4223 3275 4260 se
3299 4207 3481 4260 dicunt
3509 4208 3774 4277 apostolos

2133 4281 2304 4362 "ita,
2334 4299 2510 4351 et‘nb'n‘
2534 4303 2674 4360 sunt,
2713 4305 2764 4350 et
2788 4295 3030 4351 invenisti
3050 4295 3454 4359 eosmendaces,
3485 4307 3529 4350 et
3572 4300 3772 4368 patien-

2175 4391 2303 4444 tiam
2324 4388 2503 4453 habes,
2526 4396 2575 4443 et
2594 4379 2894 4443 's'itslihttisti
2922 4397 3133 4458 propter
3157 4404 3342 4443 nomen
3366 4403 3561 4451 meum,
3590 4399 3638 4441 ct
3670 4406 3774 4443 non

2176 4479 2431 4550 defecisti.
2478 4477 2593 4533 Hoc
2641 4477 2708 4534 de
2759 4477 2894 4549 ipsis
2930 4477 3242 4542 hzereticis,
3294 4478 3448 4534 falsis
3491 4479 3769 4547 apostolis,

2177 4569 2559 4641 pseudochristi
2570 4566 2770 4632 dictis,
2823 4567 3025 4623 dictum
3075 4567 3383 4637 accepimus
3409 4567 3538 4622 ‘siue
3586 4568 3768 4624 dubio.

2179 4658 2315 4726 Quia
2343 4658 2444 4728 ipsi
2472 4672 2531 4714 se
2559 4657 2812 4713 ductores
2857 4665 3210 4714 asseruerunt
3247 4657 3515 4722 veritatis,
3548 4667 3605 4714 et
3645 4666 3770 4715 sunt

2179 4761 2428 4808 auctores
2455 4750 2608 4820 pravi
2636 4749 2924 4806 mendacii.
2959 4749 3140 4806 Bonos
3165 4758 3645 4820 se‘protcstantur,
3676 4749 3769 4805 sed

2179 4843 2280 4914 ipsi
2311 4841 2606 4898 deteriores
2633 4841 2914 4896 daemoniis
2939 4841 3380 4912 comprobantur.
3420 4839 3527 4896 Sed
3551 4842 3770 4897 menda-

2179 4936 2322 4992 cium
2349 4947 2540 4989 eorum
2565 4939 2621 4988 et
2642 4932 3054 5002 perversitatem
3083 4932 3348 4988 catholica
3375 4931 3510 4987 fides
3539 4931 3766 5000 invenit,

2179 5032 2236 5080 et
2255 5039 2352 5096 per
2373 5024 2714 5080 tolerantiam
2744 5024 2913 5079 multa
2943 5025 3162 5080 sibimet
3187 5024 3336 5079 illata
3365 5025 3433 5079 ab
3455 5023 3590 5095 ipsis
3611 5026 3768 5081 susti-

2180 5113 2317 5169 nuit.
2367 5113 2620 5178 Tentasti,
2663 5112 2858 5182 inquit,
2909 5129 3016 5168 eos.
3067 5112 3184 5169 Non
3225 5121 3488 5178 tentatur,
3531 5115 3640 5171 nisi
3675 5115 3765 5186 qui

2183 5206 2328 5261 intus
2355 5213 2481 5260 sunt
2507 5205 2562 5259 in
2589 5203 2851 5260 Ecclesia.
2881 5203 2984 5272 Qui
3010 5205 3154 5260 enim
3177 5203 3312 5261 foris
3335 5212 3482 5270 sunt,
3513 5205 3634 5262 sine
3657 5206 3770 5261 ullo

2179 5305 2517 5354 tentamento
2543 5295 2677 5353 foris
2701 5312 2823 5353 esse
2843 5295 3111 5352 manifesti
3137 5304 3280 5360 sunt,
3311 5311 3413 5352 nec
3433 5311 3530 5353 eos
3556 5305 3765 5353 tentare

2181 5405 2318 5460 opus
2343 5398 2444 5445 est.
2492 5388 2642 5445 intus
2670 5397 2914 5445 tentatur
2939 5389 3198 5454 Ecclesia,
3248 5390 3374 5460 quia
3405 5390 3549 5445 intus
3583 5389 3763 5445 Eccle-

2184 5483 2265 5542 sia
2308 5491 2391 5538 est
2425 5482 2678 5538 haeretica
2722 5482 2981 5553 pravitas,
3019 5497 3048 5536 a
3092 5495 3196 5554 qua
3237 5491 3482 5537 vastatur
3505 5483 3759 5548 Ecclesia.

2184 5575 2325 5631 sicut
2357 5575 2426 5629 de
2457 5588 2520 5630 ea
2548 5574 2810 5629 Dominus
2835 5574 2888 5629 in
2920 5575 3021 5629 hoc
3042 5573 3180 5628 libro
3207 5573 3338 5628 dicit
3367 5592 3378 5628 ε
3417 5573 3541 5630 Scio
3570 5574 3656 5627 ubi
3677 5573 3756 5628 lut-

2185 5667 2338 5732 bilas,
2378 5666 2464 5720 ubi
2492 5665 2641 5720 sedes
2673 5675 2749 5720 est
2775 5665 3008 5721 Satamc‘.
3051 5661 3218 5720 Sedes
3243 5664 3458 5722 Salaria:
3489 5666 3586 5736 ipsi
3611 5679 3758 5736 pseu-

2257 5757 2283 5796 ιν
2307 5754 2509 5820 Ψιῦδος,
2534 5757 2889 5822 mendacium,
2919 5755 3138 5812 falsitas.
