  <div class='ocr_page' id='page_1' title='image "/cluster/home/n/w/nwhite01/storage/ocr_20150623/96/hvd.32044052819901/500.png"; bbox 0 0 3992 6176; ppageno 0'>
   <div class='ocr_carea' id='block_1_1' title="bbox 260 372 371 462">
    <p class='ocr_par' dir='ltr' id='par_1_1' title="bbox 260 372 371 462">
     <span class='ocr_line' id='line_1_1' title="bbox 260 372 371 462; baseline -0.009 0"><span class='ocrx_word' id='word_1_1' title='bbox 260 372 371 462; x_wconf 77' lang='lat' dir='ltr'><strong>s39</strong></span> 
     </span>
    </p>
   </div>
   <div class='ocr_carea' id='block_1_2' title="bbox 926 369 2853 450">
    <p class='ocr_par' dir='ltr' id='par_1_2' title="bbox 926 369 2853 450">
     <span class='ocr_line' id='line_1_2' title="bbox 926 369 2853 450; baseline -0.014 1"><span class='ocrx_word' id='word_1_2' title='bbox 926 369 1200 450; x_wconf 72' lang='lat' dir='ltr'><strong>nerant:</strong></span> <span class='ocrx_word' id='word_1_3' title='bbox 1240 391 1326 446; x_wconf 75' lang='lat' dir='ltr'><strong>ur</strong></span> <span class='ocrx_word' id='word_1_4' title='bbox 1365 391 1423 445; x_wconf 89' lang='lat' dir='ltr'><strong>s.</strong></span> <span class='ocrx_word' id='word_1_5' title='bbox 1464 369 1666 444; x_wconf 71' lang='lat' dir='ltr'><strong>nam</strong></span> <span class='ocrx_word' id='word_1_6' title='bbox 1699 383 1790 440; x_wconf 61' lang='lat' dir='ltr'><strong>an</strong></span> <span class='ocrx_word' id='word_1_7' title='bbox 1827 375 2222 437; x_wconf 69' lang='lat' dir='ltr'><strong>ELIPANDUII</strong></span> <span class='ocrx_word' id='word_1_8' title='bbox 2259 371 2476 432; x_wconf 83' lang='lat' dir='ltr'><strong>EPIST.</strong></span> <span class='ocrx_word' id='word_1_9' title='bbox 2515 403 2585 413; x_wconf 89' lang='lat'><strong><em>—</em></strong></span> <span class='ocrx_word' id='word_1_10' title='bbox 2621 369 2750 427; x_wconf 82' lang='lat' dir='ltr'><strong>un.</strong></span> <span class='ocrx_word' id='word_1_11' title='bbox 2789 369 2853 426; x_wconf 90' lang='grc' dir='ltr'><strong>ιι.</strong></span> 
     </span>
    </p>
   </div>
   <div class='ocr_carea' id='block_1_3' title="bbox 3400 369 3504 426">
    <p class='ocr_par' dir='ltr' id='par_1_3' title="bbox 3400 369 3504 426">
     <span class='ocr_line' id='line_1_3' title="bbox 3400 369 3504 426; baseline -0.019 -2"><span class='ocrx_word' id='word_1_12' title='bbox 3400 369 3504 426; x_wconf 69' lang='lat'><strong>990</strong></span> 
     </span>
    </p>
   </div>
   <div class='ocr_carea' id='block_1_4' title="bbox 253 474 3508 588">
    <p class='ocr_par' dir='ltr' id='par_1_4' title="bbox 253 474 3508 588">
     <span class='ocr_line' id='line_1_4' title="bbox 253 474 3508 588; baseline -0.014 -12"><span class='ocrx_word' id='word_1_13' title='bbox 253 513 551 588; x_wconf 72' lang='lat' dir='ltr'><strong>dOLtposloli</strong></span> <span class='ocrx_word' id='word_1_14' title='bbox 592 520 738 583; x_wconf 74' lang='lat' dir='ltr'><strong>spnt,</strong></span> <span class='ocrx_word' id='word_1_15' title='bbox 777 511 829 564; x_wconf 89' lang='lat' dir='ltr'><strong>in</strong></span> <span class='ocrx_word' id='word_1_16' title='bbox 858 509 1053 580; x_wconf 83' lang='lat' dir='ltr'><strong>quibus</strong></span> <span class='ocrx_word' id='word_1_17' title='bbox 1078 505 1228 561; x_wconf 84' lang='lat' dir='ltr'><strong>sedet</strong></span> <span class='ocrx_word' id='word_1_18' title='bbox 1253 504 1307 558; x_wconf 90' lang='lat' dir='ltr'><strong>in</strong></span> <span class='ocrx_word' id='word_1_19' title='bbox 1343 499 1583 555; x_wconf 82' lang='lat' dir='ltr'><strong>Ecclesia</strong></span> <span class='ocrx_word' id='word_1_20' title='bbox 1605 492 1830 556; x_wconf 82' lang='lat' dir='ltr'><strong>Christi,</strong></span> <span class='ocrx_word' id='word_1_21' title='bbox 1859 491 1907 550; x_wconf 77' lang='grc' dir='ltr'><strong>Δ</strong></span> <span class='ocrx_word' id='word_1_22' title='bbox 1934 489 1980 543; x_wconf 89' lang='lat' dir='ltr'><strong>si</strong></span> <span class='ocrx_word' id='word_1_23' title='bbox 2017 495 2215 558; x_wconf 85' lang='lat' dir='ltr'><strong>aperte</strong></span> <span class='ocrx_word' id='word_1_24' title='bbox 2236 491 2296 540; x_wconf 78' lang='lat' dir='ltr'><strong>ut</strong></span> <span class='ocrx_word' id='word_1_25' title='bbox 2333 485 2496 540; x_wconf 96' lang='lat' dir='ltr'><strong>draco</strong></span> <span class='ocrx_word' id='word_1_26' title='bbox 2535 481 2866 550; x_wconf 89' lang='lat' dir='ltr'><strong>loqueretur.</strong></span> <span class='ocrx_word' id='word_1_27' title='bbox 2904 474 3058 532; x_wconf 77' lang='lat' dir='ltr'><strong>Nunc</strong></span> <span class='ocrx_word' id='word_1_28' title='bbox 3081 490 3280 547; x_wconf 87' lang='lat' dir='ltr'><strong>agnu</strong></span> <span class='ocrx_word' id='word_1_29' title='bbox 3311 490 3370 531; x_wconf 87' lang='lat' dir='ltr'><strong>se</strong></span> <span class='ocrx_word' id='word_1_30' title='bbox 3407 476 3508 531; x_wconf 81' lang='lat' dir='ltr'><strong>iiu-</strong></span> 
     </span>
    </p>
   </div>
   <div class='ocr_carea' id='block_1_5' title="bbox 251 591 1831 674">
    <p class='ocr_par' dir='ltr' id='par_1_5' title="bbox 251 591 1831 674">
     <span class='ocr_line' id='line_1_5' title="bbox 251 591 1831 674; baseline -0.018 -9"><span class='ocrx_word' id='word_1_31' title='bbox 251 621 308 666; x_wconf 89' lang='lat' dir='ltr'><strong>et</strong></span> <span class='ocrx_word' id='word_1_32' title='bbox 349 607 599 664; x_wconf 77' lang='lat' dir='ltr'><strong>Christus</strong></span> <span class='ocrx_word' id='word_1_33' title='bbox 640 618 738 674; x_wconf 85' lang='lat' dir='ltr'><strong>per</strong></span> <span class='ocrx_word' id='word_1_34' title='bbox 771 616 866 656; x_wconf 89' lang='lat' dir='ltr'><strong>ora</strong></span> <span class='ocrx_word' id='word_1_35' title='bbox 909 599 1120 653; x_wconf 88' lang='lat' dir='ltr'><strong>illorum</strong></span> <span class='ocrx_word' id='word_1_36' title='bbox 1163 591 1504 664; x_wconf 63' lang='lat' dir='ltr'><strong>praedicatur,</strong></span> <span class='ocrx_word' id='word_1_37' title='bbox 1548 595 1604 642; x_wconf 92' lang='lat' dir='ltr'><strong>et</strong></span> <span class='ocrx_word' id='word_1_38' title='bbox 1650 594 1831 639; x_wconf 89' lang='lat' dir='ltr'><strong>tamen</strong></span> 
     </span>
    </p>
   </div>
   <div class='ocr_carea' id='block_1_6' title="bbox 251 668 1832 758">
    <p class='ocr_par' dir='ltr' id='par_1_6' title="bbox 251 668 1832 758">
     <span class='ocr_line' id='line_1_6' title="bbox 251 668 1832 758; baseline -0.022 -1"><span class='ocrx_word' id='word_1_39' title='bbox 251 699 504 758; x_wconf 73' lang='lat' dir='ltr'><strong>Christus</strong></span> <span class='ocrx_word' id='word_1_40' title='bbox 551 697 618 750; x_wconf 89' lang='lat' dir='ltr'><strong>dc</strong></span> <span class='ocrx_word' id='word_1_41' title='bbox 641 668 730 748; x_wconf 71' lang='lat' dir='ltr'><strong>eis</strong></span> <span class='ocrx_word' id='word_1_42' title='bbox 765 706 872 747; x_wconf 93' lang='lat' dir='ltr'><strong>non</strong></span> <span class='ocrx_word' id='word_1_43' title='bbox 900 687 1175 757; x_wconf 89' lang='lat' dir='ltr'><strong>loquitur;</strong></span> <span class='ocrx_word' id='word_1_44' title='bbox 1225 691 1280 737; x_wconf 88' lang='lat' dir='ltr'><strong>et</strong></span> <span class='ocrx_word' id='word_1_45' title='bbox 1320 677 1591 749; x_wconf 70' lang='lat' dir='ltr'><strong>apostolos</strong></span> <span class='ocrx_word' id='word_1_46' title='bbox 1623 668 1832 729; x_wconf 78' lang='lat' dir='ltr'><strong>Christi</strong></span> 
     </span>
    </p>
   </div>
   <div class='ocr_carea' id='block_1_7' title="bbox 249 763 1830 849">
    <p class='ocr_par' dir='ltr' id='par_1_7' title="bbox 249 763 1830 849">
     <span class='ocr_line' id='line_1_7' title="bbox 249 763 1830 849; baseline -0.02 -3"><span class='ocrx_word' id='word_1_47' title='bbox 249 805 312 846; x_wconf 88' lang='lat' dir='ltr'><strong>se</strong></span> <span class='ocrx_word' id='word_1_48' title='bbox 353 789 539 844; x_wconf 90' lang='lat' dir='ltr'><strong>dicunt</strong></span> <span class='ocrx_word' id='word_1_49' title='bbox 578 798 720 848; x_wconf 87' lang='lat' dir='ltr'><strong>esse,</strong></span> <span class='ocrx_word' id='word_1_50' title='bbox 765 788 822 836; x_wconf 90' lang='lat' dir='ltr'><strong>et</strong></span> <span class='ocrx_word' id='word_1_51' title='bbox 857 775 1082 849; x_wconf 74' lang='lat' dir='ltr'><strong>apostoli</strong></span> <span class='ocrx_word' id='word_1_52' title='bbox 1126 788 1232 828; x_wconf 89' lang='lat' dir='ltr'><strong>non</strong></span> <span class='ocrx_word' id='word_1_53' title='bbox 1260 777 1407 834; x_wconf 88' lang='lat' dir='ltr'><strong>sunt,</strong></span> <span class='ocrx_word' id='word_1_54' title='bbox 1453 766 1548 822; x_wconf 88' lang='lat' dir='ltr'><strong>sed</strong></span> <span class='ocrx_word' id='word_1_55' title='bbox 1575 763 1830 831; x_wconf 61' lang='lat' dir='ltr'><strong>demptos</strong></span> 
     </span>
    </p>
   </div>
   <div class='ocr_carea' id='block_1_8' title="bbox 252 849 1827 942">
    <p class='ocr_par' dir='ltr' id='par_1_8' title="bbox 252 849 1827 942">
     <span class='ocr_line' id='line_1_8' title="bbox 252 849 1827 942; baseline -0.022 -4"><span class='ocrx_word' id='word_1_56' title='bbox 252 877 510 937; x_wconf 72' lang='lat' dir='ltr'><strong>Ecclesiae</strong></span> <span class='ocrx_word' id='word_1_57' title='bbox 533 882 680 940; x_wconf 86' lang='lat' dir='ltr'><strong>sunt,</strong></span> <span class='ocrx_word' id='word_1_58' title='bbox 718 871 844 942; x_wconf 85' lang='lat' dir='ltr'><strong>quia</strong></span> <span class='ocrx_word' id='word_1_59' title='bbox 865 884 972 924; x_wconf 92' lang='lat' dir='ltr'><strong>non</strong></span> <span class='ocrx_word' id='word_1_60' title='bbox 998 864 1281 920; x_wconf 75' lang='lat' dir='ltr'><strong>imitantur</strong></span> <span class='ocrx_word' id='word_1_61' title='bbox 1299 854 1571 929; x_wconf 80' lang='lat' dir='ltr'><strong>apostolos</strong></span> <span class='ocrx_word' id='word_1_62' title='bbox 1601 849 1827 915; x_wconf 80' lang='lat' dir='ltr'><strong>Christi,</strong></span> 
     </span>
    </p>
   </div>
   <div class='ocr_carea' id='block_1_9' title="bbox 251 958 1526 1052">
    <p class='ocr_par' dir='ltr' id='par_1_9' title="bbox 251 958 1526 1052">
     <span class='ocr_line' id='line_1_9' title="bbox 251 958 1526 1052; baseline -0.019 -24"><span class='ocrx_word' id='word_1_63' title='bbox 251 985 484 1052; x_wconf 86' lang='lat' dir='ltr'><strong>quorum</strong></span> <span class='ocrx_word' id='word_1_64' title='bbox 509 968 613 1030; x_wconf 85' lang='lat' dir='ltr'><strong>sibi</strong></span> <span class='ocrx_word' id='word_1_65' title='bbox 642 979 838 1022; x_wconf 83' lang='lat' dir='ltr'><strong>nomen</strong></span> <span class='ocrx_word' id='word_1_66' title='bbox 861 959 1112 1017; x_wconf 89' lang='lat' dir='ltr'><strong>falsitatis</strong></span> <span class='ocrx_word' id='word_1_67' title='bbox 1138 958 1526 1027; x_wconf 87' lang='lat' dir='ltr'><strong>imposuerunt.</strong></span> 
     </span>
    </p>
   </div>
   <div class='ocr_carea' id='block_1_10' title="bbox 321 1037 1822 1125">
    <p class='ocr_par' dir='ltr' id='par_1_10' title="bbox 321 1037 1822 1125">
     <span class='ocr_line' id='line_1_10' title="bbox 321 1037 1822 1125; baseline -0.019 -6"><span class='ocrx_word' id='word_1_68' title='bbox 321 1061 507 1119; x_wconf 75' lang='lat' dir='ltr'><strong>XVIII.</strong></span> <span class='ocrx_word' id='word_1_69' title='bbox 545 1057 779 1115; x_wconf 82' lang='lat' dir='ltr'><strong>Proinde</strong></span> <span class='ocrx_word' id='word_1_70' title='bbox 833 1051 1124 1125; x_wconf 84' lang='lat' dir='ltr'><strong>Apostolus</strong></span> <span class='ocrx_word' id='word_1_71' title='bbox 1166 1049 1233 1104; x_wconf 91' lang='lat' dir='ltr'><strong>ad</strong></span> <span class='ocrx_word' id='word_1_72' title='bbox 1279 1042 1587 1103; x_wconf 84' lang='lat' dir='ltr'><strong>Corinthios</strong></span> <span class='ocrx_word' id='word_1_73' title='bbox 1633 1037 1763 1095; x_wconf 86' lang='lat' dir='ltr'><strong>dicit</strong></span> <span class='ocrx_word' id='word_1_74' title='bbox 1807 1053 1822 1090; x_wconf 90' lang='lat'><strong>:</strong></span> 
     </span>
    </p>
   </div>
   <div class='ocr_carea' id='block_1_11' title="bbox 254 1128 1829 1216">
    <p class='ocr_par' dir='ltr' id='par_1_11' title="bbox 254 1128 1829 1216">
     <span class='ocr_line' id='line_1_11' title="bbox 254 1128 1829 1216; baseline -0.02 -5"><span class='ocrx_word' id='word_1_75' title='bbox 254 1154 434 1211; x_wconf 76' lang='lat' dir='ltr'><strong>Timeo</strong></span> <span class='ocrx_word' id='word_1_76' title='bbox 463 1161 636 1208; x_wconf 84' lang='lat' dir='ltr'><strong>autem</strong></span> <span class='ocrx_word' id='word_1_77' title='bbox 652 1191 668 1216; x_wconf 96' lang='lat'><strong>,</strong></span> <span class='ocrx_word' id='word_1_78' title='bbox 706 1165 770 1203; x_wconf 88' lang='lat' dir='ltr'><strong>ne</strong></span> <span class='ocrx_word' id='word_1_79' title='bbox 804 1147 937 1201; x_wconf 90' lang='lat' dir='ltr'><strong>sicut</strong></span> <span class='ocrx_word' id='word_1_80' title='bbox 961 1159 1167 1214; x_wconf 79' lang='lat' dir='ltr'><strong>serpens</strong></span> <span class='ocrx_word' id='word_1_81' title='bbox 1202 1138 1365 1194; x_wconf 83' lang='lat' dir='ltr'><strong><em>Evam</em></strong></span> <span class='ocrx_word' id='word_1_82' title='bbox 1395 1132 1589 1203; x_wconf 81' lang='lat' dir='ltr'><strong>decepit</strong></span> <span class='ocrx_word' id='word_1_83' title='bbox 1631 1128 1829 1184; x_wconf 79' lang='lat' dir='ltr'><strong>astutia</strong></span> 
     </span>
    </p>
   </div>
   <div class='ocr_carea' id='block_1_12' title="bbox 249 1219 1828 1311">
    <p class='ocr_par' dir='ltr' id='par_1_12' title="bbox 249 1219 1828 1311">
     <span class='ocr_line' id='line_1_12' title="bbox 249 1219 1828 1311; baseline -0.02 -9"><span class='ocrx_word' id='word_1_84' title='bbox 249 1263 373 1311; x_wconf 88' lang='lat' dir='ltr'><strong>sua,</strong></span> <span class='ocrx_word' id='word_1_85' title='bbox 426 1244 503 1300; x_wconf 89' lang='lat' dir='ltr'><strong>ita</strong></span> <span class='ocrx_word' id='word_1_86' title='bbox 533 1248 934 1311; x_wconf 81' lang='lat' dir='ltr'><strong>corrumpantur</strong></span> <span class='ocrx_word' id='word_1_87' title='bbox 992 1248 1172 1289; x_wconf 80' lang='lat' dir='ltr'><strong>sensus</strong></span> <span class='ocrx_word' id='word_1_88' title='bbox 1209 1228 1380 1292; x_wconf 78' lang='lat' dir='ltr'><strong>uestri,</strong></span> <span class='ocrx_word' id='word_1_89' title='bbox 1419 1234 1476 1279; x_wconf 80' lang='lat' dir='ltr'><strong>ut</strong></span> <span class='ocrx_word' id='word_1_90' title='bbox 1515 1219 1756 1277; x_wconf 75' lang='lat' dir='ltr'><strong>excidant</strong></span> <span class='ocrx_word' id='word_1_91' title='bbox 1793 1234 1828 1271; x_wconf 88' lang='lat' dir='ltr'><strong>a</strong></span> 
     </span>
    </p>
   </div>
   <div class='ocr_carea' id='block_1_13' title="bbox 247 1307 1825 1410">
    <p class='ocr_par' dir='ltr' id='par_1_13' title="bbox 247 1307 1825 1410">
     <span class='ocr_line' id='line_1_13' title="bbox 247 1307 1825 1410; baseline -0.023 -15"><span class='ocrx_word' id='word_1_92' title='bbox 247 1307 582 1410; x_wconf 74' lang='lat' dir='ltr'><strong>simplicitate</strong></span> <span class='ocrx_word' id='word_1_93' title='bbox 605 1341 654 1388; x_wconf 92' lang='lat' dir='ltr'><strong>et</strong></span> <span class='ocrx_word' id='word_1_94' title='bbox 683 1307 918 1386; x_wconf 78' lang='lat' dir='ltr'><strong>castitate</strong></span> <span class='ocrx_word' id='word_1_95' title='bbox 940 1340 1056 1396; x_wconf 68' lang='lat' dir='ltr'><strong>quis</strong></span> <span class='ocrx_word' id='word_1_96' title='bbox 1081 1331 1157 1378; x_wconf 89' lang='lat' dir='ltr'><strong>est</strong></span> <span class='ocrx_word' id='word_1_97' title='bbox 1177 1322 1233 1375; x_wconf 87' lang='lat' dir='ltr'><strong>in</strong></span> <span class='ocrx_word' id='word_1_98' title='bbox 1270 1316 1476 1373; x_wconf 82' lang='lat' dir='ltr'><strong>Christo</strong></span> <span class='ocrx_word' id='word_1_99' title='bbox 1500 1313 1647 1368; x_wconf 78' lang='lat' dir='ltr'><strong>Jesu.</strong></span> <span class='ocrx_word' id='word_1_100' title='bbox 1681 1307 1825 1362; x_wconf 88' lang='lat' dir='ltr'><strong>Nam</strong></span> 
     </span>
    </p>
   </div>
   <div class='ocr_carea' id='block_1_14' title="bbox 247 1399 1823 1499">
    <p class='ocr_par' dir='ltr' id='par_1_14' title="bbox 247 1399 1823 1499">
     <span class='ocr_line' id='line_1_14' title="bbox 247 1399 1823 1499; baseline -0.023 -13"><span class='ocrx_word' id='word_1_101' title='bbox 247 1431 295 1489; x_wconf 88' lang='lat' dir='ltr'><strong>si</strong></span> <span class='ocrx_word' id='word_1_102' title='bbox 323 1399 370 1483; x_wconf 67' lang='grc' dir='ltr'><strong>εὶ</strong></span> <span class='ocrx_word' id='word_1_103' title='bbox 416 1425 506 1499; x_wconf 91' lang='lat' dir='ltr'><strong>qui</strong></span> <span class='ocrx_word' id='word_1_104' title='bbox 535 1421 668 1478; x_wconf 75' lang='lat' dir='ltr'><strong>venit</strong></span> <span class='ocrx_word' id='word_1_105' title='bbox 702 1419 771 1474; x_wconf 84' lang='lat' dir='ltr'><strong>ad</strong></span> <span class='ocrx_word' id='word_1_106' title='bbox 805 1433 927 1481; x_wconf 80' lang='lat' dir='ltr'><strong>vos,</strong></span> <span class='ocrx_word' id='word_1_107' title='bbox 965 1425 1013 1470; x_wconf 89' lang='lat' dir='ltr'><strong>et</strong></span> <span class='ocrx_word' id='word_1_108' title='bbox 1049 1412 1210 1467; x_wconf 87' lang='lat' dir='ltr'><strong>alium</strong></span> <span class='ocrx_word' id='word_1_109' title='bbox 1246 1405 1507 1463; x_wconf 84' lang='lat' dir='ltr'><strong>Christum</strong></span> <span class='ocrx_word' id='word_1_110' title='bbox 1551 1399 1823 1472; x_wconf 67' lang='lat' dir='ltr'><strong>pradicet,</strong></span> 
     </span>
    </p>
   </div>
   <div class='ocr_carea' id='block_1_15' title="bbox 246 1493 1825 1594">
    <p class='ocr_par' dir='ltr' id='par_1_15' title="bbox 246 1493 1825 1594">
     <span class='ocr_line' id='line_1_15' title="bbox 246 1493 1825 1594; baseline -0.022 -17"><span class='ocrx_word' id='word_1_111' title='bbox 246 1536 400 1594; x_wconf 86' lang='lat' dir='ltr'><strong>quem</strong></span> <span class='ocrx_word' id='word_1_112' title='bbox 427 1493 557 1572; x_wconf 41' lang='lat' dir='ltr'><strong>&#39;non</strong></span> <span class='ocrx_word' id='word_1_113' title='bbox 600 1511 879 1586; x_wconf 70' lang='lat' dir='ltr'><strong>pra’dicavi</strong></span> <span class='ocrx_word' id='word_1_114' title='bbox 913 1506 1051 1564; x_wconf 76' lang='lat' dir='ltr'><strong>vobis</strong></span> <span class='ocrx_word' id='word_1_115' title='bbox 1089 1521 1108 1560; x_wconf 89' lang='lat'><strong><em>:</em></strong></span> <span class='ocrx_word' id='word_1_116' title='bbox 1158 1510 1246 1557; x_wconf 90' lang='lat' dir='ltr'><strong>aut</strong></span> <span class='ocrx_word' id='word_1_117' title='bbox 1276 1500 1322 1555; x_wconf 93' lang='lat' dir='ltr'><strong>si</strong></span> <span class='ocrx_word' id='word_1_118' title='bbox 1357 1497 1520 1552; x_wconf 88' lang='lat' dir='ltr'><strong>alium</strong></span> <span class='ocrx_word' id='word_1_119' title='bbox 1560 1493 1825 1549; x_wconf 79' lang='lat' dir='ltr'><strong>Christum</strong></span> 
     </span>
    </p>
   </div>
   <div class='ocr_carea' id='block_1_16' title="bbox 248 1585 1825 1686">
    <p class='ocr_par' dir='ltr' id='par_1_16' title="bbox 248 1585 1825 1686">
     <span class='ocr_line' id='line_1_16' title="bbox 248 1585 1825 1686; baseline -0.023 -15"><span class='ocrx_word' id='word_1_120' title='bbox 248 1585 519 1686; x_wconf 72' lang='lat' dir='ltr'><strong>accepistis</strong></span> <span class='ocrx_word' id='word_1_121' title='bbox 544 1649 560 1675; x_wconf 95' lang='lat'><strong>,</strong></span> <span class='ocrx_word' id='word_1_122' title='bbox 593 1585 745 1679; x_wconf 87' lang='lat' dir='ltr'><strong>quem</strong></span> <span class='ocrx_word' id='word_1_123' title='bbox 773 1620 875 1686; x_wconf 87' lang='lat' dir='ltr'><strong>non</strong></span> <span class='ocrx_word' id='word_1_124' title='bbox 907 1598 1198 1670; x_wconf 79' lang='lat' dir='ltr'><strong>accepintus</strong></span> <span class='ocrx_word' id='word_1_125' title='bbox 1224 1610 1242 1649; x_wconf 91' lang='lat'><strong><em>:</em></strong></span> <span class='ocrx_word' id='word_1_126' title='bbox 1277 1600 1368 1648; x_wconf 88' lang='lat' dir='ltr'><strong>aut</strong></span> <span class='ocrx_word' id='word_1_127' title='bbox 1391 1588 1556 1643; x_wconf 88' lang='lat' dir='ltr'><strong>alium</strong></span> <span class='ocrx_word' id='word_1_128' title='bbox 1587 1585 1825 1653; x_wconf 79' lang='lat' dir='ltr'><strong>Evange-</strong></span> 
     </span>
    </p>
   </div>
   <div class='ocr_carea' id='block_1_17' title="bbox 246 1674 1822 1772">
    <p class='ocr_par' dir='ltr' id='par_1_17' title="bbox 246 1674 1822 1772">
     <span class='ocr_line' id='line_1_17' title="bbox 246 1674 1822 1772; baseline -0.023 -11"><span class='ocrx_word' id='word_1_129' title='bbox 246 1674 399 1768; x_wconf 59' lang='lat' dir='ltr'><strong>liant,</strong></span> <span class='ocrx_word' id='word_1_130' title='bbox 425 1715 575 1772; x_wconf 84' lang='lat' dir='ltr'><strong>quem</strong></span> <span class='ocrx_word' id='word_1_131' title='bbox 605 1674 710 1755; x_wconf 78' lang='lat' dir='ltr'><strong>non</strong></span> <span class='ocrx_word' id='word_1_132' title='bbox 734 1684 1014 1763; x_wconf 84' lang='lat' dir='ltr'><strong>recepistis,</strong></span> <span class='ocrx_word' id='word_1_133' title='bbox 1045 1695 1177 1741; x_wconf 80' lang='lat' dir='ltr'><strong>recte</strong></span> <span class='ocrx_word' id='word_1_134' title='bbox 1195 1679 1523 1757; x_wconf 87' lang='lat' dir='ltr'><strong>pateremini.</strong></span> <span class='ocrx_word' id='word_1_135' title='bbox 1563 1674 1822 1730; x_wconf 71' lang='lat' dir='ltr'><strong>Existimo</strong></span> 
     </span>
    </p>
   </div>
   <div class='ocr_carea' id='block_1_18' title="bbox 246 1765 1819 1852">
    <p class='ocr_par' dir='ltr' id='par_1_18' title="bbox 246 1765 1819 1852">
     <span class='ocr_line' id='line_1_18' title="bbox 246 1765 1819 1852; baseline -0.022 -2"><span class='ocrx_word' id='word_1_136' title='bbox 246 1765 394 1850; x_wconf 78' lang='lat' dir='ltr'><strong>enim</strong></span> <span class='ocrx_word' id='word_1_137' title='bbox 432 1765 562 1845; x_wconf 77' lang='lat' dir='ltr'><strong>nihil</strong></span> <span class='ocrx_word' id='word_1_138' title='bbox 590 1785 762 1841; x_wconf 90' lang='lat' dir='ltr'><strong>minus</strong></span> <span class='ocrx_word' id='word_1_139' title='bbox 800 1781 980 1852; x_wconf 76' lang='lat' dir='ltr'><strong>fecisse</strong></span> <span class='ocrx_word' id='word_1_140' title='bbox 1007 1793 1088 1832; x_wconf 89' lang='lat' dir='ltr'><strong>me</strong></span> <span class='ocrx_word' id='word_1_141' title='bbox 1126 1776 1183 1828; x_wconf 89' lang='lat' dir='ltr'><strong>in</strong></span> <span class='ocrx_word' id='word_1_142' title='bbox 1217 1773 1356 1828; x_wconf 81' lang='lat' dir='ltr'><strong>vobis</strong></span> <span class='ocrx_word' id='word_1_143' title='bbox 1395 1786 1427 1823; x_wconf 93' lang='lat' dir='ltr'><strong>a</strong></span> <span class='ocrx_word' id='word_1_144' title='bbox 1451 1765 1654 1837; x_wconf 80' lang='lat' dir='ltr'><strong>magnis</strong></span> <span class='ocrx_word' id='word_1_145' title='bbox 1692 1778 1819 1833; x_wconf 84' lang='lat' dir='ltr'><strong>apo-</strong></span> 
     </span>
    </p>
   </div>
   <div class='ocr_carea' id='block_1_19' title="bbox 245 1874 909 1946">
    <p class='ocr_par' dir='ltr' id='par_1_19' title="bbox 245 1874 909 1946">
     <span class='ocr_line' id='line_1_19' title="bbox 245 1874 909 1946; baseline -0.024 -5"><span class='ocrx_word' id='word_1_146' title='bbox 245 1881 416 1944; x_wconf 80' lang='lat' dir='ltr'><strong>stolis.</strong></span> <span class='ocrx_word' id='word_1_147' title='bbox 449 1879 518 1934; x_wconf 83' lang='lat' dir='ltr'><strong>Et</strong></span> <span class='ocrx_word' id='word_1_148' title='bbox 563 1876 608 1933; x_wconf 89' lang='lat' dir='ltr'><strong>si</strong></span> <span class='ocrx_word' id='word_1_149' title='bbox 641 1874 909 1946; x_wconf 87' lang='lat' dir='ltr'><strong>imperitus</strong></span> 
     </span>
    </p>
   </div>
   <div class='ocr_carea' id='block_1_20' title="bbox 245 1943 1826 2036">
    <p class='ocr_par' dir='ltr' id='par_1_20' title="bbox 245 1943 1826 2036">
     <span class='ocr_line' id='line_1_20' title="bbox 245 1943 1826 2036; baseline -0.023 -3"><span class='ocrx_word' id='word_1_150' title='bbox 245 1975 380 2033; x_wconf 84' lang='lat' dir='ltr'><strong>Item</strong></span> <span class='ocrx_word' id='word_1_151' title='bbox 414 1971 489 2028; x_wconf 93' lang='lat' dir='ltr'><strong>ibi</strong></span> <span class='ocrx_word' id='word_1_152' title='bbox 519 1943 723 2029; x_wconf 25' lang='lat' dir='ltr'><strong>contra-</strong></span> <span class='ocrx_word' id='word_1_153' title='bbox 755 1965 901 2036; x_wconf 91' lang='lat' dir='ltr'><strong>ipsos</strong></span> <span class='ocrx_word' id='word_1_154' title='bbox 949 1960 1114 2015; x_wconf 84' lang='lat' dir='ltr'><strong>falsos</strong></span> <span class='ocrx_word' id='word_1_155' title='bbox 1143 1953 1414 2028; x_wconf 82' lang='lat' dir='ltr'><strong>apostolos</strong></span> <span class='ocrx_word' id='word_1_156' title='bbox 1450 1951 1581 2007; x_wconf 89' lang='lat' dir='ltr'><strong>dicit</strong></span> <span class='ocrx_word' id='word_1_157' title='bbox 1617 1965 1631 2002; x_wconf 89' lang='lat'>:</span> <span class='ocrx_word' id='word_1_158' title='bbox 1673 1943 1826 2012; x_wconf 82' lang='lat' dir='ltr'><strong>Quod</strong></span> 
     </span>
    </p>
   </div>
   <div class='ocr_carea' id='block_1_21' title="bbox 247 2036 1826 2132">
    <p class='ocr_par' dir='ltr' id='par_1_21' title="bbox 247 2036 1826 2132">
     <span class='ocr_line' id='line_1_21' title="bbox 247 2036 1826 2132; baseline -0.023 -10"><span class='ocrx_word' id='word_1_159' title='bbox 247 2072 422 2122; x_wconf 82' lang='lat' dir='ltr'><strong>autem</strong></span> <span class='ocrx_word' id='word_1_160' title='bbox 472 2060 643 2132; x_wconf 80' lang='lat' dir='ltr'><strong>facio,</strong></span> <span class='ocrx_word' id='word_1_161' title='bbox 700 2066 748 2111; x_wconf 91' lang='lat' dir='ltr'><strong>et</strong></span> <span class='ocrx_word' id='word_1_162' title='bbox 803 2055 1026 2126; x_wconf 80' lang='lat' dir='ltr'><strong>faciam,</strong></span> <span class='ocrx_word' id='word_1_163' title='bbox 1075 2058 1132 2103; x_wconf 87' lang='lat' dir='ltr'><strong>ut</strong></span> <span class='ocrx_word' id='word_1_164' title='bbox 1193 2051 1452 2114; x_wconf 88' lang='lat' dir='ltr'><strong>amputem</strong></span> <span class='ocrx_word' id='word_1_165' title='bbox 1502 2036 1826 2093; x_wconf 85' lang='lat' dir='ltr'><strong>occasionem</strong></span> 
     </span>
    </p>
   </div>
   <div class='ocr_carea' id='block_1_22' title="bbox 245 2126 1824 2225">
    <p class='ocr_par' dir='ltr' id='par_1_22' title="bbox 245 2126 1824 2225">
     <span class='ocr_line' id='line_1_22' title="bbox 245 2126 1824 2225; baseline -0.024 -13"><span class='ocrx_word' id='word_1_166' title='bbox 245 2168 427 2211; x_wconf 84' lang='lat' dir='ltr'><strong>eorum</strong></span> <span class='ocrx_word' id='word_1_167' title='bbox 468 2126 558 2225; x_wconf 76' lang='lat' dir='ltr'><strong>qui</strong></span> <span class='ocrx_word' id='word_1_168' title='bbox 602 2147 774 2205; x_wconf 81' lang='lat' dir='ltr'><strong>volunt</strong></span> <span class='ocrx_word' id='word_1_169' title='bbox 824 2142 1144 2200; x_wconf 82' lang='lat' dir='ltr'><strong>occasionem</strong></span> <span class='ocrx_word' id='word_1_170' title='bbox 1196 2151 1216 2189; x_wconf 87' lang='lat'><strong><em>:</em></strong></span> <span class='ocrx_word' id='word_1_171' title='bbox 1272 2143 1326 2187; x_wconf 91' lang='lat' dir='ltr'><strong>ut</strong></span> <span class='ocrx_word' id='word_1_172' title='bbox 1375 2129 1464 2201; x_wconf 91' lang='lat' dir='ltr'><strong>qui</strong></span> <span class='ocrx_word' id='word_1_173' title='bbox 1514 2126 1824 2197; x_wconf 86' lang='lat' dir='ltr'><strong>gloriantur,</strong></span> 
     </span>
    </p>
   </div>
   <div class='ocr_carea' id='block_1_23' title="bbox 245 2213 1829 2302">
    <p class='ocr_par' dir='ltr' id='par_1_23' title="bbox 245 2213 1829 2302">
     <span class='ocr_line' id='line_1_23' title="bbox 245 2213 1829 2302; baseline -0.024 -1"><span class='ocrx_word' id='word_1_174' title='bbox 245 2243 379 2302; x_wconf 86' lang='lat' dir='ltr'><strong>tales</strong></span> <span class='ocrx_word' id='word_1_175' title='bbox 404 2213 731 2297; x_wconf 64' lang='lat' dir='ltr'><strong>inueniuntur</strong></span> <span class='ocrx_word' id='word_1_176' title='bbox 754 2236 887 2290; x_wconf 86' lang='lat' dir='ltr'><strong>sicut</strong></span> <span class='ocrx_word' id='word_1_177' title='bbox 916 2241 964 2288; x_wconf 92' lang='lat' dir='ltr'><strong>et</strong></span> <span class='ocrx_word' id='word_1_178' title='bbox 987 2247 1100 2284; x_wconf 89' lang='lat' dir='ltr'><strong>nos.</strong></span> <span class='ocrx_word' id='word_1_179' title='bbox 1153 2226 1293 2281; x_wconf 89' lang='lat' dir='ltr'><strong>Nam</strong></span> <span class='ocrx_word' id='word_1_180' title='bbox 1320 2217 1578 2292; x_wconf 82' lang='lat' dir='ltr'><strong>ejusmodi</strong></span> <span class='ocrx_word' id='word_1_181' title='bbox 1607 2213 1829 2286; x_wconf 87' lang='lat' dir='ltr'><strong>pseudo—</strong></span> 
     </span>
    </p>
   </div>
   <div class='ocr_carea' id='block_1_24' title="bbox 247 2307 1827 2402">
    <p class='ocr_par' dir='ltr' id='par_1_24' title="bbox 247 2307 1827 2402">
     <span class='ocr_line' id='line_1_24' title="bbox 247 2307 1827 2402; baseline -0.022 -15"><span class='ocrx_word' id='word_1_182' title='bbox 247 2328 471 2402; x_wconf 86' lang='lat' dir='ltr'><strong>apostoli</strong></span> <span class='ocrx_word' id='word_1_183' title='bbox 496 2325 721 2400; x_wconf 84' lang='lat' dir='ltr'><strong>cperarii</strong></span> <span class='ocrx_word' id='word_1_184' title='bbox 742 2320 948 2379; x_wconf 84' lang='lat' dir='ltr'><strong>subdoli</strong></span> <span class='ocrx_word' id='word_1_185' title='bbox 975 2315 1410 2386; x_wconf 82' lang='lat' dir='ltr'><strong>transﬁgurantes</strong></span> <span class='ocrx_word' id='word_1_186' title='bbox 1439 2324 1494 2362; x_wconf 90' lang='lat' dir='ltr'><strong>se</strong></span> <span class='ocrx_word' id='word_1_187' title='bbox 1523 2307 1577 2361; x_wconf 91' lang='lat' dir='ltr'><strong>in</strong></span> <span class='ocrx_word' id='word_1_188' title='bbox 1612 2310 1827 2374; x_wconf 85' lang='lat' dir='ltr'><strong>aposto-</strong></span> 
     </span>
    </p>
   </div>
   <div class='ocr_carea' id='block_1_25' title="bbox 247 2392 1826 2486">
    <p class='ocr_par' dir='ltr' id='par_1_25' title="bbox 247 2392 1826 2486">
     <span class='ocr_line' id='line_1_25' title="bbox 247 2392 1826 2486; baseline -0.02 -8"><span class='ocrx_word' id='word_1_189' title='bbox 247 2392 328 2477; x_wconf 77' lang='lat' dir='ltr'><strong>los</strong></span> <span class='ocrx_word' id='word_1_190' title='bbox 356 2392 580 2486; x_wconf 81' lang='lat' dir='ltr'><strong>Christi;</strong></span> <span class='ocrx_word' id='word_1_191' title='bbox 604 2427 651 2472; x_wconf 86' lang='lat' dir='ltr'><strong>et</strong></span> <span class='ocrx_word' id='word_1_192' title='bbox 674 2433 778 2470; x_wconf 85' lang='lat' dir='ltr'><strong>non</strong></span> <span class='ocrx_word' id='word_1_193' title='bbox 798 2415 982 2469; x_wconf 89' lang='lat' dir='ltr'><strong>miror.</strong></span> <span class='ocrx_word' id='word_1_194' title='bbox 1023 2409 1144 2481; x_wconf 87' lang='lat' dir='ltr'><strong>Ipse</strong></span> <span class='ocrx_word' id='word_1_195' title='bbox 1180 2405 1317 2462; x_wconf 87' lang='lat' dir='ltr'><strong>enim</strong></span> <span class='ocrx_word' id='word_1_196' title='bbox 1354 2402 1585 2459; x_wconf 82' lang='lat' dir='ltr'><strong>Satanas</strong></span> <span class='ocrx_word' id='word_1_197' title='bbox 1607 2392 1826 2462; x_wconf 76' lang='lat' dir='ltr'><strong>transﬁ-</strong></span> 
     </span>
    </p>
   </div>
   <div class='ocr_carea' id='block_1_26' title="bbox 247 2485 1828 2584">
    <p class='ocr_par' dir='ltr' id='par_1_26' title="bbox 247 2485 1828 2584">
     <span class='ocr_line' id='line_1_26' title="bbox 247 2485 1828 2584; baseline -0.018 -18"><span class='ocrx_word' id='word_1_198' title='bbox 247 2520 406 2584; x_wconf 88' lang='lat' dir='ltr'><strong>gurat</strong></span> <span class='ocrx_word' id='word_1_199' title='bbox 433 2526 487 2566; x_wconf 88' lang='lat' dir='ltr'><strong>se</strong></span> <span class='ocrx_word' id='word_1_200' title='bbox 509 2485 567 2564; x_wconf 88' lang='lat' dir='ltr'><strong>in</strong></span> <span class='ocrx_word' id='word_1_201' title='bbox 590 2505 832 2578; x_wconf 87' lang='lat' dir='ltr'><strong>angelum</strong></span> <span class='ocrx_word' id='word_1_202' title='bbox 863 2503 1016 2558; x_wconf 88' lang='lat' dir='ltr'><strong>lucis.</strong></span> <span class='ocrx_word' id='word_1_203' title='bbox 1061 2500 1187 2556; x_wconf 85' lang='lat' dir='ltr'><strong>Non</strong></span> <span class='ocrx_word' id='word_1_204' title='bbox 1230 2504 1307 2551; x_wconf 90' lang='lat' dir='ltr'><strong>est</strong></span> <span class='ocrx_word' id='word_1_205' title='bbox 1346 2508 1468 2564; x_wconf 88' lang='lat' dir='ltr'><strong>ergo</strong></span> <span class='ocrx_word' id='word_1_206' title='bbox 1498 2501 1746 2559; x_wconf 90' lang='lat' dir='ltr'><strong>magnum</strong></span> <span class='ocrx_word' id='word_1_207' title='bbox 1779 2485 1828 2538; x_wconf 88' lang='lat' dir='ltr'><strong>si</strong></span> 
     </span>
    </p>
   </div>
   <div class='ocr_carea' id='block_1_27' title="bbox 249 2577 1826 2670">
    <p class='ocr_par' dir='ltr' id='par_1_27' title="bbox 249 2577 1826 2670">
     <span class='ocr_line' id='line_1_27' title="bbox 249 2577 1826 2670; baseline -0.016 -12"><span class='ocrx_word' id='word_1_208' title='bbox 249 2577 475 2658; x_wconf 68' lang='lat' dir='ltr'><strong>ministri</strong></span> <span class='ocrx_word' id='word_1_209' title='bbox 501 2599 616 2670; x_wconf 88' lang='lat' dir='ltr'><strong>ejus</strong></span> <span class='ocrx_word' id='word_1_210' title='bbox 653 2577 1093 2667; x_wconf 76' lang='lat' dir='ltr'><strong>transﬁgurentur</strong></span> <span class='ocrx_word' id='word_1_211' title='bbox 1132 2589 1267 2646; x_wconf 74' lang='lat' dir='ltr'><strong>velut</strong></span> <span class='ocrx_word' id='word_1_212' title='bbox 1296 2582 1523 2641; x_wconf 86' lang='lat' dir='ltr'><strong>ministri</strong></span> <span class='ocrx_word' id='word_1_213' title='bbox 1557 2577 1784 2652; x_wconf 72' lang='lat' dir='ltr'><strong>justitiw</strong></span> <span class='ocrx_word' id='word_1_214' title='bbox 1806 2591 1826 2632; x_wconf 89' lang='lat'><strong><em>:</em></strong></span> 
     </span>
    </p>
   </div>
   <div class='ocr_carea' id='block_1_28' title="bbox 249 2680 1471 2772">
    <p class='ocr_par' dir='ltr' id='par_1_28' title="bbox 249 2680 1471 2772">
     <span class='ocr_line' id='line_1_28' title="bbox 249 2680 1471 2772; baseline -0.017 -25"><span class='ocrx_word' id='word_1_215' title='bbox 249 2707 472 2772; x_wconf 85' lang='lat' dir='ltr'><strong>quorum</strong></span> <span class='ocrx_word' id='word_1_216' title='bbox 501 2690 623 2762; x_wconf 78' lang='lat' dir='ltr'><strong>finis</strong></span> <span class='ocrx_word' id='word_1_217' title='bbox 647 2698 723 2744; x_wconf 89' lang='lat' dir='ltr'><strong>est</strong></span> <span class='ocrx_word' id='word_1_218' title='bbox 744 2686 1027 2743; x_wconf 83' lang='lat' dir='ltr'><strong>secundum</strong></span> <span class='ocrx_word' id='word_1_219' title='bbox 1043 2696 1200 2752; x_wconf 87' lang='lat' dir='ltr'><strong>apera</strong></span> <span class='ocrx_word' id='word_1_220' title='bbox 1218 2680 1471 2749; x_wconf 88' lang='lat' dir='ltr'><strong>ipsorum.</strong></span> 
     </span>
    </p>
   </div>
   <div class='ocr_carea' id='block_1_29' title="bbox 321 2762 1828 2847">
    <p class='ocr_par' dir='ltr' id='par_1_29' title="bbox 321 2762 1828 2847">
     <span class='ocr_line' id='line_1_29' title="bbox 321 2762 1828 2847; baseline -0.019 -9"><span class='ocrx_word' id='word_1_221' title='bbox 321 2781 466 2838; x_wconf 76' lang='lat' dir='ltr'><strong>XIX.</strong></span> <span class='ocrx_word' id='word_1_222' title='bbox 506 2779 674 2835; x_wconf 80' lang='lat' dir='ltr'><strong>Recte</strong></span> <span class='ocrx_word' id='word_1_223' title='bbox 700 2793 829 2847; x_wconf 89' lang='lat' dir='ltr'><strong>ergo</strong></span> <span class='ocrx_word' id='word_1_224' title='bbox 853 2777 910 2834; x_wconf 90' lang='lat' dir='ltr'><strong>hi</strong></span> <span class='ocrx_word' id='word_1_225' title='bbox 945 2767 1338 2845; x_wconf 87' lang='lat' dir='ltr'><strong>pseudochristi</strong></span> <span class='ocrx_word' id='word_1_226' title='bbox 1365 2762 1523 2820; x_wconf 86' lang='lat' dir='ltr'><strong>tertia</strong></span> <span class='ocrx_word' id='word_1_227' title='bbox 1550 2773 1678 2830; x_wconf 88' lang='lat' dir='ltr'><strong>pars</strong></span> <span class='ocrx_word' id='word_1_228' title='bbox 1707 2771 1828 2812; x_wconf 65' lang='lat' dir='ltr'><strong>coro</strong></span> 
     </span>
    </p>
   </div>
   <div class='ocr_carea' id='block_1_30' title="bbox 250 2847 1828 2952">
    <p class='ocr_par' dir='ltr' id='par_1_30' title="bbox 250 2847 1828 2952">
     <span class='ocr_line' id='line_1_30' title="bbox 250 2847 1828 2952; baseline -0.018 -24"><span class='ocrx_word' id='word_1_229' title='bbox 250 2872 402 2952; x_wconf 84' lang='lat' dir='ltr'><strong>poris</strong></span> <span class='ocrx_word' id='word_1_230' title='bbox 425 2877 510 2928; x_wconf 85' lang='lat' dir='ltr'><strong>est</strong></span> <span class='ocrx_word' id='word_1_231' title='bbox 550 2867 900 2931; x_wconf 76' lang='lat' dir='ltr'><strong>Antichristi,</strong></span> <span class='ocrx_word' id='word_1_232' title='bbox 945 2878 1067 2934; x_wconf 66' lang='lat' dir='ltr'><strong>quae</strong></span> <span class='ocrx_word' id='word_1_233' title='bbox 1109 2859 1215 2915; x_wconf 85' lang='lat' dir='ltr'><strong>alia</strong></span> <span class='ocrx_word' id='word_1_234' title='bbox 1252 2855 1449 2912; x_wconf 90' lang='lat' dir='ltr'><strong>dicitur</strong></span> <span class='ocrx_word' id='word_1_235' title='bbox 1470 2852 1665 2908; x_wconf 86' lang='lat' dir='ltr'><strong>bestia.</strong></span> <span class='ocrx_word' id='word_1_236' title='bbox 1697 2847 1828 2916; x_wconf 61' lang='lat' dir='ltr'><strong>Quae</strong></span> 
     </span>
    </p>
   </div>
   <div class='ocr_carea' id='block_1_31' title="bbox 253 2945 1828 3025">
    <p class='ocr_par' dir='ltr' id='par_1_31' title="bbox 253 2945 1828 3025">
     <span class='ocr_line' id='line_1_31' title="bbox 253 2945 1828 3025; baseline -0.017 -5"><span class='ocrx_word' id='word_1_237' title='bbox 253 2945 362 3020; x_wconf 80' lang='lat' dir='ltr'><strong>alia</strong></span> <span class='ocrx_word' id='word_1_238' title='bbox 418 2977 526 3018; x_wconf 91' lang='lat' dir='ltr'><strong>non</strong></span> <span class='ocrx_word' id='word_1_239' title='bbox 560 2961 862 3024; x_wconf 85' lang='lat' dir='ltr'><strong>diceretur,</strong></span> <span class='ocrx_word' id='word_1_240' title='bbox 917 2957 962 3012; x_wconf 89' lang='lat' dir='ltr'><strong>si</strong></span> <span class='ocrx_word' id='word_1_241' title='bbox 1011 2959 1196 3025; x_wconf 89' lang='lat' dir='ltr'><strong>aperte</strong></span> <span class='ocrx_word' id='word_1_242' title='bbox 1237 2947 1378 3005; x_wconf 89' lang='lat' dir='ltr'><strong>mala</strong></span> <span class='ocrx_word' id='word_1_243' title='bbox 1429 2945 1693 3007; x_wconf 80' lang='lat' dir='ltr'><strong>fuissent,</strong></span> <span class='ocrx_word' id='word_1_244' title='bbox 1733 2949 1828 2995; x_wconf 89' lang='lat' dir='ltr'><strong>aut</strong></span> 
     </span>
    </p>
   </div>
   <div class='ocr_carea' id='block_1_32' title="bbox 253 3030 1828 3123">
    <p class='ocr_par' dir='ltr' id='par_1_32' title="bbox 253 3030 1828 3123">
     <span class='ocr_line' id='line_1_32' title="bbox 253 3030 1828 3123; baseline -0.024 0"><span class='ocrx_word' id='word_1_245' title='bbox 253 3059 402 3123; x_wconf 81' lang='lat' dir='ltr'><strong>intra</strong></span> <span class='ocrx_word' id='word_1_246' title='bbox 434 3056 732 3115; x_wconf 80' lang='lat' dir='ltr'><strong>Ecclesium</strong></span> <span class='ocrx_word' id='word_1_247' title='bbox 763 3066 868 3106; x_wconf 93' lang='lat' dir='ltr'><strong>non</strong></span> <span class='ocrx_word' id='word_1_248' title='bbox 899 3048 1155 3112; x_wconf 80' lang='lat' dir='ltr'><strong>fuissent,</strong></span> <span class='ocrx_word' id='word_1_249' title='bbox 1193 3049 1286 3098; x_wconf 89' lang='lat' dir='ltr'><strong>aut</strong></span> <span class='ocrx_word' id='word_1_250' title='bbox 1322 3038 1663 3096; x_wconf 84' lang='lat' dir='ltr'><strong>sanctitatem</strong></span> <span class='ocrx_word' id='word_1_251' title='bbox 1701 3030 1828 3087; x_wconf 86' lang='lat' dir='ltr'><strong>reli-</strong></span> 
     </span>
    </p>
   </div>
   <div class='ocr_carea' id='block_1_33' title="bbox 255 3121 1827 3228">
    <p class='ocr_par' dir='ltr' id='par_1_33' title="bbox 255 3121 1827 3228">
     <span class='ocr_line' id='line_1_33' title="bbox 255 3121 1827 3228; baseline -0.024 -16"><span class='ocrx_word' id='word_1_252' title='bbox 255 3121 432 3228; x_wconf 79' lang='lat' dir='ltr'><strong>gionis</strong></span> <span class='ocrx_word' id='word_1_253' title='bbox 456 3146 818 3206; x_wconf 86' lang='lat' dir='ltr'><strong>simulassent.</strong></span> <span class='ocrx_word' id='word_1_254' title='bbox 865 3135 1098 3194; x_wconf 76' lang='lat' dir='ltr'><strong>Proinde</strong></span> <span class='ocrx_word' id='word_1_255' title='bbox 1122 3133 1258 3189; x_wconf 81' lang='lat' dir='ltr'><strong>dixit</strong></span> <span class='ocrx_word' id='word_1_256' title='bbox 1284 3147 1299 3184; x_wconf 83' lang='lat'><strong>:</strong></span> <span class='ocrx_word' id='word_1_257' title='bbox 1327 3128 1395 3183; x_wconf 84' lang='lat' dir='ltr'><strong>Et</strong></span> <span class='ocrx_word' id='word_1_258' title='bbox 1421 3126 1526 3182; x_wconf 79' lang='lat' dir='ltr'><strong>vidi</strong></span> <span class='ocrx_word' id='word_1_259' title='bbox 1550 3123 1710 3179; x_wconf 90' lang='lat' dir='ltr'><strong>aliam</strong></span> <span class='ocrx_word' id='word_1_260' title='bbox 1741 3121 1827 3176; x_wconf 82' lang='lat' dir='ltr'><strong>be-</strong></span> 
     </span>
    </p>
   </div>
   <div class='ocr_carea' id='block_1_34' title="bbox 253 3190 1901 3301">
    <p class='ocr_par' dir='ltr' id='par_1_34' title="bbox 253 3190 1901 3301">
     <span class='ocr_line' id='line_1_34' title="bbox 253 3190 1901 3301; baseline -0.024 0"><span class='ocrx_word' id='word_1_261' title='bbox 253 3190 410 3301; x_wconf 64' lang='lat' dir='ltr'><strong>:tiam</strong></span> <span class='ocrx_word' id='word_1_262' title='bbox 435 3235 792 3295; x_wconf 79' lang='lat' dir='ltr'><strong>ascendentem</strong></span> <span class='ocrx_word' id='word_1_263' title='bbox 827 3228 890 3283; x_wconf 85' lang='lat' dir='ltr'><strong>de</strong></span> <span class='ocrx_word' id='word_1_264' title='bbox 925 3237 1065 3282; x_wconf 85' lang='lat' dir='ltr'><strong>terra</strong></span> <span class='ocrx_word' id='word_1_265' title='bbox 1104 3240 1122 3278; x_wconf 92' lang='lat'><strong><em>:</em></strong></span> <span class='ocrx_word' id='word_1_266' title='bbox 1160 3232 1207 3277; x_wconf 87' lang='lat' dir='ltr'><strong>et</strong></span> <span class='ocrx_word' id='word_1_267' title='bbox 1251 3218 1470 3274; x_wconf 81' lang='lat' dir='ltr'><strong>habebat</strong></span> <span class='ocrx_word' id='word_1_268' title='bbox 1501 3229 1698 3270; x_wconf 86' lang='lat' dir='ltr'><strong>cornua</strong></span> <span class='ocrx_word' id='word_1_269' title='bbox 1721 3211 1827 3266; x_wconf 87' lang='lat' dir='ltr'><strong>duo</strong></span> <span class='ocrx_word' id='word_1_270' title='bbox 1854 3190 1901 3256; x_wconf 78' lang='lat' dir='ltr'><strong>C</strong></span> 
     </span>
    </p>
   </div>
   <div class='ocr_carea' id='block_1_35' title="bbox 257 3307 1828 3407">
    <p class='ocr_par' dir='ltr' id='par_1_35' title="bbox 257 3307 1828 3407">
     <span class='ocr_line' id='line_1_35' title="bbox 257 3307 1828 3407; baseline -0.025 -17"><span class='ocrx_word' id='word_1_271' title='bbox 257 3331 382 3407; x_wconf 86' lang='lat' dir='ltr'><strong>agni</strong></span> <span class='ocrx_word' id='word_1_272' title='bbox 429 3325 623 3385; x_wconf 81' lang='lat' dir='ltr'><strong>similia</strong></span> <span class='ocrx_word' id='word_1_273' title='bbox 667 3339 684 3378; x_wconf 93' lang='lat'><strong><em>:</em></strong></span> <span class='ocrx_word' id='word_1_274' title='bbox 727 3329 776 3376; x_wconf 90' lang='lat' dir='ltr'><strong>et</strong></span> <span class='ocrx_word' id='word_1_275' title='bbox 809 3317 1114 3389; x_wconf 84' lang='lat' dir='ltr'><strong>loquebatur</strong></span> <span class='ocrx_word' id='word_1_276' title='bbox 1139 3309 1289 3384; x_wconf 86' lang='lat' dir='ltr'><strong>quasi</strong></span> <span class='ocrx_word' id='word_1_277' title='bbox 1323 3307 1524 3362; x_wconf 87' lang='lat' dir='ltr'><strong>draco:</strong></span> <span class='ocrx_word' id='word_1_278' title='bbox 1555 3311 1603 3357; x_wconf 92' lang='lat' dir='ltr'><strong>et</strong></span> <span class='ocrx_word' id='word_1_279' title='bbox 1627 3314 1828 3355; x_wconf 89' lang='lat' dir='ltr'><strong>omnem</strong></span> 
     </span>
    </p>
   </div>
   <div class='ocr_carea' id='block_1_36' title="bbox 256 3393 1832 3500">
    <p class='ocr_par' dir='ltr' id='par_1_36' title="bbox 256 3393 1832 3500">
     <span class='ocr_line' id='line_1_36' title="bbox 256 3393 1832 3500; baseline -0.023 -17"><span class='ocrx_word' id='word_1_280' title='bbox 256 3393 559 3500; x_wconf 67' lang='lat' dir='ltr'><strong>potestatem</strong></span> <span class='ocrx_word' id='word_1_281' title='bbox 605 3415 798 3497; x_wconf 82' lang='lat' dir='ltr'><strong>prioris</strong></span> <span class='ocrx_word' id='word_1_282' title='bbox 845 3412 1020 3467; x_wconf 69' lang='lat' dir='ltr'><strong>bestia:</strong></span> <span class='ocrx_word' id='word_1_283' title='bbox 1065 3406 1309 3479; x_wconf 84' lang='lat' dir='ltr'><strong>faciebat.</strong></span> <span class='ocrx_word' id='word_1_284' title='bbox 1369 3399 1428 3456; x_wconf 89' lang='lat' dir='ltr'><strong>Id</strong></span> <span class='ocrx_word' id='word_1_285' title='bbox 1477 3405 1590 3462; x_wconf 91' lang='lat' dir='ltr'><strong>est,</strong></span> <span class='ocrx_word' id='word_1_286' title='bbox 1636 3393 1832 3466; x_wconf 86' lang='lat' dir='ltr'><strong>prioris</strong></span> 
     </span>
    </p>
   </div>
   <div class='ocr_carea' id='block_1_37' title="bbox 259 3490 1832 3594">
    <p class='ocr_par' dir='ltr' id='par_1_37' title="bbox 259 3490 1832 3594">
     <span class='ocr_line' id='line_1_37' title="bbox 259 3490 1832 3594; baseline -0.025 -17"><span class='ocrx_word' id='word_1_287' title='bbox 259 3490 442 3594; x_wconf 79' lang='lat' dir='ltr'><strong>populi</strong></span> <span class='ocrx_word' id='word_1_288' title='bbox 475 3524 532 3573; x_wconf 91' lang='lat' dir='ltr'><strong>et</strong></span> <span class='ocrx_word' id='word_1_289' title='bbox 574 3490 803 3574; x_wconf 80' lang='lat' dir='ltr'><strong>diaboli,</strong></span> <span class='ocrx_word' id='word_1_290' title='bbox 844 3518 1004 3576; x_wconf 89' lang='lat' dir='ltr'><strong>quem</strong></span> <span class='ocrx_word' id='word_1_291' title='bbox 1030 3515 1191 3573; x_wconf 85' lang='lat' dir='ltr'><strong>supra</strong></span> <span class='ocrx_word' id='word_1_292' title='bbox 1229 3495 1463 3552; x_wconf 77' lang='lat' dir='ltr'><strong>diximus</strong></span> <span class='ocrx_word' id='word_1_293' title='bbox 1498 3490 1625 3560; x_wconf 89' lang='lat' dir='ltr'><strong>quia</strong></span> <span class='ocrx_word' id='word_1_294' title='bbox 1659 3495 1832 3594; x_wconf 48' lang='lat' dir='ltr'><strong>totum</strong></span> 
     </span>
    </p>
   </div>
   <div class='ocr_carea' id='block_1_38' title="bbox 261 3573 1834 3688">
    <p class='ocr_par' dir='ltr' id='par_1_38' title="bbox 261 3573 1834 3688">
     <span class='ocr_line' id='line_1_38' title="bbox 261 3573 1834 3688; baseline -0.027 -19"><span class='ocrx_word' id='word_1_295' title='bbox 261 3573 588 3688; x_wconf 48' lang='lat' dir='ltr'><strong>in&#39;corpore</strong></span> <span class='ocrx_word' id='word_1_296' title='bbox 637 3615 744 3656; x_wconf 91' lang='lat' dir='ltr'><strong>una</strong></span> <span class='ocrx_word' id='word_1_297' title='bbox 782 3573 956 3658; x_wconf 77' lang='lat' dir='ltr'><strong>bestia</strong></span> <span class='ocrx_word' id='word_1_298' title='bbox 999 3599 1118 3657; x_wconf 71' lang='lat' dir='ltr'><strong>est,</strong></span> <span class='ocrx_word' id='word_1_299' title='bbox 1155 3587 1250 3644; x_wconf 86' lang='lat' dir='ltr'><strong>sed</strong></span> <span class='ocrx_word' id='word_1_300' title='bbox 1285 3586 1340 3641; x_wconf 91' lang='lat' dir='ltr'><strong>in</strong></span> <span class='ocrx_word' id='word_1_301' title='bbox 1386 3579 1615 3638; x_wconf 86' lang='lat' dir='ltr'><strong>actionis</strong></span> <span class='ocrx_word' id='word_1_302' title='bbox 1656 3573 1834 3632; x_wconf 75' lang='lat' dir='ltr'><strong>ofﬁcio</strong></span> 
     </span>
    </p>
   </div>
   <div class='ocr_carea' id='block_1_39' title="bbox 260 3665 1833 3774">
    <p class='ocr_par' dir='ltr' id='par_1_39' title="bbox 260 3665 1833 3774">
     <span class='ocr_line' id='line_1_39' title="bbox 260 3665 1833 3774; baseline -0.028 -16"><span class='ocrx_word' id='word_1_303' title='bbox 260 3665 540 3774; x_wconf 59' lang='lat' dir='ltr'><strong>bipartita.</strong></span> <span class='ocrx_word' id='word_1_304' title='bbox 577 3693 646 3747; x_wconf 84' lang='lat' dir='ltr'><strong>Et</strong></span> <span class='ocrx_word' id='word_1_305' title='bbox 682 3689 831 3744; x_wconf 87' lang='lat' dir='ltr'><strong>illam</strong></span> <span class='ocrx_word' id='word_1_306' title='bbox 872 3684 999 3741; x_wconf 77' lang='lat' dir='ltr'><strong>vidit</strong></span> <span class='ocrx_word' id='word_1_307' title='bbox 1045 3676 1321 3734; x_wconf 84' lang='lat' dir='ltr'><strong>ascendere</strong></span> <span class='ocrx_word' id='word_1_308' title='bbox 1362 3672 1427 3726; x_wconf 83' lang='lat' dir='ltr'><strong>de</strong></span> <span class='ocrx_word' id='word_1_309' title='bbox 1459 3668 1596 3722; x_wconf 87' lang='lat' dir='ltr'><strong>mari</strong></span> <span class='ocrx_word' id='word_1_310' title='bbox 1624 3682 1642 3719; x_wconf 91' lang='lat'><strong><em>:</em></strong></span> <span class='ocrx_word' id='word_1_311' title='bbox 1678 3665 1833 3718; x_wconf 87' lang='lat' dir='ltr'><strong>istam</strong></span> 
     </span>
    </p>
   </div>
   <div class='ocr_carea' id='block_1_40' title="bbox 264 3847 1835 3939">
    <p class='ocr_par' dir='ltr' id='par_1_40' title="bbox 264 3847 1835 3939">
     <span class='ocr_line' id='line_1_40' title="bbox 264 3847 1835 3939; baseline -0.025 0"><span class='ocrx_word' id='word_1_312' title='bbox 264 3895 418 3939; x_wconf 90' lang='lat' dir='ltr'><strong>mare</strong></span> <span class='ocrx_word' id='word_1_313' title='bbox 456 3876 680 3932; x_wconf 82' lang='lat' dir='ltr'><strong>fluctuat</strong></span> <span class='ocrx_word' id='word_1_314' title='bbox 707 3911 721 3937; x_wconf 95' lang='lat'><strong>,</strong></span> <span class='ocrx_word' id='word_1_315' title='bbox 771 3878 917 3924; x_wconf 90' lang='lat' dir='ltr'><strong>terra</strong></span> <span class='ocrx_word' id='word_1_316' title='bbox 953 3877 1082 3918; x_wconf 85' lang='lat' dir='ltr'><strong>vero</strong></span> <span class='ocrx_word' id='word_1_317' title='bbox 1125 3858 1306 3930; x_wconf 90' lang='lat' dir='ltr'><strong>quieta</strong></span> <span class='ocrx_word' id='word_1_318' title='bbox 1351 3862 1454 3910; x_wconf 90' lang='lat' dir='ltr'><strong>est.</strong></span> <span class='ocrx_word' id='word_1_319' title='bbox 1510 3851 1657 3906; x_wconf 81' lang='lat' dir='ltr'><strong>Mare</strong></span> <span class='ocrx_word' id='word_1_320' title='bbox 1691 3847 1835 3902; x_wconf 91' lang='lat' dir='ltr'><strong>enim</strong></span> 
     </span>
    </p>
   </div>
   <div class='ocr_carea' id='block_1_41' title="bbox 264 3939 1837 4041">
    <p class='ocr_par' dir='ltr' id='par_1_41' title="bbox 264 3939 1837 4041">
     <span class='ocr_line' id='line_1_41' title="bbox 264 3939 1837 4041; baseline -0.024 -12"><span class='ocrx_word' id='word_1_321' title='bbox 264 3967 585 4040; x_wconf 79' lang='lat' dir='ltr'><strong>intelligitur</strong></span> <span class='ocrx_word' id='word_1_322' title='bbox 609 3960 839 4041; x_wconf 83' lang='lat' dir='ltr'><strong>populus</strong></span> <span class='ocrx_word' id='word_1_323' title='bbox 861 3957 1017 4020; x_wconf 80' lang='lat' dir='ltr'><strong>istius</strong></span> <span class='ocrx_word' id='word_1_324' title='bbox 1039 3949 1217 4009; x_wconf 67' lang='lat' dir='ltr'><strong>seaculi</strong></span> <span class='ocrx_word' id='word_1_325' title='bbox 1240 3955 1424 4019; x_wconf 89' lang='lat' dir='ltr'><strong>aperte</strong></span> <span class='ocrx_word' id='word_1_326' title='bbox 1443 3941 1636 4000; x_wconf 88' lang='lat' dir='ltr'><strong>malus.</strong></span> <span class='ocrx_word' id='word_1_327' title='bbox 1669 3939 1837 3995; x_wconf 82' lang='lat' dir='ltr'><strong>Terra</strong></span> 
     </span>
    </p>
   </div>
   <div class='ocr_carea' id='block_1_42' title="bbox 266 4030 1840 4128">
    <p class='ocr_par' dir='ltr' id='par_1_42' title="bbox 266 4030 1840 4128">
     <span class='ocr_line' id='line_1_42' title="bbox 266 4030 1840 4128; baseline -0.019 -12"><span class='ocrx_word' id='word_1_328' title='bbox 266 4030 397 4125; x_wconf 80' lang='lat' dir='ltr'><strong>vero</strong></span> <span class='ocrx_word' id='word_1_329' title='bbox 432 4030 627 4128; x_wconf 73' lang='lat' dir='ltr'><strong>religio</strong></span> <span class='ocrx_word' id='word_1_330' title='bbox 659 4030 742 4108; x_wconf 75' lang='lat' dir='ltr'><strong>est</strong></span> <span class='ocrx_word' id='word_1_331' title='bbox 780 4049 914 4105; x_wconf 88' lang='lat' dir='ltr'><strong>falsa</strong></span> <span class='ocrx_word' id='word_1_332' title='bbox 950 4055 1007 4102; x_wconf 90' lang='lat' dir='ltr'><strong>et</strong></span> <span class='ocrx_word' id='word_1_333' title='bbox 1041 4041 1290 4106; x_wconf 75' lang='lat' dir='ltr'><strong>hzeretica</strong></span> <span class='ocrx_word' id='word_1_334' title='bbox 1316 4037 1584 4110; x_wconf 84' lang='lat' dir='ltr'><strong>pravitas,</strong></span> <span class='ocrx_word' id='word_1_335' title='bbox 1611 4031 1702 4102; x_wconf 88' lang='lat' dir='ltr'><strong>qui</strong></span> <span class='ocrx_word' id='word_1_336' title='bbox 1737 4030 1840 4087; x_wconf 87' lang='lat' dir='ltr'><strong>sub</strong></span> 
     </span>
    </p>
   </div>
   <div class='ocr_carea' id='block_1_43' title="bbox 266 4125 1834 4211">
    <p class='ocr_par' dir='ltr' id='par_1_43' title="bbox 266 4125 1834 4211">
     <span class='ocr_line' id='line_1_43' title="bbox 266 4125 1834 4211; baseline -0.021 -1"><span class='ocrx_word' id='word_1_337' title='bbox 266 4153 484 4211; x_wconf 87' lang='lat' dir='ltr'><strong>nomine</strong></span> <span class='ocrx_word' id='word_1_338' title='bbox 515 4125 815 4204; x_wconf 79' lang='lat' dir='ltr'><strong>sanctitatis</strong></span> <span class='ocrx_word' id='word_1_339' title='bbox 845 4155 952 4196; x_wconf 93' lang='lat' dir='ltr'><strong>non</strong></span> <span class='ocrx_word' id='word_1_340' title='bbox 978 4137 1232 4192; x_wconf 88' lang='lat' dir='ltr'><strong>videntur</strong></span> <span class='ocrx_word' id='word_1_341' title='bbox 1253 4133 1308 4188; x_wconf 92' lang='lat' dir='ltr'><strong>in</strong></span> <span class='ocrx_word' id='word_1_342' title='bbox 1333 4129 1527 4187; x_wconf 72' lang='lat' dir='ltr'><strong>saeculo</strong></span> <span class='ocrx_word' id='word_1_343' title='bbox 1560 4125 1834 4189; x_wconf 81' lang='lat' dir='ltr'><strong>fluctuare,</strong></span> 
     </span>
    </p>
   </div>
   <div class='ocr_carea' id='block_1_44' title="bbox 269 4216 1841 4312">
    <p class='ocr_par' dir='ltr' id='par_1_44' title="bbox 269 4216 1841 4312">
     <span class='ocr_line' id='line_1_44' title="bbox 269 4216 1841 4312; baseline -0.02 -11"><span class='ocrx_word' id='word_1_344' title='bbox 269 4243 362 4300; x_wconf 88' lang='lat' dir='ltr'><strong>sed</strong></span> <span class='ocrx_word' id='word_1_345' title='bbox 384 4239 540 4312; x_wconf 90' lang='lat' dir='ltr'><strong>quasi</strong></span> <span class='ocrx_word' id='word_1_346' title='bbox 572 4237 806 4309; x_wconf 87' lang='lat' dir='ltr'><strong>quietem</strong></span> <span class='ocrx_word' id='word_1_347' title='bbox 840 4247 898 4288; x_wconf 92' lang='lat' dir='ltr'><strong>se</strong></span> <span class='ocrx_word' id='word_1_348' title='bbox 939 4242 1098 4305; x_wconf 82' lang='lat' dir='ltr'><strong>agere</strong></span> <span class='ocrx_word' id='word_1_349' title='bbox 1121 4266 1137 4293; x_wconf 93' lang='lat'><strong>,</strong></span> <span class='ocrx_word' id='word_1_350' title='bbox 1163 4239 1266 4300; x_wconf 88' lang='lat' dir='ltr'><strong>pro</strong></span> <span class='ocrx_word' id='word_1_351' title='bbox 1293 4237 1400 4294; x_wconf 90' lang='lat' dir='ltr'><strong>quo</strong></span> <span class='ocrx_word' id='word_1_352' title='bbox 1425 4219 1634 4291; x_wconf 88' lang='lat' dir='ltr'><strong>possint</strong></span> <span class='ocrx_word' id='word_1_353' title='bbox 1661 4216 1841 4272; x_wconf 61' lang='lat' dir='ltr'><strong>Ecclev</strong></span> 
     </span>
    </p>
   </div>
   <div class='ocr_carea' id='block_1_45' title="bbox 269 4306 1844 4402">
    <p class='ocr_par' dir='ltr' id='par_1_45' title="bbox 269 4306 1844 4402">
     <span class='ocr_line' id='line_1_45' title="bbox 269 4306 1844 4402; baseline -0.022 -10"><span class='ocrx_word' id='word_1_354' title='bbox 269 4306 420 4402; x_wconf 30' lang='lat' dir='ltr'><strong>siam.-</strong></span> <span class='ocrx_word' id='word_1_355' title='bbox 447 4306 723 4386; x_wconf 84' lang='lat' dir='ltr'><strong>simulare.</strong></span> <span class='ocrx_word' id='word_1_356' title='bbox 779 4323 928 4379; x_wconf 89' lang='lat' dir='ltr'><strong>Illam</strong></span> <span class='ocrx_word' id='word_1_357' title='bbox 977 4317 1112 4374; x_wconf 89' lang='lat' dir='ltr'><strong>vidit</strong></span> <span class='ocrx_word' id='word_1_358' title='bbox 1158 4311 1448 4370; x_wconf 86' lang='lat' dir='ltr'><strong>ascendere</strong></span> <span class='ocrx_word' id='word_1_359' title='bbox 1501 4307 1734 4364; x_wconf 88' lang='lat' dir='ltr'><strong>bestiam</strong></span> <span class='ocrx_word' id='word_1_360' title='bbox 1775 4306 1844 4361; x_wconf 86' lang='lat' dir='ltr'><strong>de</strong></span> 
     </span>
    </p>
   </div>
   <div class='ocr_carea' id='block_1_46' title="bbox 273 4396 1843 4484">
    <p class='ocr_par' dir='ltr' id='par_1_46' title="bbox 273 4396 1843 4484">
     <span class='ocr_line' id='line_1_46' title="bbox 273 4396 1843 4484; baseline -0.02 -7"><span class='ocrx_word' id='word_1_361' title='bbox 273 4397 443 4477; x_wconf 84' lang='lat' dir='ltr'><strong>mare.</strong></span> <span class='ocrx_word' id='word_1_362' title='bbox 477 4417 534 4472; x_wconf 90' lang='lat' dir='ltr'><strong>id</strong></span> <span class='ocrx_word' id='word_1_363' title='bbox 558 4423 663 4482; x_wconf 90' lang='lat' dir='ltr'><strong>est,</strong></span> <span class='ocrx_word' id='word_1_364' title='bbox 700 4411 953 4484; x_wconf 87' lang='lat' dir='ltr'><strong>populum</strong></span> <span class='ocrx_word' id='word_1_365' title='bbox 993 4403 1144 4462; x_wconf 87' lang='lat' dir='ltr'><strong>nasci</strong></span> <span class='ocrx_word' id='word_1_366' title='bbox 1173 4403 1241 4459; x_wconf 91' lang='lat' dir='ltr'><strong>de</strong></span> <span class='ocrx_word' id='word_1_367' title='bbox 1281 4399 1495 4477; x_wconf 89' lang='lat' dir='ltr'><strong>populo,</strong></span> <span class='ocrx_word' id='word_1_368' title='bbox 1526 4396 1652 4468; x_wconf 89' lang='lat' dir='ltr'><strong>quia</strong></span> <span class='ocrx_word' id='word_1_369' title='bbox 1695 4409 1843 4450; x_wconf 79' lang='lat' dir='ltr'><strong>sem-</strong></span> 
     </span>
    </p>
   </div>
   <div class='ocr_carea' id='block_1_47' title="bbox 270 4483 1840 4584">
    <p class='ocr_par' dir='ltr' id='par_1_47' title="bbox 270 4483 1840 4584">
     <span class='ocr_line' id='line_1_47' title="bbox 270 4483 1840 4584; baseline -0.02 -17"><span class='ocrx_word' id='word_1_370' title='bbox 270 4525 370 4584; x_wconf 85' lang='lat' dir='ltr'><strong>per</strong></span> <span class='ocrx_word' id='word_1_371' title='bbox 408 4509 508 4564; x_wconf 92' lang='lat' dir='ltr'><strong>fuit</strong></span> <span class='ocrx_word' id='word_1_372' title='bbox 544 4483 718 4562; x_wconf 82' lang='lat' dir='ltr'><strong>malus</strong></span> <span class='ocrx_word' id='word_1_373' title='bbox 755 4500 1000 4574; x_wconf 85' lang='lat' dir='ltr'><strong>populus.</strong></span> <span class='ocrx_word' id='word_1_374' title='bbox 1040 4497 1110 4553; x_wconf 85' lang='lat' dir='ltr'><strong>Et</strong></span> <span class='ocrx_word' id='word_1_375' title='bbox 1147 4506 1360 4563; x_wconf 86' lang='lat' dir='ltr'><strong>semper</strong></span> <span class='ocrx_word' id='word_1_376' title='bbox 1388 4488 1630 4545; x_wconf 88' lang='lat' dir='ltr'><strong>nascitur</strong></span> <span class='ocrx_word' id='word_1_377' title='bbox 1648 4483 1840 4549; x_wconf 84' lang='lat' dir='ltr'><strong>malus,</strong></span> 
     </span>
    </p>
   </div>
   <div class='ocr_carea' id='block_1_48' title="bbox 272 4575 1846 4682">
    <p class='ocr_par' dir='ltr' id='par_1_48' title="bbox 272 4575 1846 4682">
     <span class='ocr_line' id='line_1_48' title="bbox 272 4575 1846 4682; baseline -0.019 -24"><span class='ocrx_word' id='word_1_378' title='bbox 272 4575 365 4682; x_wconf 72' lang='lat' dir='ltr'><strong>qui</strong></span> <span class='ocrx_word' id='word_1_379' title='bbox 390 4611 603 4669; x_wconf 85' lang='lat' dir='ltr'><strong>semper</strong></span> <span class='ocrx_word' id='word_1_380' title='bbox 630 4594 825 4652; x_wconf 88' lang='lat' dir='ltr'><strong>dicitur</strong></span> <span class='ocrx_word' id='word_1_381' title='bbox 848 4590 1038 4648; x_wconf 86' lang='lat' dir='ltr'><strong>bestia.</strong></span> <span class='ocrx_word' id='word_1_382' title='bbox 1063 4587 1155 4643; x_wconf 87' lang='lat' dir='ltr'><strong>Sic</strong></span> <span class='ocrx_word' id='word_1_383' title='bbox 1189 4595 1244 4640; x_wconf 92' lang='lat' dir='ltr'><strong>et</strong></span> <span class='ocrx_word' id='word_1_384' title='bbox 1268 4583 1428 4638; x_wconf 88' lang='lat' dir='ltr'><strong>aliam</strong></span> <span class='ocrx_word' id='word_1_385' title='bbox 1453 4579 1686 4636; x_wconf 85' lang='lat' dir='ltr'><strong>bestiam</strong></span> <span class='ocrx_word' id='word_1_386' title='bbox 1709 4575 1846 4630; x_wconf 86' lang='lat' dir='ltr'><strong>vidit</strong></span> 
     </span>
    </p>
   </div>
   <div class='ocr_carea' id='block_1_49' title="bbox 273 4666 1845 4750">
    <p class='ocr_par' dir='ltr' id='par_1_49' title="bbox 273 4666 1845 4750">
     <span class='ocr_line' id='line_1_49' title="bbox 273 4666 1845 4750; baseline -0.019 0"><span class='ocrx_word' id='word_1_387' title='bbox 273 4666 564 4750; x_wconf 67' lang='lat' dir='ltr'><strong>ascendere</strong></span> <span class='ocrx_word' id='word_1_388' title='bbox 591 4689 656 4745; x_wconf 84' lang='lat' dir='ltr'><strong>de</strong></span> <span class='ocrx_word' id='word_1_389' title='bbox 686 4696 857 4750; x_wconf 88' lang='lat' dir='ltr'><strong>terra,</strong></span> <span class='ocrx_word' id='word_1_390' title='bbox 902 4697 1008 4738; x_wconf 92' lang='lat' dir='ltr'><strong>non</strong></span> <span class='ocrx_word' id='word_1_391' title='bbox 1038 4675 1364 4736; x_wconf 83' lang='lat' dir='ltr'><strong>descendere</strong></span> <span class='ocrx_word' id='word_1_392' title='bbox 1405 4673 1472 4729; x_wconf 84' lang='lat' dir='ltr'><strong>de</strong></span> <span class='ocrx_word' id='word_1_393' title='bbox 1505 4669 1663 4726; x_wconf 63' lang='lat' dir='ltr'><strong>caelo.</strong></span> <span class='ocrx_word' id='word_1_394' title='bbox 1709 4666 1845 4722; x_wconf 77' lang='lat' dir='ltr'><strong>Nam</strong></span> 
     </span>
    </p>
   </div>
   <div class='ocr_carea' id='block_1_50' title="bbox 271 4759 1850 4842">
    <p class='ocr_par' dir='ltr' id='par_1_50' title="bbox 271 4759 1850 4842">
     <span class='ocr_line' id='line_1_50' title="bbox 271 4759 1850 4842; baseline -0.019 -2"><span class='ocrx_word' id='word_1_395' title='bbox 271 4781 572 4840; x_wconf 83' lang='lat' dir='ltr'><strong>Jerusalem</strong></span> <span class='ocrx_word' id='word_1_396' title='bbox 599 4775 833 4834; x_wconf 74' lang='lat' dir='ltr'><strong>cmlestis</strong></span> <span class='ocrx_word' id='word_1_397' title='bbox 861 4785 1074 4842; x_wconf 89' lang='lat' dir='ltr'><strong>semper</strong></span> <span class='ocrx_word' id='word_1_398' title='bbox 1101 4767 1168 4824; x_wconf 89' lang='lat' dir='ltr'><strong>de</strong></span> <span class='ocrx_word' id='word_1_399' title='bbox 1198 4764 1336 4822; x_wconf 65' lang='lat' dir='ltr'><strong>coelo</strong></span> <span class='ocrx_word' id='word_1_400' title='bbox 1379 4763 1434 4818; x_wconf 90' lang='lat' dir='ltr'><strong>in</strong></span> <span class='ocrx_word' id='word_1_401' title='bbox 1463 4768 1609 4816; x_wconf 91' lang='lat' dir='ltr'><strong>terra</strong></span> <span class='ocrx_word' id='word_1_402' title='bbox 1633 4759 1850 4814; x_wconf 78' lang='lat' dir='ltr'><strong>descen-</strong></span> 
     </span>
    </p>
   </div>
   <div class='ocr_carea' id='block_1_51' title="bbox 275 4859 1842 4950">
    <p class='ocr_par' dir='ltr' id='par_1_51' title="bbox 275 4859 1842 4950">
     <span class='ocr_line' id='line_1_51' title="bbox 275 4859 1842 4950; baseline -0.018 -17"><span class='ocrx_word' id='word_1_403' title='bbox 275 4877 388 4950; x_wconf 86' lang='lat' dir='ltr'><strong>det,</strong></span> <span class='ocrx_word' id='word_1_404' title='bbox 413 4874 542 4948; x_wconf 83' lang='lat' dir='ltr'><strong>quia</strong></span> <span class='ocrx_word' id='word_1_405' title='bbox 590 4872 685 4928; x_wconf 87' lang='lat' dir='ltr'><strong>iilii</strong></span> <span class='ocrx_word' id='word_1_406' title='bbox 719 4870 800 4926; x_wconf 90' lang='lat' dir='ltr'><strong>sui</strong></span> <span class='ocrx_word' id='word_1_407' title='bbox 845 4880 1058 4947; x_wconf 84' lang='lat' dir='ltr'><strong>semper</strong></span> <span class='ocrx_word' id='word_1_408' title='bbox 1085 4865 1140 4920; x_wconf 89' lang='lat' dir='ltr'><strong>in</strong></span> <span class='ocrx_word' id='word_1_409' title='bbox 1180 4859 1483 4917; x_wconf 89' lang='lat' dir='ltr'><strong>humilitate</strong></span> <span class='ocrx_word' id='word_1_410' title='bbox 1527 4861 1842 4912; x_wconf 89' lang='lat' dir='ltr'><strong>nascuntur.</strong></span> 
     </span>
    </p>
   </div>
   <div class='ocr_carea' id='block_1_52' title="bbox 276 4941 1852 5042">
    <p class='ocr_par' dir='ltr' id='par_1_52' title="bbox 276 4941 1852 5042">
     <span class='ocr_line' id='line_1_52' title="bbox 276 4941 1852 5042; baseline -0.018 -18"><span class='ocrx_word' id='word_1_411' title='bbox 276 4941 489 5042; x_wconf 51' lang='lat' dir='ltr'><strong>Psendo</strong></span> <span class='ocrx_word' id='word_1_412' title='bbox 513 4977 643 5018; x_wconf 90' lang='lat' dir='ltr'><strong>vero</strong></span> <span class='ocrx_word' id='word_1_413' title='bbox 669 4959 924 5033; x_wconf 87' lang='lat' dir='ltr'><strong>propheta</strong></span> <span class='ocrx_word' id='word_1_414' title='bbox 945 4941 1011 5011; x_wconf 81' lang='lat' dir='ltr'><strong>de</strong></span> <span class='ocrx_word' id='word_1_415' title='bbox 1033 4962 1175 5008; x_wconf 90' lang='lat' dir='ltr'><strong>terra</strong></span> <span class='ocrx_word' id='word_1_416' title='bbox 1195 4947 1467 5014; x_wconf 87' lang='lat' dir='ltr'><strong>ascendet,</strong></span> <span class='ocrx_word' id='word_1_417' title='bbox 1488 4945 1614 5015; x_wconf 89' lang='lat' dir='ltr'><strong>quia</strong></span> <span class='ocrx_word' id='word_1_418' title='bbox 1638 4955 1852 5012; x_wconf 89' lang='lat' dir='ltr'><strong>semper</strong></span> 
     </span>
    </p>
   </div>
   <div class='ocr_carea' id='block_1_53' title="bbox 277 5038 1854 5125">
    <p class='ocr_par' dir='ltr' id='par_1_53' title="bbox 277 5038 1854 5125">
     <span class='ocr_line' id='line_1_53' title="bbox 277 5038 1854 5125; baseline -0.02 -7"><span class='ocrx_word' id='word_1_419' title='bbox 277 5038 346 5118; x_wconf 84' lang='lat' dir='ltr'><strong>de</strong></span> <span class='ocrx_word' id='word_1_420' title='bbox 373 5067 591 5115; x_wconf 87' lang='lat' dir='ltr'><strong>terreno</strong></span> <span class='ocrx_word' id='word_1_421' title='bbox 618 5065 811 5125; x_wconf 78' lang='lat' dir='ltr'><strong>genere</strong></span> <span class='ocrx_word' id='word_1_422' title='bbox 849 5047 1127 5122; x_wconf 78' lang='lat' dir='ltr'><strong>gloriatur.</strong></span> <span class='ocrx_word' id='word_1_423' title='bbox 1173 5042 1250 5097; x_wconf 83' lang='lat' dir='ltr'><strong>De</strong></span> <span class='ocrx_word' id='word_1_424' title='bbox 1277 5047 1419 5097; x_wconf 86' lang='lat' dir='ltr'><strong>terra</strong></span> <span class='ocrx_word' id='word_1_425' title='bbox 1445 5038 1643 5108; x_wconf 89' lang='lat' dir='ltr'><strong>quippe</strong></span> <span class='ocrx_word' id='word_1_426' title='bbox 1669 5047 1854 5089; x_wconf 74' lang='lat' dir='ltr'><strong>ascen.-</strong></span> 
     </span>
    </p>
   </div>
   <div class='ocr_carea' id='block_1_54' title="bbox 278 5119 1848 5213">
    <p class='ocr_par' dir='ltr' id='par_1_54' title="bbox 278 5119 1848 5213">
     <span class='ocr_line' id='line_1_54' title="bbox 278 5119 1848 5213; baseline -0.022 -6"><span class='ocrx_word' id='word_1_427' title='bbox 278 5153 426 5213; x_wconf 83' lang='lat' dir='ltr'><strong>derc,</strong></span> <span class='ocrx_word' id='word_1_428' title='bbox 462 5157 546 5203; x_wconf 89' lang='lat' dir='ltr'><strong>est</strong></span> <span class='ocrx_word' id='word_1_429' title='bbox 574 5119 646 5200; x_wconf 74' lang='lat' dir='ltr'><strong>de</strong></span> <span class='ocrx_word' id='word_1_430' title='bbox 667 5119 878 5197; x_wconf 78' lang='lat' dir='ltr'><strong>terrena</strong></span> <span class='ocrx_word' id='word_1_431' title='bbox 909 5135 1074 5209; x_wconf 83' lang='lat' dir='ltr'><strong>gloria</strong></span> <span class='ocrx_word' id='word_1_432' title='bbox 1109 5130 1310 5188; x_wconf 80' lang='lat' dir='ltr'><strong>elevari</strong></span> <span class='ocrx_word' id='word_1_433' title='bbox 1336 5134 1391 5183; x_wconf 89' lang='lat' dir='ltr'><strong>et</strong></span> <span class='ocrx_word' id='word_1_434' title='bbox 1430 5124 1718 5182; x_wconf 87' lang='lat' dir='ltr'><strong>sanctitate</strong></span> <span class='ocrx_word' id='word_1_435' title='bbox 1751 5119 1848 5175; x_wconf 68' lang='lat' dir='ltr'><strong>fnl~</strong></span> 
     </span>
    </p>
   </div>
   <div class='ocr_carea' id='block_1_55' title="bbox 277 5212 1852 5309">
    <p class='ocr_par' dir='ltr' id='par_1_55' title="bbox 277 5212 1852 5309">
     <span class='ocr_line' id='line_1_55' title="bbox 277 5212 1852 5309; baseline -0.022 -10"><span class='ocrx_word' id='word_1_436' title='bbox 277 5235 665 5309; x_wconf 85' lang='lat' dir='ltr'><strong>ciri.Proindc</strong></span> <span class='ocrx_word' id='word_1_437' title='bbox 684 5242 741 5290; x_wconf 91' lang='lat' dir='ltr'><strong>et</strong></span> <span class='ocrx_word' id='word_1_438' title='bbox 759 5231 931 5288; x_wconf 87' lang='lat' dir='ltr'><strong>bestia</strong></span> <span class='ocrx_word' id='word_1_439' title='bbox 960 5235 1042 5283; x_wconf 91' lang='lat' dir='ltr'><strong>est</strong></span> <span class='ocrx_word' id='word_1_440' title='bbox 1060 5266 1076 5292; x_wconf 92' lang='lat'><strong>,</strong></span> <span class='ocrx_word' id='word_1_441' title='bbox 1108 5233 1157 5280; x_wconf 90' lang='lat' dir='ltr'><strong>et</strong></span> <span class='ocrx_word' id='word_1_442' title='bbox 1194 5221 1299 5276; x_wconf 84' lang='lat' dir='ltr'><strong>duo</strong></span> <span class='ocrx_word' id='word_1_443' title='bbox 1322 5233 1522 5275; x_wconf 79' lang='lat' dir='ltr'><strong>cornua</strong></span> <span class='ocrx_word' id='word_1_444' title='bbox 1545 5214 1666 5286; x_wconf 88' lang='lat' dir='ltr'><strong>agni</strong></span> <span class='ocrx_word' id='word_1_445' title='bbox 1702 5212 1852 5268; x_wconf 87' lang='lat' dir='ltr'><strong>simi-</strong></span> 
     </span>
    </p>
   </div>
   <div class='ocr_carea' id='block_1_56' title="bbox 281 5303 1854 5390">
    <p class='ocr_par' dir='ltr' id='par_1_56' title="bbox 281 5303 1854 5390">
     <span class='ocr_line' id='line_1_56' title="bbox 281 5303 1854 5390; baseline -0.02 0"><span class='ocrx_word' id='word_1_446' title='bbox 281 5306 358 5390; x_wconf 88' lang='lat' dir='ltr'><strong>lia</strong></span> <span class='ocrx_word' id='word_1_447' title='bbox 390 5331 560 5386; x_wconf 88' lang='lat' dir='ltr'><strong>habet.</strong></span> <span class='ocrx_word' id='word_1_448' title='bbox 609 5327 666 5384; x_wconf 93' lang='lat' dir='ltr'><strong>Id</strong></span> <span class='ocrx_word' id='word_1_449' title='bbox 709 5332 824 5388; x_wconf 87' lang='lat' dir='ltr'><strong>est,</strong></span> <span class='ocrx_word' id='word_1_450' title='bbox 849 5323 953 5378; x_wconf 92' lang='lat' dir='ltr'><strong>duo</strong></span> <span class='ocrx_word' id='word_1_451' title='bbox 976 5320 1295 5374; x_wconf 83' lang='lat' dir='ltr'><strong>testamenta</strong></span> <span class='ocrx_word' id='word_1_452' title='bbox 1319 5311 1452 5382; x_wconf 83' lang='lat' dir='ltr'><strong>legis</strong></span> <span class='ocrx_word' id='word_1_453' title='bbox 1471 5315 1526 5364; x_wconf 89' lang='lat' dir='ltr'><strong>et</strong></span> <span class='ocrx_word' id='word_1_454' title='bbox 1557 5303 1854 5375; x_wconf 75' lang='lat' dir='ltr'><strong>Evangelii,</strong></span> 
     </span>
    </p>
   </div>
   <div class='ocr_carea' id='block_1_57' title="bbox 281 5402 1857 5515">
    <p class='ocr_par' dir='ltr' id='par_1_57' title="bbox 281 5402 1857 5515">
     <span class='ocr_line' id='line_1_57' title="bbox 281 5402 1857 5515; baseline -0.022 -32"><span class='ocrx_word' id='word_1_455' title='bbox 281 5441 382 5515; x_wconf 83' lang='lat' dir='ltr'><strong>per</strong></span> <span class='ocrx_word' id='word_1_456' title='bbox 405 5439 525 5496; x_wconf 80' lang='lat' dir='ltr'><strong>qua:</strong></span> <span class='ocrx_word' id='word_1_457' title='bbox 554 5420 875 5498; x_wconf 82' lang='lat' dir='ltr'><strong>prophetare</strong></span> <span class='ocrx_word' id='word_1_458' title='bbox 914 5426 973 5468; x_wconf 88' lang='lat' dir='ltr'><strong>se</strong></span> <span class='ocrx_word' id='word_1_459' title='bbox 1012 5405 1230 5466; x_wconf 90' lang='lat' dir='ltr'><strong>simulat</strong></span> <span class='ocrx_word' id='word_1_460' title='bbox 1255 5413 1317 5460; x_wconf 88' lang='lat' dir='ltr'><strong>ut</strong></span> <span class='ocrx_word' id='word_1_461' title='bbox 1344 5402 1485 5458; x_wconf 87' lang='lat' dir='ltr'><strong>inter</strong></span> <span class='ocrx_word' id='word_1_462' title='bbox 1505 5412 1635 5456; x_wconf 87' lang='lat' dir='ltr'><strong>suos</strong></span> <span class='ocrx_word' id='word_1_463' title='bbox 1654 5408 1857 5468; x_wconf 84' lang='lat' dir='ltr'><strong>agnum</strong></span> 
     </span>
    </p>
   </div>
   <div class='ocr_carea' id='block_1_58' title="bbox 283 5513 627 5593">
    <p class='ocr_par' dir='ltr' id='par_1_58' title="bbox 283 5513 627 5593">
     <span class='ocr_line' id='line_1_58' title="bbox 283 5513 627 5593; baseline -0.026 -19"><span class='ocrx_word' id='word_1_464' title='bbox 283 5513 344 5593; x_wconf 76' lang='lat' dir='ltr'><strong>se</strong></span> <span class='ocrx_word' id='word_1_465' title='bbox 369 5513 627 5586; x_wconf 85' lang='lat' dir='ltr'><strong>proferat.</strong></span> 
     </span>
    </p>
   </div>
   <div class='ocr_carea' id='block_1_59' title="bbox 356 5576 1859 5672">
    <p class='ocr_par' dir='ltr' id='par_1_59' title="bbox 356 5576 1859 5672">
     <span class='ocr_line' id='line_1_59' title="bbox 356 5576 1859 5672; baseline -0.023 -9"><span class='ocrx_word' id='word_1_466' title='bbox 356 5576 479 5662; x_wconf 67' lang='lat' dir='ltr'><strong>ix.</strong></span> <span class='ocrx_word' id='word_1_467' title='bbox 521 5601 586 5658; x_wconf 85' lang='lat' dir='ltr'><strong>Et</strong></span> <span class='ocrx_word' id='word_1_468' title='bbox 616 5598 920 5672; x_wconf 86' lang='lat' dir='ltr'><strong>loquebatur</strong></span> <span class='ocrx_word' id='word_1_469' title='bbox 943 5590 1093 5664; x_wconf 86' lang='lat' dir='ltr'><strong>quasi</strong></span> <span class='ocrx_word' id='word_1_470' title='bbox 1120 5588 1300 5642; x_wconf 80' lang='lat' dir='ltr'><strong>draco.</strong></span> <span class='ocrx_word' id='word_1_471' title='bbox 1326 5583 1453 5640; x_wconf 70' lang='lat' dir='ltr'><strong>Haec</strong></span> <span class='ocrx_word' id='word_1_472' title='bbox 1480 5577 1680 5637; x_wconf 76' lang='lat' dir='ltr'><strong>est&#39;illa</strong></span> <span class='ocrx_word' id='word_1_473' title='bbox 1707 5576 1859 5632; x_wconf 89' lang='lat' dir='ltr'><strong>sedu-</strong></span> 
     </span>
    </p>
   </div>
   <div class='ocr_carea' id='block_1_60' title="bbox 286 5669 1860 5761">
    <p class='ocr_par' dir='ltr' id='par_1_60' title="bbox 286 5669 1860 5761">
     <span class='ocr_line' id='line_1_60' title="bbox 286 5669 1860 5761; baseline -0.024 -3"><span class='ocrx_word' id='word_1_474' title='bbox 286 5701 396 5761; x_wconf 76' lang='lat' dir='ltr'><strong>ctio</strong></span> <span class='ocrx_word' id='word_1_475' title='bbox 417 5699 484 5754; x_wconf 86' lang='lat' dir='ltr'><strong>ad</strong></span> <span class='ocrx_word' id='word_1_476' title='bbox 525 5669 710 5752; x_wconf 85' lang='lat' dir='ltr'><strong>Deum.</strong></span> <span class='ocrx_word' id='word_1_477' title='bbox 752 5689 958 5759; x_wconf 74' lang='lat' dir='ltr'><strong>Agnum</strong></span> <span class='ocrx_word' id='word_1_478' title='bbox 995 5699 1052 5740; x_wconf 89' lang='lat' dir='ltr'><strong>se</strong></span> <span class='ocrx_word' id='word_1_479' title='bbox 1076 5679 1300 5752; x_wconf 82' lang='lat' dir='ltr'><strong>profert,</strong></span> <span class='ocrx_word' id='word_1_480' title='bbox 1325 5674 1466 5748; x_wconf 90' lang='lat' dir='ltr'><strong>quod</strong></span> <span class='ocrx_word' id='word_1_481' title='bbox 1499 5669 1750 5728; x_wconf 88' lang='lat' dir='ltr'><strong>draconis</strong></span> <span class='ocrx_word' id='word_1_482' title='bbox 1767 5683 1860 5721; x_wconf 80' lang='lat' dir='ltr'><strong>ve-</strong></span> 
     </span>
    </p>
   </div>
   <div class='ocr_carea' id='block_1_61' title="bbox 289 5765 1856 5866">
    <p class='ocr_par' dir='ltr' id='par_1_61' title="bbox 289 5765 1856 5866">
     <span class='ocr_line' id='line_1_61' title="bbox 289 5765 1856 5866; baseline -0.027 -13"><span class='ocrx_word' id='word_1_483' title='bbox 289 5804 428 5866; x_wconf 65' lang='lat' dir='ltr'><strong>nena</strong></span> <span class='ocrx_word' id='word_1_484' title='bbox 478 5787 702 5845; x_wconf 81' lang='lat' dir='ltr'><strong>latenter</strong></span> <span class='ocrx_word' id='word_1_485' title='bbox 736 5783 956 5839; x_wconf 86' lang='lat' dir='ltr'><strong>inserat.</strong></span> <span class='ocrx_word' id='word_1_486' title='bbox 996 5774 1132 5848; x_wconf 79' lang='lat' dir='ltr'><strong>Agui</strong></span> <span class='ocrx_word' id='word_1_487' title='bbox 1163 5770 1305 5827; x_wconf 88' lang='lat' dir='ltr'><strong>enim</strong></span> <span class='ocrx_word' id='word_1_488' title='bbox 1333 5765 1523 5825; x_wconf 85' lang='lat' dir='ltr'><strong>similis</strong></span> <span class='ocrx_word' id='word_1_489' title='bbox 1554 5778 1657 5818; x_wconf 92' lang='lat' dir='ltr'><strong>non</strong></span> <span class='ocrx_word' id='word_1_490' title='bbox 1694 5766 1856 5821; x_wconf 89' lang='lat' dir='ltr'><strong>esset,</strong></span> 
     </span>
    </p>
   </div>
   <div class='ocr_carea' id='block_1_62' title="bbox 1935 567 3508 650">
    <p class='ocr_par' dir='ltr' id='par_1_62' title="bbox 1935 567 3508 650">
     <span class='ocr_line' id='line_1_62' title="bbox 1935 567 3508 650; baseline -0.007 -16"><span class='ocrx_word' id='word_1_491' title='bbox 1935 580 2040 650; x_wconf 84' lang='lat' dir='ltr'><strong>git,</strong></span> <span class='ocrx_word' id='word_1_492' title='bbox 2069 591 2178 649; x_wconf 88' lang='lat' dir='ltr'><strong>quo</strong></span> <span class='ocrx_word' id='word_1_493' title='bbox 2205 591 2401 646; x_wconf 85' lang='lat' dir='ltr'><strong>agnum</strong></span> <span class='ocrx_word' id='word_1_494' title='bbox 2427 587 2678 630; x_wconf 70' lang='lat' dir='ltr'><strong>mrum</strong></span> <span class='ocrx_word' id='word_1_495' title='bbox 2699 569 2904 626; x_wconf 84' lang='lat' dir='ltr'><strong>defoset</strong></span> <span class='ocrx_word' id='word_1_496' title='bbox 2932 567 3074 639; x_wconf 85' lang='lat' dir='ltr'><strong>(sic).</strong></span> <span class='ocrx_word' id='word_1_497' title='bbox 3119 567 3201 622; x_wconf 79' lang='lat' dir='ltr'><strong>Ad</strong></span> <span class='ocrx_word' id='word_1_498' title='bbox 3237 568 3404 624; x_wconf 83' lang='lat' dir='ltr'><strong>Deum</strong></span> <span class='ocrx_word' id='word_1_499' title='bbox 3434 569 3508 623; x_wconf 88' lang='lat' dir='ltr'><strong>lo-</strong></span> 
     </span>
    </p>
   </div>
   <div class='ocr_carea' id='block_1_63' title="bbox 1931 655 3508 740">
    <p class='ocr_par' dir='ltr' id='par_1_63' title="bbox 1931 655 3508 740">
     <span class='ocr_line' id='line_1_63' title="bbox 1931 655 3508 740; baseline -0.008 -16"><span class='ocrx_word' id='word_1_500' title='bbox 1931 669 2134 740; x_wconf 74' lang='lat' dir='ltr'><strong>quitur,</strong></span> <span class='ocrx_word' id='word_1_501' title='bbox 2179 667 2275 723; x_wconf 86' lang='lat' dir='ltr'><strong>sed</strong></span> <span class='ocrx_word' id='word_1_502' title='bbox 2313 662 2682 727; x_wconf 87' lang='lat' dir='ltr'><strong>mendacium,</strong></span> <span class='ocrx_word' id='word_1_503' title='bbox 2729 675 2889 730; x_wconf 89' lang='lat' dir='ltr'><strong>quem</strong></span> <span class='ocrx_word' id='word_1_504' title='bbox 2933 657 3036 712; x_wconf 87' lang='lat' dir='ltr'><strong>sibi</strong></span> <span class='ocrx_word' id='word_1_505' title='bbox 3073 655 3258 726; x_wconf 83' lang='lat' dir='ltr'><strong>lingit,</strong></span> <span class='ocrx_word' id='word_1_506' title='bbox 3297 672 3406 712; x_wconf 83' lang='lat' dir='ltr'><strong>nou</strong></span> <span class='ocrx_word' id='word_1_507' title='bbox 3443 672 3508 712; x_wconf 84' lang='lat' dir='ltr'><strong>ea</strong></span> 
     </span>
    </p>
   </div>
   <div class='ocr_carea' id='block_1_64' title="bbox 1932 745 3505 827">
    <p class='ocr_par' dir='ltr' id='par_1_64' title="bbox 1932 745 3505 827">
     <span class='ocr_line' id='line_1_64' title="bbox 1932 745 3505 827; baseline -0.012 -10"><span class='ocrx_word' id='word_1_508' title='bbox 1932 758 2162 827; x_wconf 84' lang='lat' dir='ltr'><strong>ratione,</strong></span> <span class='ocrx_word' id='word_1_509' title='bbox 2179 759 2320 814; x_wconf 88' lang='lat' dir='ltr'><strong>sicut</strong></span> <span class='ocrx_word' id='word_1_510' title='bbox 2342 755 2621 826; x_wconf 87' lang='lat' dir='ltr'><strong>Scriptura</strong></span> <span class='ocrx_word' id='word_1_511' title='bbox 2646 750 2794 814; x_wconf 85' lang='lat' dir='ltr'><strong>dicit.</strong></span> <span class='ocrx_word' id='word_1_512' title='bbox 2825 748 2908 804; x_wconf 78' lang='lat' dir='ltr'><strong>Ad</strong></span> <span class='ocrx_word' id='word_1_513' title='bbox 2932 749 3102 803; x_wconf 87' lang='lat' dir='ltr'><strong>Deum</strong></span> <span class='ocrx_word' id='word_1_514' title='bbox 3125 745 3386 816; x_wconf 85' lang='lat' dir='ltr'><strong>loquitur,</strong></span> <span class='ocrx_word' id='word_1_515' title='bbox 3409 761 3505 816; x_wconf 77' lang='lat' dir='ltr'><strong>per</strong></span> 
     </span>
    </p>
   </div>
   <div class='ocr_carea' id='block_1_65' title="bbox 1929 835 3506 923">
    <p class='ocr_par' dir='ltr' id='par_1_65' title="bbox 1929 835 3506 923">
     <span class='ocr_line' id='line_1_65' title="bbox 1929 835 3506 923; baseline -0.011 -17"><span class='ocrx_word' id='word_1_516' title='bbox 1929 851 2072 923; x_wconf 88' lang='lat' dir='ltr'><strong>quod</strong></span> <span class='ocrx_word' id='word_1_517' title='bbox 2091 864 2217 904; x_wconf 89' lang='lat' dir='ltr'><strong>eum</strong></span> <span class='ocrx_word' id='word_1_518' title='bbox 2255 855 2560 919; x_wconf 65' lang='lat' dir='ltr'><strong>quatientes</strong></span> <span class='ocrx_word' id='word_1_519' title='bbox 2585 860 2616 898; x_wconf 91' lang='lat' dir='ltr'><strong>a</strong></span> <span class='ocrx_word' id='word_1_520' title='bbox 2641 842 2727 897; x_wconf 91' lang='lat' dir='ltr'><strong>via</strong></span> <span class='ocrx_word' id='word_1_521' title='bbox 2751 839 2995 895; x_wconf 76' lang='lat' dir='ltr'><strong>veritatis</strong></span> <span class='ocrx_word' id='word_1_522' title='bbox 3029 845 3255 894; x_wconf 80' lang='lat' dir='ltr'><strong>avertat.</strong></span> <span class='ocrx_word' id='word_1_523' title='bbox 3296 835 3401 891; x_wconf 76' lang='lat' dir='ltr'><strong>Hic</strong></span> <span class='ocrx_word' id='word_1_524' title='bbox 3424 836 3506 906; x_wconf 84' lang='lat' dir='ltr'><strong>fa-</strong></span> 
     </span>
    </p>
   </div>
   <div class='ocr_carea' id='block_1_66' title="bbox 1928 923 3506 1008">
    <p class='ocr_par' dir='ltr' id='par_1_66' title="bbox 1928 923 3506 1008">
     <span class='ocr_line' id='line_1_66' title="bbox 1928 923 3506 1008; baseline -0.011 -12"><span class='ocrx_word' id='word_1_525' title='bbox 1928 949 2108 995; x_wconf 80' lang='lat' dir='ltr'><strong>cturus</strong></span> <span class='ocrx_word' id='word_1_526' title='bbox 2133 948 2207 994; x_wconf 88' lang='lat' dir='ltr'><strong>est</strong></span> <span class='ocrx_word' id='word_1_527' title='bbox 2234 939 2386 1008; x_wconf 84' lang='lat' dir='ltr'><strong>signa</strong></span> <span class='ocrx_word' id='word_1_528' title='bbox 2414 936 2470 989; x_wconf 93' lang='lat' dir='ltr'><strong>in</strong></span> <span class='ocrx_word' id='word_1_529' title='bbox 2499 942 2774 1002; x_wconf 85' lang='lat' dir='ltr'><strong>conspectu</strong></span> <span class='ocrx_word' id='word_1_530' title='bbox 2801 930 3092 993; x_wconf 82' lang='lat' dir='ltr'><strong>hominum,</strong></span> <span class='ocrx_word' id='word_1_531' title='bbox 3118 935 3181 981; x_wconf 85' lang='lat' dir='ltr'><strong>ut</strong></span> <span class='ocrx_word' id='word_1_532' title='bbox 3212 935 3270 982; x_wconf 87' lang='lat' dir='ltr'><strong>et</strong></span> <span class='ocrx_word' id='word_1_533' title='bbox 3309 923 3506 980; x_wconf 85' lang='lat' dir='ltr'><strong>mortui</strong></span> 
     </span>
    </p>
   </div>
   <div class='ocr_carea' id='block_1_67' title="bbox 1926 1015 3508 1096">
    <p class='ocr_par' dir='ltr' id='par_1_67' title="bbox 1926 1015 3508 1096">
     <span class='ocr_line' id='line_1_67' title="bbox 1926 1015 3508 1096; baseline -0.009 -13"><span class='ocrx_word' id='word_1_534' title='bbox 1926 1029 2214 1085; x_wconf 81' lang='lat' dir='ltr'><strong>videantur</strong></span> <span class='ocrx_word' id='word_1_535' title='bbox 2253 1038 2495 1096; x_wconf 87' lang='lat' dir='ltr'><strong>surgere.</strong></span> <span class='ocrx_word' id='word_1_536' title='bbox 2547 1022 2605 1077; x_wconf 89' lang='lat' dir='ltr'><strong>id</strong></span> <span class='ocrx_word' id='word_1_537' title='bbox 2639 1029 2742 1084; x_wconf 87' lang='lat' dir='ltr'><strong>est,</strong></span> <span class='ocrx_word' id='word_1_538' title='bbox 2787 1033 2884 1089; x_wconf 88' lang='lat' dir='ltr'><strong>per</strong></span> <span class='ocrx_word' id='word_1_539' title='bbox 2921 1015 3038 1086; x_wconf 84' lang='lat' dir='ltr'><strong>ejus</strong></span> <span class='ocrx_word' id='word_1_540' title='bbox 3068 1015 3508 1085; x_wconf 68' lang='lat' dir='ltr'><strong>praedicationem</strong></span> 
     </span>
    </p>
   </div>
   <div class='ocr_carea' id='block_1_68' title="bbox 1927 1108 3504 1191">
    <p class='ocr_par' dir='ltr' id='par_1_68' title="bbox 1927 1108 3504 1191">
     <span class='ocr_line' id='line_1_68' title="bbox 1927 1108 3504 1191; baseline -0.01 -16"><span class='ocrx_word' id='word_1_541' title='bbox 1927 1120 2080 1191; x_wconf 88' lang='lat' dir='ltr'><strong>quasi</strong></span> <span class='ocrx_word' id='word_1_542' title='bbox 2101 1118 2255 1174; x_wconf 90' lang='lat' dir='ltr'><strong>multi</strong></span> <span class='ocrx_word' id='word_1_543' title='bbox 2277 1117 2563 1172; x_wconf 88' lang='lat' dir='ltr'><strong>videantur</strong></span> <span class='ocrx_word' id='word_1_544' title='bbox 2579 1119 2914 1174; x_wconf 87' lang='lat' dir='ltr'><strong>convertere,</strong></span> <span class='ocrx_word' id='word_1_545' title='bbox 2941 1118 2999 1164; x_wconf 91' lang='lat' dir='ltr'><strong>et</strong></span> <span class='ocrx_word' id='word_1_546' title='bbox 3032 1123 3065 1162; x_wconf 91' lang='lat' dir='ltr'><strong>a</strong></span> <span class='ocrx_word' id='word_1_547' title='bbox 3108 1108 3302 1162; x_wconf 86' lang='lat' dir='ltr'><strong>mortis</strong></span> <span class='ocrx_word' id='word_1_548' title='bbox 3339 1120 3504 1176; x_wconf 82' lang='lat' dir='ltr'><strong>opera</strong></span> 
     </span>
    </p>
   </div>
   <div class='ocr_carea' id='block_1_69' title="bbox 1929 1197 3503 1281">
    <p class='ocr_par' dir='ltr' id='par_1_69' title="bbox 1929 1197 3503 1281">
     <span class='ocr_line' id='line_1_69' title="bbox 1929 1197 3503 1281; baseline -0.01 -14"><span class='ocrx_word' id='word_1_549' title='bbox 1929 1223 2213 1281; x_wconf 84' lang='lat' dir='ltr'><strong>resurgere</strong></span> <span class='ocrx_word' id='word_1_550' title='bbox 2251 1225 2266 1260; x_wconf 71' lang='grc' dir='ltr'><strong>ε</strong></span> <span class='ocrx_word' id='word_1_551' title='bbox 2312 1206 2406 1262; x_wconf 88' lang='lat' dir='ltr'><strong>sed</strong></span> <span class='ocrx_word' id='word_1_552' title='bbox 2431 1212 2641 1260; x_wconf 88' lang='lat' dir='ltr'><strong>tantum</strong></span> <span class='ocrx_word' id='word_1_553' title='bbox 2667 1203 2723 1257; x_wconf 91' lang='lat' dir='ltr'><strong>in</strong></span> <span class='ocrx_word' id='word_1_554' title='bbox 2760 1209 3056 1270; x_wconf 83' lang='lat' dir='ltr'><strong>conspectu</strong></span> <span class='ocrx_word' id='word_1_555' title='bbox 3086 1199 3367 1254; x_wconf 85' lang='lat' dir='ltr'><strong>hominum</strong></span> <span class='ocrx_word' id='word_1_556' title='bbox 3413 1197 3503 1252; x_wconf 71' lang='lat' dir='ltr'><strong>illa</strong></span> 
     </span>
    </p>
   </div>
   <div class='ocr_carea' id='block_1_70' title="bbox 1927 1286 3501 1356">
    <p class='ocr_par' dir='ltr' id='par_1_70' title="bbox 1927 1286 3501 1356">
     <span class='ocr_line' id='line_1_70' title="bbox 1927 1286 3501 1356; baseline -0.011 0"><span class='ocrx_word' id='word_1_557' title='bbox 1927 1299 2252 1356; x_wconf 84' lang='lat' dir='ltr'><strong>resurrectio</strong></span> <span class='ocrx_word' id='word_1_558' title='bbox 2291 1297 2522 1351; x_wconf 87' lang='lat' dir='ltr'><strong>videtur.</strong></span> <span class='ocrx_word' id='word_1_559' title='bbox 2573 1292 2709 1347; x_wconf 84' lang='lat' dir='ltr'><strong>Nam</strong></span> <span class='ocrx_word' id='word_1_560' title='bbox 2747 1291 2928 1345; x_wconf 88' lang='lat' dir='ltr'><strong>nullus</strong></span> <span class='ocrx_word' id='word_1_561' title='bbox 2953 1288 3334 1344; x_wconf 70' lang='lat' dir='ltr'><strong>hmreticorum</strong></span> <span class='ocrx_word' id='word_1_562' title='bbox 3360 1286 3501 1340; x_wconf 82' lang='lat' dir='ltr'><strong>filius</strong></span> 
     </span>
    </p>
   </div>
   <div class='ocr_carea' id='block_1_71' title="bbox 1927 1376 3500 1454">
    <p class='ocr_par' dir='ltr' id='par_1_71' title="bbox 1927 1376 3500 1454">
     <span class='ocr_line' id='line_1_71' title="bbox 1927 1376 3500 1454; baseline -0.011 -6"><span class='ocrx_word' id='word_1_563' title='bbox 1927 1392 1996 1448; x_wconf 91' lang='lat' dir='ltr'><strong>ad</strong></span> <span class='ocrx_word' id='word_1_564' title='bbox 2038 1391 2272 1446; x_wconf 89' lang='lat' dir='ltr'><strong>fructum</strong></span> <span class='ocrx_word' id='word_1_565' title='bbox 2308 1387 2434 1443; x_wconf 89' lang='lat' dir='ltr'><strong>boni</strong></span> <span class='ocrx_word' id='word_1_566' title='bbox 2477 1384 2658 1454; x_wconf 87' lang='lat' dir='ltr'><strong>operis</strong></span> <span class='ocrx_word' id='word_1_567' title='bbox 2693 1381 3026 1452; x_wconf 88' lang='lat' dir='ltr'><strong>perducitur,</strong></span> <span class='ocrx_word' id='word_1_568' title='bbox 3071 1381 3164 1448; x_wconf 89' lang='lat' dir='ltr'><strong>qui</strong></span> <span class='ocrx_word' id='word_1_569' title='bbox 3198 1393 3295 1434; x_wconf 86' lang='lat' dir='ltr'><strong>eos</strong></span> <span class='ocrx_word' id='word_1_570' title='bbox 3339 1376 3500 1432; x_wconf 88' lang='lat' dir='ltr'><strong>fuerit</strong></span> 
     </span>
    </p>
   </div>
   <div class='ocr_carea' id='block_1_72' title="bbox 1926 1470 3500 1543">
    <p class='ocr_par' dir='ltr' id='par_1_72' title="bbox 1926 1470 3500 1543">
     <span class='ocr_line' id='line_1_72' title="bbox 1926 1470 3500 1543; baseline -0.01 -7"><span class='ocrx_word' id='word_1_571' title='bbox 1926 1481 2186 1536; x_wconf 86' lang='lat' dir='ltr'><strong>imitatus.</strong></span> <span class='ocrx_word' id='word_1_572' title='bbox 2228 1478 2466 1534; x_wconf 84' lang='lat' dir='ltr'><strong>Terrena</strong></span> <span class='ocrx_word' id='word_1_573' title='bbox 2509 1474 2655 1530; x_wconf 90' lang='lat' dir='ltr'><strong>enim</strong></span> <span class='ocrx_word' id='word_1_574' title='bbox 2700 1472 2964 1543; x_wconf 85' lang='lat' dir='ltr'><strong>sapientia</strong></span> <span class='ocrx_word' id='word_1_575' title='bbox 3007 1470 3222 1525; x_wconf 85' lang='lat' dir='ltr'><strong>illorum</strong></span> <span class='ocrx_word' id='word_1_576' title='bbox 3259 1477 3360 1531; x_wconf 87' lang='lat' dir='ltr'><strong>est,</strong></span> <span class='ocrx_word' id='word_1_577' title='bbox 3392 1483 3500 1522; x_wconf 86' lang='lat' dir='ltr'><strong>non</strong></span> 
     </span>
    </p>
   </div>
   <div class='ocr_carea' id='block_1_73' title="bbox 1924 1561 3538 1638">
    <p class='ocr_par' dir='ltr' id='par_1_73' title="bbox 1924 1561 3538 1638">
     <span class='ocr_line' id='line_1_73' title="bbox 1924 1561 3538 1638; baseline -0.011 -9"><span class='ocrx_word' id='word_1_578' title='bbox 1924 1571 2192 1638; x_wconf 73' lang='lat' dir='ltr'><strong>cmlestis;</strong></span> <span class='ocrx_word' id='word_1_579' title='bbox 2216 1579 2271 1625; x_wconf 90' lang='lat' dir='ltr'><strong>et</strong></span> <span class='ocrx_word' id='word_1_580' title='bbox 2293 1578 2454 1626; x_wconf 67' lang='lat' dir='ltr'><strong>terrae</strong></span> <span class='ocrx_word' id='word_1_581' title='bbox 2474 1568 2616 1622; x_wconf 83' lang='lat' dir='ltr'><strong>filios</strong></span> <span class='ocrx_word' id='word_1_582' title='bbox 2640 1573 2893 1636; x_wconf 79' lang='lat' dir='ltr'><strong>generat,</strong></span> <span class='ocrx_word' id='word_1_583' title='bbox 2921 1578 3044 1618; x_wconf 88' lang='lat' dir='ltr'><strong>cum</strong></span> <span class='ocrx_word' id='word_1_584' title='bbox 3074 1577 3258 1617; x_wconf 85' lang='lat' dir='ltr'><strong>semen</strong></span> <span class='ocrx_word' id='word_1_585' title='bbox 3275 1561 3504 1620; x_wconf 73' lang='lat' dir='ltr'><strong>caeleste</strong></span> <span class='ocrx_word' id='word_1_586' title='bbox 3535 1610 3538 1612; x_wconf 30' lang='grc' dir='ltr'><strong>ν</strong></span> 
     </span>
    </p>
   </div>
   <div class='ocr_carea' id='block_1_74' title="bbox 1923 1649 3498 1735">
    <p class='ocr_par' dir='ltr' id='par_1_74' title="bbox 1923 1649 3498 1735">
     <span class='ocr_line' id='line_1_74' title="bbox 1923 1649 3498 1735; baseline -0.011 -14"><span class='ocrx_word' id='word_1_587' title='bbox 1923 1663 2197 1735; x_wconf 82' lang='lat' dir='ltr'><strong>Evangelii</strong></span> <span class='ocrx_word' id='word_1_588' title='bbox 2235 1663 2291 1718; x_wconf 92' lang='lat' dir='ltr'><strong>in</strong></span> <span class='ocrx_word' id='word_1_589' title='bbox 2325 1649 2487 1718; x_wconf 84' lang='lat' dir='ltr'><strong>sensu</strong></span> <span class='ocrx_word' id='word_1_590' title='bbox 2514 1657 2718 1715; x_wconf 85' lang='lat' dir='ltr'><strong>carnali</strong></span> <span class='ocrx_word' id='word_1_591' title='bbox 2747 1665 2965 1712; x_wconf 82' lang='lat' dir='ltr'><strong>terreno</strong></span> <span class='ocrx_word' id='word_1_592' title='bbox 2997 1669 3158 1710; x_wconf 90' lang='lat' dir='ltr'><strong>sensu</strong></span> <span class='ocrx_word' id='word_1_593' title='bbox 3189 1659 3498 1723; x_wconf 83' lang='lat' dir='ltr'><strong>aspergunt.</strong></span> 
     </span>
    </p>
   </div>
   <div class='ocr_carea' id='block_1_75' title="bbox 1923 1743 3498 1828">
    <p class='ocr_par' dir='ltr' id='par_1_75' title="bbox 1923 1743 3498 1828">
     <span class='ocr_line' id='line_1_75' title="bbox 1923 1743 3498 1828; baseline -0.011 -14"><span class='ocrx_word' id='word_1_594' title='bbox 1923 1757 2213 1828; x_wconf 88' lang='lat' dir='ltr'><strong>Propterea</strong></span> <span class='ocrx_word' id='word_1_595' title='bbox 2251 1752 2510 1810; x_wconf 83' lang='lat' dir='ltr'><strong>Dominus</strong></span> <span class='ocrx_word' id='word_1_596' title='bbox 2557 1750 2810 1804; x_wconf 88' lang='lat' dir='ltr'><strong>admonet</strong></span> <span class='ocrx_word' id='word_1_597' title='bbox 2843 1745 3142 1801; x_wconf 75' lang='lat' dir='ltr'><strong>Ecclesium</strong></span> <span class='ocrx_word' id='word_1_598' title='bbox 3183 1758 3336 1799; x_wconf 86' lang='lat' dir='ltr'><strong>suam</strong></span> <span class='ocrx_word' id='word_1_599' title='bbox 3361 1783 3376 1805; x_wconf 92' lang='lat'><strong>,</strong></span> <span class='ocrx_word' id='word_1_600' title='bbox 3411 1743 3498 1798; x_wconf 85' lang='lat' dir='ltr'><strong>di-</strong></span> 
     </span>
    </p>
   </div>
   <div class='ocr_carea' id='block_1_76' title="bbox 945 1833 3498 1930">
    <p class='ocr_par' dir='ltr' id='par_1_76' title="bbox 945 1833 3498 1930">
     <span class='ocr_line' id='line_1_76' title="bbox 945 1833 3498 1930; baseline -0.016 -6"><span class='ocrx_word' id='word_1_601' title='bbox 945 1881 1198 1930; x_wconf 87' lang='lat' dir='ltr'><strong>sermone,</strong></span> <span class='ocrx_word' id='word_1_602' title='bbox 1226 1881 1330 1918; x_wconf 91' lang='lat' dir='ltr'><strong>non</strong></span> <span class='ocrx_word' id='word_1_603' title='bbox 1370 1833 1559 1915; x_wconf 66' lang='lat' dir='ltr'><strong>tamen</strong></span> <span class='ocrx_word' id='word_1_604' title='bbox 1581 1855 1816 1911; x_wconf 87' lang='lat' dir='ltr'><strong>scientia.</strong></span> <span class='ocrx_word' id='word_1_605' title='bbox 1852 1850 1899 1912; x_wconf 85' lang='grc' dir='ltr'><strong>Β</strong></span> <span class='ocrx_word' id='word_1_606' title='bbox 1923 1861 2053 1904; x_wconf 86' lang='lat' dir='ltr'><strong>cens</strong></span> <span class='ocrx_word' id='word_1_607' title='bbox 2075 1865 2088 1900; x_wconf 75' lang='grc' dir='ltr'>ε</span> <span class='ocrx_word' id='word_1_608' title='bbox 2113 1845 2298 1901; x_wconf 77' lang='lat' dir='ltr'><strong>Cavete</strong></span> <span class='ocrx_word' id='word_1_609' title='bbox 2321 1861 2354 1896; x_wconf 91' lang='lat' dir='ltr'><strong>a</strong></span> <span class='ocrx_word' id='word_1_610' title='bbox 2369 1838 2862 1912; x_wconf 80' lang='lat' dir='ltr'><strong>pseudoprophetis,</strong></span> <span class='ocrx_word' id='word_1_611' title='bbox 2883 1836 2973 1906; x_wconf 89' lang='lat' dir='ltr'><strong>qui</strong></span> <span class='ocrx_word' id='word_1_612' title='bbox 3002 1835 3209 1890; x_wconf 74' lang='lat' dir='ltr'><strong>uestiunt</strong></span> <span class='ocrx_word' id='word_1_613' title='bbox 3231 1833 3302 1887; x_wconf 77' lang='lat' dir='ltr'><strong>ad</strong></span> <span class='ocrx_word' id='word_1_614' title='bbox 3327 1849 3413 1887; x_wconf 75' lang='lat' dir='ltr'><strong>vos</strong></span> <span class='ocrx_word' id='word_1_615' title='bbox 3437 1834 3498 1886; x_wconf 81' lang='lat' dir='ltr'><strong>iu</strong></span> 
     </span>
    </p>
   </div>
   <div class='ocr_carea' id='block_1_77' title="bbox 1925 1924 3500 1998">
    <p class='ocr_par' dir='ltr' id='par_1_77' title="bbox 1925 1924 3500 1998">
     <span class='ocr_line' id='line_1_77' title="bbox 1925 1924 3500 1998; baseline -0.013 -2"><span class='ocrx_word' id='word_1_616' title='bbox 1925 1941 2105 1996; x_wconf 71' lang='lat' dir='ltr'><strong>uestitu</strong></span> <span class='ocrx_word' id='word_1_617' title='bbox 2153 1937 2343 1998; x_wconf 71' lang='lat' dir='ltr'><strong>ovium,</strong></span> <span class='ocrx_word' id='word_1_618' title='bbox 2390 1933 2701 1987; x_wconf 81' lang='lat' dir='ltr'><strong>intrinsecus</strong></span> <span class='ocrx_word' id='word_1_619' title='bbox 2730 1938 2904 1982; x_wconf 87' lang='lat' dir='ltr'><strong>autem</strong></span> <span class='ocrx_word' id='word_1_620' title='bbox 2950 1935 3072 1980; x_wconf 85' lang='lat' dir='ltr'><strong>sunt</strong></span> <span class='ocrx_word' id='word_1_621' title='bbox 3117 1924 3227 1995; x_wconf 90' lang='lat' dir='ltr'><strong>lupi</strong></span> <span class='ocrx_word' id='word_1_622' title='bbox 3263 1939 3500 1994; x_wconf 85' lang='lat' dir='ltr'><strong>rapaces.</strong></span> 
     </span>
    </p>
   </div>
   <div class='ocr_carea' id='block_1_78' title="bbox 1924 2013 3498 2098">
    <p class='ocr_par' dir='ltr' id='par_1_78' title="bbox 1924 2013 3498 2098">
     <span class='ocr_line' id='line_1_78' title="bbox 1924 2013 3498 2098; baseline -0.013 -13"><span class='ocrx_word' id='word_1_623' title='bbox 1924 2028 2061 2098; x_wconf 84' lang='lat' dir='ltr'><strong>Lupi</strong></span> <span class='ocrx_word' id='word_1_624' title='bbox 2085 2027 2215 2097; x_wconf 88' lang='lat' dir='ltr'><strong>quid</strong></span> <span class='ocrx_word' id='word_1_625' title='bbox 2241 2023 2547 2095; x_wconf 88' lang='lat' dir='ltr'><strong>significare</strong></span> <span class='ocrx_word' id='word_1_626' title='bbox 2571 2019 2872 2080; x_wconf 86' lang='lat' dir='ltr'><strong>videantur,</strong></span> <span class='ocrx_word' id='word_1_627' title='bbox 2913 2017 3172 2072; x_wconf 88' lang='lat' dir='ltr'><strong>debemus</strong></span> <span class='ocrx_word' id='word_1_628' title='bbox 3194 2013 3498 2068; x_wconf 81' lang='lat' dir='ltr'><strong>advertere.</strong></span> 
     </span>
    </p>
   </div>
   <div class='ocr_carea' id='block_1_79' title="bbox 1925 2105 3504 2186">
    <p class='ocr_par' dir='ltr' id='par_1_79' title="bbox 1925 2105 3504 2186">
     <span class='ocr_line' id='line_1_79' title="bbox 1925 2105 3504 2186; baseline -0.011 -10"><span class='ocrx_word' id='word_1_629' title='bbox 1925 2121 2119 2176; x_wconf 66' lang='lat' dir='ltr'><strong>Bestiae</strong></span> <span class='ocrx_word' id='word_1_630' title='bbox 2163 2126 2394 2186; x_wconf 84' lang='lat' dir='ltr'><strong>namque</strong></span> <span class='ocrx_word' id='word_1_631' title='bbox 2444 2122 2588 2177; x_wconf 91' lang='lat' dir='ltr'><strong>sunt,</strong></span> <span class='ocrx_word' id='word_1_632' title='bbox 2626 2111 2718 2181; x_wconf 85' lang='lat' dir='ltr'><strong>qui</strong></span> <span class='ocrx_word' id='word_1_633' title='bbox 2770 2108 3096 2164; x_wconf 88' lang='lat' dir='ltr'><strong>insidiantur</strong></span> <span class='ocrx_word' id='word_1_634' title='bbox 3139 2105 3335 2160; x_wconf 86' lang='lat' dir='ltr'><strong>ovibus</strong></span> <span class='ocrx_word' id='word_1_635' title='bbox 3381 2118 3504 2173; x_wconf 68' lang='lat' dir='ltr'><strong>qua</strong></span> 
     </span>
    </p>
   </div>
   <div class='ocr_carea' id='block_1_80' title="bbox 1927 2191 3501 2278">
    <p class='ocr_par' dir='ltr' id='par_1_80' title="bbox 1927 2191 3501 2278">
     <span class='ocr_line' id='line_1_80' title="bbox 1927 2191 3501 2278; baseline -0.016 -10"><span class='ocrx_word' id='word_1_636' title='bbox 1927 2211 2070 2268; x_wconf 90' lang='lat' dir='ltr'><strong>circa</strong></span> <span class='ocrx_word' id='word_1_637' title='bbox 2100 2205 2397 2278; x_wconf 88' lang='lat' dir='ltr'><strong>pastorales</strong></span> <span class='ocrx_word' id='word_1_638' title='bbox 2426 2208 2714 2258; x_wconf 87' lang='lat' dir='ltr'><strong>versantur</strong></span> <span class='ocrx_word' id='word_1_639' title='bbox 2741 2196 2944 2260; x_wconf 88' lang='lat' dir='ltr'><strong>caulas,</strong></span> <span class='ocrx_word' id='word_1_640' title='bbox 2976 2191 3282 2248; x_wconf 87' lang='lat' dir='ltr'><strong>habitacula</strong></span> <span class='ocrx_word' id='word_1_641' title='bbox 3309 2191 3501 2245; x_wconf 76' lang='lat' dir='ltr'><strong>domo-</strong></span> 
     </span>
    </p>
   </div>
   <div class='ocr_carea' id='block_1_81' title="bbox 1926 2281 3500 2355">
    <p class='ocr_par' dir='ltr' id='par_1_81' title="bbox 1926 2281 3500 2355">
     <span class='ocr_line' id='line_1_81' title="bbox 1926 2281 3500 2355; baseline -0.014 0"><span class='ocrx_word' id='word_1_642' title='bbox 1926 2311 2045 2355; x_wconf 92' lang='lat' dir='ltr'><strong>rum</strong></span> <span class='ocrx_word' id='word_1_643' title='bbox 2069 2297 2271 2352; x_wconf 87' lang='lat' dir='ltr'><strong>intrare</strong></span> <span class='ocrx_word' id='word_1_644' title='bbox 2294 2308 2402 2348; x_wconf 92' lang='lat' dir='ltr'><strong>non</strong></span> <span class='ocrx_word' id='word_1_645' title='bbox 2429 2289 2646 2346; x_wconf 89' lang='lat' dir='ltr'><strong>audent.</strong></span> <span class='ocrx_word' id='word_1_646' title='bbox 2672 2287 2933 2342; x_wconf 87' lang='lat' dir='ltr'><strong>Somnum</strong></span> <span class='ocrx_word' id='word_1_647' title='bbox 2956 2297 3172 2346; x_wconf 88' lang='lat' dir='ltr'><strong>canum,</strong></span> <span class='ocrx_word' id='word_1_648' title='bbox 3198 2281 3500 2336; x_wconf 88' lang='lat' dir='ltr'><strong>absentiam</strong></span> 
     </span>
    </p>
   </div>
   <div class='ocr_carea' id='block_1_82' title="bbox 1927 2370 3501 2460">
    <p class='ocr_par' dir='ltr' id='par_1_82' title="bbox 1927 2370 3501 2460">
     <span class='ocr_line' id='line_1_82' title="bbox 1927 2370 3501 2460; baseline -0.015 -13"><span class='ocrx_word' id='word_1_649' title='bbox 1927 2399 2020 2447; x_wconf 88' lang='lat' dir='ltr'><strong>aut</strong></span> <span class='ocrx_word' id='word_1_650' title='bbox 2054 2385 2327 2460; x_wconf 89' lang='lat' dir='ltr'><strong>pigritiam</strong></span> <span class='ocrx_word' id='word_1_651' title='bbox 2369 2379 2603 2452; x_wconf 85' lang='lat' dir='ltr'><strong>pastoris</strong></span> <span class='ocrx_word' id='word_1_652' title='bbox 2641 2377 2946 2448; x_wconf 78' lang='lat' dir='ltr'><strong>explorant.</strong></span> <span class='ocrx_word' id='word_1_653' title='bbox 2978 2371 3175 2428; x_wconf 82' lang='lat' dir='ltr'><strong>Ovium</strong></span> <span class='ocrx_word' id='word_1_654' title='bbox 3201 2377 3388 2441; x_wconf 81' lang='lat' dir='ltr'><strong>guttur</strong></span> <span class='ocrx_word' id='word_1_655' title='bbox 3413 2370 3501 2424; x_wconf 84' lang='lat' dir='ltr'><strong>in-</strong></span> 
     </span>
    </p>
   </div>
   <div class='ocr_carea' id='block_1_83' title="bbox 1925 2461 3511 2543">
    <p class='ocr_par' dir='ltr' id='par_1_83' title="bbox 1925 2461 3511 2543">
     <span class='ocr_line' id='line_1_83' title="bbox 1925 2461 3511 2543; baseline -0.024 -2"><span class='ocrx_word' id='word_1_656' title='bbox 1925 2483 2144 2543; x_wconf 87' lang='lat' dir='ltr'><strong>vadunt,</strong></span> <span class='ocrx_word' id='word_1_657' title='bbox 2171 2484 2232 2532; x_wconf 89' lang='lat' dir='ltr'><strong>ut</strong></span> <span class='ocrx_word' id='word_1_658' title='bbox 2257 2475 2366 2531; x_wconf 90' lang='lat' dir='ltr'><strong>cito</strong></span> <span class='ocrx_word' id='word_1_659' title='bbox 2411 2467 2764 2540; x_wconf 80' lang='lat' dir='ltr'><strong>strangulent.</strong></span> <span class='ocrx_word' id='word_1_660' title='bbox 2803 2464 2946 2526; x_wconf 85' lang='lat' dir='ltr'><strong>Feri,</strong></span> <span class='ocrx_word' id='word_1_661' title='bbox 2986 2475 3230 2531; x_wconf 83' lang='lat' dir='ltr'><strong>rapaces,</strong></span> <span class='ocrx_word' id='word_1_662' title='bbox 3259 2461 3511 2528; x_wconf 28' lang='lat' dir='ltr'><strong>itemque.</strong></span> 
     </span>
    </p>
   </div>
   <div class='ocr_carea' id='block_1_84' title="bbox 1925 2551 3504 2638">
    <p class='ocr_par' dir='ltr' id='par_1_84' title="bbox 1925 2551 3504 2638">
     <span class='ocr_line' id='line_1_84' title="bbox 1925 2551 3504 2638; baseline -0.018 -6"><span class='ocrx_word' id='word_1_663' title='bbox 1925 2583 2118 2632; x_wconf 90' lang='lat' dir='ltr'><strong>natura</strong></span> <span class='ocrx_word' id='word_1_664' title='bbox 2150 2565 2393 2638; x_wconf 83' lang='lat' dir='ltr'><strong>corporis</strong></span> <span class='ocrx_word' id='word_1_665' title='bbox 2429 2559 2718 2633; x_wconf 83' lang='lat' dir='ltr'><strong>rigidioris,</strong></span> <span class='ocrx_word' id='word_1_666' title='bbox 2764 2565 2826 2612; x_wconf 86' lang='lat' dir='ltr'><strong>ut</strong></span> <span class='ocrx_word' id='word_1_667' title='bbox 2861 2570 2921 2611; x_wconf 85' lang='lat' dir='ltr'><strong>se</strong></span> <span class='ocrx_word' id='word_1_668' title='bbox 2951 2553 3109 2609; x_wconf 84' lang='lat' dir='ltr'><strong>facile</strong></span> <span class='ocrx_word' id='word_1_669' title='bbox 3150 2567 3258 2607; x_wconf 87' lang='lat' dir='ltr'><strong>non</strong></span> <span class='ocrx_word' id='word_1_670' title='bbox 3292 2551 3504 2621; x_wconf 85' lang='lat' dir='ltr'><strong>possint</strong></span> 
     </span>
    </p>
   </div>
   <div class='ocr_carea' id='block_1_85' title="bbox 1926 2643 3504 2726">
    <p class='ocr_par' dir='ltr' id='par_1_85' title="bbox 1926 2643 3504 2726">
     <span class='ocr_line' id='line_1_85' title="bbox 1926 2643 3504 2726; baseline -0.018 -3"><span class='ocrx_word' id='word_1_671' title='bbox 1926 2665 2197 2724; x_wconf 80' lang='lat' dir='ltr'><strong>inflectere</strong></span> <span class='ocrx_word' id='word_1_672' title='bbox 2220 2701 2236 2726; x_wconf 92' lang='lat'><strong>,</strong></span> <span class='ocrx_word' id='word_1_673' title='bbox 2267 2660 2470 2726; x_wconf 91' lang='lat' dir='ltr'><strong>impetu</strong></span> <span class='ocrx_word' id='word_1_674' title='bbox 2497 2653 2730 2723; x_wconf 87' lang='lat' dir='ltr'><strong>quodam</strong></span> <span class='ocrx_word' id='word_1_675' title='bbox 2767 2664 2866 2705; x_wconf 87' lang='lat' dir='ltr'><strong>suo</strong></span> <span class='ocrx_word' id='word_1_676' title='bbox 2908 2647 3170 2708; x_wconf 87' lang='lat' dir='ltr'><strong>feruntur,</strong></span> <span class='ocrx_word' id='word_1_677' title='bbox 3203 2651 3270 2700; x_wconf 84' lang='lat' dir='ltr'><strong>et</strong></span> <span class='ocrx_word' id='word_1_678' title='bbox 3285 2643 3408 2698; x_wconf 86' lang='lat' dir='ltr'><strong>ideo</strong></span> <span class='ocrx_word' id='word_1_679' title='bbox 3441 2657 3504 2697; x_wconf 86' lang='lat' dir='ltr'><strong>se</strong></span> 
     </span>
    </p>
   </div>
   <div class='ocr_carea' id='block_1_86' title="bbox 1924 2730 3503 2827">
    <p class='ocr_par' dir='ltr' id='par_1_86' title="bbox 1924 2730 3503 2827">
     <span class='ocr_line' id='line_1_86' title="bbox 1924 2730 3503 2827; baseline -0.016 -18"><span class='ocrx_word' id='word_1_680' title='bbox 1924 2753 2234 2827; x_wconf 91' lang='lat' dir='ltr'><strong>palliantur.</strong></span> <span class='ocrx_word' id='word_1_681' title='bbox 2281 2747 2434 2802; x_wconf 87' lang='lat' dir='ltr'><strong>Tunc</strong></span> <span class='ocrx_word' id='word_1_682' title='bbox 2465 2749 2760 2812; x_wconf 63' lang='lat' dir='ltr'><strong>praterea,</strong></span> <span class='ocrx_word' id='word_1_683' title='bbox 2803 2737 2848 2792; x_wconf 86' lang='lat' dir='ltr'><strong>si</strong></span> <span class='ocrx_word' id='word_1_684' title='bbox 2883 2749 3042 2806; x_wconf 83' lang='lat' dir='ltr'><strong>quem</strong></span> <span class='ocrx_word' id='word_1_685' title='bbox 3083 2733 3294 2804; x_wconf 86' lang='lat' dir='ltr'><strong>priores</strong></span> <span class='ocrx_word' id='word_1_686' title='bbox 3325 2730 3503 2786; x_wconf 81' lang='lat' dir='ltr'><strong>homi-</strong></span> 
     </span>
    </p>
   </div>
   <div class='ocr_carea' id='block_1_87' title="bbox 1925 2819 3507 2903">
    <p class='ocr_par' dir='ltr' id='par_1_87' title="bbox 1925 2819 3507 2903">
     <span class='ocr_line' id='line_1_87' title="bbox 1925 2819 3507 2903; baseline -0.018 0"><span class='ocrx_word' id='word_1_687' title='bbox 1925 2819 2050 2903; x_wconf 75' lang='lat' dir='ltr'><strong>nem</strong></span> <span class='ocrx_word' id='word_1_688' title='bbox 2074 2840 2345 2902; x_wconf 86' lang='lat' dir='ltr'><strong>viderint,</strong></span> <span class='ocrx_word' id='word_1_689' title='bbox 2388 2847 2577 2890; x_wconf 88' lang='lat' dir='ltr'><strong>vocem</strong></span> <span class='ocrx_word' id='word_1_690' title='bbox 2605 2829 2720 2902; x_wconf 81' lang='lat' dir='ltr'><strong>ejus</strong></span> <span class='ocrx_word' id='word_1_691' title='bbox 2756 2826 2988 2898; x_wconf 88' lang='lat' dir='ltr'><strong>quadam</strong></span> <span class='ocrx_word' id='word_1_692' title='bbox 3011 2831 3221 2878; x_wconf 71' lang='lat' dir='ltr'><strong>natura:</strong></span> <span class='ocrx_word' id='word_1_693' title='bbox 3243 2821 3296 2876; x_wconf 90' lang='lat' dir='ltr'><strong>vi</strong></span> <span class='ocrx_word' id='word_1_694' title='bbox 3321 2819 3507 2876; x_wconf 69' lang='lat' dir='ltr'><strong>ferun-</strong></span> 
     </span>
    </p>
   </div>
   <div class='ocr_carea' id='block_1_88' title="bbox 1925 2912 3506 3006">
    <p class='ocr_par' dir='ltr' id='par_1_88' title="bbox 1925 2912 3506 3006">
     <span class='ocr_line' id='line_1_88' title="bbox 1925 2912 3506 3006; baseline -0.02 -9"><span class='ocrx_word' id='word_1_695' title='bbox 1925 2950 2016 2998; x_wconf 92' lang='lat' dir='ltr'><strong>tur</strong></span> <span class='ocrx_word' id='word_1_696' title='bbox 2040 2937 2272 3006; x_wconf 88' lang='lat' dir='ltr'><strong>eripere.</strong></span> <span class='ocrx_word' id='word_1_697' title='bbox 2311 2929 2371 2984; x_wconf 88' lang='lat' dir='ltr'><strong>Si</strong></span> <span class='ocrx_word' id='word_1_698' title='bbox 2396 2934 2578 2982; x_wconf 87' lang='lat' dir='ltr'><strong>autem</strong></span> <span class='ocrx_word' id='word_1_699' title='bbox 2620 2923 2782 2978; x_wconf 91' lang='lat' dir='ltr'><strong>homo</strong></span> <span class='ocrx_word' id='word_1_700' title='bbox 2809 2918 2964 2989; x_wconf 90' lang='lat' dir='ltr'><strong>prius</strong></span> <span class='ocrx_word' id='word_1_701' title='bbox 2987 2931 3082 2972; x_wconf 89' lang='lat' dir='ltr'><strong>eos</strong></span> <span class='ocrx_word' id='word_1_702' title='bbox 3111 2912 3336 2977; x_wconf 86' lang='lat' dir='ltr'><strong>viderit,</strong></span> <span class='ocrx_word' id='word_1_703' title='bbox 3373 2925 3506 2966; x_wconf 81' lang='lat' dir='ltr'><strong>exa-</strong></span> 
     </span>
    </p>
   </div>
   <div class='ocr_carea' id='block_1_89' title="bbox 1926 3001 3504 3104">
    <p class='ocr_par' dir='ltr' id='par_1_89' title="bbox 1926 3001 3504 3104">
     <span class='ocr_line' id='line_1_89' title="bbox 1926 3001 3504 3104; baseline -0.022 -17"><span class='ocrx_word' id='word_1_704' title='bbox 1926 3001 2141 3104; x_wconf 74' lang='lat' dir='ltr'><strong>gitasse</strong></span> <span class='ocrx_word' id='word_1_705' title='bbox 2157 3027 2506 3080; x_wconf 87' lang='lat' dir='ltr'><strong>memoratur.</strong></span> <span class='ocrx_word' id='word_1_706' title='bbox 2543 3015 2616 3070; x_wconf 87' lang='lat' dir='ltr'><strong>Et</strong></span> <span class='ocrx_word' id='word_1_707' title='bbox 2660 3011 2780 3067; x_wconf 86' lang='lat' dir='ltr'><strong>ideo</strong></span> <span class='ocrx_word' id='word_1_708' title='bbox 2819 3007 3120 3065; x_wconf 86' lang='lat' dir='ltr'><strong>cavendum</strong></span> <span class='ocrx_word' id='word_1_709' title='bbox 3153 3001 3288 3057; x_wconf 87' lang='lat' dir='ltr'><strong>mihi</strong></span> <span class='ocrx_word' id='word_1_710' title='bbox 3319 3007 3404 3056; x_wconf 89' lang='lat' dir='ltr'><strong>est</strong></span> <span class='ocrx_word' id='word_1_711' title='bbox 3433 3013 3504 3054; x_wconf 88' lang='lat' dir='ltr'><strong>ne</strong></span> 
     </span>
    </p>
   </div>
   <div class='ocr_carea' id='block_1_90' title="bbox 1927 3093 3504 3180">
    <p class='ocr_par' dir='ltr' id='par_1_90' title="bbox 1927 3093 3504 3180">
     <span class='ocr_line' id='line_1_90' title="bbox 1927 3093 3504 3180; baseline -0.022 -1"><span class='ocrx_word' id='word_1_712' title='bbox 1927 3093 1972 3180; x_wconf 69' lang='lat' dir='ltr'><strong>si</strong></span> <span class='ocrx_word' id='word_1_713' title='bbox 2028 3122 2082 3177; x_wconf 91' lang='lat' dir='ltr'><strong>in</strong></span> <span class='ocrx_word' id='word_1_714' title='bbox 2127 3116 2388 3174; x_wconf 77' lang='lat' dir='ltr'><strong>hodierno</strong></span> <span class='ocrx_word' id='word_1_715' title='bbox 2427 3115 2659 3166; x_wconf 88' lang='lat' dir='ltr'><strong>tractatu</strong></span> <span class='ocrx_word' id='word_1_716' title='bbox 2712 3099 3070 3174; x_wconf 85' lang='lat' dir='ltr'><strong>spiritualium</strong></span> <span class='ocrx_word' id='word_1_717' title='bbox 3120 3093 3504 3165; x_wconf 83' lang='lat' dir='ltr'><strong>mysteriorum</strong></span> 
     </span>
    </p>
   </div>
   <div class='ocr_carea' id='block_1_91' title="bbox 1929 3183 3506 3285">
    <p class='ocr_par' dir='ltr' id='par_1_91' title="bbox 1929 3183 3506 3285">
     <span class='ocr_line' id='line_1_91' title="bbox 1929 3183 3506 3285; baseline -0.021 -17"><span class='ocrx_word' id='word_1_718' title='bbox 1929 3211 2103 3285; x_wconf 84' lang='lat' dir='ltr'><strong>gratia</strong></span> <span class='ocrx_word' id='word_1_719' title='bbox 2127 3223 2234 3264; x_wconf 90' lang='lat' dir='ltr'><strong>non</strong></span> <span class='ocrx_word' id='word_1_720' title='bbox 2267 3202 2506 3274; x_wconf 88' lang='lat' dir='ltr'><strong>potuerit</strong></span> <span class='ocrx_word' id='word_1_721' title='bbox 2525 3197 2812 3265; x_wconf 86' lang='lat' dir='ltr'><strong>refulgere,</strong></span> <span class='ocrx_word' id='word_1_722' title='bbox 2843 3191 2957 3261; x_wconf 88' lang='lat' dir='ltr'><strong>lupi</strong></span> <span class='ocrx_word' id='word_1_723' title='bbox 2981 3202 3069 3242; x_wconf 81' lang='lat' dir='ltr'><strong>me</strong></span> <span class='ocrx_word' id='word_1_724' title='bbox 3104 3185 3256 3256; x_wconf 87' lang='lat' dir='ltr'><strong>prius</strong></span> <span class='ocrx_word' id='word_1_725' title='bbox 3299 3183 3506 3238; x_wconf 78' lang='lat' dir='ltr'><strong>vidisse</strong></span> 
     </span>
    </p>
   </div>
   <div class='ocr_carea' id='block_1_92' title="bbox 1927 3274 3388 3366">
    <p class='ocr_par' dir='ltr' id='par_1_92' title="bbox 1927 3274 3388 3366">
     <span class='ocr_line' id='line_1_92' title="bbox 1927 3274 3388 3366; baseline -0.025 -4"><span class='ocrx_word' id='word_1_726' title='bbox 1927 3274 2236 3366; x_wconf 68' lang='lat' dir='ltr'><strong>credantur,</strong></span> <span class='ocrx_word' id='word_1_727' title='bbox 2263 3303 2319 3352; x_wconf 91' lang='lat' dir='ltr'><strong>et</strong></span> <span class='ocrx_word' id='word_1_728' title='bbox 2343 3293 2584 3349; x_wconf 88' lang='lat' dir='ltr'><strong>solemne</strong></span> <span class='ocrx_word' id='word_1_729' title='bbox 2613 3284 2762 3342; x_wconf 84' lang='lat' dir='ltr'><strong>vocis</strong></span> <span class='ocrx_word' id='word_1_730' title='bbox 2783 3278 3078 3338; x_wconf 76' lang='lat' dir='ltr'><strong>extorsisse</strong></span> <span class='ocrx_word' id='word_1_731' title='bbox 3107 3274 3388 3331; x_wconf 80' lang='lat' dir='ltr'><strong>auxilium.</strong></span> 
     </span>
    </p>
   </div>
   <div class='ocr_carea' id='block_1_93' title="bbox 1999 3444 3507 3534">
    <p class='ocr_par' dir='ltr' id='par_1_93' title="bbox 1999 3444 3507 3534">
     <span class='ocr_line' id='line_1_93' title="bbox 1999 3444 3507 3534; baseline -0.023 -3"><span class='ocrx_word' id='word_1_732' title='bbox 1999 3474 2140 3531; x_wconf 71' lang='lat' dir='ltr'><strong>XXI.</strong></span> <span class='ocrx_word' id='word_1_733' title='bbox 2181 3471 2371 3526; x_wconf 84' lang='lat' dir='ltr'><strong>Nonne</strong></span> <span class='ocrx_word' id='word_1_734' title='bbox 2399 3463 2509 3534; x_wconf 89' lang='lat' dir='ltr'><strong>lupi</strong></span> <span class='ocrx_word' id='word_1_735' title='bbox 2531 3459 2666 3518; x_wconf 86' lang='lat' dir='ltr'><strong>estis</strong></span> <span class='ocrx_word' id='word_1_736' title='bbox 2705 3453 2796 3510; x_wconf 88' lang='lat' dir='ltr'><strong>isti</strong></span> <span class='ocrx_word' id='word_1_737' title='bbox 2833 3451 2926 3522; x_wconf 88' lang='lat' dir='ltr'><strong>qui</strong></span> <span class='ocrx_word' id='word_1_738' title='bbox 2964 3447 3285 3504; x_wconf 84' lang='lat' dir='ltr'><strong>insidiantur</strong></span> <span class='ocrx_word' id='word_1_739' title='bbox 3314 3444 3507 3498; x_wconf 85' lang='lat' dir='ltr'><strong>ovibus</strong></span> 
     </span>
    </p>
   </div>
   <div class='ocr_carea' id='block_1_94' title="bbox 1930 3535 3508 3625">
    <p class='ocr_par' dir='ltr' id='par_1_94' title="bbox 1930 3535 3508 3625">
     <span class='ocr_line' id='line_1_94' title="bbox 1930 3535 3508 3625; baseline -0.024 -1"><span class='ocrx_word' id='word_1_740' title='bbox 1930 3564 2173 3625; x_wconf 82' lang='lat' dir='ltr'><strong>Christi?</strong></span> <span class='ocrx_word' id='word_1_741' title='bbox 2207 3560 2468 3616; x_wconf 81' lang='lat' dir='ltr'><strong>Fremunt</strong></span> <span class='ocrx_word' id='word_1_742' title='bbox 2495 3553 2642 3607; x_wconf 90' lang='lat' dir='ltr'><strong>circa</strong></span> <span class='ocrx_word' id='word_1_743' title='bbox 2667 3545 2851 3604; x_wconf 88' lang='lat' dir='ltr'><strong>caulas</strong></span> <span class='ocrx_word' id='word_1_744' title='bbox 2877 3547 3143 3598; x_wconf 88' lang='lat' dir='ltr'><strong>nocturno</strong></span> <span class='ocrx_word' id='word_1_745' title='bbox 3169 3535 3341 3605; x_wconf 87' lang='lat' dir='ltr'><strong>magis</strong></span> <span class='ocrx_word' id='word_1_746' title='bbox 3372 3543 3508 3588; x_wconf 80' lang='lat' dir='ltr'><strong>teni-</strong></span> 
     </span>
    </p>
   </div>
   <div class='ocr_carea' id='block_1_95' title="bbox 1930 3628 3508 3730">
    <p class='ocr_par' dir='ltr' id='par_1_95' title="bbox 1930 3628 3508 3730">
     <span class='ocr_line' id='line_1_95' title="bbox 1930 3628 3508 3730; baseline -0.023 -18"><span class='ocrx_word' id='word_1_747' title='bbox 1930 3671 2062 3730; x_wconf 89' lang='lat' dir='ltr'><strong>pore</strong></span> <span class='ocrx_word' id='word_1_748' title='bbox 2093 3666 2257 3723; x_wconf 82' lang='lat' dir='ltr'><strong>quam</strong></span> <span class='ocrx_word' id='word_1_749' title='bbox 2281 3647 2494 3703; x_wconf 82' lang='lat' dir='ltr'><strong>diurno.</strong></span> <span class='ocrx_word' id='word_1_750' title='bbox 2543 3640 2836 3702; x_wconf 82' lang='lat' dir='ltr'><strong>Nocturna,</strong></span> <span class='ocrx_word' id='word_1_751' title='bbox 2866 3631 2994 3704; x_wconf 81' lang='lat' dir='ltr'><strong>quia</strong></span> <span class='ocrx_word' id='word_1_752' title='bbox 3029 3630 3172 3684; x_wconf 81' lang='lat' dir='ltr'><strong>inter</strong></span> <span class='ocrx_word' id='word_1_753' title='bbox 3195 3628 3508 3697; x_wconf 86' lang='lat' dir='ltr'><strong>ignorantes</strong></span> 
     </span>
    </p>
   </div>
   <div class='ocr_carea' id='block_1_96' title="bbox 1931 3721 3507 3822">
    <p class='ocr_par' dir='ltr' id='par_1_96' title="bbox 1931 3721 3507 3822">
     <span class='ocr_line' id='line_1_96' title="bbox 1931 3721 3507 3822; baseline -0.025 -17"><span class='ocrx_word' id='word_1_754' title='bbox 1931 3721 2226 3822; x_wconf 64' lang='lat' dir='ltr'><strong>praedicant</strong></span> <span class='ocrx_word' id='word_1_755' title='bbox 2269 3757 2284 3794; x_wconf 90' lang='lat'><strong>:</strong></span> <span class='ocrx_word' id='word_1_756' title='bbox 2344 3735 2488 3807; x_wconf 85' lang='lat' dir='ltr'><strong>quod</strong></span> <span class='ocrx_word' id='word_1_757' title='bbox 2533 3746 2632 3803; x_wconf 91' lang='lat' dir='ltr'><strong>per</strong></span> <span class='ocrx_word' id='word_1_758' title='bbox 2681 3728 2823 3784; x_wconf 87' lang='lat' dir='ltr'><strong>diem</strong></span> <span class='ocrx_word' id='word_1_759' title='bbox 2872 3723 3052 3778; x_wconf 87' lang='lat' dir='ltr'><strong>facere</strong></span> <span class='ocrx_word' id='word_1_760' title='bbox 3100 3733 3207 3778; x_wconf 89' lang='lat' dir='ltr'><strong>non</strong></span> <span class='ocrx_word' id='word_1_761' title='bbox 3257 3721 3507 3785; x_wconf 89' lang='lat' dir='ltr'><strong>possunt,</strong></span> 
     </span>
    </p>
   </div>
   <div class='ocr_carea' id='block_1_97' title="bbox 1933 3805 3513 3912">
    <p class='ocr_par' dir='ltr' id='par_1_97' title="bbox 1933 3805 3513 3912">
     <span class='ocr_line' id='line_1_97' title="bbox 1933 3805 3513 3912; baseline -0.023 -17"><span class='ocrx_word' id='word_1_762' title='bbox 1933 3805 2060 3912; x_wconf 71' lang='lat' dir='ltr'><strong>quia</strong></span> <span class='ocrx_word' id='word_1_763' title='bbox 2131 3851 2162 3890; x_wconf 92' lang='lat' dir='ltr'><strong>a</strong></span> <span class='ocrx_word' id='word_1_764' title='bbox 2209 3805 2565 3900; x_wconf 13' lang='lat' dir='ltr'><strong>esapieptibus</strong></span> <span class='ocrx_word' id='word_1_765' title='bbox 2623 3815 3119 3889; x_wconf 85' lang='lat' dir='ltr'><strong>deprehenduntur.</strong></span> <span class='ocrx_word' id='word_1_766' title='bbox 3187 3805 3304 3862; x_wconf 78' lang='lat' dir='ltr'><strong>Nox</strong></span> <span class='ocrx_word' id='word_1_767' title='bbox 3360 3805 3513 3875; x_wconf 79' lang='lat' dir='ltr'><strong>igno-</strong></span> 
     </span>
    </p>
   </div>
   <div class='ocr_carea' id='block_1_98' title="bbox 1935 3897 3512 3994">
    <p class='ocr_par' dir='ltr' id='par_1_98' title="bbox 1935 3897 3512 3994">
     <span class='ocr_line' id='line_1_98' title="bbox 1935 3897 3512 3994; baseline -0.025 -4"><span class='ocrx_word' id='word_1_768' title='bbox 1935 3897 2110 3990; x_wconf 68' lang='lat' dir='ltr'><strong>rantis</strong></span> <span class='ocrx_word' id='word_1_769' title='bbox 2135 3936 2238 3994; x_wconf 86' lang='lat' dir='ltr'><strong>est,</strong></span> <span class='ocrx_word' id='word_1_770' title='bbox 2273 3897 2330 3980; x_wconf 78' lang='lat' dir='ltr'><strong>et</strong></span> <span class='ocrx_word' id='word_1_771' title='bbox 2372 3921 2488 3978; x_wconf 89' lang='lat' dir='ltr'><strong>dies</strong></span> <span class='ocrx_word' id='word_1_772' title='bbox 2527 3911 2812 3986; x_wconf 87' lang='lat' dir='ltr'><strong>sapientia.</strong></span> <span class='ocrx_word' id='word_1_773' title='bbox 2857 3907 3086 3974; x_wconf 84' lang='lat' dir='ltr'><strong>Semper</strong></span> <span class='ocrx_word' id='word_1_774' title='bbox 3109 3901 3253 3960; x_wconf 89' lang='lat' dir='ltr'><strong>enim</strong></span> <span class='ocrx_word' id='word_1_775' title='bbox 3290 3897 3512 3968; x_wconf 86' lang='lat' dir='ltr'><strong>perfidis</strong></span> 
     </span>
    </p>
   </div>
   <div class='ocr_carea' id='block_1_99' title="bbox 1935 3992 3517 4090">
    <p class='ocr_par' dir='ltr' id='par_1_99' title="bbox 1935 3992 3517 4090">
     <span class='ocr_line' id='line_1_99' title="bbox 1935 3992 3517 4090; baseline -0.028 -4"><span class='ocrx_word' id='word_1_776' title='bbox 1935 4044 2042 4086; x_wconf 75' lang='lat' dir='ltr'><strong>nos</strong></span> <span class='ocrx_word' id='word_1_777' title='bbox 2080 4032 2196 4089; x_wconf 90' lang='lat' dir='ltr'><strong>est,</strong></span> <span class='ocrx_word' id='word_1_778' title='bbox 2226 3992 2334 4090; x_wconf 85' lang='lat' dir='ltr'><strong>qui</strong></span> <span class='ocrx_word' id='word_1_779' title='bbox 2363 4015 2540 4069; x_wconf 87' lang='lat' dir='ltr'><strong>lucem</strong></span> <span class='ocrx_word' id='word_1_780' title='bbox 2577 4000 2780 4063; x_wconf 88' lang='lat' dir='ltr'><strong>Christi</strong></span> <span class='ocrx_word' id='word_1_781' title='bbox 2805 3999 2918 4056; x_wconf 87' lang='lat' dir='ltr'><strong>suis</strong></span> <span class='ocrx_word' id='word_1_782' title='bbox 2945 3992 3219 4052; x_wconf 87' lang='lat' dir='ltr'><strong>nebulosis</strong></span> <span class='ocrx_word' id='word_1_783' title='bbox 3251 3992 3517 4060; x_wconf 89' lang='lat' dir='ltr'><strong>interpre-</strong></span> 
     </span>
    </p>
   </div>
   <div class='ocr_carea' id='block_1_100' title="bbox 1937 4079 3517 4177">
    <p class='ocr_par' dir='ltr' id='par_1_100' title="bbox 1937 4079 3517 4177">
     <span class='ocr_line' id='line_1_100' title="bbox 1937 4079 3517 4177; baseline -0.028 0"><span class='ocrx_word' id='word_1_784' title='bbox 1937 4079 2232 4177; x_wconf 68' lang='lat' dir='ltr'><strong>tationibus</strong></span> <span class='ocrx_word' id='word_1_785' title='bbox 2259 4079 2542 4166; x_wconf 47' lang='lat' dir='ltr'><strong>.0bducere</strong></span> <span class='ocrx_word' id='word_1_786' title='bbox 2563 4147 2569 4158; x_wconf 90' lang='lat'><strong>.</strong></span> <span class='ocrx_word' id='word_1_787' title='bbox 2587 4106 2662 4162; x_wconf 91' lang='lat' dir='ltr'><strong>et,</strong></span> <span class='ocrx_word' id='word_1_788' title='bbox 2696 4099 2954 4164; x_wconf 86' lang='lat' dir='ltr'><strong>quantum</strong></span> <span class='ocrx_word' id='word_1_789' title='bbox 2993 4087 3048 4141; x_wconf 90' lang='lat' dir='ltr'><strong>in</strong></span> <span class='ocrx_word' id='word_1_790' title='bbox 3091 4082 3224 4154; x_wconf 88' lang='lat' dir='ltr'><strong>ipsis</strong></span> <span class='ocrx_word' id='word_1_791' title='bbox 3269 4089 3382 4146; x_wconf 87' lang='lat' dir='ltr'><strong>est,</strong></span> <span class='ocrx_word' id='word_1_792' title='bbox 3434 4079 3517 4134; x_wconf 73' lang='grc' dir='ltr'><strong>[ιι-</strong></span> 
     </span>
    </p>
   </div>
   <div class='ocr_carea' id='block_1_101' title="bbox 1937 4171 3519 4269">
    <p class='ocr_par' dir='ltr' id='par_1_101' title="bbox 1937 4171 3519 4269">
     <span class='ocr_line' id='line_1_101' title="bbox 1937 4171 3519 4269; baseline -0.025 -3"><span class='ocrx_word' id='word_1_793' title='bbox 1937 4223 2091 4269; x_wconf 77' lang='lat' dir='ltr'><strong>scere</strong></span> <span class='ocrx_word' id='word_1_794' title='bbox 2113 4207 2398 4261; x_wconf 86' lang='lat' dir='ltr'><strong>conantur.</strong></span> <span class='ocrx_word' id='word_1_795' title='bbox 2444 4193 2743 4249; x_wconf 78' lang='lat' dir='ltr'><strong>Versantur</strong></span> <span class='ocrx_word' id='word_1_796' title='bbox 2770 4194 2900 4252; x_wconf 84' lang='lat' dir='ltr'><strong>ergo</strong></span> <span class='ocrx_word' id='word_1_797' title='bbox 2927 4178 3072 4234; x_wconf 84' lang='lat' dir='ltr'><strong>circa</strong></span> <span class='ocrx_word' id='word_1_798' title='bbox 3096 4173 3318 4238; x_wconf 89' lang='lat' dir='ltr'><strong>caulas,</strong></span> <span class='ocrx_word' id='word_1_799' title='bbox 3349 4171 3406 4227; x_wconf 88' lang='lat' dir='ltr'><strong>id</strong></span> <span class='ocrx_word' id='word_1_800' title='bbox 3432 4180 3519 4227; x_wconf 88' lang='lat' dir='ltr'><strong>est</strong></span> 
     </span>
    </p>
   </div>
   <div class='ocr_carea' id='block_1_102' title="bbox 1937 4262 3519 4364">
    <p class='ocr_par' dir='ltr' id='par_1_102' title="bbox 1937 4262 3519 4364">
     <span class='ocr_line' id='line_1_102' title="bbox 1937 4262 3519 4364; baseline -0.029 -5"><span class='ocrx_word' id='word_1_801' title='bbox 1937 4262 2082 4358; x_wconf 63' lang='lat' dir='ltr'><strong>Li...</strong></span> <span class='ocrx_word' id='word_1_802' title='bbox 2123 4302 2332 4364; x_wconf 83' lang='lat' dir='ltr'><strong>septem</strong></span> <span class='ocrx_word' id='word_1_803' title='bbox 2373 4282 2664 4343; x_wconf 78' lang='lat' dir='ltr'><strong>Ecclesias.</strong></span> <span class='ocrx_word' id='word_1_804' title='bbox 2711 4270 2938 4331; x_wconf 75' lang='lat' dir='ltr'><strong>Stabula</strong></span> <span class='ocrx_word' id='word_1_805' title='bbox 2972 4277 3151 4323; x_wconf 84' lang='lat' dir='ltr'><strong>tamen</strong></span> <span class='ocrx_word' id='word_1_806' title='bbox 3194 4263 3398 4320; x_wconf 75' lang='lat' dir='ltr'><strong>Christi</strong></span> <span class='ocrx_word' id='word_1_807' title='bbox 3437 4262 3519 4316; x_wconf 75' lang='lat' dir='ltr'><strong>isi-</strong></span> 
     </span>
    </p>
   </div>
   <div class='ocr_carea' id='block_1_103' title="bbox 1939 4351 3520 4448">
    <p class='ocr_par' dir='ltr' id='par_1_103' title="bbox 1939 4351 3520 4448">
     <span class='ocr_line' id='line_1_103' title="bbox 1939 4351 3520 4448; baseline -0.032 1"><span class='ocrx_word' id='word_1_808' title='bbox 2127 4351 2243 4441; x_wconf 69' lang='lat' dir='ltr'><strong>non</strong></span> <span class='ocrx_word' id='word_1_809' title='bbox 2281 4377 2498 4436; x_wconf 81' lang='lat' dir='ltr'><strong>audent,</strong></span> <span class='ocrx_word' id='word_1_810' title='bbox 2529 4372 2584 4425; x_wconf 92' lang='lat' dir='ltr'><strong>id</strong></span> <span class='ocrx_word' id='word_1_811' title='bbox 2628 4375 2715 4424; x_wconf 88' lang='lat' dir='ltr'><strong>est</strong></span> <span class='ocrx_word' id='word_1_812' title='bbox 2763 4364 2819 4418; x_wconf 91' lang='lat' dir='ltr'><strong>in</strong></span> <span class='ocrx_word' id='word_1_813' title='bbox 2868 4357 3167 4415; x_wconf 88' lang='lat' dir='ltr'><strong>Ecclesiam</strong></span> <span class='ocrx_word' id='word_1_814' title='bbox 3186 4393 3206 4420; x_wconf 92' lang='lat'><strong>,</strong></span> <span class='ocrx_word' id='word_1_815' title='bbox 3254 4368 3376 4423; x_wconf 64' lang='lat' dir='ltr'><strong>qua</strong></span> <span class='ocrx_word' id='word_1_816' title='bbox 3427 4351 3520 4407; x_wconf 74' lang='lat' dir='ltr'><strong>lux</strong></span> 
     </span>
    </p>
   </div>
   <div class='ocr_carea' id='block_1_104' title="bbox 1943 4449 3518 4546">
    <p class='ocr_par' dir='ltr' id='par_1_104' title="bbox 1943 4449 3518 4546">
     <span class='ocr_line' id='line_1_104' title="bbox 1943 4449 3518 4546; baseline -0.029 -8"><span class='ocrx_word' id='word_1_817' title='bbox 1943 4489 2045 4546; x_wconf 89' lang='lat' dir='ltr'><strong>est,</strong></span> <span class='ocrx_word' id='word_1_818' title='bbox 2077 4479 2283 4532; x_wconf 88' lang='lat' dir='ltr'><strong>intrare</strong></span> <span class='ocrx_word' id='word_1_819' title='bbox 2309 4483 2417 4524; x_wconf 88' lang='lat' dir='ltr'><strong>non</strong></span> <span class='ocrx_word' id='word_1_820' title='bbox 2452 4463 2804 4534; x_wconf 72' lang='lat' dir='ltr'><strong>praesumunt.</strong></span> <span class='ocrx_word' id='word_1_821' title='bbox 2847 4451 2915 4505; x_wconf 88' lang='lat' dir='ltr'><strong>Et</strong></span> <span class='ocrx_word' id='word_1_822' title='bbox 2952 4449 3072 4504; x_wconf 86' lang='lat' dir='ltr'><strong>ideo</strong></span> <span class='ocrx_word' id='word_1_823' title='bbox 3099 4460 3207 4500; x_wconf 89' lang='lat' dir='ltr'><strong>non</strong></span> <span class='ocrx_word' id='word_1_824' title='bbox 3233 4450 3518 4506; x_wconf 85' lang='lat' dir='ltr'><strong>sanantur,</strong></span> 
     </span>
    </p>
   </div>
   <div class='ocr_carea' id='block_1_105' title="bbox 1945 4533 3522 4645">
    <p class='ocr_par' dir='ltr' id='par_1_105' title="bbox 1945 4533 3522 4645">
     <span class='ocr_line' id='line_1_105' title="bbox 1945 4533 3522 4645; baseline -0.027 -17"><span class='ocrx_word' id='word_1_825' title='bbox 1945 4533 2069 4645; x_wconf 69' lang='lat' dir='ltr'><strong>quia</strong></span> <span class='ocrx_word' id='word_1_826' title='bbox 2097 4568 2153 4623; x_wconf 92' lang='lat' dir='ltr'><strong>in</strong></span> <span class='ocrx_word' id='word_1_827' title='bbox 2196 4533 2469 4619; x_wconf 81' lang='lat' dir='ltr'><strong>stabulum</strong></span> <span class='ocrx_word' id='word_1_828' title='bbox 2492 4565 2646 4608; x_wconf 89' lang='lat' dir='ltr'><strong>suum</strong></span> <span class='ocrx_word' id='word_1_829' title='bbox 2677 4559 2784 4601; x_wconf 89' lang='lat' dir='ltr'><strong>non</strong></span> <span class='ocrx_word' id='word_1_830' title='bbox 2813 4541 2930 4598; x_wconf 89' lang='lat' dir='ltr'><strong>vult</strong></span> <span class='ocrx_word' id='word_1_831' title='bbox 2956 4537 3207 4594; x_wconf 87' lang='lat' dir='ltr'><strong>Christus</strong></span> <span class='ocrx_word' id='word_1_832' title='bbox 3238 4548 3333 4590; x_wconf 88' lang='lat' dir='ltr'><strong>eos</strong></span> <span class='ocrx_word' id='word_1_833' title='bbox 3367 4533 3522 4588; x_wconf 89' lang='lat' dir='ltr'><strong>indu-</strong></span> 
     </span>
    </p>
   </div>
   <div class='ocr_carea' id='block_1_106' title="bbox 1945 4673 2172 4724">
    <p class='ocr_par' dir='ltr' id='par_1_106' title="bbox 1945 4673 2172 4724">
     <span class='ocr_line' id='line_1_106' title="bbox 1945 4673 2172 4724; baseline -0.031 -6"><span class='ocrx_word' id='word_1_834' title='bbox 1945 4673 2172 4724; x_wconf 85' lang='lat' dir='ltr'><strong>cere,i</strong></span> 
     </span>
    </p>
   </div>
   <div class='ocr_carea' id='block_1_107' title="bbox 1945 4749 2212 4811">
    <p class='ocr_par' dir='ltr' id='par_1_107' title="bbox 1945 4749 2212 4811">
     <span class='ocr_line' id='line_1_107' title="bbox 1945 4749 2212 4811; baseline -0.034 1"><span class='ocrx_word' id='word_1_835' title='bbox 1945 4749 2212 4811; x_wconf 79' lang='lat' dir='ltr'><strong>scendens,</strong></span> 
     </span>
    </p>
   </div>
   <div class='ocr_carea' id='block_1_108' title="bbox 1948 4805 3524 4916">
    <p class='ocr_par' dir='ltr' id='par_1_108' title="bbox 1948 4805 3524 4916">
     <span class='ocr_line' id='line_1_108' title="bbox 1948 4805 3524 4916; baseline -0.027 -17"><span class='ocrx_word' id='word_1_836' title='bbox 1948 4805 2084 4916; x_wconf 63' lang='lat' dir='ltr'><strong>galia</strong></span> <span class='ocrx_word' id='word_1_837' title='bbox 2135 4805 2313 4906; x_wconf 83' lang='lat' dir='ltr'><strong>infuso</strong></span> <span class='ocrx_word' id='word_1_838' title='bbox 2357 4827 2470 4882; x_wconf 88' lang='lat' dir='ltr'><strong>oleo</strong></span> <span class='ocrx_word' id='word_1_839' title='bbox 2518 4831 2565 4878; x_wconf 81' lang='lat' dir='ltr'><strong>st</strong></span> <span class='ocrx_word' id='word_1_840' title='bbox 2625 4820 2742 4874; x_wconf 75' lang='lat' dir='ltr'><strong>uino</strong></span> <span class='ocrx_word' id='word_1_841' title='bbox 2807 4814 3074 4882; x_wconf 84' lang='lat' dir='ltr'><strong>imponens</strong></span> <span class='ocrx_word' id='word_1_842' title='bbox 3122 4807 3178 4869; x_wconf 84' lang='lat' dir='ltr'><strong>in</strong></span> <span class='ocrx_word' id='word_1_843' title='bbox 3223 4805 3524 4876; x_wconf 81' lang='lat' dir='ltr'><strong>jumentum</strong></span> 
     </span>
    </p>
   </div>
   <div class='ocr_carea' id='block_1_109' title="bbox 1949 4896 3528 4989">
    <p class='ocr_par' dir='ltr' id='par_1_109' title="bbox 1949 4896 3528 4989">
     <span class='ocr_line' id='line_1_109' title="bbox 1949 4896 3528 4989; baseline -0.031 1"><span class='ocrx_word' id='word_1_844' title='bbox 1949 4896 2103 4989; x_wconf 63' lang='lat' dir='ltr'><strong>tt...</strong></span> <span class='ocrx_word' id='word_1_845' title='bbox 2134 4896 2503 4984; x_wconf 67' lang='lat' dir='ltr'><strong>samaritanus</strong></span> <span class='ocrx_word' id='word_1_846' title='bbox 2543 4912 2648 4968; x_wconf 85' lang='lat' dir='ltr'><strong>ille.</strong></span> <span class='ocrx_word' id='word_1_847' title='bbox 2689 4909 2744 4964; x_wconf 89' lang='lat' dir='ltr'><strong>id</strong></span> <span class='ocrx_word' id='word_1_848' title='bbox 2783 4914 2905 4971; x_wconf 86' lang='lat' dir='ltr'><strong>est,</strong></span> <span class='ocrx_word' id='word_1_849' title='bbox 2942 4900 3190 4958; x_wconf 73' lang='lat' dir='ltr'><strong>Christus</strong></span> <span class='ocrx_word' id='word_1_850' title='bbox 3215 4896 3270 4956; x_wconf 86' lang='lat' dir='ltr'><strong>in</strong></span> <span class='ocrx_word' id='word_1_851' title='bbox 3297 4907 3528 4965; x_wconf 71' lang='lat' dir='ltr'><strong>corpore</strong></span> 
     </span>
    </p>
   </div>
   <div class='ocr_carea' id='block_1_110' title="bbox 1952 4985 3527 5085">
    <p class='ocr_par' dir='ltr' id='par_1_110' title="bbox 1952 4985 3527 5085">
     <span class='ocr_line' id='line_1_110' title="bbox 1952 4985 3527 5085; baseline -0.026 -5"><span class='ocrx_word' id='word_1_852' title='bbox 1952 4985 2071 5085; x_wconf 73' lang='lat' dir='ltr'><strong>suo.</strong></span> <span class='ocrx_word' id='word_1_853' title='bbox 2119 5016 2271 5074; x_wconf 70' lang='lat' dir='ltr'><strong>duxit</strong></span> <span class='ocrx_word' id='word_1_854' title='bbox 2321 5013 2380 5068; x_wconf 82' lang='lat' dir='ltr'><strong>in</strong></span> <span class='ocrx_word' id='word_1_855' title='bbox 2419 5005 2682 5065; x_wconf 86' lang='lat' dir='ltr'><strong>stabulum</strong></span> <span class='ocrx_word' id='word_1_856' title='bbox 2701 5042 2718 5069; x_wconf 92' lang='lat'><strong>,</strong></span> <span class='ocrx_word' id='word_1_857' title='bbox 2767 5007 2822 5056; x_wconf 79' lang='lat' dir='ltr'><strong>et</strong></span> <span class='ocrx_word' id='word_1_858' title='bbox 2867 4997 3164 5085; x_wconf 87' lang='lat' dir='ltr'><strong>sanandum</strong></span> <span class='ocrx_word' id='word_1_859' title='bbox 3209 4985 3527 5051; x_wconf 83' lang='lat' dir='ltr'><strong>stabulario,</strong></span> 
     </span>
    </p>
   </div>
   <div class='ocr_carea' id='block_1_111' title="bbox 1954 5077 3533 5176">
    <p class='ocr_par' dir='ltr' id='par_1_111' title="bbox 1954 5077 3533 5176">
     <span class='ocr_line' id='line_1_111' title="bbox 1954 5077 3533 5176; baseline -0.026 -6"><span class='ocrx_word' id='word_1_860' title='bbox 2178 5104 2430 5176; x_wconf 85' lang='lat' dir='ltr'><strong>episcopo</strong></span> <span class='ocrx_word' id='word_1_861' title='bbox 2471 5102 2662 5156; x_wconf 85' lang='lat' dir='ltr'><strong>sancto</strong></span> <span class='ocrx_word' id='word_1_862' title='bbox 2685 5133 2702 5160; x_wconf 95' lang='lat'><strong>,</strong></span> <span class='ocrx_word' id='word_1_863' title='bbox 2749 5089 3055 5158; x_wconf 84' lang='lat' dir='ltr'><strong>dereliquit.</strong></span> <span class='ocrx_word' id='word_1_864' title='bbox 3104 5083 3222 5140; x_wconf 85' lang='lat' dir='ltr'><strong>Non</strong></span> <span class='ocrx_word' id='word_1_865' title='bbox 3259 5077 3533 5149; x_wconf 85' lang='lat' dir='ltr'><strong>accipiunt</strong></span> 
     </span>
    </p>
   </div>
   <div class='ocr_carea' id='block_1_112' title="bbox 1955 5164 3532 5276">
    <p class='ocr_par' dir='ltr' id='par_1_112' title="bbox 1955 5164 3532 5276">
     <span class='ocr_line' id='line_1_112' title="bbox 1955 5164 3532 5276; baseline -0.027 -14"><span class='ocrx_word' id='word_1_866' title='bbox 1955 5164 2086 5276; x_wconf 64' lang='lat' dir='ltr'><strong>ergo</strong></span> <span class='ocrx_word' id='word_1_867' title='bbox 2135 5164 2458 5256; x_wconf 64' lang='lat' dir='ltr'><strong>medicinam</strong></span> <span class='ocrx_word' id='word_1_868' title='bbox 2495 5189 2591 5261; x_wconf 79' lang='lat' dir='ltr'><strong>qui</strong></span> <span class='ocrx_word' id='word_1_869' title='bbox 2633 5186 2903 5242; x_wconf 88' lang='lat' dir='ltr'><strong>medicum</strong></span> <span class='ocrx_word' id='word_1_870' title='bbox 2951 5195 3062 5235; x_wconf 90' lang='lat' dir='ltr'><strong>non</strong></span> <span class='ocrx_word' id='word_1_871' title='bbox 3108 5173 3411 5276; x_wconf 57' lang='lat' dir='ltr'><strong>requirunt.</strong></span> <span class='ocrx_word' id='word_1_872' title='bbox 3456 5164 3532 5276; x_wconf 54' lang='lat' dir='ltr'><strong>.Si</strong></span> 
     </span>
    </p>
   </div>
   <div class='ocr_carea' id='block_1_113' title="bbox 1956 5256 3534 5360">
    <p class='ocr_par' dir='ltr' id='par_1_113' title="bbox 1956 5256 3534 5360">
     <span class='ocr_line' id='line_1_113' title="bbox 1956 5256 3534 5360; baseline -0.026 -8"><span class='ocrx_word' id='word_1_873' title='bbox 2137 5286 2474 5360; x_wconf 80' lang='lat' dir='ltr'><strong>requirerent</strong></span> <span class='ocrx_word' id='word_1_874' title='bbox 2494 5256 2532 5350; x_wconf 35' lang='grc' dir='ltr'><strong>,ν</strong></span> <span class='ocrx_word' id='word_1_875' title='bbox 2550 5294 2660 5336; x_wconf 90' lang='lat' dir='ltr'><strong>non</strong></span> <span class='ocrx_word' id='word_1_876' title='bbox 2705 5282 2893 5346; x_wconf 87' lang='lat' dir='ltr'><strong>aperte</strong></span> <span class='ocrx_word' id='word_1_877' title='bbox 2923 5268 3288 5327; x_wconf 87' lang='lat' dir='ltr'><strong>detraherent.</strong></span> <span class='ocrx_word' id='word_1_878' title='bbox 3337 5256 3534 5329; x_wconf 69' lang='lat' dir='ltr'><strong>Explov</strong></span> 
     </span>
    </p>
   </div>
   <div class='ocr_carea' id='block_1_114' title="bbox 1959 5349 3536 5454">
    <p class='ocr_par' dir='ltr' id='par_1_114' title="bbox 1959 5349 3536 5454">
     <span class='ocr_line' id='line_1_114' title="bbox 1959 5349 3536 5454; baseline -0.025 -10"><span class='ocrx_word' id='word_1_879' title='bbox 1959 5349 2087 5444; x_wconf 72' lang='lat' dir='ltr'><strong>rant</strong></span> <span class='ocrx_word' id='word_1_880' title='bbox 2109 5349 2342 5454; x_wconf 67' lang='lat' dir='ltr'><strong>pastoris</strong></span> <span class='ocrx_word' id='word_1_881' title='bbox 2366 5372 2664 5430; x_wconf 87' lang='lat' dir='ltr'><strong>absentiam</strong></span> <span class='ocrx_word' id='word_1_882' title='bbox 2693 5385 2708 5423; x_wconf 88' lang='lat'><strong>:</strong></span> <span class='ocrx_word' id='word_1_883' title='bbox 2737 5376 2794 5423; x_wconf 89' lang='lat' dir='ltr'><strong>et</strong></span> <span class='ocrx_word' id='word_1_884' title='bbox 2836 5364 2956 5420; x_wconf 88' lang='lat' dir='ltr'><strong>ideo</strong></span> <span class='ocrx_word' id='word_1_885' title='bbox 2990 5367 3234 5431; x_wconf 86' lang='lat' dir='ltr'><strong>pastores</strong></span> <span class='ocrx_word' id='word_1_886' title='bbox 3269 5349 3536 5410; x_wconf 56' lang='lat' dir='ltr'><strong>Ecclesia.</strong></span> 
     </span>
    </p>
   </div>
   <div class='ocr_carea' id='block_1_115' title="bbox 1959 5449 3538 5531">
    <p class='ocr_par' dir='ltr' id='par_1_115' title="bbox 1959 5449 3538 5531">
     <span class='ocr_line' id='line_1_115' title="bbox 1959 5449 3538 5531; baseline -0.025 1"><span class='ocrx_word' id='word_1_887' title='bbox 1959 5489 2086 5531; x_wconf 88' lang='lat' dir='ltr'><strong>rum</strong></span> <span class='ocrx_word' id='word_1_888' title='bbox 2109 5449 2197 5528; x_wconf 75' lang='lat' dir='ltr'><strong>vel</strong></span> <span class='ocrx_word' id='word_1_889' title='bbox 2221 5465 2470 5524; x_wconf 89' lang='lat' dir='ltr'><strong>occidere</strong></span> <span class='ocrx_word' id='word_1_890' title='bbox 2492 5501 2510 5528; x_wconf 97' lang='lat'><strong>,</strong></span> <span class='ocrx_word' id='word_1_891' title='bbox 2549 5459 2634 5514; x_wconf 89' lang='lat' dir='ltr'><strong>vel</strong></span> <span class='ocrx_word' id='word_1_892' title='bbox 2682 5457 2736 5511; x_wconf 89' lang='lat' dir='ltr'><strong>in</strong></span> <span class='ocrx_word' id='word_1_893' title='bbox 2781 5453 3032 5512; x_wconf 79' lang='lat' dir='ltr'><strong>exsilium</strong></span> <span class='ocrx_word' id='word_1_894' title='bbox 3061 5449 3279 5504; x_wconf 88' lang='lat' dir='ltr'><strong>mittere</strong></span> <span class='ocrx_word' id='word_1_895' title='bbox 3313 5449 3538 5498; x_wconf 58' lang='lat' dir='ltr'><strong>conten.</strong></span> 
     </span>
    </p>
   </div>
   <div class='ocr_carea' id='block_1_116' title="bbox 1963 5526 3538 5632">
    <p class='ocr_par' dir='ltr' id='par_1_116' title="bbox 1963 5526 3538 5632">
     <span class='ocr_line' id='line_1_116' title="bbox 1963 5526 3538 5632; baseline -0.025 -10"><span class='ocrx_word' id='word_1_896' title='bbox 2111 5603 2128 5629; x_wconf 94' lang='lat'><strong>,</strong></span> <span class='ocrx_word' id='word_1_897' title='bbox 2153 5526 2282 5632; x_wconf 86' lang='lat' dir='ltr'><strong>quia</strong></span> <span class='ocrx_word' id='word_1_898' title='bbox 2307 5526 2664 5628; x_wconf 62' lang='lat' dir='ltr'><strong>praestitibus</strong></span> <span class='ocrx_word' id='word_1_899' title='bbox 2687 5543 2994 5618; x_wconf 87' lang='lat' dir='ltr'><strong>pastoribus</strong></span> <span class='ocrx_word' id='word_1_900' title='bbox 3013 5581 3030 5606; x_wconf 87' lang='lat'><strong>,</strong></span> <span class='ocrx_word' id='word_1_901' title='bbox 3060 5553 3189 5595; x_wconf 87' lang='lat' dir='ltr'><strong>oves</strong></span> <span class='ocrx_word' id='word_1_902' title='bbox 3210 5531 3412 5592; x_wconf 85' lang='lat' dir='ltr'><strong>Christi</strong></span> <span class='ocrx_word' id='word_1_903' title='bbox 3441 5526 3538 5585; x_wconf 65' lang='lat' dir='ltr'><strong>deo-</strong></span> 
     </span>
    </p>
   </div>
   <div class='ocr_carea' id='block_1_117' title="bbox 1965 5617 3538 5718">
    <p class='ocr_par' dir='ltr' id='par_1_117' title="bbox 1965 5617 3538 5718">
     <span class='ocr_line' id='line_1_117' title="bbox 1965 5617 3538 5718; baseline -0.026 -3"><span class='ocrx_word' id='word_1_904' title='bbox 2173 5617 2282 5707; x_wconf 75' lang='lat' dir='ltr'><strong>non</strong></span> <span class='ocrx_word' id='word_1_905' title='bbox 2309 5617 2564 5718; x_wconf 72' lang='lat' dir='ltr'><strong>possunt.</strong></span> <span class='ocrx_word' id='word_1_906' title='bbox 2614 5617 2859 5709; x_wconf 83' lang='lat' dir='ltr'><strong>spoliare</strong></span> <span class='ocrx_word' id='word_1_907' title='bbox 2899 5647 3029 5702; x_wconf 85' lang='lat' dir='ltr'><strong>ergo</strong></span> <span class='ocrx_word' id='word_1_908' title='bbox 3059 5642 3277 5703; x_wconf 86' lang='lat' dir='ltr'><strong>gregem</strong></span> <span class='ocrx_word' id='word_1_909' title='bbox 3322 5617 3538 5680; x_wconf 87' lang='lat' dir='ltr'><strong>Domini</strong></span> 
     </span>
    </p>
   </div>
   <div class='ocr_carea' id='block_1_118' title="bbox 1968 5725 3539 5820">
    <p class='ocr_par' dir='ltr' id='par_1_118' title="bbox 1968 5725 3539 5820">
     <span class='ocr_line' id='line_1_118' title="bbox 1968 5725 3539 5820; baseline -0.022 -16"><span class='ocrx_word' id='word_1_910' title='bbox 1968 5757 2120 5820; x_wconf 83' lang='lat' dir='ltr'><strong>rapto</strong></span> <span class='ocrx_word' id='word_1_911' title='bbox 2167 5749 2384 5816; x_wconf 81' lang='lat' dir='ltr'><strong>pastore</strong></span> <span class='ocrx_word' id='word_1_912' title='bbox 2444 5742 2669 5792; x_wconf 85' lang='lat' dir='ltr'><strong>conatur</strong></span> <span class='ocrx_word' id='word_1_913' title='bbox 2694 5770 2708 5796; x_wconf 95' lang='lat'><strong>,</strong></span> <span class='ocrx_word' id='word_1_914' title='bbox 2763 5727 2850 5798; x_wconf 86' lang='lat' dir='ltr'><strong>qui</strong></span> <span class='ocrx_word' id='word_1_915' title='bbox 2902 5738 3160 5799; x_wconf 83' lang='lat' dir='ltr'><strong>corporea</strong></span> <span class='ocrx_word' id='word_1_916' title='bbox 3212 5728 3374 5788; x_wconf 85' lang='lat' dir='ltr'><strong>atque</strong></span> <span class='ocrx_word' id='word_1_917' title='bbox 3420 5725 3539 5770; x_wconf 60' lang='grc' dir='ltr'><strong>(δεῖν</strong></span> 
     </span>
    </p>
   </div>
  </div>
