3992 6176
1172 367 1176 372 ,
1279 303 1683 371 ELIPANDUS,
1723 297 1949 361 FELIX.
1983 291 2332 350 HETERIUS
2367 290 2456 346 ΕΤ
2491 289 2551 346 S.
2590 285 2883 344 BEATUS.

3611 276 3722 336 992

475 383 598 503 nea,
629 449 656 479 ι
701 433 825 504 quia
869 444 974 485 non
1017 421 1314 498 spiritualia
1358 420 1556 477 mentis
1577 415 1876 474 intentione
1899 451 1916 467 .
1946 407 2042 465 sed
2069 407 2115 464 Δ
2143 419 2354 504 semper
2376 403 2675 504 intendens.
2709 397 2855 504 Nam.
2873 395 2943 451 de
2968 409 3032 450 ea
3060 391 3320 498 Dominus
3508 404 3525 446 ι
3571 391 3725 504 0:0.

474 501 598 584 duri
625 540 690 580 ac
721 501 880 592 rigidi
915 529 1257 588 nequaquam
1296 513 1471 569 solent
1515 527 1548 566 a
1587 524 1688 565 suo
1729 518 1917 562 errore
1955 501 2045 592 de-

476 619 710 674 flectere.
761 589 830 668 Et
881 611 1004 666 ideo
1042 605 1332 677 Apostolus
1359 604 1436 658 ait
1481 619 1495 655 :
1542 598 1862 654 Haereticum
1882 589 2046 647 homi-

478 725 594 764 nem
639 714 752 777 post
813 717 973 758 unam
1027 696 1398 766 correptionem
1449 691 1619 745 desita
1642 726 1658 753 ,
1705 686 1872 741 sciens
1920 680 2047 751 quia

476 776 751 854 submersus
795 801 871 848 est
891 831 905 854 ,
953 789 1042 859 qui
1077 783 1337 854 ejusmodi
1369 789 1472 837 est.
1507 779 1618 834 Hos
1647 776 2048 844 Scripturarum

478 898 638 944 vetus
682 887 949 952 interpres
988 877 1242 940 includit,
1275 883 1336 928 ut
1380 873 1568 927 inanes
1603 881 1730 924 suos
1762 865 1817 919 in
1851 875 2049 952 vanum

481 977 754 1034 eﬂundant
799 947 1029 1042 impetus
1069 976 1124 1022 et
1163 979 1359 1020 nocere
1401 977 1509 1016 non
1553 956 1778 1028 possint.
1820 949 1972 1019 Quod
2003 947 2050 1042 si

483 1071 788 1140 quempiam
834 1041 1050 1120 versuta
1105 1053 1482 1127 disputationis
1543 1063 1654 1106 sua:
1705 1041 2042 1119 circumscrig

482 1133 665 1228 ptione
713 1152 1070 1227 prmvenerint
1097 1189 1113 1214 ,
1167 1146 1372 1201 faciunt
1422 1143 1812 1197 obmutescere.
1875 1133 2053 1228 Mutus

483 1220 568 1304 est
595 1220 738 1302 eni
777 1243 870 1313 qui
918 1241 1141 1296 verbum
1169 1234 1265 1290 Dei
1310 1247 1418 1287 non
1459 1229 1645 1286 eadem
1685 1239 1790 1295 qua
1823 1230 1906 1278 est
1940 1220 2056 1292 glo-

488 1337 570 1392 ria
613 1334 916 1390 conﬁtetur.
964 1329 1106 1385 Cave
1149 1339 1279 1394 ergo
1307 1337 1376 1377 ne
1401 1320 1498 1375 tibi
1530 1332 1718 1374 vocem
1763 1314 1916 1370 tollat
1945 1313 2053 1366 hat-

487 1426 687 1480 reticus
708 1462 724 1488 ,
776 1422 824 1478 si
890 1419 1040 1490 prior
1093 1429 1218 1471 eum
1269 1426 1379 1468 non
1441 1409 1557 1479 ipse
1615 1401 2052 1475 deprehenderis.

489 1516 516 1556 δ
544 1513 772 1583 Scripsit
812 1510 960 1566 enim
1002 1509 1128 1563 dum
1171 1504 1302 1559 latet
1345 1499 1464 1570 eius
1490 1496 1738 1569 perﬁdia.
1779 1493 1840 1550 Si
1875 1499 2056 1549 autem

489 1607 730 1664 fraudem
781 1602 898 1673 ejus
946 1597 1236 1670 impietatis
1269 1591 1551 1664 agnoveris
1574 1631 1590 1656 ,
1634 1588 1903 1659 iacturam
1953 1585 2058 1655 pia:

487 1697 634 1753 vocis
666 1697 858 1750 timere
898 1705 1005 1747 non
1036 1687 1260 1758 poteris.
1310 1684 1453 1741 Cave
1497 1681 1662 1750 igitur
1705 1685 1924 1733 versuta
1975 1675 2057 1731 di-

2143 504 2237 549 ttes
2271 491 2407 549 volui
2437 506 2748 564 congregare
2777 488 2915 555 ﬁlios
2958 496 3075 541 tuos
3094 525 3110 550 ,
3143 486 3278 540 sicut
3312 485 3513 555 gallina
3543 484 3730 553 nullos

2141 600 2294 648 suos,
2323 592 2371 638 et
2395 581 2608 636 noluisti
2629 581 2655 634 .9
2681 579 2817 632 Ecce
2850 577 3169 646 relinquetur
3207 575 3394 628 domus
3430 583 3600 627 vestra
3621 575 3727 629 de-

2142 682 2302 727 serta.
2354 672 2478 727 Vult
2506 669 2764 726 Dominus
2793 666 3174 721 haereticorum
3204 663 3340 718 ﬁlios
3365 677 3729 734 congregare,

2145 763 2190 817 si
2218 761 2286 815 ad
2327 761 2592 816 unitatem
2637 756 2763 812 ﬁdei
2803 757 3087 820 venirent,
3137 755 3233 810 sed
3275 769 3382 810 non
3409 761 3732 824 congregat,

2145 851 2270 920 quia
2301 851 2441 904 inter
2467 865 2526 905 se
2552 849 2872 906 dissidentes
2908 847 3122 902 diversa
3150 844 3428 902 sentiendo
3458 860 3567 900 non
3596 859 3732 900 con-

2146 942 2390 997 cordant.
2442 941 2517 995 De
2541 940 2734 1009 quibus
2769 955 2868 1009 per
2893 938 3235 994 Psalmistam
3269 937 3506 992 dicitur:
3533 935 3731 1006 Elusa

2145 1040 2222 1085 est
2244 1031 2502 1085 contentio
2523 1047 2677 1100 super
2704 1030 2960 1099 principes
2982 1045 3160 1082 eorum
3188 1043 3206 1082 :
3237 1037 3286 1081 et
3313 1027 3520 1082 reduxit
3548 1043 3638 1081 eos
3673 1028 3738 1082 its

2147 1121 2306 1186 invio,
2329 1130 2378 1174 et
2406 1137 2510 1175 non
2534 1121 2590 1174 in
2627 1121 2728 1175 via.
2759 1119 2862 1189 Ipsi
2886 1119 3086 1174 ctenim
3113 1118 3241 1173 dum
3265 1118 3731 1187 dispensationem

2150 1210 2362 1265 Domini
2388 1224 2642 1279 perverse
2684 1209 3024 1278 interpretari
3053 1225 3157 1264 non
3187 1215 3454 1274 metuunt,
3481 1207 3732 1277 profecto

2149 1297 2334 1370 plebes
2374 1299 2615 1355 subditas
2641 1315 2750 1354 non
2776 1314 2840 1354 ea
2868 1298 2955 1353 via
2982 1315 3102 1369 quae
3127 1297 3374 1355 Christus
3401 1307 3514 1364 est,
3547 1299 3643 1354 sed
3675 1299 3732 1354 in

2153 1389 2356 1444 invium
2407 1390 2646 1444 trahunt.
2698 1388 2870 1462 Super
2915 1404 3049 1459 quos
3099 1398 3246 1444 recte
3289 1405 3505 1459 quoque
3553 1389 3730 1444 affusa

2155 1479 2429 1535 contentio
2459 1480 2673 1546 dicitur,
2705 1481 2831 1550 quia
2853 1481 2969 1542 wis
2992 1481 3094 1536 sibi
3122 1482 3357 1537 vicissim
3394 1483 3732 1552 allegationi-

2153 1569 2255 1624 bus
2277 1569 2674 1625 contradicunt.

2227 1657 2412 1712 XXIII.
2448 1658 2608 1714 Arius
2636 1659 2832 1728 quippe
2879 1667 2990 1714 tres
3029 1673 3289 1729 personas
3331 1659 3385 1714 in
3428 1659 3734 1716 Divinitate

487 1741 1099 1858 ᾧιῖὶζιῖξιῖίζ
1117 1741 1368 1832 Animam
1413 1741 1634 1842 petunt,
1679 1775 1864 1839 guttur
1908 1765 2060 1819 inva-
2090 1741 2138 1802 Β
2162 1752 2462 1858 suscipiens
2481 1793 2498 1819 ,
2545 1761 2655 1808 tres
2693 1754 2857 1808 etiam
2897 1753 3028 1808 deos
3064 1752 3312 1808 credidit.
3351 1749 3516 1819 Quem
3537 1761 3738 1807 contra

487 1879 641 1941 dunt,
692 1875 963 1930 vitalibus.
986 1870 1180 1926 vulnus
1209 1865 1474 1936 inﬂigunt.
1511 1862 1717 1918 Graves
1747 1865 1871 1915 sunt
1909 1869 2058 1912 mor-

489 1983 584 2024 sus
624 1967 1020 2022 haereticorum.
1051 1959 1153 2027 Qui
1180 1957 1376 2021 etiam,
1412 1954 1545 2024 ipsis
1567 1951 1757 2009 bestiis
1784 1947 2062 2022 graviores

489 2067 546 2116 et
569 2059 894 2128 rapaciores,
936 2054 1142 2110 nullum
1181 2049 1424 2107 avaritiae
1460 2047 1624 2102 linem
1660 2041 2064 2114 impietatisque

494 2157 780 2206 noverunt.

562 2239 726 2294 XXII.
777 2238 887 2294 Nec
930 2251 1028 2292 vos
1071 2241 1287 2291 moveat
1333 2230 1480 2302 quod
1529 2228 1758 2284 formam
1814 2225 2066 2280 videntur

491 2331 825 2404 praetendere
850 2331 1162 2384 humanam.
1201 2324 1317 2380 Etsi
1353 2323 1485 2378 foris
1520 2323 1684 2376 horno
1709 2317 1937 2380 videtur,
1978 2315 2066 2369 in-

493 2431 596 2478 tus
630 2420 802 2476 bestia
837 2418 1040 2474 fremit.
1072 2417 1159 2472 Ea:
1191 2414 1448 2486 fructibus
1489 2413 1626 2467 enim
1664 2425 1844 2464 eorum
1883 2422 2070 2478 cogno-

493 2514 648 2568 scetis
685 2527 795 2566 eos.
843 2509 902 2566 Si
947 2509 1069 2579 quis
1108 2522 1240 2578 ergo
1288 2506 1468 2576 specie
1509 2510 1774 2566 movetur,
1832 2500 2068 2554 fructum

496 2603 809 2672 interroget.
858 2601 1038 2657 Ulnlat
1066 2600 1168 2655 iste
1197 2598 1524 2668 Scripturas,
1555 2612 1664 2652 non
1695 2603 1910 2659 tractat,
1941 2592 2068 2662 quia

496 2696 647 2750 vocis
689 2703 963 2749 auctorem
1010 2699 1190 2763 negat.
1239 2691 1346 2746 Iste
1391 2695 1476 2744 est
1517 2687 1608 2756 qui
1657 2701 1780 2742 cum
1826 2683 2068 2752 discipu-

497 2786 585 2842 lus
629 2787 879 2856 cupiebat
913 2798 1033 2841 esse
1054 2825 1070 2850 ,
1103 2791 1162 2839 et
1205 2799 1314 2838 non
1361 2778 1694 2849 simpliciter,
1727 2777 1822 2832 sed
1853 2774 2073 2828 fraudu-

499 2875 672 2932 lenter
710 2876 938 2932 Domino
981 2875 1058 2930 ait
1092 2891 1106 2927 :
1161 2873 1432 2943 Magister,
1473 2885 1662 2941 sequar
1689 2879 1738 2922 te
1768 2881 2085 2938 quocunque,

500 2968 645 3023 ieris.
700 2967 780 3022 Ad
815 2982 969 3038 quem
1007 2965 1260 3021 Dominus
1293 2963 1427 3018 dixit
1463 2979 1483 3017 :
1527 2959 1718 3031 Vulpes
1763 2963 1938 3028 foveas
1973 2959 2073 3010 ha-

2163 1842 2447 1908 Sabellius,
2495 1858 2663 1898 unum
2713 1844 2880 1904 Deum
2935 1843 3254 1912 suscipiens,
3295 1859 3462 1898 unam
3507 1841 3738 1897 credidit

2161 1948 2281 1990 esse
2328 1948 2637 2002 personam.
2683 1932 2829 1987 Inter
2850 1948 2986 2003 quos
3031 1941 3218 1989 sancta
3251 1931 3491 1988 Ecclesia
3528 1927 3756 1987 rectum

2159 2025 2552 2098 praedicationis
2589 2042 2700 2082 sua:
2745 2029 3016 2082 tramitem
3059 2025 3507 2082 indeclinabiliter
3529 2034 3740 2087 tenens,

2163 2126 2219 2172 ct
2247 2134 2412 2173 unum
2443 2118 2608 2173 Deum
2633 2118 2947 2187 praedicans,
2983 2127 3093 2174 tres
3127 2131 3384 2186 personas
3407 2124 3604 2170 contra
3637 2114 3736 2168 Sa-

2165 2207 2386 2264 bellium
2433 2210 2646 2263 asserit.
2702 2209 2768 2263 Et
2819 2217 2930 2264 tres
2965 2223 3224 2278 personas
3271 2222 3547 2271 asserens,
3580 2221 3745 2262 unum

2166 2300 2334 2356 Deum
2358 2310 2544 2356 contra
2571 2301 2759 2355 Arrium
2788 2302 3091 2356 conﬁtetur.
3515 2331 3523 2337 -

2243 2390 2427 2446 XXIV.
2468 2392 2759 2460 Elipandus
2802 2391 3073 2447 Toletanze
3120 2391 3262 2446 sedis
3305 2389 3615 2460 episcopus,
3659 2403 3748 2442 ne-

2170 2483 2283 2540 scio
2326 2497 2431 2552 qua
2467 2483 2868 2538 commixtionis
2907 2483 3206 2554 vertigine,
3253 2490 3362 2536 tres
3388 2495 3657 2551 personas
3696 2480 3745 2532 in

2169 2587 2276 2627 una
2309 2581 2500 2626 natura
2529 2573 2742 2628 deitatis
2775 2572 3090 2635 confundit;
3141 2581 3197 2626 et
3223 2572 3498 2626 Christum
3535 2572 3604 2625 de
3631 2571 3747 2624 Vir-

2170 2664 2294 2734 gine
2343 2673 2530 2719 uatum
2555 2703 2572 2731 ,
2615 2679 2722 2718 non
2779 2664 2946 2719 Deum
2975 2704 2991 2730 ,
3054 2663 3151 2719 sed
3202 2671 3408 2717 tantum
3468 2663 3746 2716 hominem

2172 2755 2363 2812 credit.

2243 2847 2410 2902 XXV.
2451 2847 2773 2922 Manichacus
2820 2854 3039 2912 autem,
3090 2846 3182 2915 qui
3227 2845 3284 2899 in
3328 2860 3486 2900 sacro
3534 2844 3750 2913 eloquio

2173 2936 2542 3008 virginitatem
2599 2936 2805 2992 laudari
2870 2935 3159 3007 cognovit,
3226 2932 3536 3006 coniugium
3603 2934 3752 2988 da-

504 3059 641 3124 bent,
683 3067 734 3111 et
770 3027 888 3110 aues
935 3053 1051 3110 cali
1099 3053 1269 3117 nidos,
1311 3053 1398 3106 ubi
1448 3027 1770 3121 requieicant
1797 3063 1816 3102 :
1852 3062 1974 3102 nam
2007 3045 2073 3115 fi-
2101 3073 2148 3138 Ο
2177 3027 2346 3138 “aii:-

503 3147 607 3203 lius
652 3145 877 3201 hominis
925 3160 1031 3198 non
1078 3143 1233 3197 habet
1290 3142 1379 3196 ubi
1423 3149 1578 3210 caput
1627 3155 1780 3194 suum
1837 3136 2072 3192 reclinet.

507 3239 740 3294 Videbat
787 3235 936 3290 enim
967 3242 1204 3290 mentem
1245 3231 1363 3300 eius
1409 3245 1562 3285 more
1594 3228 1833 3298 vulpium
1872 3233 2078 3282 tortuo-

507 3344 624 3386 sam
645 3369 661 3395 ,
692 3336 749 3383 et
784 3327 1060 3391 volucres,
1090 3325 1146 3380 id
1171 3333 1255 3380 est
1280 3323 1582 3386 daemones,
1614 3321 1670 3375 in
1703 3335 1770 3376 eo
1797 3319 2081 3374 demoran-

506 3429 608 3476 tes.
668 3419 778 3475 Sed
821 3417 1083 3475 Dominus
1133 3432 1241 3472 non
1283 3415 1666 3484 obsequiorum
1701 3411 1957 3483 speciem,
1985 3410 2082 3466 sed

507 3511 798 3580 puritatem
843 3507 1070 3579 requirit
1113 3508 1330 3563 mentis.
1380 3505 1621 3575 Denique
1668 3505 1752 3560 sic
1797 3504 1909 3568 ait,
1957 3516 2084 3558 cum

509 3602 789 3672 parvulum
835 3600 890 3655 in
938 3600 1116 3655 medio
1167 3599 1357 3654 statim
1407 3615 1421 3652 :
1479 3596 1790 3667 Quicunque
1837 3594 2083 3665 receperit

502 3707 729 3763 puerum
780 3691 937 3744 istum
983 3690 1042 3744 in
1094 3690 1300 3743 nomine
1345 3703 1496 3753 meo,
1539 3702 1621 3740 me
1659 3686 1859 3756 recipit.
1889 3684 1959 3738 Et
1995 3686 2086 3755 qui

507 3796 593 3834 me
642 3779 856 3848 recipit,
909 3777 1090 3848 recipit
1153 3793 1273 3832 eum
1317 3776 1407 3846 qui
1454 3791 1536 3828 nte
1578 3775 1740 3829 misit.
1793 3772 1896 3840 Qui
1940 3773 2087 3828 enim

513 3869 841 3924 imitatorem
898 3866 1102 3921 Christi
1155 3866 1390 3936 recipit,
1437 3865 1717 3920 Christum
1762 3862 1973 3931 recipit.
2022 3861 2091 3917 Et

515 3958 610 4027 qui
663 3954 953 4025 imaginem
1010 3955 1105 4008 Dei
1155 3954 1384 4023 recipit,
1438 3953 1630 4022 recipit
1680 3954 1868 4008 Deum.
1919 3951 2095 4022 Caput

517 4047 664 4102 enim
696 4045 899 4101 Christi
940 4045 1084 4100 Deus
1115 4052 1228 4110 est,
1268 4044 1324 4098 id
1365 4051 1479 4108 est,
1517 4042 1772 4098 divinitas
1808 4039 1963 4110 ejus,
1999 4043 2093 4112 qui

520 4137 578 4190 iu
627 4143 866 4189 tortuosa
915 4141 1096 4188 mente
1140 4147 1247 4188 non
1290 4133 1516 4188 habitat.
1565 4130 1798 4187 Proinde
1831 4140 2094 4201 quantum

521 4237 698 4301 potest
724 4227 886 4284 homo
911 4227 1176 4284 sinceram
1202 4225 1454 4281 exhibeat
1479 4225 1638 4281 ﬁdem
1657 4265 1674 4292 ,
1709 4233 1766 4281 et
1802 4226 2096 4288 observan-

522 4320 656 4374 tiam
681 4320 1056 4375 mandatorum
1099 4316 1346 4389 religiosa
1376 4325 1556 4372 mente
1577 4317 1871 4382 custodiat,
1898 4333 1977 4374 ne
2007 4317 2094 4374 di-

523 4418 680 4466 catur
699 4410 750 4466 ei
798 4427 812 4464 :

524 4501 676 4555 nidos
704 4539 720 4566 ,
762 4499 906 4570 ﬁlius
952 4509 1128 4555 autem
1181 4499 1409 4554 hominis
1456 4515 1559 4554 non
1605 4499 1760 4554 liabet
1799 4499 1885 4554 ubi
1939 4508 2094 4569 caput

523 4606 681 4644 suum
728 4590 958 4645 reclinet.
1015 4589 1306 4661 Vulpecula
1347 4590 1494 4644 enim
1545 4589 1708 4644 fallax
1741 4597 1825 4646 est
1865 4597 1922 4645 et
1967 4590 2100 4646 insi.

515 4679 634 4742 Aiis
670 4694 882 4748 semper
915 4681 1117 4735 intenta
1141 4717 1158 4745 ,
1195 4687 1256 4734 ut
1289 4680 1534 4749 rapinam
1568 4677 1773 4734 fraudis
1797 4687 2047 4734 exerceat
2079 4693 2098 4742 ε

515 4771 663 4837 mihi!
711 4780 886 4828 tutum
911 4810 927 4838 ,
973 4772 1106 4827 nihil
1143 4773 1377 4827 otiosum
1400 4811 1415 4835 ,
1463 4771 1599 4826 nihil
1635 4771 1840 4839 patitur
1861 4785 1983 4827 esse
2021 4785 2104 4826 se-

512 4879 740 4930 .curum,
779 4863 923 4934 quod
959 4863 1099 4918 inter
1125 4863 1239 4931 ipsa
1279 4862 1510 4931 hospitia
1555 4861 1830 4916 hominum
1862 4861 2102 4931 praedam

516 4952 790 5020 requirat,
821 4961 878 5008 et
911 4952 969 5007 in
1000 4951 1152 5007 fovea
1197 4965 1406 5019 semper
1435 4951 1604 5005 latere
1647 4949 1980 5008 desiderans.
2018 4949 2100 5006 Ita

513 5049 656 5103 sunt
707 5041 965 5107 haeretici,
1011 5041 1104 5111 qui
1146 5040 1364 5096 domum
1403 5039 1507 5095 sibi
1545 5053 1738 5108 parare
1767 5052 1874 5094 non
1903 5039 2102 5108 sciunt,

517 5130 626 5194 sed
667 5131 1258 5200 circumscriptionibus
1297 5130 1411 5185 suis
1450 5129 1585 5185 alios
1620 5129 1872 5198 decipere
1901 5145 2104 5185 conan-

521 5231 639 5284 tur.
689 5222 792 5291 Qui
829 5222 1227 5292 simplicitatem
1264 5223 1428 5278 habet
1451 5261 1465 5287 ,
1509 5237 1724 5292 semper
1755 5222 1978 5276 domum
2011 5223 2108 5276 ha-

524 5317 701 5382 bitat,
734 5315 862 5386 quia
894 5330 1106 5386 semper
1130 5314 1184 5369 in
1212 5315 1478 5370 cbaritate
1509 5321 1610 5369 est.
1649 5313 1948 5370 Hmreticus
1978 5327 2108 5368 vero

527 5407 590 5462 in
640 5406 794 5464 fovea
841 5413 967 5470 est,
1020 5414 1277 5474 tanquam
1324 5402 1665 5459 fraudulenta
1710 5403 1932 5472 vulpes,
1981 5403 2108 5473 quia

531 5510 812 5564 nunquam
847 5506 933 5551 est
981 5496 1035 5553 in
1071 5495 1310 5564 puritate
1343 5495 1563 5558 mentis,
1618 5502 1676 5549 et
1725 5494 1846 5550 ideo
1890 5493 2110 5549 fraudu-

530 5585 685 5656 ﬁcnta
744 5585 928 5654 vulpes
975 5594 1060 5641 est
1085 5625 1102 5648 .
1149 5586 1359 5655 gallina:
1425 5585 1504 5640 illi
1565 5586 1886 5656 evangelica:
1926 5586 2109 5644 dolum

605 5687 643 5733 ,β
683 5674 846 5737 Forte
863 5676 1243 5750 detnsapiuiu
1271 5677 1353 5731 vel
1382 5675 1508 5744 quid
1541 5677 1731 5732 simile.

2250 3117 2438 3174 XXVI.
2478 3117 2548 3171 At
2575 3124 2762 3173 contra
2787 3115 3119 3179 Iovinianus,
3147 3115 3239 3185 qui
3260 3116 3481 3170 concedi
3506 3114 3754 3185 conjugis

2175 3209 2470 3280 comperit,
2507 3207 2835 3279 virginitatis
2868 3207 3188 3262 munditiam
3219 3206 3481 3275 despexit.
3516 3205 3674 3262 Unde
3701 3191 3769 3258 fit.

2176 3312 2236 3359 ut
2257 3317 2490 3374 semper,
2526 3299 2794 3375 haereticis
2829 3313 3084 3368 perversa
3109 3297 3460 3368 intelligentia
3495 3294 3756 3360 confusis,

2176 3395 2418 3466 vicissim
2446 3391 2546 3447 sibi
2583 3406 2772 3446 eorum
2812 3389 3052 3460 nequitia
3094 3397 3150 3445 et
3191 3388 3248 3446 in
3279 3387 3436 3457 culpa
3465 3387 3756 3444 concordet

2179 3494 2236 3541 et
2261 3486 2315 3540 in
2343 3483 2611 3539 sententia
2634 3483 2921 3552 discrepet.
3761 3489 3766 3493 ·

2253 3576 2464 3632 XXVII.
2509 3574 2579 3629 At
2623 3581 2813 3630 contra
2867 3580 3052 3627 sancta
3103 3569 3342 3625 Ecclesia
3397 3583 3500 3639 per
3553 3568 3760 3623 medias

2184 3680 2533 3739 utrarumque
2577 3668 2813 3738 partium
2854 3665 2975 3720 lites
3015 3663 3264 3720 ordinata
3313 3675 3449 3732 pace
3493 3662 3754 3733 graditur.

2186 3762 2254 3818 Et
2297 3762 2437 3816 sicut
2486 3759 2764 3828 superiora
2811 3756 3104 3825 suscipere,
3144 3753 3218 3808 ita
3263 3752 3477 3808 noverit
3510 3752 3679 3806 etiam
3715 3757 3760 3804 et

2189 3853 2445 3909 inferiora
2491 3849 2756 3906 venerari.
2802 3848 3077 3916 Quatenus
3121 3861 3222 3901 nec
3268 3860 3479 3900 summa
3533 3842 3760 3915 mqualia

2189 3956 2352 4020 ponat
2403 3945 2638 4010 inﬁmis,
2692 3957 2793 3998 nec
2840 3942 3034 3997 iterum
3086 3938 3270 3993 inﬁma
3319 3936 3580 4006 despiciat
3642 3950 3764 3990 cum

2191 4055 2402 4098 summa
2445 4043 2751 4093 veneratur.
2804 4032 2922 4088 Non
2971 4037 3195 4108 possunt
3239 4044 3370 4098 ergo
3425 4025 3672 4082 hzeretici
3716 4026 3767 4080 in

2193 4149 2360 4190 unum
2402 4129 2673 4202 copulari,
2715 4127 2807 4197 qui
2835 4139 2996 4198 more,
3020 4120 3441 4198 vulpium‘inter
3471 4133 3528 4173 se
3557 4117 3774 4192 dissen-V
3813 4169 3829 4195 ζ

2195 4224 2390 4278 tientes
2415 4260 2430 4285 ,
2469 4201 2711 4275 diversas
2735 4215 2838 4280 sibi
2866 4213 3076 4269 fodiunt
3107 4210 3312 4274 foveas,
3358 4208 3451 4278 qui
3482 4223 3646 4262 unam
3679 4201 3774 4260 do-A
3817 4219 3832 4237 ·

2195 4331 2342 4370 mum
2375 4311 2670 4368 Ecclesium
2710 4322 2870 4378 quam
2898 4306 3200 4379 habuerunt
3232 4301 3608 4372 perdiderunt.
3659 4297 3770 4352 Hoc

874 4407 1063 4480 Vulpes
1102 4387 1302 4479 foveam
1341 4409 1528 4463 habent
1547 4447 1566 4474 ,
1610 4417 1660 4464 et
1704 4408 1935 4464 volucres
1980 4408 2093 4465 coeli
2121 4418 2174 4480 ι)
2194 4406 2338 4466 enim
2383 4401 2582 4458 animal
2625 4415 2726 4456 nec
2751 4387 3077 4468 mansuescit
3114 4392 3419 4462 aliquando,
3451 4403 3629 4459 neque
3665 4387 3770 4443 ullo

2197 4495 2318 4552 usui
2364 4501 2459 4548 aut
2509 4492 2631 4547 cibo
2675 4489 2805 4545 utile
2846 4495 2947 4542 est.
3000 4485 3092 4540 Sic
3140 4483 3409 4547 haeretici,
3470 4496 3571 4536 nec
3620 4495 3772 4534 man—

2197 4591 2452 4643 suescunt
2497 4580 2782 4652 aliquando
2807 4617 2822 4642 ,
2871 4592 2970 4634 nec
3016 4577 3137 4631 cibo
3180 4573 3394 4629 Domini
3442 4579 3772 4628 connectun-

2200 4682 2309 4729 tur.
2358 4671 2474 4727 Non
2518 4669 2663 4726 enim
2698 4668 2764 4722 de
2810 4666 2894 4722 his
2931 4665 3062 4722 dicit
3107 4663 3400 4720 Christus:
3434 4660 3587 4716 Meus
3629 4662 3772 4714 cibus

2199 4776 2274 4821 est
2316 4774 2372 4819 ut
2419 4763 2614 4838 faciam
2664 4759 2974 4814 voluntatem
3003 4756 3182 4812 Patris
3239 4755 3338 4808 mei
3386 4754 3474 4824 qui
3530 4754 3589 4806 in
3635 4751 3773 4806 ralis

2200 4865 2297 4912 est.
2341 4854 2487 4922 Quas
2525 4851 2709 4922 vulpes
2757 4850 2812 4904 in
2857 4848 3092 4904 Canticis
3131 4846 3464 4902 canticorum
3510 4860 3539 4898 a
3599 4841 3776 4897 fratri-

2203 4949 2306 5004 bus
2343 4946 2457 5000 suis
2493 4942 2752 4998 Dominus
2795 4939 2961 5016 ligare
3005 4935 3262 5000 mandat,
3307 4950 3428 4989 cum
3458 4934 3634 4988 dicit:
3677 4931 3777 4985 Ca-

2203 5040 2306 5110 pite
2341 5037 2487 5092 nobis
2524 5034 2696 5104 vulpes
2739 5030 2982 5102 parvulas
3014 5046 3131 5100 qua:
3163 5027 3520 5082 demoliuntur
3543 5028 3716 5081 cineas
3754 5039 3773 5078 :

2205 5147 2327 5187 nam
2365 5131 2512 5184 vinea
2553 5135 2734 5182 nostra
2777 5124 2992 5199 ﬂoruit.
3024 5121 3164 5176 Dicit
3211 5136 3309 5190 per
3362 5119 3674 5190 parabolam
3721 5117 3776 5170 in

2206 5219 2494 5291 Evangelio
2531 5216 2788 5272 Dominus
2833 5231 2850 5267 ε
2900 5211 3031 5267 Cum
3057 5211 3328 5265 crevissent
3375 5209 3547 5263 herbis
3575 5216 3623 5262 et
3659 5206 3777 5275 fru-

2207 5322 2346 5368 ctum
2393 5310 2656 5381 fecissent,
2687 5315 2810 5380 tunc
2858 5311 3210 5375 apparuerunt
3251 5301 3508 5362 zizaniw,
3569 5299 3622 5352 id
3673 5305 3775 5361 εει,

2207 5402 2518 5475 proliciente
2544 5397 2804 5460 Ecclesia,
2856 5409 3155 5449 numerosa:
3181 5393 3345 5448 etiam
3393 5393 3625 5446 hatrescs
3667 5402 3779 5443 sur-

2207 5501 2492 5557 rexerunt;
2543 5491 2638 5547 sed
2669 5489 2940 5560 Ecclesia,
2981 5488 3036 5541 in
3080 5486 3186 5540 lide
3213 5493 3590 5556 permanente.
3621 5493 3776 5550 quam

2208 5601 2372 5657 prava
2420 5582 2682 5639 sentirent
2721 5578 3055 5646 investigata:
3087 5585 3212 5631 sunt
3259 5577 3518 5632 bmrcses.
3568 5572 3656 5628 Sic
3691 5568 3776 5622 Illo

2281 5676 2309 5717 δ
2346 5673 2508 5730 Forte
2538 5671 2735 5740 Serpsit
2765 5670 2847 5726 ch
2878 5669 3070 5736 serpit.
