3992 6176
255 277 369 330 995

943 260 1224 332 narem:
1252 277 1342 333 nr
1377 279 1438 333 s.
1479 276 1681 332 near:
1718 275 1812 330 an

1931 269 2243 330 .IPANDUM
2279 273 2495 331 EPIST.
2536 307 2606 319 —-
2639 271 2769 334 LIB.
2809 278 2872 335 Il.

3413 265 3518 345 99s

254 388 508 452 Samson,
549 389 640 457 qui
685 387 1071 458 interpretatur
1092 391 1192 458 sol,
1220 393 1392 461 captis
1424 391 1680 445 trecentis
1716 389 1832 444 vul-
1856 377 1912 450 Α
1933 388 2122 444 oculus
2150 397 2468 444 exerceatur.
2509 390 2638 446 llaec
2669 400 2752 447 est
2771 373 2882 446 illa
2906 377 3104 447 locutio
3135 375 3399 458 haeretici,
3428 411 3518 464 qus

255 481 432 550 pihus,
459 494 646 534 eamm
687 482 872 537 caudis
911 483 1089 552 ignem
1118 485 1382 554 apposuit,
1407 492 1461 538 et
1484 483 1692 538 I'mctus
1729 482 1832 538 ini-

255 572 521 625 micorum
564 570 818 628 incendit.
865 572 1087 643 Semper
1139 575 1280 629 enim
1331 575 1570 630 haeretici
1617 574 1668 629 in
1725 575 1835 644 pri-

255 661 470 714 mordio
507 662 876 718 conversionis
906 679 1043 730 suae,
1069 663 1215 720 velut
1253 663 1386 719 falsa
1430 665 1684 736 religione
1712 679 1835 719 con-

255 750 585 818 spiciuntur;
623 751 680 805 in
717 755 974 808 extremis
1009 755 1121 809 suis
1161 769 1284 810 cum
1327 757 1591 825 coeperint
1640 754 1834 826 pradi-

253 855 414 905 eare,
455 848 711 910 tanquam
746 843 799 895 in
849 843 1017 898 cauda
1057 845 1233 914 ignem
1283 847 1536 911 trahunt,
1577 847 1834 917 gehennae

256 929 508 984 incendio
568 930 826 998 deputati.
881 931 947 985 Et
997 932 1116 987 ideo
1159 949 1281 988 cum
1332 934 1588 990 Dominus
1638 936 1767 990 dicit
1813 954 1828 991 :

256 1018 440 1089 Capite
487 1020 632 1074 nobis
672 1021 880 1092 uulpes,
924 1037 987 1077 ac
1020 1024 1066 1078 si
1101 1025 1243 1080 dicat
1273 1043 1285 1078 :
1311 1027 1625 1082 Couvincite
1659 1030 1832 1084 hare—

254 1109 412 1172 ticos,
443 1125 738 1182 eorumque
758 1115 1052 1173 versutiam
1083 1127 1390 1172 sanctarum
1430 1120 1832 1188 Scripturarum

181 1220 184 1222 ν
255 1202 561 1257 concludite
593 1204 931 1261 testimoniis.
984 1206 1128 1274 Quas
1170 1210 1343 1282 vulpes
1388 1212 1634 1282 parvulas
1680 1215 1829 1280 dicit,

255 1291 383 1359 quia
434 1291 568 1347 nihil
617 1295 816 1364 magni,
865 1300 1158 1354 secundum
1194 1308 1393 1356 rectam
1438 1301 1597 1356 ﬁdem
1636 1303 1830 1358 intelli-

253 1383 464 1452 gendo,
502 1399 661 1440 omne
705 1387 849 1456 quod
892 1389 1108 1459 sapiunt
1153 1393 1436 1448 minimum
1485 1401 1590 1448 est.
1639 1394 1831 1449 Demo-

254 1474 459 1528 tiuntur
498 1476 692 1542 cineas,
743 1478 868 1546 quia
911 1475 1228 1538 subvertunt
1267 1485 1471 1553 plebes,
1519 1487 1701 1554 pravis
1737 1502 1831 1542 eas

253 1563 633 1620 traditionibus
669 1581 1098 1641 corrumpentes.
1146 1573 1288 1628 Nam
1319 1577 1464 1630 vinea
1511 1588 1689 1632 nostra
1732 1580 1829 1648 ﬂo-

254 1655 376 1715 ruit,
412 1654 463 1708 id
482 1661 585 1720 est,
609 1655 850 1713 Ecclesia
871 1661 1130 1717 catholica
1153 1662 1514 1719 indeclinabili
1539 1675 1830 1736 augmento

252 1742 501 1813 profecit.
1737 1752 1740 1757 '

324 1834 557 1890 XXVIII.
618 1835 761 1892 Bene
803 1851 932 1907 ergo
985 1839 1266 1912 Scriptura
1307 1852 1492 1900 sancta
1544 1845 1830 1902 hareticos

250 1925 497 1980 homines
519 1925 572 1979 in
603 1941 709 1982 uno
729 1942 952 1998 corpore
971 1932 1202 1987 bestiam
1227 1934 1375 2000 dicit,
1404 1935 1527 2006 quia
1559 1937 1661 1991 hoc
1687 1937 1828 2007 quod

250 2011 475 2083 legendo
511 2014 719 2084 profert
763 2016 1046 2086 imperitis,
1093 2022 1246 2089 quasi
1295 2024 1362 2078 ab
1409 2025 1631 2079 obtentu
1666 2026 1831 2081 ratio-

249 2104 337 2159 nis
387 2104 597 2173 incipit.
661 2104 767 2160 Sed
803 2107 927 2175 quia
960 2109 1065 2164 hoc
1103 2113 1247 2178 quod
1297 2113 1427 2183 legit
1473 2129 1580 2168 non
1632 2115 1832 2169 intelli-

249 2195 349 2265 git,
397 2209 609 2265 semper
637 2204 818 2252 tamen
863 2198 932 2252 ad
989 2199 1413 2258 irrationabilem
1464 2219 1680 2261 sensum
1715 2213 1830 2262 ten-

250 2288 359 2353 dit;
399 2297 453 2343 et
494 2288 648 2358 quasi
690 2290 850 2344 homo
887 2291 940 2344 in
975 2293 1202 2348 bestiam
1241 2294 1457 2362 desinit,
1486 2297 1613 2352 dum
1641 2314 1831 2354 sensus

251 2379 422 2448 ipsius
463 2378 758 2448 Scriptura
803 2381 870 2436 ad
911 2382 1239 2438 intellectum
1290 2387 1446 2442 make
1498 2388 1829 2445 credulitatis

251 2469 490 2538 exponit.
525 2468 678 2536 Quod
705 2471 840 2526 bene
867 2472 979 2526 haec
1012 2473 1182 2528 bestia
1212 2475 1316 2529 duo
1347 2490 1547 2531 cornua
1588 2480 1712 2548 agni
1755 2480 1830 2533 si-

253 2561 401 2626 milia
435 2562 636 2616 babere
661 2563 878 2628 dicitur,
906 2565 1031 2634 quia
1057 2566 1456 2635 simplicitatem
1485 2570 1606 2639 agni
1638 2571 1693 2624 in
1729 2586 1828 2625 ex-

250 2651 452 2706 teriore
483 2650 819 2707 demonstrat
858 2655 1094 2720 homine,
1121 2664 1176 2711 et
1209 2657 1315 2711 duo
1341 2665 1662 2715 testamenta
1694 2661 1828 2732 legis

248 2756 305 2802 et
353 2749 628 2820 Evangelii.
680 2767 847 2805 unum
899 2766 957 2806 se
1003 2754 1283 2809 nobiscum
1340 2755 1615 2811 Christum
1663 2758 1832 2812 simu-

250 2839 364 2893 lant
389 2841 703 2908 prtedicare.
743 2840 850 2896 Sed
882 2842 1004 2896 audi
1051 2844 1142 2912 qui
1173 2845 1240 2900 de
1273 2861 1339 2900 eo
1372 2845 1608 2903 Joannes
1638 2848 1782 2904 dicat
1809 2867 1824 2904 :

250 2932 322 2986 Et
353 2932 660 3002 loquebatur
682 2943 740 2986 ut
764 2934 924 2988 draco
961 2951 980 2990 :
1030 2948 1080 2990 et
1126 2954 1328 2992 omnem
1364 2948 1665 3008 potestatem
1689 2942 1830 3011 prio-

249 3022 324 3075 ris
360 3021 534 3077 bestia
576 3023 799 3091 faciebat
838 3025 893 3078 in
936 3037 1209 3096 conspectu
1243 3028 1358 3098 ejus
1401 3045 1420 3082 :
1467 3039 1513 3083 et
1557 3029 1684 3099 facit
1731 3040 1829 3085 ter-

1931 477 2165 549 loquitur
2206 480 2358 549 quasi
2404 479 2585 545 draco,
2636 489 2686 535 et
2731 496 2934 534 munem
2980 489 3282 550 potestatem
3328 484 3522 552 prioris

1932 570 2109 625 bestia
2134 569 2291 639 facit,
2332 571 2384 625 id
2409 579 2491 626 est
2509 613 2522 637 ,
2553 571 2718 627 totius
2741 571 2983 640 corporis
3007 571 3237 637 diaboli,
3273 575 3378 630 hoc
3401 585 3484 630 est
3500 615 3518 642 ,

1931 661 2194 733 malorum
2241 662 2542 724 hominum,
2591 676 2751 731 quem
2795 662 3034 731 priorem
3077 662 3305 717 bestiam
3351 665 3518 732 dicit,

1933 753 2070 807 sicut
2099 752 2176 806 ait
2205 767 2220 805 :
2253 752 2320 805 Et
2347 752 2474 821 facit
2501 761 2692 806 terram
2725 761 2773 806 et
2808 768 2896 806 eos
2931 751 3020 822 qui
3045 752 3340 808 inhabitant
3369 756 3426 809 in
3456 773 3521 810 ea

1932 843 2156 896 adorare
2185 842 2397 896 bestiam
2427 842 2572 895 illam
2597 844 2840 912 priorem,
2872 843 3027 913 cujus
3052 852 3237 896 curata
3263 855 3340 898 est
3363 829 3522 915 plaga

1930 935 2115 987 mortis
2139 934 2274 1003 ejus.
2304 935 2370 988 Et
2401 935 2524 1002 quia
2554 935 2668 1004 ipsa
2699 935 2902 1000 bestia,
2933 949 3096 1004 quam
3123 935 3361 1005 priorem
3385 937 3522 993 dixit

1932 1026 2134 1079 habere
2161 1040 2280 1079 eam
2317 1027 2490 1095 capita
2528 1031 2731 1094 septem
2762 1031 2816 1079 et
2843 1041 3045 1080 cornua
3083 1026 3268 1081 decem
3297 1045 3311 1080 :
3344 1025 3522 1080 Unum

1931 1133 1997 1171 ea:
2035 1118 2292 1188 capitibus
2319 1118 2433 1188 ejus
2471 1117 2596 1169 vidit
2632 1117 2782 1187 quasi
2827 1117 3053 1170 occisum
3094 1118 3151 1171 in
3189 1127 3428 1182 mortem,
3473 1127 3522 1171 et

1929 1206 2085 1277 plaga
2132 1210 2315 1261 mortis
2363 1209 2478 1277 ejus
2523 1216 2708 1259 curata
2752 1216 2847 1260 est.
2898 1206 3075 1277 Ipsum
3125 1217 3286 1277 caput
3329 1207 3522 1262 bestia!

1931 1295 2092 1350 velut'
2123 1297 2366 1350 occisum
2411 1297 2526 1365 ipse
2565 1302 2647 1349 est
2690 1310 2852 1350 omne
2889 1312 3084 1366 corpus
3123 1297 3520 1362 haereticorum,

1930 1389 2022 1458 qui
2052 1389 2350 1458 praedicant
2389 1388 2667 1444 Christum
2706 1389 3024 1443 cruciﬁxum
3067 1397 3126 1443 et
3167 1389 3422 1444 simulant
3461 1405 3522 1445 ss

1931 1495 2055 1536 cum
2083 1481 2292 1536 duobus
2321 1481 2577 1535 cornibus
2603 1496 2820 1550 agnum,
2847 1482 2942 1535 sed
2967 1489 3146 1536 tamen
3173 1489 3234 1536 ut
3255 1483 3421 1537 draco
3445 1482 3525 1538 lo-

1930 1579 2186 1640 quuntur,
2221 1572 2344 1640 quia
2379 1586 2593 1625 omnem
2631 1579 2958 1640 potestatem
2986 1571 3186 1640 prioris
3221 1573 3408 1627 bestia:
3443 1571 3526 1625 fa-

1932 1660 2098 1714 ciunt.
2122 1661 2317 1715 Decem
2340 1675 2563 1725 cornua,
2587 1661 2731 1730 quod
2755 1660 2914 1725 dicit:
2926 1661 3135 1726 bestiae,
3159 1663 3340 1718 decem
3367 1675 3524 1732 rcges

1861 1733 1904 1792 Β
1932 1766 2054 1806 esse
2077 1751 2286 1805 futuros
2313 1751 2366 1805 in
2390 1740 2496 1806 line
2519 1753 2704 1806 mundi
2731 1752 3010 1820 Scriptura
3033 1761 3437 1816 commemorat,
3467 1753 3524 1806 in

1930 1855 2066 1909 quos
2090 1840 2457 1895 Antichristus
2487 1841 2822 1902 undecimus,
2857 1841 3032 1896 tribus
3061 1842 3280 1911 regibus
3305 1841 3520 1906 occisis,

1928 1947 2051 1987 cum
2080 1940 2286 2001 septem
2323 1932 2429 1985 erit
2471 1940 2811 2002 regnaturus,
2844 1945 2980 2001 quos
3020 1947 3165 1986 nunc
3193 1938 3398 2001 septem
3430 1947 3524 1986 03-.-

1927 2022 2036 2092 pita
2062 2022 2324 2076 nominat.
2363 2020 2665 2088 Septimum
2691 2037 2821 2091 ergo
2845 2029 3006 2090 caput
3031 2021 3220 2076 bestia:
3243 2021 3396 2090 quasi
3432 2035 3526 2076 oc-

1929 2114 2100 2168 cisum
2129 2114 2183 2166 in
2222 2121 2427 2176 morte,
2464 2113 2706 2167 lueretici
2737 2121 2894 2177 sunt,
2931 2114 3022 2182 qui
3057 2113 3332 2168 Christum
3368 2111 3536 2181 quasi

1928 2218 2125 2272 agnum
2151 2202 2390 2257 occisum
2419 2217 2542 2256 cum
2567 2201 2775 2256 Joanne
2800 2203 3130 2271 praedicant,
3173 2211 3230 2256 et
3269 2216 3393 2257 eum
3435 2201 3525 2255 Fi-

1928 2288 2057 2347 lium
2098 2282 2411 2346 Del'Deum
2459 2306 2582 2347 esse
2629 2301 2862 2362 negant,
2911 2293 3156 2347 dicentes
3198 2309 3214 2346 :
3266 2291 3384 2346 Non
3423 2305 3524 2359 per

1928 2385 2090 2439 istum
2152 2399 2349 2454 agnum
2413 2383 2557 2438 facta
2611 2391 2737 2437 sunt
2777 2384 3008 2439 visibilis
3075 2393 3130 2438 et
3191 2382 3535 2447 invisibilia;

1927 2492 2087 2546 quem
2111 2474 2346 2530 Joannes
2368 2475 2538 2546 digito
2560 2475 2796 2529 ostendit
2821 2491 2835 2528 :
2867 2473 3003 2528 Ecce
3027 2475 3206 2544 Agnus
3229 2472 3360 2527 Dei!
3390 2472 3525 2527 Ecce

1925 2567 2016 2636 qui
2044 2565 2176 2619 tollit
2208 2575 2418 2636 peccata
2445 2565 2664 2618 mundi!
2697 2565 2799 2630 Qui
2826 2565 2972 2618 enim
3004 2565 3120 2619 haec
3145 2563 3314 2629 dicit,
3344 2563 3538 2618 bestia-

1928 2665 2013 2711 est
2049 2671 2213 2710 unum
2254 2671 2320 2710 ex
2358 2656 2626 2724 capitibus
2659 2656 2878 2720 bestiae,
2920 2664 2976 2710 et
3008 2670 3114 2710 non
3150 2656 3424 2718 occisum,
3463 2661 3538 2708 ut

1929 2763 2103 2818 agnus
2130 2755 2317 2800 noster
2341 2745 2610 2809 Christus,
2633 2753 2894 2815 tanquam
2916 2746 3130 2800 occisus
3152 2745 3218 2800 de
3241 2743 3387 2799 furto
3406 2743 3524 2798 imi-

1930 2837 2150 2893 tationis
2176 2836 2408 2901 Christi,
2438 2844 2494 2890 et
2520 2835 2760 2905 loquitur
2797 2836 2952 2905 quasi
2998 2836 3181 2898 draco,
3212 2842 3270 2888 et
3304 2846 3535 2888 omnem.

1927 2937 2250 3001 potestatem
2287 2927 2488 2996 prioris
2524 2928 2712 2982 bestia
2757 2927 2905 2982 facit.
2945 2925 3080 2992 Quia
3124 2926 3270 2980 hunc
3305 2923 3526 2978 simula-

1930 3038 2083 3077 crum
2109 3021 2356 3077 diabolus
2386 3020 2490 3075 sibi
2520 3021 2816 3086 adinvenit,
2848 3027 2910 3073 ut
2937 3019 3039 3073 sub
3064 3018 3284 3073 nomine
3308 3015 3526 3086 religim

252 3109 364 3162 rant
393 3120 469 3164 ~et
520 3127 607 3165 eos
653 3111 744 3182 qui
789 3113 846 3166 in
911 3130 974 3168 ea
1033 3083 1284 3170 habitant,
1328 3083 1568 3172 adorare.
1609 3119 1825 3172 bestiam
1849 3083 1900 3148 ο
1930 3113 2014 3167 nis
2038 3127 2144 3166 non
2166 3112 2341 3166 solum
2363 3109 2628 3174 carnales,
2651 3111 2745 3166 sed
2769 3111 2930 3165 etiam
2953 3109 3242 3179 religiosos
3261 3108 3520 3177 decipiat.

251 3200 398 3254 illam
426 3203 652 3272 priorem
677 3244 690 3267 ,
733 3204 885 3274 cujus
922 3215 1104 3260 curata
1137 3218 1248 3261 crat
1280 3207 1436 3280 plaga
1477 3211 1658 3264 mortis
1690 3210 1824 3280 ejus.

252 3290 424 3345 Draco
445 3293 622 3357 enim,
654 3301 714 3347 ut
733 3293 998 3360 diximus,
1032 3297 1276 3353 diabolus
1301 3299 1516 3354 dicitur.
1558 3299 1649 3355 Sic
1682 3302 1826 3356 enim

252 3383 416 3436 draco
435 3383 678 3439 diabolus
696 3426 711 3451 ,
742 3386 1008 3456 loquendo
1037 3397 1090 3444 et
1117 3406 1256 3446 nova
1279 3392 1413 3448 falsa
1440 3395 1823 3463 promittendo,

253 3472 462 3540 decepit
503 3473 774 3530 hominem
833 3477 889 3532 in
945 3481 1230 3549 paradiso;
1291 3483 1373 3538 sic
1424 3493 1479 3538 et
1520 3485 1824 3551 haereticus,

251 3561 344 3630 qui
385 3563 556 3616 bestia
603 3562 836 3630 dicitur,
889 3567 1130 3636 loquitur
1172 3572 1326 3639 quasi
1364 3571 1528 3626 draco
1553 3612 1568 3636 ,
1623 3571 1677 3626 id
1720 3581 1823 3638 est,

251 3652 406 3718 quasi
459 3651 704 3708 diabolus
762 3655 818 3709 in
868 3658 1135 3724 paradiso.
1191 3657 1326 3712 Nam
1364 3659 1647 3727 paradisus
1685 3673 1828 3714 nunc

251 3737 490 3793 Ecclesia
517 3749 618 3793 est.
652 3741 938 3798 Seducitur
964 3754 1144 3800 autem
1170 3748 1351 3802 verbis
1377 3746 1537 3815 hujus
1561 3751 1828 3818 serpentis

251 3829 490 3882 carnalis
530 3838 714 3886 nostra
738 3835 1192 3902 concupiscentia,
1215 3845 1272 3891 et
1303 3854 1401 3909 per
1433 3840 1578 3894 illam
1617 3843 1829 3897 seduci-

253 3929 345 3974 tur
394 3919 599 3986 Adam,
627 3938 752 3977 non
800 3923 1081 3992 Christus,
1138 3927 1232 3982 sed
1275 3927 1633 3986 Christianus.
1687 3932 1828 3988 Dicit

250 4024 384 4080 ergo
407 4009 573 4066 draco
602 4011 688 4067 ille
715 4013 962 4070 diabolus
986 4019 1053 4072 ad
1099 4018 1376 4074 mulierem
1404 4039 1416 4074 :
1451 4019 1560 4076 Cur
1586 4026 1838 4096 pracepit

251 4099 394 4154 vobis
422 4099 678 4157 Dominus
717 4113 773 4168 ut
801 4121 906 4158 non
936 4108 1270 4164 comederetis
1299 4125 1364 4164 ea:
1390 4112 1531 4164 omni
1559 4111 1700 4182 ligno
1733 4130 1831 4183 pa-

252 4188 419 4242 radisi
442 4189 469 4242 γ
523 4189 613 4245 Sic
668 4192 1045 4250 haereticorum
1112 4198 1326 4254 curiosa
1381 4200 1644 4270 cupiditas
1672 4243 1688 4268 ,
1749 4203 1839 4258 sic

254 4277 404 4345 pravi
437 4280 817 4347 praedicatores
859 4285 926 4339 ad
965 4287 1286 4356 diligendam
1327 4293 1533 4348 erroris
1560 4291 1826 4348 fallaciam

253 4368 557 4424 auditorum
596 4373 756 4427 corda
796 4377 1154 4442 succendunt,
1185 4393 1305 4448 quae
1340 4380 1395 4434 in
1421 4389 1548 4452 typo
1583 4384 1824 4441 mulieris

1928 3203 2052 3259 ideo
2077 3204 2174 3257 hoc
2200 3212 2356 3273 caput
2384 3203 2533 3264 dicit,
2563 3202 2715 3272 quasi
2741 3202 2968 3255 occisum
2999 3201 3058 3252 in
3085 3208 3267 3262 morte,
3293 3208 3341 3251 et
3363 3197 3524 3268 plaga

1927 3294 2110 3348 mortis
2142 3293 2256 3362 ejus
2285 3303 2490 3358 curata,
2515 3293 2569 3346 id
2591 3301 2694 3357 est,
2715 3292 2872 3361 quasi
2898 3290 3172 3345 Christum
3199 3289 3522 3343 cruciﬁxum

1929 3390 2242 3454 sequantur.
2297 3382 2659 3438 Simulacrum
2707 3381 2906 3436 diaboli
2959 3381 3084 3435 ideo
3127 3380 3357 3441 dicitur,
3394 3379 3522 3448 quia

1929 3489 2052 3529 cum
2083 3474 2228 3528 intus
2257 3473 2329 3529 sit
2360 3473 2556 3535 bestia,
2587 3471 2719 3525 foris
2757 3485 2818 3526 se
2853 3484 3050 3538 agnum
3077 3483 3200 3524 esse
3237 3468 3517 3531 mentitur,

1928 3564 1998 3618 ad
2033 3563 2437 3618 similitudinem
2473 3562 2625 3631 agni,
2665 3561 2807 3630 quod
2831 3567 2916 3614 est
2942 3559 3210 3615 Christus.
3246 3557 3387 3612 Nam
3418 3559 3520 3612 Ee-

1928 3654 2091 3709 clesia
2117 3654 2249 3709 dicit
2270 3654 2336 3708 de
2361 3652 2607 3708 Christo:
2633 3650 2754 3705 Vidi
2775 3653 2979 3722 Agnum
3005 3652 3155 3722 quasi
3179 3651 3427 3704 occisum.
3455 3649 3530 3704 Et

1927 3751 2148 3814 propter
2176 3741 2544 3813 septiformem
2575 3741 2762 3812 gratia:
2787 3740 3062 3811 Spiritum,
3087 3755 3152 3796 ex
3177 3755 3286 3810 quo
3313 3748 3530 3808 septem

1929 3833 2184 3890 Ecclesia:
2208 3832 2344 3888 [lunt
2368 3847 2465 3902 per
2491 3834 2630 3888 dona
2655 3831 2970 3902 gratiarum,
2993 3846 3113 3901 qua:
3138 3845 3244 3885 una
3275 3830 3518 3886 Ecclesia

1929 3932 2032 3991 est,
2062 3939 2182 3994 qua:
2213 3923 2483 3994 integrum
2515 3938 2714 3993 corpus
2740 3931 2823 3977 est
2851 3921 3074 3986 Christi,
3101 3921 3235 3976 dicit
3261 3935 3278 3974 :
3307 3919 3522 3975 Haben-

1929 4027 2031 4072 tem
2067 4031 2266 4070 cornua
2290 4024 2483 4086 septem
2509 4024 2558 4069 et
2586 4014 2764 4068 oculos
2802 4023 3015 4083 septem,
3052 4013 3140 4083 qui
3175 4021 3294 4066 sunt
3328 4019 3526 4082 septem.

1929 4107 2146 4179 spiritus
2169 4105 2285 4170 Dei,
2311 4105 2458 4160 missi
2483 4122 2574 4176 per
2594 4106 2768 4160 orbem
2793 4115 3075 4159 terrarum.
3099 4102 3236 4171 Quia
3256 4102 3518 4166 Ecclesia,

1928 4213 2049 4268 qua:
2084 4196 2320 4266 Spiritus
2347 4197 2520 4252 sancti
2548 4197 2756 4266 accepit
2782 4197 3042 4267 gratiam,
3084 4210 3184 4264 per
3207 4196 3519 4250 universum

1929 4290 2116 4345 orbem
2140 4295 2410 4342 terrarum
2429 4296 2515 4342 est
2541 4289 2854 4343 constituta.

2002 4380 2173 4434 XXX.
2214 4382 2292 4436 De
2331 4391 2557 4446 corpore
2596 4392 2726 4432 vero
2765 4377 2966 4432 diaboli
3004 4375 3162 4446 longe
3202 4375 3360 4430 aliter
3389 4374 3526 4430 dicit-

254 4466 545 4525 ponuntur,
577 4460 816 4517 dicentes
838 4463 920 4519 eis
951 4481 965 4517 :
995 4464 1173 4533 Quare
1202 4468 1386 4542 fugitis
1419 4471 1700 4528 scientiam
1726 4476 1826 4529 ha-
1855 4462 1902 4522 D
1930 4471 2191 4526 Ecclesia.
2239 4470 2351 4525 Nec
2397 4483 2594 4537 agnum
2635 4468 2878 4522 nominat
2914 4481 3110 4534 corpus
3149 4466 3367 4531 diaboli,
3416 4481 3524 4520 nec

254 4547 384 4602 bere
401 4548 656 4606 latentem
680 4559 736 4608 et
760 4555 1110 4612 absconsam?
1151 4559 1355 4618 Novam
1376 4566 1826 4634 superexquiritc,

253 4648 311 4696 et
332 4642 457 4698 boni
486 4651 540 4698 et
561 4645 688 4700 mali
713 4646 995 4704 scientiam
1015 4662 1316 4721 penetrate.

327 4731 516 4788 XXIX.
559 4734 712 4792 Unde
736 4738 1245 4807 apudSalomonem
1270 4745 1465 4801 mulier
1494 4747 1582 4801 illa
1617 4749 1833 4802 haereti-

253 4837 444 4877 corum
471 4827 706 4893 speciem
729 4837 919 4884 tenens
947 4831 1077 4886 dicit
1102 4847 1117 4886 :
1146 4834 1309 4903 Aqua
1338 4836 1544 4904 furtiva
1571 4837 1840 4892 dulciores

253 4920 396 4978 sunt,
417 4922 466 4966 et
485 4915 636 4984 panis
655 4916 988 4972 absconditus
1006 4922 1198 4974 suavis.
1222 4922 1464 4991 Subjecit
1481 4923 1672 4979 deinde
1693 4926 1831 4981 idem

253 5002 421 5056 draco
449 5021 463 5055 :
497 5002 815 5076 Quocunque
844 5007 929 5062 die
953 5009 1295 5077 comederitis,
1329 5013 1506 5066 statim
1537 5016 1836 5085 aperientur

253 5090 394 5145 oculi
418 5096 588 5158 uestri,
610 5107 658 5150 et
679 5098 824 5153 eritis
844 5099 976 5152 sicut
991 5100 1084 5164 dii,
1101 5101 1316 5155 scientes
1337 5102 1526 5156 bonum
1541 5114 1588 5157 et
1612 5105 1828 5159 malum.

1928 4573 2130 4616 cornua
2155 4566 2379 4628 septem,
2409 4555 2505 4610 sed
2522 4555 2691 4610 dicit:
2716 4556 2888 4624 capita
2910 4566 3102 4624 septem
3127 4565 3178 4608 et
3203 4571 3402 4610 cornua
3429 4555 3518 4609 de-

1930 4663 2060 4703 cem.
2110 4645 2243 4700 Nam
2290 4646 2478 4716 Agnus
2517 4651 2701 4698 noster
2738 4657 2905 4696 unum
2948 4653 3108 4713 caput
3149 4645 3342 4709 habet,
3389 4647 3525 4715 quia

1930 4753 2070 4794 unus
2102 4744 2188 4791 est
2214 4737 2378 4791 Deus.
2414 4733 2589 4804 Caput
2609 4733 2754 4788 enim
2785 4731 2987 4788 Christi
3016 4735 3178 4790 Deus.
3217 4736 3295 4791 De
3318 4736 3528 4792 diaboli

1931 4843 2060 4884 vero
2087 4842 2316 4897 corpore
2347 4827 2480 4881 dicit
2512 4843 2526 4879 :
2568 4825 2637 4879 Et
2677 4825 2782 4881 vidi
2816 4825 3176 4881 ascendentem
3207 4827 3424 4882 bestiam
3460 4828 3530 4884 de

1934 4921 2090 4983 mari,
2117 4920 2388 4973 habentem
2415 4935 2612 4972 cornua
2637 4917 2812 4972 decem
2832 4927 2882 4971 et
2908 4918 3081 4987 capita
3103 4926 3296 4987 septem
3317 4933 3336 4972 :
3357 4928 3406 4971 et
3435 4934 3526 4972 su-

1933 5010 2030 5082 per
2049 5012 2220 5082 capita
2246 5012 2362 5080 ejus
2388 5011 2564 5064 decem
2589 5010 2891 5063 diademata
2914 5024 2933 5062 :
2958 5017 3008 5062 et
3031 5024 3186 5078 super
3209 5009 3382 5077 capita
3409 5009 3520 5078 ejus

1934 5119 2120 5158 nomen
2145 5101 2494 5173 blasphemia.
2523 5100 2588 5154 Et
2623 5101 2806 5163 bestia,
2838 5114 2995 5169 quam
3031 5098 3162 5164 uidi,
3195 5098 3382 5154 similis
3404 5112 3527 5156 erat

256 5181 350 5236 Sic
391 5183 445 5238 et
482 5200 670 5242 omnes
711 5189 1034 5257 generaltter
1072 5191 1310 5246 haeretici
1349 5193 1640 5263 loquuntur
1677 5198 1842 5266 quasi
1931 5193 2097 5264 pardo
2120 5208 2136 5246 :
2160 5204 2206 5246 et
2233 5191 2386 5260 pedes
2409 5191 2523 5260 ejus
2547 5191 2682 5244 sicut
2710 5190 2928 5243 ursi:et
2951 5205 3010 5242 os
3030 5189 3146 5258 ejus
3171 5189 3304 5243 sicut
3329 5187 3526 5244 leonis:

253 5273 450 5342 draco,
494 5293 618 5333 cum
658 5280 964 5336 Divinitatis
1003 5283 1254 5337 meritum
1291 5285 1630 5353 proﬁtentur,
1669 5297 1832 5357 atque

254 5369 497 5426 scientia:
537 5373 893 5441 promissione
931 5374 1234 5446 decipiunt,
1280 5385 1333 5432 et
1373 5380 1838 5448 reprehenderunt

255 5477 350 5517 eos
377 5477 517 5533 quos
558 5463 876 5533 simpliciter
901 5467 1184 5522 credentes
1220 5468 1556 5524 invenerunt.
1598 5470 1666 5524 Et
1705 5461 1830 5540 quia

255 5555 480 5610 ornuino
499 5555 735 5611 carnalia
757 5559 1098 5625 persuadent,
1125 5559 1278 5629 quasi
1301 5563 1368 5616 ad
1393 5561 1690 5616 carnalium
1712 5579 1836 5618 ocu-

259 5645 438 5705 tantm
469 5650 874 5719 adapertionem
899 5658 1164 5709 conantur
1187 5652 1480 5718 abducere,
1510 5660 1570 5707 ut
1611 5653 1840 5708 interior

1936 5284 2006 5338 Et
2048 5285 2190 5338 dedit
2219 5285 2271 5341 ei
2304 5283 2466 5337 draco
2493 5283 2734 5336 uirtutem
2769 5295 2920 5334 suam
2959 5289 3008 5335 et
3039 5279 3212 5336 sedem
3239 5295 3411 5338 suam.
3445 5279 3514 5334 Et

1935 5379 2039 5434 vidi
2069 5395 2230 5433 unum
2257 5393 2323 5432 ex
2347 5375 2602 5447 capitibus
2626 5375 2762 5444 ejus,
2789 5375 2940 5442 quasi
2964 5374 3192 5430 occisum
3221 5374 3276 5426 in
3304 5381 3549 5428 mortem:

1936 5483 1984 5526 ct
2013 5471 2169 5542 plaga
2206 5471 2390 5524 mortis
2423 5469 2540 5539 ejus
2578 5476 2763 5522 curata
2802 5477 2907 5533 est,
2938 5478 2987 5522 et
3015 5469 3208 5554 mirata
3241 5475 3316 5522 est
3346 5465 3524 5519 omnis-

1936 5571 2078 5617 terra
2107 5570 2286 5615 secuta
2311 5560 2528 5614 bestiam
2555 5575 2573 5612 :
2604 5570 2653 5612 et
2682 5559 3030 5613 adorauerunt
3061 5558 3361 5623 draconem,
3385 5571 3526 5626 quo»

1941 5654 2080 5707 niam
2109 5651 2252 5707 dedit
2274 5660 2579 5721 potestatem
2608 5651 2802 5704 bestia.
2833 5649 2898 5704 Et
2926 5650 3273 5704 adomvcrunt
3301 5648 3524 5704 bestiam
