1996 3088
244 118 299 146 995

653 118 862 149 ELIPANDUS,
882 117 997 151 FELIX,
1017 116 1192 146 HETERIUS
1210 118 1252 147 ET
1273 118 1302 147 S.
1322 117 1471 149 BEATUS.

1829 121 1884 149 990

242 177 356 203 dicentes
366 183 376 203 :
388 175 453 208 Quis
464 174 557 202 similis
568 174 675 202 bestiw.’
686 179 731 202 aut
744 174 803 210 quis
813 174 907 209 poterit
918 180 1035 209 pugnare
1047 172 1075 204 Α
1087 173 1135 201 sed
1151 175 1300 204 dormiente
1317 175 1522 211 patretamilias,
1542 166 1664 204 inimica;
1680 175 1758 203 homo
1777 176 1884 204 simis

243 229 302 247 cum
317 221 369 247 ea?
381 220 415 247 Et
426 220 516 247 datum
527 224 563 246 est
578 220 602 246 ei
615 219 686 255 loqui
700 227 824 255 magnam
837 218 1036 254 blasphemiam.

243 264 301 302 [loc
314 269 399 292 totum
414 264 562 300 ﬁguraliter
579 264 780 299 intelligendum
800 267 844 292 est
863 264 889 291 in
905 262 1036 296 Ecclesia,

243 317 296 349 non
309 310 378 337 sicut
388 309 507 337 auditur.
520 308 587 336 Nam
599 316 684 344 agnus
693 313 721 336 et
733 308 829 341 bestia,
842 309 912 337 sicut
922 307 1037 336 invicem

241 355 293 382 sibi
308 353 438 382 contrarii
452 358 516 381 sunt
529 361 578 389 per
592 358 731 386 naturam,
747 353 785 382 ita
802 353 946 389 allegorice
959 352 1038 380 intel-

241 399 341 436 ligendi
354 404 418 427 sunt
427 407 476 435 per
487 400 611 435 ﬁguram.
624 399 675 427 llic
687 403 792 427 tantum
802 399 862 427 dua:
873 403 965 434 partes
974 402 1037 426 sunt

241 445 432 481 intelligenda,
449 445 476 472 id
489 449 545 477 est,
559 445 683 472 Christus
696 449 723 473 et
743 453 841 480 corpus
854 444 923 478 ejus,
936 448 964 472 et
978 444 1037 472 dia-

240 492 319 519 bolus
331 495 359 519 et
371 498 469 526 corpus
483 490 551 525 ejus.
566 490 631 524 Quae
644 495 732 518 totum
745 498 844 526 corpus
857 490 967 523 diaboli,
982 497 1037 525 quo

240 535 347 564 facilius
369 536 454 571 possit
476 536 653 570 spiritualiter
672 536 707 563 ab
724 535 845 564 Ecclesia
862 535 1036 570 deprehendi,

239 583 330 610 omnia
350 583 470 610 membra
485 582 583 610 diaboli
599 582 628 609 in
641 590 693 609 una
711 581 797 610 bestia
814 581 955 609 conclusit.
971 580 1036 608 Haec

239 629 321 663 bestia
340 628 367 655 in
383 628 493 656 Daniele
510 627 633 655 terribilis
645 627 743 654 dicitur
755 636 810 655 esse
823 628 922 655 steteris
936 627 1035 658 bestiis,

240 675 267 703 id
279 678 331 707 est,
346 674 431 706 leoni,
446 674 531 708 pardo
543 678 571 700 et
584 680 649 701 urso
661 673 802 701 dissimilis
814 673 912 700 dicitur
925 681 932 699 :
949 675 977 699 et
990 680 1037 699 cu-

238 720 281 756 ius
300 721 408 748 nomine
424 721 517 749 bestia:
530 724 712 755 nuncupetur,
726 728 780 748 non
798 720 890 748 habet.
905 719 959 748 Sed
977 724 1037 747 tan-

239 771 297 794 tum
309 766 449 794 dissimilis
461 765 569 793 ceteris
582 765 677 793 bestiis
688 769 716 793 et
728 765 857 793 terribilis
868 765 1034 793 nominatur.

240 812 294 840 Sed
313 812 374 840 vide
394 816 526 847 quantum
546 816 589 839 est
608 811 683 843 foris,
706 811 836 839 terribilis
856 811 884 838 in
907 810 1033 843 terrenis.

1088 222 1312 256 supersmimwﬂ.
1332 222 1374 249 Ad
1386 229 1467 256 quam
1480 221 1671 249 eradicandam
1683 229 1745 250 cum
1758 222 1885 257 discipuli

1088 265 1128 292 ire
1147 273 1177 293 se
1196 271 1385 301 proponerent,
1402 267 1531 295 Dominus
1546 271 1638 295 noster
1655 267 1808 302 prohibuit,
1831 268 1885 296 sibi

1088 318 1230 340 reservans
1245 312 1384 347 palearum
1401 317 1429 341 et
1443 312 1570 341 frumenti
1591 314 1800 348 separationem.
1818 314 1884 342 Hac

1087 362 1148 384 sunt
1162 365 1225 384 vasa
1238 356 1295 390 iraa,
1306 363 1330 385 et
1344 366 1406 386 vasa
1419 359 1616 391 misericordia.
1629 366 1690 393 quas
1702 359 1730 386 in
1740 360 1824 387 domo
1835 360 1884 387 Dei

1087 402 1122 429 ab
1133 401 1264 436 Apostolo
1280 403 1472 437 praedicantur.
1487 404 1601 431 Venient
1612 411 1677 438 ergo
1690 404 1749 432 dies
1762 405 1884 439 quando.

1087 446 1355 487 thesauroEcclesize
1367 452 1471 483 aperto.
1484 447 1603 483 proferet
1617 448 1747 476 Dominus
1757 457 1822 477 vasa
1836 449 1884 477 ira

1088 499 1153 524 suae,
1178 492 1277 526 quibus
1301 493 1462 521 exeuntibus
1485 493 1572 521 sancti
1595 494 1686 522 dicent
1710 503 1717 521 :
1741 493 1785 521 Ea:
1808 495 1884 522 nobis

1087 537 1214 570 exierunt,
1234 538 1280 565 sed
1295 546 1347 565 non
1361 538 1467 573 fuerunt
1486 547 1518 566 ex
1533 539 1616 566 nobis.
1640 538 1671 566 Si
1686 540 1756 566 enim
1771 539 1883 574 fuissent

1086 591 1119 609 ex
1129 583 1212 616 nobis,
1222 584 1424 618 permansissent
1436 585 1524 619 utique
1537 585 1680 611 nobiscum.
1693 584 1781 612 Nemo
1793 589 1884 619 potest

1087 628 1187 656 Christi
1202 628 1343 656 victoriam
1358 628 1409 656 sibi
1429 636 1578 661 assumere.
1601 637 1681 656 nemo
1703 634 1767 657 ante
1785 629 1882 663 iudicii

1087 674 1158 701 diem
1171 673 1204 701 de
1226 674 1381 702 hominibus
1402 674 1535 709 judicare.
1560 674 1590 702 Si
1609 674 1666 709 jam
1687 676 1819 703 mundata
1841 680 1883 704 est

1086 719 1217 751 Ecclesia,
1231 719 1297 754 quid
1315 719 1429 748 Domino
1448 720 1635 748 reservamus?
1654 720 1702 747 Est
1716 721 1757 747 uia
1769 729 1829 756 quc
1842 722 1883 748 ri-

1086 765 1164 792 detur
1179 773 1234 792 esse
1252 765 1323 800 apud
1337 765 1454 792 homines
1467 770 1548 798 recta,
1565 766 1706 794 novissimo
1720 772 1808 793 auum
1821 768 1883 802 ejus

1086 810 1190 838 veniunt
1207 810 1235 837 in
1254 809 1414 845 profundum
1431 810 1538 845 inferni.
1557 808 1587 837 In
1600 811 1651 838 hoc
1662 819 1754 839 errore
1769 811 1879 845 iudicii,

238 865 301 886 cum
315 858 387 888 dicat
399 844 480 890 terra,
494 857 521 885 id
531 862 574 886 est
583 857 683 885 terreni
696 866 703 884 :
718 856 784 890 Qui:
795 857 889 884 similis
901 856 997 888 beatite',
1010 861 1034 883 et
1049 844 1075 876 Β
1086 865 1147 892 quae
1165 844 1258 891 potest
1271 844 1331 884 csse
1344 860 1418 884 certa
1436 844 1584 884 sententia?
1602 856 1725 889 Proinde,

238 903 295 938 quis
309 903 403 937 poterit
416 910 533 938 pugnare
546 910 606 929 cum
619 902 669 929 ea?
683 901 818 929 Terribilis
833 901 933 929 caeteris
948 900 1035 928 bestiis
1085 906 1128 930 est
1144 906 1217 930 certa
1235 902 1385 934 sententia,
1402 902 1481 930 debet
1493 902 1612 930 charitas
1625 910 1691 930 una.
1708 902 1758 931 Sed
1771 911 1803 930 ea
1819 904 1880 938 ipsa

239 948 339 976 dicitur
359 951 384 975 et
404 947 550 974 dissimilis.
570 947 624 974 Sed
643 954 728 982 agnus
745 946 892 974 adveniens
907 946 1036 974 adversus
1086 948 1206 976 charitas
1218 955 1271 975 non
1284 948 1452 982 poteritesse
1462 952 1544 979 certa,
1559 948 1582 975 si
1594 948 1661 976 tides
1671 948 1753 976 fuerit
1765 948 1881 977 incerta.

239 1000 300 1020 eam
316 992 343 1019 in
360 992 510 1020 certamine
527 992 661 1024 surrexit,
679 996 707 1019 et
722 991 841 1019 moriens
855 992 973 1026 praedam
986 998 1036 1019 ex-
1086 993 1202 1021 Proinde
1214 994 1392 1020 communiter
1403 994 1491 1021 omnis
1502 993 1622 1021 Ecclesia
1635 994 1793 1029 perquirere
1804 994 1883 1022 debet

239 1039 335 1067 cussit.
350 1038 497 1066 Excutiunt
508 1042 536 1065 et
548 1039 628 1066 hodie
641 1038 703 1074 agni
716 1038 837 1072 pretioso
849 1037 980 1073 sanguine
993 1045 1036 1065 rc-
1087 1041 1167 1068 tidein
1183 1048 1286 1072 veram,
1300 1044 1327 1066 et
1339 1040 1464 1067 omnibus
1477 1039 1565 1067 modis
1576 1040 1678 1067 evitare
1691 1041 1882 1070 haereticorum

240 1085 341 1119 dempti
350 1084 419 1120 Agni
433 1084 638 1112 incontaminati
650 1088 677 1111 et
689 1083 856 1112 immaculati
866 1082 976 1115 Christi,
988 1090 1037 1118 per
1086 1092 1200 1112 venena.
1225 1084 1281 1111 Non
1296 1084 1368 1111 enim
1388 1084 1447 1111 sine
1467 1084 1573 1112 ratione
1586 1088 1667 1120 caput
1688 1084 1772 1119 huius
1792 1086 1882 1113 bestia:

240 1130 317 1158 illum
329 1130 436 1164 Asnam
448 1138 529 1165 quem
542 1130 613 1158 Deus
623 1130 765 1158 suscitavit
778 1137 794 1157 a
808 1129 933 1157 mortuis.
946 1129 980 1157 Et
992 1130 1037 1158 hic
1087 1130 1160 1157 velut
1172 1129 1292 1156 occisum
1308 1129 1444 1156 scribitur.
1462 1129 1551 1157 Bestia
1566 1129 1656 1164 itaque
1668 1137 1752 1164 quam
1765 1131 1831 1158 dicit
1844 1131 1881 1158 in-

242 1182 327 1210 agnus
341 1179 369 1202 et
380 1175 468 1203 bestia
478 1179 573 1202 contra
586 1175 715 1203 contrarii
728 1175 779 1202 sibi
792 1179 856 1203 sunt
866 1175 893 1202 in
904 1174 1035 1202 Ecclesia.
1087 1180 1129 1203 ter
1144 1175 1279 1203 diabolum
1292 1180 1320 1201 et
1331 1174 1468 1202 Christum
1482 1182 1624 1209 personam
1637 1183 1691 1203 non
1706 1176 1806 1208 habet,
1821 1177 1882 1210 quia

240 1218 337 1246 Destize
349 1222 450 1251 autem,
463 1226 524 1254 qua:
535 1219 671 1247 contraria
683 1223 727 1247 est
739 1219 826 1255 Agno,
840 1227 893 1247 non
910 1219 1035 1254 speciale,
1087 1221 1115 1249 in
1132 1220 1190 1249 solo
1208 1224 1251 1248 est
1266 1219 1397 1248 vocabulo
1417 1219 1489 1255 quod
1509 1220 1602 1248 dicunt
1619 1227 1650 1248 se
1670 1220 1790 1248 adorare
1807 1221 1881 1248 Chri-

240 1262 287 1290 sed
300 1263 426 1298 generale
443 1271 541 1291 nomen
554 1268 606 1296 est,
620 1268 648 1291 et
663 1264 737 1299 quod
750 1264 850 1291 multas
865 1263 963 1291 habeat
975 1271 1037 1298 par-
1087 1271 1169 1299 stum,
1183 1266 1229 1301 qui
1245 1270 1368 1293 mortuus
1381 1270 1422 1293 est
1435 1270 1463 1294 et
1474 1266 1632 1294 resurrexit.
1646 1266 1711 1294 Hec
1722 1267 1811 1294 bestia
1823 1274 1883 1294 an

240 1313 291 1340 tes.
306 1317 367 1344 quae
380 1313 484 1344 septem
496 1309 631 1344 capitibus
644 1309 779 1337 distinctis
790 1309 927 1337 scribitur.
942 1308 995 1336 Sed
1008 1308 1036 1335 in
1087 1312 1192 1340 duobus
1202 1311 1330 1339 cornibus
1343 1311 1402 1346 ipsa
1415 1315 1457 1339 est,
1467 1311 1658 1339 haereticorum
1671 1319 1737 1346 pars
1752 1319 1815 1340 ωιι
1826 1319 1884 1339 σιμ

240 1356 394 1385 narratione
407 1364 456 1391 pro
467 1355 534 1384 locis
545 1356 748 1391 intelligendum
760 1359 802 1383 est
812 1354 919 1390 qualem
931 1358 1036 1389 partem
1087 1358 1166 1387 nibus
1187 1357 1238 1384 sibi
1261 1357 1505 1390 consentientibus,
1528 1361 1582 1385 tam
1608 1357 1660 1385 ﬁde
1684 1365 1767 1392 quam
1789 1364 1882 1392 opere.

241 1402 335 1430 bestiae
354 1401 443 1434 dicat,
458 1409 519 1436 quas
540 1405 643 1435 septem
658 1401 792 1435 capitibus
804 1408 837 1428 ex
852 1408 907 1428 uno
923 1406 1040 1435 corpore
1087 1403 1153 1442 Quze
1172 1407 1253 1437 caput
1275 1402 1374 1429 dicitur
1394 1402 1468 1430 velut
1486 1402 1622 1434 occisum.
1643 1402 1669 1429 id
1690 1407 1733 1430 est
1752 1402 1884 1432 fallaciter

240 1452 358 1476 constat.
370 1447 521 1482 Aliquando
532 1447 605 1475 enim
618 1447 754 1474 diabolum
767 1446 833 1474 dicit
845 1446 974 1478 bestiam;
989 1445 1038 1473 ali-

1087 1448 1282 1476 Christianum.
1298 1446 1326 1474 ln
1342 1455 1395 1482 quo
1409 1448 1539 1475 vocabulo
1553 1447 1689 1476 diabolum
1700 1448 1829 1480 adorant,
1838 1448 1883 1482 qui

366 1492 498 1547 inﬁdeles.
520 1492 557 1543 id.
569 1496 623 1547 est,
642 1492 701 1519 sine
714 1491 870 1547 Ibaptismo‘;
881 1490 1037 1547 laliquando
1049 1513 1075 1547 ο
1089 1494 1141 1545 hoc
1154 1494 1327 1544 simulacrum
1341 1493 1398 1521 suis
1411 1493 1564 1547 adinvenit,
1571 1499 1607 1547 ,ιιι
1620 1495 1671 1547 sub
1684 1495 1795 1522 nomine
1807 1495 1884 1522 Chri-

242 1539 412 1567 Christianos
428 1538 527 1570 malos,
551 1537 578 1565 id
600 1542 656 1570 est,
677 1537 815 1572 vulgarem
837 1538 943 1572 plebem
965 1537 1037 1565 intra
1050 1537 1075 1547 "
1088 1538 1234 1566 stianitatis
1245 1538 1390 1566 maximam
1401 1544 1505 1573 partem
1521 1538 1555 1566 ab
1569 1539 1688 1567 Ecclesia
1701 1539 1843 1572 excludat,
1857 1544 1884 1568 ct

242 1584 406 1616 Ecclesiam,
419 1583 466 1618 qui
481 1586 585 1610 tantum
598 1583 707 1610 nomine
717 1582 865 1610 Christiani
880 1585 958 1615 sunt,
974 1590 1040 1617 ope-

242 1630 318 1657 ribus
333 1637 398 1657 vero
412 1628 506 1656 bestiae
524 1631 604 1660 sunt;
623 1627 768 1662 aliquando
785 1627 922 1662 principes
934 1628 1035 1661 malos;

242 1675 387 1710 aliquando
401 1674 552 1706 haereticos,
565 1673 611 1708 qui
624 1672 694 1701 male
712 1673 832 1701 sentiunt
845 1676 873 1700 et
885 1672 956 1701 male
969 1680 1040 1708 prie.

242 1721 334 1750 dicant
348 1721 382 1748 de
401 1719 524 1752 Christo;
544 1718 688 1753 aliquando
708 1718 879 1753 hypocritas,
894 1718 940 1753 qui
955 1718 1037 1746 simu-

244 1767 300 1794 lant
315 1766 485 1794 sanetitatem
494 1786 503 1798 ,
514 1769 542 1794 et
555 1773 606 1793 nec
617 1765 711 1793 dicunt
725 1764 758 1792 de
773 1764 891 1797 Christo,
904 1772 955 1792 nec
967 1765 1039 1793 scire

243 1813 337 1841 volunt
355 1812 419 1847 quid
440 1812 532 1839 dicant
551 1810 594 1839 vel
609 1810 719 1838 credere
739 1810 864 1838 debeant.
886 1810 1038 1845 Aliquando

1088 1582 1171 1621 capiti
1185 1591 1234 1611 suo
1248 1583 1354 1611 diabolo
1368 1583 1523 1619 coniungat.
1545 1584 1580 1611 Et
1596 1584 1639 1611 ille
1657 1584 1758 1612 habeat
1774 1592 1884 1620 corpus,

1089 1636 1149 1656 cum
1162 1636 1216 1663 quo
1230 1635 1259 1656 se
1273 1632 1301 1655 et
1314 1627 1379 1656 illud
1393 1629 1428 1657 ad
1441 1628 1589 1657 inferorum
1603 1633 1704 1656 tartara
1717 1631 1818 1658 tradat.
1829 1630 1884 1658 Nos

1089 1674 1234 1702 adoramus
1247 1673 1370 1710 Agnum,
1386 1674 1432 1709 qui
1447 1675 1553 1702 occisus
1568 1679 1610 1702 est
1623 1678 1651 1702 et
1665 1676 1826 1703 resurrexit.
1845 1675 1883 1703 illi

1088 1720 1201 1747 adorant
1212 1719 1337 1752 bestiam,
1352 1727 1413 1754 quze
1424 1726 1453 1747 se
1471 1720 1552 1748 habet
1567 1720 1593 1747 in
1613 1719 1769 1754 huiusmodi
1787 1721 1883 1748 simili-

1089 1765 1219 1793 tudinem.
1233 1765 1301 1792 Tres
1315 1765 1406 1799 itaque
1417 1769 1490 1797 sunt,
1504 1765 1531 1792 id
1544 1769 1594 1797 est,
1611 1762 1744 1797 diabolus,
1759 1770 1786 1793 et
1798 1773 1883 1800 νομι-

1088 1811 1139 1844 lus,
1155 1816 1182 1838 et
1193 1811 1280 1839 bestia
1293 1811 1367 1838 velut
1383 1812 1483 1844 occisa,
1499 1818 1558 1845 qua:
1569 1815 1612 1838 est
1623 1811 1767 1844 mediator,
1784 1812 1814 1839 in
1824 1812 1883 1846 qui-

243 1859 316 1886 enim
331 1857 519 1886 schismaticos
539 1856 605 1884 dicit
626 1856 672 1890 qui
694 1860 768 1883 recte
786 1856 900 1883 credunt
916 1860 945 1883 et
965 1859 1038 1883 recte
1088 1856 1139 1884 bus
1162 1856 1286 1884 Christus
1310 1860 1427 1883 resonat.
1453 1856 1488 1883 Et
1511 1856 1575 1890 quia
1598 1864 1632 1883 ex
1654 1861 1732 1890 parte
1758 1857 1883 1888 bestiam,

244 1903 393 1938 prazdicant
410 1901 559 1933 Christum,
574 1901 622 1928 sed
644 1900 721 1928 scissi
742 1904 805 1928 sunt
818 1901 852 1928 ab
871 1900 974 1928 unitate
986 1900 1038 1928 Ec-
1088 1903 1196 1938 quando
1216 1903 1332 1929 mediam
1351 1902 1465 1929 bestiam
1485 1902 1550 1929 dicit
1565 1902 1682 1934 adorari,
1702 1902 1729 1929 in
1748 1902 1884 1931 diabolu-

244 1949 343 1981 olesia,
365 1955 419 1976 non
440 1954 563 1981 corpore,
587 1948 634 1975 sed
656 1947 756 1974 animo.
783 1946 906 1974 Schisma
928 1947 1000 1974 enim
1022 1954 1038 1973 a
1088 1956 1133 1976 res
1147 1948 1228 1981 cadit,
1249 1948 1295 1983 qui
1316 1955 1394 1975 suum
1414 1953 1442 1975 et
1461 1948 1650 1975 haereticorum
1670 1947 1761 1975 locum
1782 1948 1884 1983 inplet,

244 1994 361 2022 scissura
383 1992 535 2020 animarum
550 1996 645 2019 vocata
665 1996 716 2019 est.
739 1991 840 2019 Eodem
860 1992 931 2019 enim
952 1992 1042 2025 cultu,
1088 2001 1136 2028 per
1148 2001 1262 2028 quorum
1275 2001 1307 2020 os
1319 1993 1438 2027 loquitur
1450 1993 1477 2020 in
1492 1993 1624 2020 Ecclesia.
1786 2022 1791 2025 _

243 2039 338 2067 eodem
354 2039 409 2066 ritu
423 2037 511 2066 credit
525 2042 555 2064 ut
575 2037 667 2066 caeteri
682 2037 818 2072 religiosi,
839 2038 886 2065 sed
901 2037 960 2065 solo
974 2045 1039 2065 con-
1123 2037 1231 2065 XXXII.
1251 2037 1323 2065 Dicit
1343 2045 1421 2072 super
1442 2038 1534 2064 decent
1556 2045 1655 2064 eorm
1678 2037 1770 2064 decem
1794 2038 1885 2065 diade-

244 2084 410 2121 gregationis
424 2083 573 2111 delectatur
586 2083 707 2115 dissidio,
722 2087 754 2110 ut.
771 2091 832 2110 cum
847 2083 953 2111 ueteris
964 2090 1039 2110 como
1088 2089 1171 2116 mata,
1184 2084 1236 2111 hoc
1245 2087 1297 2116 est,
1311 2083 1383 2118 quod
1396 2090 1474 2118 reges
1485 2090 1548 2110 suos
1560 2088 1615 2110 tam
1628 2083 1706 2110 vivos
1717 2091 1800 2118 quam
1815 2091 1886 2110 mor-

243 2131 318 2159 muni
341 2130 414 2158 nullo
434 2129 560 2157 fulciatur
580 2128 694 2156 consilio
712 2136 721 2155 :
738 2133 766 2155 et
789 2132 874 2156 totum
893 2129 965 2163 quod
985 2128 1037 2156 sibi
1088 2133 1150 2157 tuos
1166 2128 1286 2160 laudant,
1303 2133 1331 2156 et
1347 2128 1428 2155 veluti
1438 2128 1468 2155 in
1479 2128 1576 2156 coelum
1589 2133 1670 2163 atque
1688 2128 1760 2155 inter
1776 2133 1886 2156 sanctos

243 2182 323 2211 agere
337 2175 453 2207 videtur,
468 2179 591 2203 sanctum
613 2174 640 2201 in
660 2182 710 2201 suo
731 2174 812 2202 corde
833 2181 897 2201 esse
913 2178 1033 2208 putatur.
1049 2189 1077 2222 υ
1088 2174 1233 2202 translatos
1252 2181 1313 2201 esse
1331 2174 1497 2201 existimant.
1510 2173 1613 2200 Nomen
1624 2180 1689 2201 vero
1698 2173 1885 2208 blasphemia.

243 2225 287 2252 Fit
301 2228 391 2252 autem
410 2223 526 2250 schisma
536 2242 543 2254 ,
559 2230 621 2249 cum
639 2222 733 2249 dicunt
746 2221 888 2249 homines:
903 2221 972 2249 Iusti
992 2229 1038 2248 su-

245 2278 315 2302 mus,
330 2278 380 2298 nos
398 2269 599 2297 sanctiﬁcamus
612 2268 640 2295 in
660 2268 771 2300 mundo,
787 2271 815 2294 et
828 2271 926 2294 caetera
946 2267 988 2294 bis
1002 2267 1039 2294 si-

245 2316 331 2343 milia.
356 2315 413 2342 Hoe
434 2319 520 2342 totum
541 2321 590 2348 per
609 2313 713 2348 singula
733 2312 820 2339 olllcia
842 2312 922 2339 unius
945 2311 1038 2338 bestia:

242 2361 435 2389 describuntur
446 2360 544 2394 capita.
559 2358 653 2393 Capita
667 2359 802 2391 dicuntur,
816 2358 880 2392 quia
892 2356 1039 2392 unusquis-

242 2415 297 2444 que
311 2407 435 2442 sequitur
444 2414 501 2434 suxe
512 2405 657 2433 voluntatis
670 2404 822 2432 arbitrium.
838 2403 901 2432 Sola
914 2403 1037 2432 Ecclesia

243 2455 300 2490 agit
312 2461 375 2482 cum
388 2452 511 2484 consilio,
527 2459 561 2479 ne
572 2451 703 2486 pmiteat
715 2454 776 2486 post
789 2450 901 2478 factum.

279 2500 376 2528 XXXI.
396 2498 473 2533 Quod
483 2501 514 2526 ut
526 2496 688 2525 testimoniis
700 2497 889 2532 approbemus,
901 2503 936 2524 ex
945 2496 1037 2525 multis

242 2553 325 2574 unum
341 2545 417 2573 Pauli
436 2543 551 2580 apostoti
571 2541 740 2578 proferamus
756 2541 920 2576 exemplum.
937 2541 989 2575 Qui
1003 2549 1038 2569 ne

243 2591 313 2620 forte
333 2592 360 2619 in
375 2598 489 2619 vacuum
510 2593 633 2617 curreret
655 2593 702 2616 aut
722 2588 897 2620 cucurrisset,
918 2588 1037 2623 primum

244 2638 427 2674 apostolon
440 2635 581 2671 requisivit
603 2634 724 2663 Petrum.
746 2634 800 2662 Per
819 2634 871 2662 hoc
884 2634 1037 2669 exemplum

242 2684 350 2719 proﬁcit
362 2682 499 2715 Ecclesia,
517 2688 578 2717 qum
589 2685 633 2708 est
645 2681 743 2708 δυωωί
757 2680 853 2715 capitis
873 2680 1043 2707 membrum--

243 2730 309 2763 Quae
329 2730 418 2757 omnis
433 2728 625 2756 Christianitas
645 2726 827 2754 una'videtur
848 2725 979 2753 Ecclesia.
1003 2724 1037 2752 Et

243 2775 321 2803 multi
335 2779 393 2802 toto
412 2774 511 2801 mentis
534 2773 631 2800 ardore
647 2773 716 2800 bene
735 2779 765 2799 se
786 2771 911 2799 laborare
931 2774 1035 2805 putant,

244 2822 293 2852 sed
307 2821 440 2849 incertum
450 2824 492 2847 est
503 2823 593 2846 utrum
606 2819 662 2846 Deo
673 2818 807 2853 placeant.
822 2818 898 2847 Unus
909 2825 973 2853 ager
983 2822 1035 2851 est,

1088 2219 1159 2254 quod
1172 2225 1253 2253 super
1263 2222 1364 2253 septem
1378 2218 1465 2252 capita
1479 2218 1559 2251 vidit,
1572 2218 1624 2245 hoc
1636 2221 1691 2251 est,
1703 2218 1777 2252 quod
1790 2225 1822 2245 se
1834 2218 1883 2245 Ec-

1087 2264 1197 2292 clesiam
1210 2263 1304 2291 dicunt
1315 2268 1342 2290 et
1353 2263 1502 2291 Ecclesium
1516 2267 1724 2298 persequuntur.
1741 2263 1830 2290 Draco
1843 2267 1885 2290 est

1087 2310 1219 2345 serpentis
1237 2309 1369 2344 operatio.
1390 2308 1485 2342 Rufus,
1504 2309 1595 2336 carnis
1614 2308 1811 2341 habitaculum,
1831 2317 1885 2343 qua

1087 2355 1169 2383 draco
1188 2355 1244 2390 ipse
1261 2354 1351 2382 carnis
1367 2354 1500 2381 habitatio
1515 2357 1566 2381 est.
1586 2353 1685 2381 Decem
1703 2360 1806 2381 mea
1821 2354 1885 2381 dra-

1087 2400 1173 2432 conis,
1183 2400 1270 2427 virtus
1280 2403 1323 2427 cst
1334 2399 1401 2435 legis
1413 2398 1515 2426 aliena.
1528 2398 1615 2426 Draco
1625 2405 1699 2431 vero,
1712 2398 1758 2425 ille
1769 2407 1884 2435 muns

1086 2453 1199 2480 serpens
1216 2445 1359 2480 antiquus,
1375 2445 1422 2480 qui
1438 2448 1550 2472 vocatur
1566 2444 1688 2472 diabolus
1705 2449 1734 2472 et
1754 2444 1884 2473 Satanas

1086 2493 1149 2520 Ideo
1161 2492 1259 2519 dicitur
1272 2493 1362 2523 draco,
1376 2492 1440 2526 quia
1456 2495 1548 2519 terret.
1568 2491 1691 2527 Magnus,
1706 2491 1770 2526 quia
1788 2497 1885 2527 potens

1086 2539 1203 2570 videtur.
1218 2543 1246 2565 ct
1261 2538 1362 2566 exaltat
1381 2538 1407 2565 in
1423 2538 1528 2572 spiritu.
1546 2538 1674 2573 Serpens,
1687 2538 1752 2573 quia
1768 2546 1827 2566 non
1840 2539 1883 2565 de

1086 2585 1270 2620 prehenditur,
1291 2584 1340 2611 sed
1358 2582 1634 2617 irreprebensibiliter
1652 2584 1737 2618 serpit
1755 2587 1784 2611 et
1803 2583 1882 2611 fallit.

1086 2630 1221 2664 Antiquus
1233 2629 1295 2657 ideo
1305 2632 1427 2660 vocatur,
1444 2628 1508 2662 quia
1523 2632 1552 2654 ct
1565 2635 1581 2654 a
1598 2628 1732 2663 principio
1744 2629 1844 2664 erepit,
1856 2633 1883 2655 et

1086 2676 1185 2704 veteris
1197 2675 1315 2702 hominis
1327 2674 1431 2708 accepit
1441 2678 1614 2708 potestatem.

1122 2721 1240 2749 XXXIII.
1261 2720 1388 2748 Diabolus
1408 2720 1468 2747 ideo
1488 2724 1618 2753 vocatur,
1638 2720 1702 2755 quia
1724 2720 1883 2748 cousith

1087 2769 1138 2797 sibi
1150 2768 1265 2801 videtur,
1277 2771 1303 2794 et
1320 2766 1399 2800 sapit.
1413 2766 1447 2793 Et
1459 2770 1601 2801 postquam
1615 2767 1780 2800 persuaserit
1796 2766 1880 2794 boni.

1086 2825 1160 2850 nem,
1172 2822 1298 2851 tanquam
1316 2823 1368 2842 non
1387 2822 1442 2842 suae
1459 2814 1653 2849 persuasionis,
1664 2814 1712 2842 sed
1730 2814 1817 2842 nostri
1831 2821 1880 2848 po.
