3992 6176
292 205 397 264 9W
448 210 461 259 Σ

984 209 1262 270 ΙΙΕΤΕΒΠ
1301 211 1398 269 E’l'
1423 215 1492 270 5..
1521 213 1720 273 BEATl
1755 215 1848 271 AD
1884 214 2534 280 ELIPANDUIEPIST.
2573 255 2644 270 --
2680 222 2810 283 LIB.
2852 227 2916 285 ll.

3443 232 3562 306 ὡς

287 325 395 379 tius
419 323 642 380 admissi
674 324 988 384 criminator
1012 339 1254 398 apparet.
1283 329 1506 396 Pardus,
1540 333 1667 402 quia
1694 333 1876 388 varie.
1893 336 2102 395 A’sunt'
2121 335 2404 392 duodecim
2447 336 2676 408 apostoli
2721 341 2776 396 in
2819 342 3068 411 Christo,
3095 347 3235 405 Sicut
3259 345 3554 416 duodecim

285 422 458 469 tatem.
477 424 533 469 et
561 414 830 472 fallaciam
856 419 1189 489 deceptionis
1219 421 1473 477 ostendit.
1512 423 1702 488 Ursus,
1739 424 1894 494 quia:

285 507 527 575 rapinam
569 522 823 564 sensuum
857 519 913 565 et
949 526 1173 582 operum
1213 513 1570 584 malignorum
1607 523 1710 571 est.
1757 515 1868 570 Leo

285 612 431 662 vero,
463 599 589 667 quia
623 601 888 668 superbiae
923 608 1086 672 atque
1121 605 1325 660 erroris
1360 613 1445 660 εει
1473 605 1668 660 fama.
1706 605 1898 662 Dedit'

279 691 444 744 draco
470 690 645 745 bestia
667 691 904 746 virtutem
930 709 1104 759 suum,
1129 704 1179 750 et
1207 696 1380 751 sedem
1404 712 1555 751 mut
1576 712 1596 752 :
1619 698 1752 768 quia
1779 699 1892 755 in-'

280 788 364 836 ιη
399 779 697 835 Ecclesiam
729 790 856 836 sunt
899 782 1159 847 haeretici,
1202 786 1296 855 qui
1335 786 1576 842 Ecclesia
1613 789 1870 844 videntur

277 885 402 926 esse
425 877 482 925 et
509 868 748 926 Ecclesia
788 887 894 928 non
933 881 1078 928 sunt.
1109 874 1176 928 Et
1201 889 1300 944 per
1324 890 1385 931 os
1413 877 1658 933 diabolus
1687 878 1890 948 loquir

276 968 390 1026 tur,
424 975 564 1029 quos
599 959 653 1013 in
683 959 920 1016 Ecclesia
953 962 1203 1034 decipere
1233 965 1370 1020 vult.
1407 965 1478 1020 Et
1509 968 1862 1024 adomerunt

276 1051 501 1106 bestiam
517 1051 746 1106 dicentes
767 1067 786 1106 :
811 1051 1160 1118 Quis‘similis
1183 1055 1399 1112 bestia?
1418 1068 1512 1113 aut
1534 1060 1652 1130 quis
1673 1062 1872 1130 poterit

197 1167 230 1184 θ’
275 1157 510 1210 FW
545 1157 663 1194 cum
700 1143 800 1195 ea?
827 1142 905 1196 Illi
940 1144 1044 1199 hoc
1078 1145 1256 1201 taliter
1279 1162 1385 1202 non
1413 1149 1617 1205 dicunt.
1651 1149 1758 1206 Sed
1783 1151 1868 1206 di-'

276 1239 408 1286 cum
431 1246 449 1285 :
475 1231 608 1299 Quis
649 1233 838 1289 similis
872 1232 1124 1290 Christo?
1167 1246 1260 1292 aut
1303 1239 1426 1308 quis
1470 1240 1618 1296 illum
1664 1243 1865 1311 poterit

276 1323 532 1376 vinceret
584 1322 791 1393 Lingua
837 1322 1112 1380 Christum
1161 1327 1514 1395 proﬁtentur,
1561 1330 1658 1385 sed
1702 1329 1863 1386 factis

275 1415 509 1470 bestiam
553 1422 871 1484 sequuntur.
923 1415 992 1470 Et
1039 1417 1168 1486 facit
1215 1419 1367 1489 signa
1412 1435 1604 1490 magna
1647 1437 1673 1476 τ·
1707 1430 1770 1474 ut
1808 1426 1882 1475 et.

275 1506 446 1574 ignem
490 1504 655 1572 faciat
685 1504 750 1559 de
791 1504 930 1560 celo.
956 1506 1266 1562 descendere
1307 1509 1364 1564 in
1403 1519 1595 1564 terram
1638 1512 1696 1565 in
1735 1527 1884 1566 con--

276 1606 452 1665 specta
481 1596 771 1650 hominum.
813 1597 955 1668 Ignis
994 1599 1230 1669 Spiritus
1265 1611 1484 1659 sanctus
1512 1613 1617 1670 est,
1660 1604 1871 1661 emtum

1969 423 2116 480 horae
2138 425 2242 481 diei
2269 426 2324 480 in
2349 426 2484 482 sole.
2509 426 2601 483 Sol
2621 429 2874 486 Christus
2894 433 3232 508 intelligitur,
3255 449 3550 506 scentulum

1967 517 2246 588 Propheta
2273 521 2476 578 dictum
2503 541 2519 577 :
2557 524 2712 581 Vobis
2732 529 2824 599 qui
2848 531 3042 587 timetis
3071 533 3383 609 Dominum,
3414 548 3563 602 orie-

1965 618 2055 663 tur
2089 611 2169 666 sol
2200 613 2446 682 justitic.
2490 616 2558 671 Et
2594 625 2801 675 tantum
2848 622 2978 693 ipsis
3015 624 3339 688 Christianis
3377 637 3551 696 oritur

1966 700 2058 770 qui
2094 702 2287 758 timent
2329 703 2625 772 Christum,
2669 708 2724 763 id
2749 718 2852 775 est,
2897 713 2989 783 qui
3027 716 3254 775 credunt
3290 721 3347 777 in
3383 723 3561 782 Chri-

1966 799 2108 846 stum
2123 832 2140 858 ,
2165 801 2220 848 ει
2243 793 2525 852 imitantur
2544 799 2769 870 vestigia
2793 800 2930 868 eius.
2958 803 3015 859 lu
3043 813 3250 865 tantum
3275 820 3336 867 ut
3358 813 3412 870 in
3441 816 3549 872 isto

1966 880 2054 936 die
2093 883 2304 952 possint
2344 887 2642 943 ambulare.
2686 889 2754 944 Et
2790 891 2932 948 sicut
2967 895 3047 950 sol
3087 895 3220 954 facit
3257 901 3543 961 duodecim

1964 972 2127 1028 horas
2148 975 2272 1042 diei,
2307 985 2362 1032 et
2388 993 2494 1033 non
2517 979 2720 1034 faciunt
2741 982 2926 1050 solem,
2951 985 3032 1042 sic
3053 987 3301 1050 Christus
3327 993 3458 1052 fecit
3490 1007 3547 1057 et

1964 1061 2126 1152 elegit
2143 1065 2423 1123 duodecim
2452 1070 2724 1139 apostolos
2753 1089 2766 1125 :
2797 1081 2852 1127 ει
2879 1075 3159 1133 duodecim
3185 1087 3411 1152 apostoli
3435 1102 3558 1143 non

1962 1149 2207 1208 fecemnt
2255 1151 2357 1210 nec
2391 1157 2670 1228 elegerunt
2693 1160 2990 1218 Christum.
3032 1165 3184 1223 Sicut
3218 1149 3334 1241 ipse
3362 1175 3538 1232 Domi-

1962 1257 2066 1297 nus
2103 1245 2181 1299 ait
2215 1259 2238 1298 τ·
2274 1245 2398 1300 Non
2436 1263 2524 1302 eos
2562 1265 2644 1303 nte
2685 1251 2911 1322 elegistis
2943 1268 2962 1308 :
2990 1257 3083 1310 sed
3121 1276 3215 1330 ego
3256 1262 3388 1334 elegi
3428 1283 3558 1322 vos.‘

1962 1331 2115 1388 Nunc
2131 1349 2263 1389 vero
2291 1335 2391 1405 ipsi
2420 1345 2546 1392 sunt
2572 1339 2664 1394 ﬁlii
2693 1341 2930 1412 adoptivi
2955 1345 3044 1415 qui
3066 1348 3222 1404 electi
3249 1331 3403 1419 sunt,
3430 1370 3541 1412 non

1961 1421 2051 1477 ille
2073 1425 2166 1494 qui
2194 1425 2376 1496 elegit.
2407 1427 2474 1481 Et
2503 1438 2681 1494 tamen
2708 1431 2800 1500 qui
2828 1433 2990 1504 elegit
3015 1445 3070 1490 et
3094 1440 3184 1508 qui
3210 1441 3366 1498 electi
3393 1454 3552 1511 sunt,-

1959 1527 2098 1568 unus
2133 1514 2250 1570 dies
2276 1524 2390 1582 est,
2429 1532 2596 1573 unum
2626 1519 2802 1576 lumen
2843 1534 2945 1580 est.
2983 1526 3076 1582 Sol
3106 1529 3454 1602 Illuminator,
3485 1547 3542 1594 ct

1961 1603 2241 1662 duodecim
2274 1609 2423 1665 horae
2449 1610 2760 1668 illuminata:
2787 1629 2818 1669 a
2853 1617 2984 1672 sole.
3019 1619 3111 1675 Sic
3143 1621 3391 1684 Christus
3419 1629 3538 1684 illu-

274 1685 516 1741 Ecclesia
540 1694 644 1752 est,
678 1695 821 1742 terra
849 1689 951 1758 ipsi
978 1699 1103 1745 sunt
1130 1706 1268 1762 quos
1293 1693 1585 1765 baptizant,
1617 1703 1673 1750 et
1698 1703 1862 1752 cate-
1889 1675 1934 1735 3
1959 1697 2209 1764 minatur,
2251 1707 2307 1754 et
2343 1702 2626 1758 duodecim
2663 1707 2889 1775 apostoli
2927 1675 3512 1774 ﬂammatis—Christo

272 1790 366 1828 ros
401 1775 800 1833 ecclesiasticos
833 1779 1050 1836 ordines
1083 1782 1244 1849 dicit,
1276 1799 1523 1856 quaa'per
1550 1787 1696 1858 ipsos
1721 1787 1859 1843 ﬁunt

263 1865 333 1920 in
355 1865 615 1931 Ecclesia,
645 1882 746 1936 per
771 1883 892 1938 quae
914 1882 1250 1928 sacramenta
1279 1875 1347 1930 ab
1375 1875 1482 1931 illis
1509 1882 1722 1933 tenetur
1749 1878 1860 1933 Ec-

269 1954 434 2009 clesia
461 1957 694 2026 captiva.
727 1956 1136 2016 Sacramentum
1161 1963 1500 2032 baptismatis
1540 1981 1646 2022 non
1678 1968 1854 2024 solum

269 2045 410 2099 intra
441 2045 495 2100 in
522 2046 815 2101 Ecclesiam
839 2049 1181 2116 catholicam,
1207 2054 1301 2107 sed
1323 2055 1486 2108 etiam
1511 2056 1651 2125 apud
1679 2057 1854 2112 haere-

269 2135 427 2200 ticos,
456 2137 548 2204 qui
579 2137 632 2191 in
666 2138 882 2194 nomine
906 2139 1105 2205 Patris,
1131 2149 1186 2195 et
1210 2142 1354 2207 Filii,
1383 2151 1440 2197 et
1465 2142 1699 2214 Spiritus
1726 2163 1878 2201 san-1

267 2225 340 2280 eti
371 2226 666 2296 haptizant,
691 2243 811 2284 esse
835 2231 1052 2299 quidem
1073 2231 1338 2302 baptisma
1365 2249 1544 2304 posse,
1575 2239 1668 2291 sed
1693 2248 1846 2295 extra

267 2316 563 2372 Ecdesiam
585 2319 908 2375 catholicam
937 2323 1194 2390 prodesse
1218 2339 1325 2379 non
1358 2340 1535 2394 posse.
1569 2327 1678 2382 Imo
1707 2330 1848 2384 sicut

264 2407 408 2463 intra
436 2408 733 2464 Ecclesiam
764 2421 912 2466 recte
947 2413 1289 2470 credentibus
1322 2432 1420 2486 per
1448 2430 1845 2476 sacramentum

264 2500 514 2569 baptismi
539 2501 748 2557 confert
769 2503 1027 2571 salutem,
1055 2507 1135 2561 sic
1162 2515 1314 2560 extra
1343 2507 1641 2565 Ecclesiam
1669 2513 1868 2582 hap'ti--

264 2594 404 2657 zati,
444 2593 490 2647 si
533 2596 600 2648 ad
638 2594 934 2650 Ecclesiam
965 2612 1075 2652 non
1101 2598 1383 2662 redierint,
1417 2601 1605 2656 eodem
1643 2603 1866 2673 baptism

262 2693 409 2738 mate
454 2685 800 2740 cumularunt
851 2685 953 2742 sibi
1001 2689 1293 2758 perniciem
1344 2698 1400 2743 et
1448 2690 1838 2748 confusionem.

262 2775 495 2830 Tantum
523 2777 668 2830 enim
695 2776 834 2832 valet
857 2777 1235 2835 ecclesiastica:
1263 2781 1540 2836 societatis
1566 2783 1748 2839 unitas
1773 2786 1842 2840 ad

260 2870 488 2925 salutem
530 2870 802 2941 baptismi,
849 2878 910 2924 ut
951 2886 1059 2926 non
1109 2871 1368 2939 salvetur,
1415 2874 1501 2928 cui
1547 2890 1654 2930 non
1697 2874 1840 2932 intra

257 2963 556 3020 Ecclesiam
588 2963 764 3028 datur,
799 2963 890 3018 ubi
915 2971 1129 3034 oportet
1155 2973 1216 3018 ut
1240 2965 1414 3020 detur.
1450 2966 1630 3022 [nesse
1657 2977 1836 3025 tamen

259 3051 466 3108 homini
497 3052 824 3122 baptismum
845 3053 1011 3108 etiam
1039 3062 1193 3109 extra
1219 3053 1514 3110 Ecclesiam
1541 3059 1834 3129 baptizato,

257 3143 354 3198 sed
380 3143 615 3197 maxime
641 3143 710 3198 ad
747 3143 1146 3199 damnationem
1188 3145 1256 3200 ab
1299 3144 1537 3201 Ecclesia
1566 3159 1836 3218 separato.

259 3235 366 3290 Sed
406 3237 532 3305 quia
577 3235 922 3293 manifestum
965 3248 1063 3304 est,
1108 3240 1414 3312 ubicunque
1453 3243 1636 3299 datum
1676 3244 1840 3303 fuerit

258 3329 362 3384 hoc
381 3330 668 3399 baptisma,
691 3331 862 3386 semel
884 3345 1006 3388 esse
1028 3333 1285 3400 dandum,
1312 3335 1433 3392 ideo
1453 3337 1554 3392 etsi
1579 3338 1647 3393 ab
1667 3337 1840 3393 haere-

257 3420 384 3474 ticis
409 3420 464 3474 in
489 3423 706 3476 nomine
736 3421 930 3488 Patris,
957 3431 1012 3477 et
1037 3422 1180 3490 Filii,
1205 3433 1261 3480 et
1284 3424 1519 3496 Spiritus
1547 3428 1718 3482 sancti
1744 3427 1852 3480 dam

257 3517 372 3563 tum
417 3509 599 3576 fuerit,
648 3512 1028 3568 venerabiliter
1055 3517 1475 3585 agnoscendum,
1523 3525 1578 3571 et
1621 3518 1690 3571 ab
1735 3518 1838 3572 hoc

254 3600 562 3656 nullatenus
606 3602 929 3657 iterandum.
975 3603 1042 3657 Et
1080 3606 1207 3674 quia
1247 3609 1426 3660 clunis
1459 3606 1848 3662 Christianitas

252 3688 511 3744 Ecclesia:
557 3705 754 3744 nomen
804 3693 994 3759 habet;
1041 3705 1097 3748 et
1138 3693 1379 3749 inﬁdeles
1418 3696 1509 3764 qui
1555 3710 1662 3750 non
1711 3704 1852 3751 sunt»

250 3780 543 3849 baptizati,
576 3789 728 3834 extra
762 3783 1056 3838 Ecclesiam
1083 3786 1352 3849 dicuntur,
1388 3795 1580 3856 putant
1617 3802 1675 3843 se
1710 3803 1848 3844 cum.

249 3869 486 3924 audiunt
523 3881 674 3928 extra
715 3875 1014 3930 Ecclesiam
1049 3878 1156 3934 dici
1199 3879 1521 3948 baptizatos,
1551 3883 1696 3950 quod
1738 3897 1852 3952 pro-

249 3959 562 4018 inﬁdelibus
588 3963 835 4020 dicatur?
873 3965 991 4021 Non
1014 3968 1158 4023 enim
1188 3969 1263 4023 ita
1290 3969 1696 4042 intelligendum
1719 3980 1831 4039 est,

249 4059 314 4104 ut
337 4059 544 4107 tanmm
583 4052 719 4109 duas
751 4064 934 4126 partes
972 4059 1260 4114 credamus
1297 4060 1598 4127 hominum,
1634 4061 1690 4116 id
1724 4071 1830 4128 est,

248 4157 414 4196 unam
444 4151 654 4211 partem
686 4147 1105 4216 baptizatorum,
1131 4165 1250 4219 quae
1275 4151 1348 4206 sit
1373 4151 1644 4219 Ecclesia;
1675 4161 1730 4208 et
1753 4155 1849 4210 al—-

246 4241 421 4287 teram
449 4233 759 4300 inﬁdelium,
787 4254 906 4308 quae
921 4240 992 4293 sit
1004 4248 1157 4296 extra
1184 4242 1517 4298 Ecclesiam:
1547 4260 1655 4300 non
1681 4246 1828 4302 enim

1956 1788 2202 1880 Christus
2255 1801 2338 1847 est
2383 1803 2576 1864 caput,
2628 1806 2685 1852 et
2729 1798 3009 1856 duodecim
3063 1806 3286 1874 apostoli
3340 1825 3551 1880 corpus-

1953 1878 2185 1949 Christi,
2215 1885 2358 1952 quod
2392 1895 2476 1940 est
2509 1888 2688 1944 omnis
2721 1891 2942 1946 omnino
2969 1893 3205 1950 Ecclesia
3243 1899 3298 1952 in
3334 1878 3536 1958 duode-

1953 1972 2106 2027 nario
2143 1989 2368 2030 numero
2403 1977 2769 2045 apostolorum
2809 1983 3119 2038 constituta.
3157 1986 3258 2044 llic
3285 1997 3368 2045 est
3396 1997 3534 2049 unus

1951 2061 2096 2152 dies,
2133 2063 2188 2117 id
2217 2073 2330 2129 est,
2370 2080 2477 2119 una
2505 2081 2734 2136 persona
2761 2070 3012 2128 Christus
3035 2083 3088 2129 et
3123 2077 3362 2134 Ecclesia
3393 2099 3406 2135 :
3437 2079 3543 2152 qui.

1950 2149 2004 2203 in
2040 2151 2144 2205 hoc
2169 2151 2257 2206 die
2288 2155 2561 2220 ambulat,
2599 2157 2714 2226 ipse
2749 2161 2990 2216 ambulat
3023 2163 3168 2220 intra
3207 2149 3524 2228 Ecclesium.

1951 2241 2059 2297 Hos
2085 2250 2295 2299 tantum
2326 2248 2606 2302 duodecim
2632 2251 2932 2320 apostolos,
2968 2261 3220 2313 tanquam
3247 2262 3544 2319 duodecim

1946 2331 2109 2388 horas
2135 2335 2241 2389 diei
2267 2351 2364 2405 per
2383 2338 2692 2394 universum
2715 2345 2973 2399 mundum
3003 2347 3154 2402 misit
3171 2350 3439 2420 Christus,
3466 2366 3531 2411 ut

1943 2420 2122 2473 omnis
2148 2419 2435 2476 multitudo
2460 2423 2792 2481 credentium
2834 2428 2889 2482 in
2933 2432 3040 2488 isto
3067 2434 3184 2489 solo
3222 2427 3540 2496 ambularet:

1943 2507 2060 2574 die,
2091 2510 2144 2564 id
2176 2519 2292 2576 est,
2323 2512 2378 2566 in
2406 2513 2506 2567 ista
2542 2515 2654 2570 sols
2684 2517 2943 2574 Ecclesia.
2975 2520 3081 2578 Sed
3107 2539 3267 2582 nemo
3293 2531 3544 2586 creden-'

1943 2598 2080 2689 tium
2105 2599 2177 2655 ibi
2202 2610 2382 2670 potest
2407 2603 2632 2672 ingredi,
2658 2607 2762 2662 nisi
2791 2608 3033 2667 imitatus
3061 2612 3224 2670 fuerit
3251 2621 3546 2689 apostolos'

1941 2688 2164 2746 Christi.
2201 2692 2269 2746 Et
2307 2693 2435 2748 dum
2480 2695 2720 2752 imitatus
2747 2697 2940 2765 fuerit,
2981 2703 3054 2758 sit
3095 2705 3210 2775 ipse
3248 2688 3542 2778 apostolus

1940 2778 2176 2870 Christi,
2207 2781 2348 2837 sicut
2387 2791 2443 2838 et
2475 2785 2674 2841 Paulus
2703 2790 2976 2858 apostolus
3001 2793 3214 2850 dicebat
3247 2797 3528 2870 discipulis

1939 2870 2054 2925 suis
2084 2888 2097 2924 :
2130 2869 2430 2927 lmitatores
2456 2876 2559 2928 mei
2583 2886 2760 2942 estote,
2788 2879 2924 2934 sicut
2946 2891 2995 2936 et
3023 2899 3117 2953 ego
3142 2884 3355 2942 Christi.

2012 2961 2252 3019 XXXIV.
2315 2963 2434 3019 1am
2489 2982 2632 3022 nunc
2691 2969 2931 3040 episcopi
2995 2976 3282 3033 cathedras
3331 2987 3534 3039 tenent

1943 3052 2227 3109 duodecim
2277 3055 2665 3126 apostolorum,
2715 3060 2760 3114 si
2808 3061 3092 3119 imitantur
3140 3069 3412 3136 apostolos
3467 3073 3538 3128 in-

1941 3143 2066 3207 ﬁde,
2091 3151 2146 3196 et
2168 3158 2352 3212 opere,
2375 3153 2430 3200 et
2449 3146 2832 3216 pnedicatione
2858 3167 2870 3202 :
2895 3159 2951 3204 et
2975 3152 3074 3221 ipsi
3103 3153 3344 3214 Ecclesia
3373 3169 3522 3229 sum,

1941 3233 2066 3302 quia
2111 3233 2166 3287 in
2200 3235 2447 3290 doctrina
2493 3236 2857 3306 apostolorum
2901 3251 3054 3305 sunt;
3095 3251 3151 3297 et
3174 3245 3519 3316 baptismata,

1939 3339 2059 3393 quae
2077 3339 2176 3394 per
2197 3341 2394 3380 manus
2420 3327 2632 3382 illorum
2658 3329 2810 3395 ﬁunt,
2843 3331 2944 3399 ipsi
2973 3333 3225 3389 dicuntur
3260 3339 3521 3408 haptizati

1939 3417 2082 3472 intra
2110 3418 2427 3483 Ecclesiam,
2461 3422 2586 3490 quia
2615 3424 2884 3478 neminem
2912 3426 3189 3497 baptizant
3234 3430 3340 3486 nisi
3389 3441 3516 3487 tan-

1938 3515 2052 3561 tum
2077 3522 2171 3562 eos
2195 3507 2287 3577 qui
2313 3523 2507 3564 nomen
2529 3525 2686 3565 suum
2709 3513 2856 3567 dant.
2882 3514 3028 3582 Quos
3051 3517 3214 3572 etiam
3242 3519 3518 3576 instruunt

1936 3601 1993 3657 in
2018 3601 2124 3657 ﬁde
2159 3610 2216 3656 et
2239 3616 2422 3670 opere,
2448 3600 2681 3672 qualiter
2717 3608 2940 3663 credant
2971 3618 3025 3664 et
3048 3612 3286 3680 qualiter
3307 3616 3514 3682 vivant,

1936 3690 2011 3745 ita
2065 3699 2124 3746 ut
2164 3707 2261 3747 ore
2305 3695 2526 3764 proprio
2571 3695 2926 3766 proﬁteantur
2977 3702 3328 3771 apostolicum
3388 3705 3532 3763 ﬁdei

1936 3782 2237 3854 symbolum
2267 3799 2284 3838 :
2312 3782 2534 3838 Credere
2562 3785 2617 3840 in
2647 3785 2818 3840 Deum
2845 3787 3059 3844 Patrem
3086 3795 3511 3864 omnipotentem.

1933 3871 2005 3926 Et
2046 3872 2103 3925 in
2131 3871 2312 3926 Iesum
2333 3870 2598 3949 Christum
2624 3872 2673 3926 Γ
2675 3874 2826 3929 ilium
2852 3877 2968 3946 ejus
3004 3880 3216 3934 unicum
3249 3881 3436 3948 Deum,
3463 3892 3520 3939 et

1933 3961 2214 4016 Dominum
2253 3972 2488 4016 nostrum
2514 3978 2534 4017 :
2559 3965 2650 4034 qui
2690 3974 2845 4020 natus
2875 3977 2950 4022 est
2980 3967 3046 4021 de
3074 3967 3278 4040 Spiritu
3326 3983 3528 4029 saneto

1931 4069 1998 4107 ea:
2036 4051 2212 4106 Maria
2251 4053 2467 4124 uirgine.
2513 4052 2582 4107 Et
2614 4055 2672 4109 in
2715 4054 2972 4127 Spiritum
3008 4068 3270 4115 sanctum.
3309 4062 3368 4117 In
3403 4078 3509 4133 qua

1929 4142 2038 4198 ﬁde
2070 4143 2326 4213 baptizati
2365 4151 2494 4198 sunt
2519 4159 2532 4196 :
2557 4153 2614 4199 et
2643 4145 3024 4202 abrenuntiant
3069 4148 3300 4216 diabolo,
3325 4160 3380 4208 et
3410 4167 3510 4208 an-

1929 4233 2063 4304 gelis
2092 4231 2225 4302 ejus,
2253 4234 2509 4304 operibus
2535 4232 2673 4302 ejus,
2698 4243 2754 4290 et
2778 4235 3023 4306 imperiis
3057 4235 3196 4305 ejus.
3521 4265 3524 4274 τ

243 4324 489 4380 inﬁdeles
515 4327 840 4396 baptismum
872 4331 1104 4395 habent,
1136 4332 1229 4402 qui
1265 4349 1372 4389 non
1401 4336 1629 4390 credunt
1665 4335 1826 4392 Chri-

1998 4325 2214 4381 XXXV.
2255 4326 2335 4379 Ex
2365 4327 2498 4396 ipsis
2530 4326 2820 4396 baptizatis
2853 4327 2944 4381 alii
2983 4313 3278 4383 traduntur
3307 4329 3507 4386 scholae

242 4424 389 4469 stum
426 4414 623 4472 Filium
648 4417 773 4485 Dei,
802 4420 896 4474 sed
921 4428 1129 4476 tantum
1165 4421 1458 4479 Christiani
1494 4425 1694 4480 habent
1724 4427 1822 4482 ha-

240 4497 520 4575 ptismum.
566 4507 636 4565 Et
672 4510 785 4580 ipsa
823 4511 1206 4569 Christianitas
1245 4529 1366 4584 quae
1397 4515 1668 4585 baptizata
1711 4526 1818 4583 est,

240 4596 411 4652 altera
447 4612 575 4666 pars
607 4608 690 4655 est
717 4614 837 4669 qua:
865 4601 1006 4656 intra
1038 4603 1334 4658 Ecclesiam
1357 4613 1461 4660 est.
1489 4606 1556 4660 Et
1582 4607 1673 4660 illa
1701 4623 1822 4677 qum

237 4686 374 4742 foris
403 4687 644 4756 Ecclesia
670 4699 788 4755 est,
821 4691 876 4745 in
900 4693 1037 4747 duas
1065 4701 1250 4762 partes
1275 4695 1445 4749 divisa
1473 4704 1585 4760 est,
1622 4696 1675 4751 id
1704 4704 1818 4762 est,

238 4780 298 4833 in
335 4782 648 4836 sacerdotes
682 4781 983 4846 hereticos,
1019 4791 1073 4838 et
1115 4784 1172 4837 in
1206 4784 1374 4840 laicos
1408 4795 1594 4854 aperte
1626 4785 1818 4842 malos.

232 4869 332 4924 lita
357 4885 488 4939 pars
519 4887 640 4941 qua:
665 4872 905 4928 Ecclesia
935 4874 1152 4940 dicitur,
1182 4875 1354 4930 sancti
1381 4884 1438 4930 et
1461 4876 1646 4932 ﬁdeles
1672 4889 1816 4943 sunt,

232 4959 330 5028 qui
365 4975 464 5028 pro
492 4963 711 5018 Christo
732 4964 913 5018 omnia
941 4979 1036 5019 sua
1065 4965 1434 5034 reliquerunt:
1461 4967 1549 5022 cui
1575 4968 1823 5024 dicturus

230 5061 321 5107 est
351 5053 406 5107 in
429 5053 518 5109 die
538 5053 726 5124 iudicii
753 5073 766 5109 :
813 5054 912 5110 Vos
941 5056 1032 5128 qui
1055 5057 1328 5112 dimisistis
1354 5059 1532 5112 omnia
1558 5069 1746 5124 vestra,
1770 5070 1821 5114 et

230 5145 402 5198 secuti
420 5144 544 5200 estis
566 5161 666 5212 nte,
687 5147 744 5200 in
763 5148 1153 5218 regeneratione
1173 5164 1292 5201 cum
1318 5148 1507 5202 sederit
1524 5147 1573 5202 F
1575 5149 1700 5204 ilius
1721 5149 1820 5204 lto-

127 5260 134 5265 -
229 5233 395 5288 uiuis
421 5250 480 5289 ut
501 5235 622 5290 sede
644 5237 934 5306 majestatis
957 5251 1088 5302 siue,
1115 5236 1358 5291 sedebitis
1378 5246 1428 5292 et
1449 5253 1535 5292 vos
1557 5253 1713 5309 super
1739 5255 1836 5293 se-~

227 5324 328 5381 des
379 5325 656 5382 duodecim
674 5367 689 5392 ,
735 5326 1036 5396 judieeutes
1083 5327 1358 5382 duodecim
1407 5329 1574 5384 tribus
1623 5329 1814 5384 Israel.

230 5415 530 5472 Duodecim
562 5418 719 5474 sedes
744 5416 906 5482 dicit,
935 5418 1061 5488 quia
1091 5419 1270 5474 omnis
1301 5419 1520 5475 omnino
1552 5419 1812 5485 Ecclesia,

228 5523 354 5578 quae
376 5517 462 5565 est
491 5507 695 5565 Christi
722 5509 982 5581 sanguine
1008 5511 1276 5582 passionis
1301 5510 1499 5575 tincta,
1527 5510 1580 5564 in
1609 5502 1815 5566 duode-

229 5599 390 5656 nario
427 5597 790 5672 apostolorum
829 5614 1054 5658 numero
1087 5609 1172 5657 est
1205 5608 1532 5657 constructa.
1575 5599 1708 5655 Nam
1734 5600 1814 5657 sic

1925 4425 1980 4472 et
2008 4414 2308 4470 oﬁ'eruntur
2343 4428 2374 4467 a
2403 4415 2722 4484 parentibus
2747 4413 2985 4478 Christo,
3014 4422 3073 4469 ut
3097 4416 3309 4485 possint
3337 4414 3522 4474 futuri.

1923 4518 2044 4560 esse
2091 4501 2418 4562 sacerdotes,
2464 4509 2520 4553 et
2556 4501 2798 4556 serviant
2845 4501 3083 4557 Christo.
3138 4502 3246 4557 Alii
3295 4512 3526 4561 tantum.

1924 4592 2182 4648 doctrina:
2225 4589 2533 4655 traduntur,
2581 4600 2642 4644 ut
2681 4589 2866 4660 legant
2901 4599 2957 4645 et
2979 4601 3308 4662 cognoscant
3346 4592 3508 4649 Chri-

1923 4692 2087 4748 stum,
2117 4689 2174 4737 et
2191 4679 2459 4750 accipiant
2477 4694 2602 4734 cum
2631 4679 3008 4736 benedictione
3045 4681 3186 4736 intra
3205 4681 3505 4740 Ecclesiam

1921 4788 2137 4839 uxores,
2185 4779 2248 4826 ut
2283 4772 2523 4828 serviant
2563 4769 2832 4843 coniugio,
2873 4773 2998 4841 quia
3041 4773 3144 4829 hoc
3187 4774 3390 4830 bonum
3419 4784 3504 4830 est

1920 4873 1978 4920 et
2020 4865 2162 4920 intra
2185 4862 2484 4918 Ecclesiam
2518 4861 2655 4930 eius.
2698 4860 2806 4918 Sed
2850 4862 2982 4918 illud
3011 4862 3205 4918 melius
3245 4871 3329 4918 est
3355 4861 3503 4933 quod

1921 4955 2282 5012 sacerdotium
2310 4963 2414 5019 est,
2437 4954 2583 5026 quod
2609 4953 2752 5008 intra
2779 4953 3078 5008 Ecclesiam
3105 4962 3211 5020 est,
3241 4961 3297 5009 et
3317 4968 3416 5024 per
3441 4967 3504 5010 se

1921 5046 2160 5104 Ecclesia
2189 5055 2292 5102 est.
2323 5045 2430 5101 Sed
2453 5053 2512 5100 et
2539 5045 2642 5100 ista
2662 5045 2804 5100 bona
2830 5052 2930 5109 est,
2959 5060 3079 5114 quae
3107 5045 3260 5101 nobis
3294 5055 3504 5117 marty-

1920 5153 2009 5195 res
2041 5145 2097 5192 et
2143 5135 2476 5198 sacerdotes,
2505 5134 2744 5205 virgines
2779 5142 2836 5188 et
2875 5134 3210 5190 conicssores
3253 5141 3516 5206 generat,

1917 5239 1973 5286 et
2026 5227 2214 5282 vivunt
2255 5223 2528 5296 coniugati
2573 5224 2871 5282 secundum
2907 5225 3208 5294 apostolum
3245 5223 3512 5288 Paulum,

1914 5298 2010 5394 qui
2048 5319 2180 5378 dicit
2225 5335 2239 5373 :
2288 5317 2366 5373 De
2421 5317 2706 5388 uirginibus
2757 5328 3074 5388 praceptum
3116 5317 3329 5373 Domini
3390 5333 3494 5373 non

1915 5413 2100 5476 habeo,
2121 5405 2408 5464 consilium
2444 5413 2628 5459 autem.
2656 5405 2747 5470 do,
2778 5415 3030 5476 tauquam
3075 5405 3513 5466 misericordiam.

1914 5509 2218 5559 consecutus
2262 5515 2298 5551 α
2329 5495 2557 5550 Domine
2600 5505 2658 5551 ut
2690 5498 2790 5553 sint
2815 5497 3009 5566 ﬁdelis.
3059 5497 3319 5552 Existimo
3350 5497 3489 5552 enim

1911 5597 2008 5652 hoc
2033 5593 2223 5649 bonum
2248 5604 2357 5646 esse
2392 5596 2604 5667 propter
2637 5588 2918 5646 instantem
2957 5589 3331 5655 necessitatem,
3362 5602 3488 5657 quo.
