1996 3088
244 126 301 158 999'
648 123 851 157 ELIPANDUS,
871 122 982 155 FELIX,
1000 122 1174 152 HETERIUS
1192 122 1236 150 ET
1255 121 1285 149 S.
1304 120 1449 150 BEATUS.

1792 123 1862 152 ίοσο

242 186 313 219 niam
324 182 422 213 binum
435 185 473 209 est
488 181 585 209 homini
604 181 641 209 sic
656 189 721 209 esse.
746 179 875 215 Alligatus
886 187 914 207 es
928 179 1025 207 uxori?
1037 182 1064 211 Α
1075 187 1146 212 mus,
1159 186 1220 214 qua:
1235 183 1312 206 extra
1332 178 1480 207 Ecclesium
1504 183 1557 211 est,
1584 178 1611 205 id
1624 184 1677 211 est,
1694 179 1816 209 Ingentia
1833 188 1865 211 ιιι

242 229 296 262 noli
311 235 428 263 querere
440 226 605 254 solutionem.
631 225 740 254 Solutus
759 233 786 252 es
799 225 831 252 ab
850 225 953 252 mre?
972 224 1026 252 noli

241 280 357 309 φατι-ιη
379 278 497 302 mrem.
522 270 552 298 Si
572 276 659 298 autem
678 271 808 305 acciperes
836 277 953 301 mrem,
974 278 1027 297 non

241 318 363 354 peccasti.
377 317 412 345 Et
427 317 450 345 si
463 317 550 351 nupsit
565 316 647 351 virgo,
661 324 713 343 non
724 316 848 350 peccavit.
871 314 1041 343 Tribulatio--_

242 370 300 390 nem
320 366 407 389 autem
427 360 515 388 carnis
535 360 663 387 habebunt
685 359 846 394 hujusmodi.
868 359 924 394 Ego
939 364 1028 386 autem

242 408 312 435 nobis
333 415 424 443 parco.
453 405 511 432 [loc
535 406 632 440 itaque,
656 404 761 439 fratres,
775 409 875 439 tempus
893 404 965 431 breue
977 409 1026 431 est.

243 454 382 489 Reliquum
393 457 430 478 est
455 457 482 478 ut
497 452 541 486 qui
555 451 648 478 habent
664 458 757 477 uxores
767 450 817 477 sint
836 454 960 484 tanquam
975 458 1027 477 non

241 499 374 525 habentes.
393 497 427 524 Et
449 497 493 532 qui
509 497 582 531 flent,
601 500 725 530 tanquam
741 503 793 521 non
812 495 912 529 flentes.
934 494 967 521 Et
981 495 1027 529 qui

241 544 366 579 gaudent,
381 548 506 577 tanquam
518 550 570 568 non
580 541 731 576 gaudentes.
749 540 782 567 Et
792 540 837 575 qui
855 545 965 567 utuntur
979 540 1027 566 hoc

242 590 349 620 mundo,
368 593 492 623 tanquam
515 594 567 613 non
586 590 703 613 utamur.
720 585 841 612 Praeterit
858 586 927 612 enim
941 585 1028 619 ﬁgura

242 634 321 668 hujus
334 633 436 661 mundi.
457 631 520 659 Volo
541 636 628 665 autem
644 638 686 658 vos
706 630 762 657 sine
779 629 954 661 sollicitudine
974 637 1030 656 esse

243 679 268 714 (I
284 678 345 706 Cor.
362 685 409 710 vn,
426 677 532 712 25-32).
560 676 701 712 Conjugati
726 676 772 710 qui
796 676 848 702 hoc
864 678 1028 710 praeceptum

243 728 352 751 sarvant
370 723 492 758 Apostoli
506 742 514 756 ,
540 722 610 749 intra
630 721 777 749 Ecclesiam
804 725 880 753 sunt,
896 720 959 755 quia
980 720 1031 747 sub

243 770 384 804 disciplina
404 768 586 803 apostolorum
611 772 683 795 sunt.
711 766 740 794 Si
764 767 862 801 aliquis
886 767 957 794 inter
984 773 1032 794 eos

243 815 397 849 deliquerit,
422 814 492 841 sicut
513 813 547 840 ab
563 812 682 839 Ecclesia
705 812 965 844 excommunicatur,
993 812 1030 839 ita

244 865 272 886 et
290 860 324 886 ab
342 859 381 886 eis
400 866 454 885 non
472 857 610 892 recipitur.
643 856 767 883 Decimas
792 864 855 884 suas
874 861 947 883 recte
964 857 1030 884 dant

243 905 308 932 Deo.
318 903 473 938 Hospitibus
483 903 565 938 pedes
575 902 675 929 lavant.
686 902 850 936 Pauperibus
864 902 1027 930 ministrant.

245 950 436 978 Sacerdotibus
455 949 584 976 honorem
604 949 774 983 impendunt,
799 953 826 976 et
846 948 1030 977 facultatulam

245 1003 322 1023 suam
335 1002 397 1022 cum
415 994 480 1029 ipsis
495 994 704 1026 communicant,
718 994 781 1028 quia
795 1001 843 1022 eos
857 994 962 1022 futuros
977 995 1031 1022 hie-

245 1041 323 1068 redcs
343 1041 443 1068 habere
465 1044 630 1074 exspectant.
653 1039 816 1075 Conjugibus
831 1040 888 1067 suis
903 1047 955 1067 non
969 1048 1033 1074 pro-

244 1090 305 1120 pter
320 1085 468 1117 libidinem,
483 1085 531 1112 sed
543 1090 653 1120 propter
674 1085 892 1120 procreationem
914 1085 1032 1112 ﬁliorum

245 1135 366 1160 utuntur.
392 1132 426 1159 Et
443 1137 505 1158 cum
526 1132 651 1158 omnibus
668 1131 823 1159 hominibus
840 1132 865 1158 iu
879 1134 954 1158 tanta
968 1131 1034 1158 cha‘

245 1177 327 1205 ritate
347 1177 453 1210 vivunt,
472 1182 501 1204 ut
519 1176 642 1210 monachi
661 1183 721 1203 esse
737 1179 875 1210 putentur.
896 1175 929 1202 lli
948 1175 975 1202 in
990 1175 1033 1202 die

245 1222 337 1257 iudicii
352 1229 368 1249 a
381 1222 494 1249 Domino
506 1222 623 1249 audituri
637 1225 699 1248 sunt
713 1220 828 1253 :Venite,
843 1220 970 1248 benedicti
981 1220 1033 1247 Pa-

246 1268 293 1293 tris
311 1267 371 1298 mei,
387 1267 508 1302 percipite
519 1274 626 1302 regnum
637 1266 706 1301 quod
721 1266 791 1293 vobis
804 1271 980 1301 praeparatum
995 1270 1033 1292 est

245 1312 278 1346 ab
291 1313 390 1347 origine
400 1312 501 1339 mundi.
514 1312 619 1339 Esuritvi
635 1313 714 1344 enim,
728 1317 752 1339 et
762 1311 870 1338 dedistis
881 1311 944 1338 mihi
959 1318 1034 1338 man-

246 1359 352 1391 ducare.
365 1358 451 1391 Sitiui,
471 1363 495 1385 et
512 1358 619 1385 dedistis
636 1358 699 1385 mihi
717 1358 811 1385 bibere.
831 1356 930 1392 Hospes
949 1364 1032 1387 eram,

247 1409 270 1432 et
285 1403 424 1438 collegistis
441 1412 490 1430 me.
510 1403 535 1430 Ν
539 1403 616 1435 udus,
626 1408 649 1430 et
664 1403 802 1438 operuistis
822 1411 872 1429 me.
895 1402 1032 1436 Inﬁrmus,

247 1455 271 1477 et
288 1450 409 1477 visitastis
424 1457 475 1476 me.
496 1449 530 1476 In
550 1457 653 1476 carcere
672 1456 753 1481 eram,
767 1453 791 1476 et
805 1448 909 1476 uenistis
931 1447 964 1474 ad
983 1455 1032 1474 me.

249 1494 318 1530 Quia
330 1493 398 1528 quod
417 1494 462 1520 um'
480 1494 512 1520 de
522 1494 562 1522 his
576 1493 703 1528 fratribus
715 1493 779 1522 meis
795 1493 908 1520 minimis
926 1492 1032 1527 fecistis,

1076 224 1189 259 populus
1202 223 1262 258 ejus
1278 224 1377 256 malus,
1392 231 1453 258 qua:
1468 224 1502 251 ab
1525 224 1565 251 eis
1583 230 1753 253 sacramenta
1769 226 1865 256 Eccle-

1075 270 1124 298 sia:
1136 270 1281 304 accipiunt,
1293 274 1322 296 et
1337 269 1486 297 doctrinam
1509 269 1606 296 salutis
1623 277 1674 297 nec
1687 270 1739 306 ipsi
1751 272 1864 306 habent,

1076 322 1127 344 uec
1143 313 1359 349 lliisproferunt.
1385 314 1505 348 Corpora
1520 319 1593 348 sunt,
1612 315 1660 343 sed
1673 324 1728 343 non
1742 324 1772 344 se
1795 318 1866 345 invi-

1076 366 1135 386 cem
1149 359 1273 394 diligunt,
1287 359 1349 393 quia
1366 359 1535 387 aversionem
1549 359 1648 388 habent
1658 361 1692 388 ab
1706 361 1740 389 iis
1751 370 1866 397 quorum

1077 404 1198 435 membra
1211 409 1283 431 sunt.
1308 404 1346 431 De
1358 405 1456 439 quibus
1472 405 1571 433 Paulus
1593 406 1734 440 apostolus
1749 407 1868 436 Thessa-

1078 448 1260 476 lonicensibus
1286 454 1388 481 narrat,
1412 457 1474 477 cum
1499 455 1628 485 putarent
1650 452 1721 486 quod
1746 457 1870 489 tempore

1077 495 1152 523 Pauli
1166 500 1238 523 esset
1260 496 1318 524 dies
1328 496 1434 530 judicii,
1449 504 1483 525 eo
1495 498 1567 531 quod
1580 498 1619 525 eis
1634 498 1774 532 scripserit
1789 507 1797 525 :
1811 499 1869 527 Nos

1076 541 1121 575 qui
1132 541 1249 573 uiuimus,
1262 541 1306 576 qui
1321 541 1492 576 relinquimur
1502 542 1529 568 in
1538 542 1676 570 adventum
1683 542 1802 576 Domini,
1815 552 1869 571 non

1077 586 1263 620 pa'teueniemus
1282 594 1325 613 eos
1342 586 1387 621 qui
1403 592 1480 614 antea
1500 587 1663 614 dormierunt
1680 588 1705 624 (I
1725 588 1816 616 Thess.
1832 597 1868 622 iv,

1078 629 1118 665 4).
1148 630 1188 657 Ad
1207 632 1265 658 hinc
1287 631 1325 658 illi
1343 632 1507 665 conturliati,
1526 633 1636 667 scripsit
1652 634 1692 660 eis
1709 639 1816 668 postea,
1829 635 1870 662 di-

1079 684 1143 704 cens
1158 685 1165 703 :
1179 676 1312 712 Rogamus
1326 682 1413 705 autern
1426 687 1477 710 eos,
1490 678 1596 713 fratres,
1606 687 1652 713 per
1663 680 1803 707 adrerum
1816 681 1870 708 Do-

1079 722 1144 750 mini
1164 724 1246 750 nostri
1257 723 1320 750 Iesu
1331 722 1438 755 Christi,
1456 729 1479 751 et
1500 729 1596 751 nostra:
1613 726 1821 760 congregationis
1841 727 1870 753 in

1078 768 1174 803 ipsum,
1193 772 1220 794 ut
1241 775 1293 795 non
1309 768 1360 794 eito
1377 768 1530 795 moueamini
1553 777 1569 795 a
1587 773 1671 796 vestro
1687 777 1774 801 sensit,
1789 778 1871 805 neque

1080 814 1241 845 terreamiui,
1255 821 1336 848 neque
1349 821 1395 848 per
1412 814 1544 848 spiritum,
1558 822 1639 849 neque
1653 823 1700 849 per
1713 823 1870 848 sermonem.

1046 870 1066 899 η
1082 866 1162 893 neque
1175 866 1220 893 per
1238 858 1375 893 epistolam
1397 863 1523 893 tanquam
1535 867 1581 893 per
1603 868 1650 886 nos
1664 860 1776 892 missam,
1789 860 1868 894 quasi

1079 904 1157 930 instet
1169 903 1224 930 dies
1241 903 1358 936 Domini,
1380 912 1411 931 ne
1431 904 1490 939 quis
1513 912 1556 931 vos
1570 904 1678 931 seducet
1701 904 1753 931 ullo
1778 905 1871 931 modo.

1082 948 1150 981 Quia
1165 948 1216 975 nisi
1227 949 1323 976 uenerit
1336 949 1450 983 primum
1468 949 1601 982 discessio,
1614 954 1638 976 et
1652 949 1779 976 revelatus
1792 950 1872 984 fuerit

1080 995 1157 1022 homo
1181 996 1290 1030 peccati,
1314 995 1387 1029 ﬁlius
1414 996 1583 1030 perditionis,
1607 996 1652 1031 qui
1674 996 1830 1023 adversatur
1848 1001 1872 1024 et

1081 1040 1215 1067 extollitur
1227 1049 1305 1076 super
1323 1049 1398 1067 omne
1416 1041 1486 1076 quod
1501 1041 1599 1067 dicitur
1614 1042 1683 1068 Deus
1702 1047 1750 1068 aut
1768 1041 1873 1074 colitur,

1081 1086 1119 1112 ita
1132 1091 1160 1112 ut
1175 1086 1202 1113 in
1215 1085 1309 1121 templo
1322 1086 1370 1113 Dei
1389 1086 1486 1118 sedeat,
1503 1086 1638 1114 ostendens
1657 1095 1685 1113 se
1700 1091 1828 1122 tanquam
1842 1088 1874 1114 sit

1083 1131 1164 1158 Deus.
1176 1130 1325 1158 Meminisse
1336 1131 1433 1158 debetis
1444 1132 1506 1166 quia
1517 1139 1564 1166 ego
1578 1132 1665 1159 adhuc
1676 1140 1737 1158 cum
1750 1133 1821 1167 apud
1833 1141 1874 1160 vos

1083 1183 1173 1207 essent,
1190 1177 1244 1202 lucc
1254 1177 1369 1202 dicebam
1382 1177 1459 1209 vobis,
1474 1182 1498 1204 et
1513 1185 1581 1205 nunc
1587 1177 1650 1212 quid
1662 1178 1779 1204 detineat
1790 1179 1874 1211 scitis,

1083 1225 1111 1246 ut
1125 1221 1248 1247 reveletur
1261 1222 1287 1247 in
1303 1229 1349 1247 suo
1365 1227 1487 1256 tempore.
1502 1222 1572 1249 Nam
1584 1223 1737 1257 mysterium
1752 1229 1876 1257 operatur

1083 1266 1240 1300 iniquitatis.
1263 1266 1302 1292 Ac
1319 1266 1341 1292 si
1357 1271 1450 1301 aperte
1472 1266 1575 1294 diceret
1591 1275 1598 1293 :
1614 1271 1679 1295 tunc
1692 1267 1876 1295 Antichristus

1085 1311 1225 1337 manifeste
1238 1310 1383 1338 videbitur.
1395 1310 1461 1338 Nam
1479 1312 1506 1338 in
1519 1312 1646 1340 cordibus
1659 1312 1816 1346 iniquorum
1831 1320 1876 1339 se-

1085 1359 1159 1382 creta
1178 1363 1226 1381 sua
1244 1354 1300 1388 jam
1321 1362 1393 1382 nunc
1405 1356 1527 1383 occultus
1543 1361 1681 1391 operatur.
1706 1356 1742 1384 Ut
1755 1357 1828 1383 enim
1842 1357 1877 1384 de

1085 1401 1264 1435 apertioribus
1280 1402 1439 1430 criminibus
1454 1406 1568 1435 taceam,
1585 1403 1630 1430 illa
1647 1411 1708 1438 quat
1720 1404 1773 1430 sub
1787 1405 1879 1438 specie

1085 1450 1161 1482 liunt,
1189 1450 1276 1476 dicam
1292 1457 1300 1475 :
1313 1456 1376 1477 ecce
1397 1449 1465 1477 alius
1477 1449 1555 1477 fratri
1570 1451 1668 1478 tacitus
1681 1451 1796 1483 invidet,
1811 1457 1840 1478 et
1855 1454 1879 1481 si

1085 1495 1254 1523 occasionem
1275 1496 1410 1528 inveniat,
1433 1503 1495 1522 eum
1521 1497 1694 1531 supplantare
1717 1501 1874 1533 contendit;

248 1539 311 1574 mihi
323 1539 431 1573 fecistis.
447 1539 479 1566 Hi
491 1542 554 1567 sunt
567 1538 664 1566 fratres
674 1538 788 1571 Domini,
799 1538 833 1566 de
844 1538 942 1573 quibus
956 1538 1034 1565 dicit:
1050 1542 1073 1573 (ζ
1088 1540 1163 1575 cujus
1181 1540 1294 1568 alterius
1312 1541 1463 1568 membrum
1481 1546 1533 1573 est,
1551 1543 1602 1570 nisi
1620 1543 1678 1577 ejus
1690 1545 1725 1572 de
1743 1553 1798 1579 quo
1810 1546 1879 1573 ﬁeri-

250 1584 301 1623 Qui
317 1583 380 1618 facit
393 1583 551 1611 voluntatem
565 1583 654 1609 Patris
667 1583 718 1609 mei
738 1583 782 1617 qui
802 1583 830 1609 in
842 1581 911 1610 caelis
929 1587 976 1614 est,
992 1581 1036 1609 ille

324 1634 416 1661 mater,
427 1633 451 1655 et
465 1629 557 1663 frater,
572 1633 595 1655 et
607 1636 683 1655 soror
692 1634 739 1655 est.

283 1674 402 1701 XXXVI.
430 1673 498 1700 Nam
516 1674 539 1701 si
563 1674 634 1702 scire
658 1674 740 1701 vultis
764 1674 829 1709 quid
850 1678 892 1701 est
914 1674 1037 1702 voluntas

249 1719 347 1751 Patris,
363 1718 429 1747 nihil
443 1718 515 1746 aliud
528 1718 650 1746 invenire
662 1726 807 1754 possumus
823 1719 886 1752 nisi,
904 1726 932 1745 iu
944 1720 1037 1746 creda~

249 1773 307 1791 ntus
324 1766 352 1791 in
364 1772 424 1791 eum
438 1772 513 1799 quem
526 1764 596 1791 misit
608 1764 662 1798 ille,
679 1764 705 1791 id
717 1769 770 1797 est,
784 1765 927 1792 credamus
939 1764 1038 1792 Filium

250 1810 308 1846 ejus
321 1809 413 1837 Iesum
426 1810 564 1837 Christum
579 1817 672 1836 verum
689 1817 750 1837 esse
761 1810 857 1837 Deum.
872 1809 1036 1841 Timeamus,

250 1858 403 1892 adoremus,
420 1854 557 1881 imitemur
568 1859 595 1881 et
611 1862 743 1887 amemus,
755 1854 817 1888 quia
831 1854 888 1890 ipse
902 1858 943 1881 est
957 1861 1038 1881 verus

250 1901 321 1930 Deus
338 1905 365 1928 et
380 1901 435 1927 vita
457 1906 573 1932 interna;
594 1901 662 1928 sicut
681 1901 739 1936 ipse
755 1901 782 1928 in
796 1900 941 1936 Evangelia
955 1900 1036 1927 dicit:

251 1947 315 1974 Ila'c
334 1952 372 1974 est
395 1952 482 1973 autem
500 1947 553 1973 uita
571 1952 669 1975 a'ternu
689 1952 717 1974 ut
736 1951 893 1982 cognoscant
911 1952 935 1974 te
950 1955 1038 1973 verum

251 1992 343 2024 Deum,
357 1996 381 2019 et
393 1999 469 2026 quem
482 1992 574 2019 misisti
589 1992 679 2019 Jesum
694 1992 837 2019 Christum.
850 1992 902 2018 Hie
913 1997 950 2019 est
964 1999 1038 2018 verus

251 2038 320 2069 Deus
330 2042 355 2064 et
368 2038 420 2065 vita
432 2042 540 2065 aeterna.
563 2037 633 2064 Ecce
649 2038 770 2065 Ecclesia
789 2045 869 2072 quem
886 2038 983 2070 credit,
1004 2038 1039 2066 ad

251 2090 312 2110 eum
336 2081 437 2114 tendit;
462 2085 489 2109 et
510 2081 640 2116 quidquid
661 2082 727 2117 agit,
752 2089 802 2116 per
826 2082 1039 2110 ecclesiasticam

251 2128 399 2156 doctrinam
414 2128 484 2164 agit;
503 2131 531 2156 et
552 2128 683 2163 quidquid
699 2129 778 2163 petit,
796 2129 824 2156 in
846 2129 955 2156 nomine
974 2128 1038 2156 Jesu

250 2174 328 2210 petit,
351 2177 381 2201 ut
400 2182 460 2202 cum
474 2173 539 2201 .lesu
563 2174 656 2201 aztcrni
680 2174 735 2201 sint
758 2178 787 2201 et
806 2174 879 2202 intra
890 2174 1037 2202 Ecclesiam

249 2220 419 2255 baptizentur
430 2240 438 2253 ,
460 2220 488 2247 in
510 2219 588 2254 cujus
606 2227 674 2255 pace
692 2225 879 2255 perseverant,
896 2228 944 2255 per
955 2228 1037 2255 quam

249 2270 276 2293 et
289 2266 356 2293 salvi
373 2266 451 2293 ﬁunt.
466 2265 534 2293 Nam
549 2266 595 2301 qui
612 2269 706 2293 contra
720 2267 792 2293 hanc
807 2266 956 2294 Ecclesiam
970 2267 1035 2301 agit,

250 2311 341 2339 salvus
360 2318 421 2338 esse
442 2319 494 2338 non
511 2316 606 2346 potest,
626 2312 677 2340 nisi
697 2312 731 2340 ad
745 2320 804 2340 eam
819 2313 930 2340 redierit
945 2318 974 2339 ut
990 2320 1039 2347 per

250 2356 336 2391 ipsam
358 2356 486 2384 salvetur.
512 2358 613 2385 Omnes
634 2358 705 2385 intra
730 2366 790 2385 eam
816 2358 914 2384 salvari
940 2358 1037 2390 credo;

249 2407 326 2429 extra
349 2401 431 2434 illam,
448 2402 511 2429 licet
523 2408 624 2437 quanta
639 2404 709 2431 bona
723 2403 786 2438 quis
808 2403 931 2430 videatur
949 2411 1038 2438 agere,

248 2448 355 2477 etiamsi
379 2455 429 2482 pro
443 2448 543 2476 Christi
561 2449 669 2476 nomine
693 2449 852 2484 sanguinem
867 2448 971 2480 fundat,
986 2449 1039 2476 sal-

250 2502 299 2521 vus
317 2501 377 2522 esse
396 2503 449 2522 non
469 2496 576 2530 poterit,
593 2496 644 2523 nisi
667 2496 700 2522 ad
713 2495 863 2523 Ecclesium
878 2496 1038 2523 catholicam

251 2540 371 2573 redierit,
386 2549 446 2576 quat
459 2542 516 2569 sola
535 2545 607 2569 recte
621 2542 707 2569 credit
720 2542 804 2568 Deum
828 2544 855 2568 et
878 2541 933 2567 sola
952 2541 1039 2576 diligit

250 2586 413 2620 proximum,
430 2588 488 2614 sola
513 2588 614 2622 patitur
632 2596 682 2622 pro
695 2588 815 2620 Christo,
842 2588 899 2615 sola
925 2588 1039 2615 moritur

251 2640 298 2667 pro
311 2639 353 2659 eo.
369 2632 512 2659 Dominam
536 2640 644 2668 semper
656 2633 714 2660 vult
731 2634 814 2666 vitiis,
831 2641 884 2661 non
898 2633 1038 2660 fratribus.

251 2677 374 2711 Quotidie
394 2678 479 2713 legem
494 2679 541 2706 Dei
557 2679 694 2714 adimplet,
709 2680 772 2714 quia
791 2680 913 2714 quotidie
935 2679 962 2706 in
977 2679 1041 2706 elia-

252 2721 331 2748 rltate
345 2726 395 2749 est.
413 2722 447 2749 Et
460 2727 590 2757 quantum
615 2724 675 2759 plus
698 2724 833 2759 intelligit,
860 2728 965 2751 tantum
981 2725 1042 2759 plus

253 2767 367 2795 laborat.
384 2768 451 2796 Cum
467 2770 592 2797 omnibus
616 2771 726 2804 patitur,
752 2771 814 2805 quia
834 2779 895 2799 cum
917 2772 1044 2799 omnibus

254 2814 386 2840 tristatur.
411 2814 472 2842 Haec
488 2815 530 2841 illa
544 2823 609 2849 pars
626 2824 679 2842 non
694 2817 857 2850 agit,.qu.tm
876 2825 955 2853 supra
974 2818 1043 2846 dixi-

1087 1592 1161 1623 ptum
1178 1591 1220 1616 est
1233 1597 1239 1614 :
1250 1588 1353 1614 Invidia
1367 1587 1466 1615 diaboli
1480 1597 1550 1616 mors
1565 1589 1669 1618 intravit
1684 1592 1711 1618 in
1724 1592 1812 1619 orbein
1824 1597 1879 1619 ter-

1089 1641 1189 1659 rarum.
1785 1658 1791 1663 .

1124 1679 1255 1706 XXXVII.
1274 1679 1351 1707 Alius
1369 1687 1398 1707 se
1415 1681 1505 1715 magni
1526 1683 1616 1710 meriti
1634 1691 1693 1711 esse
1706 1684 1879 1718 existinmas,

1088 1732 1138 1759 per
1158 1730 1292 1753 tumorem
1314 1727 1404 1754 cordis
1430 1729 1536 1755 cunctis
1560 1736 1590 1756 se
1609 1729 1768 1764 praeferens,
1785 1739 1881 1759 omnes

1089 1770 1141 1796 sibi
1156 1769 1298 1798 inferiores
1312 1771 1418 1799 credit:
1433 1771 1509 1806 cujus
1524 1772 1636 1800 alterius
1653 1775 1807 1802 membrum
1827 1782 1879 1808 est,

1090 1816 1143 1845 nisi
1159 1816 1218 1851 ejus
1237 1817 1271 1844 de
1282 1825 1336 1851 quo
1353 1817 1484 1852 scriptum
1499 1823 1541 1846 est
1557 1827 1563 1845 :
1578 1819 1661 1846 Omne
1675 1820 1787 1848 sublime
1801 1822 1879 1855 videt,

1090 1866 1114 1889 et
1129 1862 1183 1896 ipse
1196 1866 1233 1888 est
1246 1869 1292 1889 res:
1303 1870 1381 1897 super
1391 1870 1479 1890 omnes
1492 1863 1561 1897 ﬁlios
1575 1864 1724 1899 superbiae!
1741 1866 1817 1893 Alius
1833 1867 1878 1894 ho-

1090 1915 1183 1937 norem
1194 1908 1299 1942 quzerit,
1313 1912 1342 1935 ut
1353 1909 1458 1936 ueteris
1470 1909 1577 1943 przesit;
1595 1917 1649 1937 non
1661 1911 1733 1944 quod
1745 1911 1807 1938 aliis
1819 1920 1880 1946 pm-

1090 1954 1136 1987 sit,
1150 1953 1198 1981 sed
1212 1955 1283 1989 quod
1301 1954 1360 1989 ipse
1379 1954 1459 1983 alteri
1477 1955 1601 1983 subditus
1614 1963 1667 1983 non
1680 1957 1726 1983 sit.
1741 1957 1825 1990 Cujus
1842 1958 1881 1984 al-

1091 2000 1177 2030 terius
1193 2000 1345 2028 membrum
1363 2005 1415 2033 est,
1436 2001 1488 2028 nisi
1502 2001 1560 2035 ejus
1574 2001 1608 2029 de
1621 2010 1675 2037 quo
1689 2004 1821 2038 scriptum
1840 2010 1881 2031 est

1090 2045 1135 2080 qui
1149 2045 1217 2072 dixit
1233 2053 1240 2071 :
1258 2044 1358 2072 Sedebo
1379 2046 1407 2072 in
1428 2052 1514 2073 monte
1533 2048 1680 2074 testamenti
1704 2049 1732 2075 in
1750 2048 1882 2077 lateribus

1091 2090 1230 2126 aquilonis,
1244 2091 1384 2118 ascendam
1397 2099 1474 2126 super
1488 2091 1653 2119 altitudinem
1666 2093 1787 2126 nubium,
1799 2099 1823 2120 et
1838 2102 1883 2121 ero

1090 2136 1184 2164 sintilis
1196 2136 1330 2163 Altissimo
1338 2137 1351 2163 .9
1365 2136 1441 2163 Hanc
1451 2144 1516 2171 ergo
1532 2137 1652 2172 regulam
1665 2138 1790 2166 diabolus
1802 2139 1882 2166 iusti-

1092 2181 1144 2208 tuit
1168 2182 1296 2209 membris
1324 2182 1389 2214 suis,
1411 2182 1482 2216 quod
1505 2182 1681 2210 simulacrum
1704 2183 1755 2210 sub
1773 2184 1882 2211 mnino

1055 2213 1079 2242 θ
1092 2226 1306 2255 Christianitatis
1325 2227 1353 2254 in
1369 2213 1488 2255 Ecclesia
1513 2227 1590 2255 ﬁnxit
1603 2235 1611 2254 :
1625 2236 1685 2263 quae
1705 2233 1797 2256 tamen
1820 2237 1883 2264 pan

1089 2272 1162 2301 foras
1176 2273 1323 2301 Ecclesium
1340 2278 1392 2300 est.
1405 2273 1524 2301 Ecclesia
1539 2274 1672 2301 dominari
1686 2282 1739 2302 non
1753 2275 1820 2307 vult,
1836 2275 1882 2302 sed

1089 2319 1201 2346 servire.
1217 2318 1295 2346 Solus
1307 2319 1406 2353 quippe
1416 2319 1569 2346 Altissimus
1582 2319 1620 2346 ita
1634 2320 1792 2347 dominatur
1801 2327 1883 2356 super

1090 2364 1192 2397 omnia,
1202 2369 1232 2391 ut
1248 2364 1325 2392 alteri
1345 2366 1396 2392 sub
1417 2373 1447 2392 se
1462 2364 1595 2401 [subesse]
1610 2374 1663 2393 non
1678 2366 1765 2401 possit
1779 2375 1786 2393 :
1801 2374 1882 2402 quem

1091 2409 1214 2437 diabolus
1242 2409 1343 2437 imitari
1368 2416 1495 2444 perverse
1518 2410 1616 2442 voluit,
1642 2418 1703 2438 cum
1726 2418 1806 2438 suum
1837 2413 1883 2439 do-

1092 2455 1195 2481 minqu
1217 2454 1390 2490 [dominium]
1406 2462 1545 2489 quaerens,
1565 2456 1590 2482 ei
1611 2456 1722 2483 subesse
1736 2458 1881 2484 recusavit.

1091 2500 1247 2535 Adipiscere
1260 2500 1343 2528 voluit
1357 2501 1578 2535 omnipotentiam
1590 2509 1640 2535 per
1655 2501 1788 2536 rapinam,
1802 2510 1883 2536 quam

1093 2545 1223 2573 Dominus
1238 2545 1356 2573 habebat
1369 2553 1417 2579 per
1435 2550 1569 2573 naturam.

1128 2589 1269 2617 XXXVIII.
1287 2590 1405 2618 Proinde
1418 2590 1545 2618 Dominus
1559 2596 1647 2618 noster
1659 2591 1882 2623 Jesnsﬂhristus.

1093 2643 1152 2661 cum
1166 2640 1231 2662 esset
1251 2636 1278 2662 in
1295 2635 1381 2669 forata
1400 2635 1458 2667 Dei,
1474 2644 1526 2663 non
1545 2637 1664 2672 rapinam
1682 2638 1828 2665 arbitratus
1846 2643 1883 2664 est

1093 2688 1147 2707 esse
1169 2688 1197 2707 se
1219 2680 1347 2715 aqualem
1363 2681 1418 2708 Deo
1440 2690 1449 2708 :
1472 2682 1517 2709 sed
1540 2684 1706 2718 semetipsum
1730 2684 1880 2713 exin-isit-

1094 2726 1206 2761 formam
1228 2727 1295 2754 servi
1316 2728 1459 2762 accipiens,
1482 2729 1509 2754 in
1530 2728 1730 2756 similitudinem
1750 2730 1882 2756 homines.

1095 2772 1190 2805 factus,
1203 2777 1227 2798 et
1239 2772 1331 2799 habitu
1342 2773 1459 2800 inuentus
1472 2778 1500 2799 ut
1514 2774 1602 2801 homo.
1617 2774 1651 2801 Et
1664 2779 1694 2802 ut
1704 2775 1785 2802 nobis
1798 2775 1883 2801 Intuli.

1095 2817 1180 2845 litatis
1193 2821 1220 2844 et
1235 2819 1376 2846 charitatis
1390 2820 1526 2854 prnbcret
1540 2820 1702 2856 exemplum,
1715 2828 1769 2848 non
1784 2821 1880 2848 alteros
