3992 6176
305 424 438 481 1001

935 421 1210 477 HETERII
1246 420 1331 475 ET
1373 418 1430 474 S.
1472 417 1669 473 DEATI
1705 417 1797 470 AD
1835 412 2228 471 ELIPANDUM
2265 412 2479 467 EPIST.
2524 442 2589 450 -—
2626 412 2750 466 LID.
2798 413 2858 466 ll.

3396 418 3531 472 I003

304 534 627 599 humiliavit,
656 533 751 588 sed
775 534 1140 602 semetipsum.
1182 532 1313 586 Nam
1342 547 1463 585 cum
1502 538 1643 586 esset
1685 529 1869 598 nuige-
1898 532 1945 588 Α
1972 526 2135 580 etiam
2176 524 2458 579 exaltanda
2497 531 2602 587 est,
2637 522 2748 590 jam
2791 537 2931 576 nunc
2976 532 3135 591 caput
3179 540 3332 579 suum
3373 543 3505 598 sape

304 630 449 682 nitus
499 623 792 679 secundum
840 623 1136 677 divinitatis
1176 621 1551 677 excellentiam
1575 659 1592 683 ,
1651 627 1706 672 et
1754 619 1870 672 sine

301 715 582 777 fratribus,
610 726 709 782 pro
738 712 894 768 nobis
939 712 1101 767 etiam
1143 711 1321 767 factus
1360 718 1443 765 est
1483 708 1872 779 primogenitus

302 806 597 862 secundum
634 804 1026 874 susceptionem
1076 804 1308 858 hominis
1358 822 1372 854 :
1424 818 1477 856 in
1505 816 1612 870 qua
1655 816 1752 871 per
1778 800 1872 854 ad—

300 895 580 966 optionem
609 892 797 963 gratiae
842 890 1038 947 fratres
1087 892 1285 946 habere
1318 890 1570 959 dignatus
1623 897 1725 953 est,
1753 888 1872 957 qui-

301 987 406 1042 bus
458 991 603 1038 esset
643 980 1051 1051 primogenitus,
1083 980 1150 1035 de
1195 979 1391 1049 quibus
1430 980 1545 1048 ipse
1590 994 1687 1047 per
1710 1030 1717 1039 ,
1740 977 1871 1032 Pro-

299 1077 522 1147 phetam
547 1072 677 1127 dicit
700 1087 713 1123 :
737 1069 872 1123 Ecce
895 1085 1053 1138 quam
1080 1068 1270 1122 bonum
1303 1077 1351 1121 et
1383 1084 1539 1138 quam
1552 1067 1866 1136 jucundum,

301 1165 541 1219 habitare
564 1161 754 1230 fratres
778 1160 834 1213 in
856 1174 1017 1213 unum
1032 1159 1051 1211 !
1083 1158 1302 1213 Fratres
1327 1158 1416 1214 hic
1438 1173 1547 1213 non
1565 1158 1869 1228 corporales

302 1252 451 1315 dicit,
505 1250 601 1305 sed
642 1248 840 1303 fratres
889 1247 1217 1316 spirituales.
1268 1247 1507 1313 Fratres,
1561 1248 1627 1303 de
1674 1248 1869 1317 quibus

303 1347 446 1401 idem
493 1342 750 1398 Dominus
785 1340 933 1394 Patri
982 1339 1159 1396 dicit:
1196 1338 1443 1393 Narrabo
1490 1354 1677 1393 nomen
1721 1349 1868 1391 tuum

304 1433 555 1505 fratribus
584 1431 729 1485 meis.
758 1429 995 1490 Fratres,
1023 1429 1089 1483 de
1112 1429 1308 1498 quibus
1340 1429 1655 1497 loquebatur
1682 1428 1870 1483 mulie-

304 1525 495 1578 ribus:
524 1520 625 1585 Ite,
660 1519 897 1573 nuntiate
921 1519 1171 1587 fratribus
1198 1520 1344 1572 meis.
1396 1519 1535 1573 Vere
1575 1519 1773 1573 bonum
1815 1524 1871 1572 et

303 1628 429 1668 vere
469 1610 762 1680 jucundum
817 1607 1059 1663 habitare
1093 1605 1288 1662 fratres
1335 1607 1389 1662 in
1436 1607 1632 1661 unum!
1692 1605 1864 1661 Unum

302 1701 527 1756 fratrem
556 1697 858 1753 dimisimus
887 1696 940 1750 in
970 1696 1185 1760 saeculo,
1214 1709 1341 1750 ecce
1380 1704 1611 1766 quantos
1658 1695 1865 1749 inveni-

304 1807 423 1847 mus
449 1790 502 1845 in
527 1787 883 1843 monasterio!
924 1786 1113 1842 Frater
1137 1802 1289 1843 meus
1316 1787 1587 1842 saecularis
1613 1802 1719 1842 non
1750 1796 1866 1842 tan-

1973 612 2220 668 inimicos
2272 612 2565 667 exaltatum
2623 612 2824 681 gaudet
2890 613 2943 666 in
2995 613 3165 667 cmlis.
3232 614 3365 670 Cum
3406 633 3537 689 ergo

1971 701 2127 757 electi
2176 703 2374 772 quique
2421 704 2491 758 ad
2532 703 2697 757 vitam
2737 704 3082 773 perveniunt,
3127 705 3251 774 quia
3292 710 3532 765 membna

1971 790 2089 861 ejus
2114 806 2213 862 per
2237 808 2360 848 eum
2389 793 2593 848 intrant
2630 794 2696 848 ad
2724 809 2868 856 eum,
2899 794 3013 863 ipse
3041 810 3138 864 per
3175 811 3234 851 se
3275 797 3440 853 intrat
3465 806 3535 858 ad

1971 896 2050 936 se.
2090 882 2207 951 Ipse
2242 883 2387 937 enim
2428 882 2483 936 in
2525 884 2786 938 membris
2818 884 2931 940 suis
2967 894 3052 940 est
3078 886 3169 955 qui
3198 887 3382 942 intrat.
3420 888 3537 960 Ipse

1970 982 2163 1041 caput,
2244 974 2311 1028 ad
2370 975 2514 1043 quod
2572 974 2829 1029 intrantis
2897 978 3136 1032 membra
3194 981 3534 1048 perveniunt.

1968 1064 2210 1132 Accipite
2234 1078 2385 1132 ergo,
2413 1065 2685 1119 descendit
2737 1066 2938 1135 regula,
2970 1082 3133 1135 quam
3161 1078 3345 1145 tenent
3367 1085 3538 1128 mem-

1968 1151 2067 1205 bra
2093 1151 2209 1219 ejus
2231 1152 2491 1219 Ecclesia,
2517 1154 2662 1221 quod
2680 1162 2764 1209 est
2790 1155 2843 1208 in
2869 1156 3132 1211 charitate
3152 1173 3319 1213 unum
3342 1175 3538 1232 corpus

1968 1237 2167 1291 summi
2207 1238 2429 1306 capitis,
2483 1253 2517 1292 a
2557 1253 2663 1307 quo
2716 1240 2912 1308 accipit
2961 1239 3218 1309 Spiritum
3269 1255 3534 1315 sanctum,

1966 1327 2260 1381 secundum
2284 1327 2583 1381 Psalmista:
2618 1342 2805 1383 vocem
2831 1329 3059 1384 dicentis
3084 1347 3097 1381 :
3125 1330 3273 1386 Sicut
3298 1349 3537 1404 unguen-

1965 1426 2077 1470 tum
2120 1435 2154 1471 a
2201 1419 2389 1488 capite,
2431 1419 2569 1489 quod
2621 1419 2881 1474 descendit
2926 1421 2981 1474 in
3040 1421 3272 1489 barbam,
3323 1424 3536 1482 barbam

1966 1509 2144 1564 Aaron
2158 1508 2330 1581 (Psal.
2354 1527 2554 1575 cxxxn,
2581 1511 2659 1583 2).
2676 1512 2808 1568 Vide
2827 1528 2955 1583 ergo
2975 1515 3102 1583 quid
3130 1515 3273 1570 dicat
3292 1532 3536 1586 unguen-

1966 1607 2101 1655 tum.
2127 1601 2464 1673 Unguentum
2485 1604 2655 1672 gratia
2678 1612 2780 1669 est,
2804 1605 3106 1662 benedictio
3120 1616 3201 1662 est
3221 1608 3537 1666 divinitatis.

1967 1688 2118 1744 Sicut
2146 1691 2448 1747 benedictio
2468 1693 2721 1762 unguenti
2738 1694 2805 1750 de
2825 1695 3017 1763 capite,
3039 1696 3141 1752 hoc
3154 1706 3236 1752 est
3256 1698 3322 1752 de
3345 1698 3533 1753 divini-

1965 1787 2075 1833 tate
2103 1780 2160 1836 in
2184 1780 2419 1837 Christo.
2441 1781 2614 1852 Caput
2643 1782 2846 1838 Christi
2888 1785 3049 1851 Deus,
3089 1796 3251 1856 caput
3281 1788 3539 1844 Ecclesiae

303 1888 418 1934 mm
446 1892 530 1932 me
562 1875 776 1930 amabat
803 1882 1063 1944 quantum
1091 1875 1444 1930 substantiam
1470 1889 1666 1929 meam.
1695 1874 1864 1930 cate.
1891 1860 1938 1920 B
1966 1866 2229 1925 Christus.
2274 1871 2559 1926 Descendit
2596 1880 2926 1941 unguentum
2962 1875 3015 1929 in
3048 1876 3265 1932 homine
3301 1878 3535 1932 Christo.

304 1983 426 2023 rum
472 1965 668 2021 fratres
714 1963 1048 2034 spirituales,
1086 1964 1177 2034 qui
1217 1980 1314 2019 sua
1360 1964 1543 2033 utique
1577 1964 1869 2035 negligunt,

304 2061 478 2116 aliena
518 2073 622 2112 non
653 2062 920 2126 quaerunt.
972 2055 1064 2109 Sic
1088 2064 1144 2109 et
1176 2055 1232 2108 in
1257 2053 1478 2109 Actibus
1512 2055 1874 2123 apostolorum

304 2149 569 2221 legimus:
601 2144 863 2211 Quoniam
900 2143 1252 2198 multitudinis
1288 2143 1605 2197 credentium
1639 2153 1751 2197 erat
1785 2160 1875 2197 cor

306 2253 469 2291 unum
501 2244 549 2289 et
593 2233 774 2287 anima
822 2249 949 2286 una.
996 2230 1067 2284 Et
1093 2238 1264 2294 erant,
1310 2230 1504 2298 inquit,
1548 2229 1653 2284 illis
1699 2231 1875 2284 omnia

307 2324 622 2389 communia,
655 2322 780 2390 quia
810 2334 1149 2377 communem
1170 2319 1442 2374 Christum
1475 2320 1837 2390 possidebant.

381 2412 616 2469 XXXIX.
648 2412 800 2467 Hanc
828 2410 1063 2482 regulam
1084 2424 1245 2479 quam
1274 2416 1421 2464 tenet
1446 2424 1588 2464 nunc
1613 2408 1871 2476 Ecclesia,

306 2504 378 2558 ab
405 2502 520 2573 ipso
546 2501 820 2557 descendit
856 2499 1050 2568 capite,
1079 2497 1233 2568 cujus
1260 2506 1316 2554 et
1348 2514 1545 2569 corpus
1570 2507 1654 2553 est
1680 2513 1874 2554 secun-

304 2593 432 2646 dum
458 2590 772 2662 Apostolum
807 2591 897 2661 qui
927 2588 1057 2644 dicit
1084 2605 1098 2641 :
1128 2588 1212 2642 Ea:
1235 2604 1336 2659 quo
1372 2598 1535 2642 totum
1561 2605 1748 2660 corpus
1785 2604 1877 2657 per

303 2697 469 2735 nexus
494 2691 539 2735 et
565 2680 954 2750 conjunctiones
976 2677 1425 2732 subministratum
1453 2686 1499 2731 et
1524 2686 1875 2731 constructum

304 2772 485 2826 crescit
526 2771 581 2823 in
621 2778 954 2839 augmentum
982 2767 1101 2821 Dei.
1142 2766 1350 2837 Corpus
1385 2766 1526 2821 illius
1555 2765 1751 2820 summi
1784 2780 1874 2820 ca—

305 2863 434 2933 pitis
456 2860 674 2924 Christi,
707 2874 804 2914 nos
839 2873 1027 2913 omnes
1054 2856 1237 2912 ﬁdeles
1262 2855 1378 2925 ejus
1416 2870 1621 2911 sumus.
1649 2853 1752 2909 I’er
1781 2869 1874 2910 ne-

306 2969 410 3008 xus
430 2968 558 3008 vero
591 2959 646 3006 et
688 2949 1093 3018 conjunctiones
1125 2963 1318 3017 corpus
1356 2947 1569 3018 ligatur,
1595 2947 1721 3017 quia
1746 2946 1871 3002 dum

308 3042 471 3110 capiti
514 3049 721 3110 pectus,
777 3040 903 3094 dum
949 3038 1155 3107 pectori
1199 3037 1437 3101 brachia,
1471 3037 1597 3092 dum
1637 3037 1870 3093 brachiis

1973 1957 2260 2014 Descendit
2306 1961 2374 2015 de
2397 1960 2611 2017 Christo
2648 1962 2701 2016 in
2731 1978 2883 2017 oram
2904 1965 3210 2021 vestimenti
3235 1964 3370 2034 ejus,
3395 1967 3541 2036 quod

1972 2046 2335 2109 estEeclesia.
2361 2047 2700 2119 Unguentum
2722 2051 2788 2104 de
2802 2052 2995 2122 capite,
3022 2053 3161 2121 quod
3191 2054 3466 2110 descendit
3486 2056 3541 2110 in

1971 2136 2215 2192 barbam.
2265 2139 2436 2195 Barba
2463 2141 2607 2196 enim
2637 2143 2912 2199 virilitatis
2956 2145 3209 2200 indicium
3235 2154 3338 2202 εει.
3369 2147 3543 2219 Caput

1971 2240 2101 2297 ergo
2141 2228 2437 2284 divinitatis
2468 2231 2685 2297 dicitur,
2729 2232 2870 2287 sicut
2897 2233 3151 2299 diximus,
3192 2250 3260 2291 ex
3306 2251 3414 2306 quo
3441 2238 3539 2291 de-

1973 2317 2183 2372 scendit
2235 2328 2566 2389 unguentum
2616 2322 2671 2376 in
2718 2323 2940 2378 barbam
2994 2324 3197 2390 Aaron,
3246 2326 3302 2381 id
3348 2335 3433 2382 est
3482 2327 3540 2381 in

1973 2407 2212 2475 Christo,
2240 2411 2332 2479 qui
2370 2419 2454 2466 est
2502 2419 2662 2482 caput
2689 2413 2961 2469 Ecclesiae.
2991 2415 3164 2470 Barba
3192 2431 3342 2483 vero,
3373 2425 3434 2471 ut
3457 2418 3541 2473 di-

1972 2496 2172 2563 ximus,
2196 2498 2368 2554 virum
2402 2500 2625 2566 indicat,
2656 2502 2711 2556 in
2736 2517 2844 2572 quo
2866 2505 3244 2573 perveniamus
3281 2506 3335 2560 in
3364 2506 3539 2562 virum

1971 2584 2291 2654 perfectum,
2332 2589 2425 2658 qui
2453 2597 2537 2645 est
2561 2590 2828 2646 Christus.
2869 2591 2936 2646 Et
2972 2602 3258 2663 postquam
3301 2595 3354 2650 in
3395 2596 3543 2650 illam

1972 2673 2196 2730 barbam
2222 2677 2504 2743 descendit,
2541 2680 2714 2750 ipsum
2739 2693 3068 2752 unguentum
3109 2687 3163 2740 in
3204 2703 3352 2741 oram
3392 2690 3543 2742 vesti—

1972 2767 2131 2818 menti
2154 2767 2305 2836 ejus;
2346 2769 2426 2825 sic
2467 2769 2789 2836 benedictio,
2839 2784 2887 2827 et
2937 2790 3022 2829 ros
3061 2776 3116 2830 in
3168 2776 3401 2831 Hermon
3448 2778 3541 2832 de—

1972 2856 2167 2910 scendit
2208 2859 2265 2911 in
2300 2870 2527 2915 montem
2567 2862 2717 2917 Sion.
2762 2864 2995 2919 Hermon
3042 2866 3096 2920 in
3139 2867 3316 2938 lingua
3357 2877 3543 2924 nostra

1973 2940 2356 3012 interpretatur
2373 2948 2671 3015 anathema,
2697 2951 2837 3020 quod
2859 2961 2944 3007 est
2960 2952 3266 3009 Iudaeorum
3289 2957 3540 3025 populus.

1972 3032 2084 3089 Ros
2108 3049 2254 3105 ergo,
2279 3035 2331 3091 id
2357 3044 2440 3117 est
2486 3038 2790 3096 benedictio
2816 3043 3048 3109 Domini,
3076 3052 3201 3100 ante
3225 3043 3329 3099 fuit
3368 3046 3423 3101 in
3448 3061 3545 3116 po-

307 3151 520 3200 manus,
544 3127 674 3190 dum
705 3134 950 3189 manibus
972 3132 1125 3202 digiti
1154 3141 1279 3186 sunt
1303 3130 1572 3201 conjuncti
1607 3149 1671 3189 ac
1700 3150 1871 3189 mem-

1973 3123 2097 3195 pulo
2144 3123 2484 3192 Iudaeorum,
2533 3129 2625 3198 qui
2668 3141 2853 3200 postea
2898 3134 3337 3190 anathematizati
3385 3147 3533 3191 sunt.

308 3226 405 3281 bra
436 3193 629 3280 uetera
660 3223 915 3279 membris
946 3193 1226 3286 inhaerent,
1256 3193 1451 3291 corpus
1479 3237 1636 3277 omne
1658 3222 1870 3292 perlici-
1895 3193 1942 3255 ο
1973 3219 2041 3275 Et
2069 3222 2373 3279 benedictio
2402 3223 2513 3288 illa,
2544 3239 2664 3293 quae
2688 3235 2844 3280 antea
2873 3228 3232 3283 descendebat
3264 3228 3317 3282 in
3344 3231 3544 3298 populo

309 3325 418 3371 tur.
465 3315 558 3371 Sic
605 3315 779 3371 sancti
819 3314 1086 3384 apostoli,
1132 3313 1256 3382 quia
1302 3312 1644 3383 Redemptori
1687 3322 1873 3368 nostro

305 3405 590 3476 propinqui
638 3405 991 3469 exstiterunt,
1022 3404 1176 3473 quasi
1205 3411 1396 3472 pectus
1428 3403 1591 3473 capiti
1637 3403 1869 3457 inerant.

304 3497 452 3565 Quos
492 3497 619 3567 quia
664 3506 933 3567 martyres
978 3504 1104 3551 sunt
1145 3495 1332 3558 secuti,
1380 3495 1536 3564 quasi
1586 3492 1873 3562 conjuncta

304 3590 527 3645 brachia
574 3589 779 3659 pectori
832 3587 1070 3642 fuerunt.
1125 3586 1331 3654 Quibus
1366 3587 1492 3640 dum
1541 3594 1785 3654 pastores
1820 3592 1875 3638 et

302 3680 556 3735 doctores
607 3678 873 3747 subjuncti
927 3687 1052 3734 sunt
1095 3694 1191 3747 per
1236 3680 1377 3733 bona
1425 3691 1625 3746 opera,
1685 3690 1874 3730 manus

306 3768 514 3824 brachii
561 3767 850 3821 iniverunt.
899 3766 1014 3821 Iloc
1053 3782 1179 3821 vero
1222 3781 1381 3821 omne
1425 3778 1622 3833 corpus
1649 3763 1875 3818 Redem-

305 3855 479 3926 ptoris
525 3854 695 3908 nostri
742 3854 982 3924 quotidie
1020 3870 1118 3924 per
1149 3850 1333 3909 'nexus
1375 3861 1430 3908 et
1472 3852 1876 3922 conjunctiones

304 3943 751 4003 subministratur
796 3943 851 3997 in
906 3943 1073 4008 caelo,
1131 3942 1255 4013 quia
1300 3958 1423 3998 cum
1463 3943 1531 3998 ad
1580 3958 1702 3998 eum
1749 3943 1877 3997 illuc

301 4036 492 4092 electae
518 4034 712 4089 anima:
739 4032 1027 4098 ducuntur,
1067 4033 1115 4088 ei
1146 4047 1243 4087 sua
1270 4032 1870 4105 membra‘colligantur.

305 4130 384 4184 De
402 4143 510 4198 quo
538 4128 675 4182 bene
700 4126 899 4181 dicitur
923 4142 937 4178 :
962 4122 1427 4181 Subministratum
1456 4137 1502 4179 et
1524 4133 1874 4179 constructum

309 4222 492 4276 crescit
536 4218 592 4273 in
637 4224 971 4288 augmentum
1000 4214 1119 4269 Dei.
1168 4214 1302 4281 Quia
1348 4214 1490 4270 Deus
1539 4213 1876 4282 omnipotens

306 4310 633 4379 Redemptor
658 4312 861 4371 noster,
882 4306 1048 4375 quiin
1070 4320 1128 4361 se
1147 4321 1254 4375 quo
1278 4304 1525 4375 proﬁciat
1552 4320 1658 4360 non
1690 4304 1871 4369 habet,

306 4384 481 4457 adhuc
508 4413 605 4470 per
631 4399 872 4453 membra
914 4412 1010 4452 sua
1033 4397 1273 4467 quotidie
1318 4404 1662 4466 augmentum
1692 4394 1871 4450 habet.

309 4493 461 4548 Unde
488 4506 675 4545 rutsus
699 4489 958 4558 scriptum
985 4497 1068 4544 est
1092 4507 1105 4542 :
1131 4488 1305 4543 Donec
1331 4504 1665 4543 occurramus
1694 4503 1871 4541 omnes
1900 4526 1951 4587 Β

307 4585 360 4636 in
392 4582 558 4636 uirum
586 4579 890 4649 perfectum,
919 4578 974 4631 in
1007 4595 1304 4633 mensuram
1338 4578 1507 4633 tctatis
1536 4576 1872 4648 plenitudinis

306 4672 522 4726 Christi.
556 4670 669 4725 Hoc
713 4677 885 4723 totum
923 4685 1020 4740 per
1046 4670 1352 4739 passionem
1402 4668 1581 4725 carnis
1627 4675 1680 4722 et
1727 4683 1873 4721 com-

303 4764 607 4834 passionem
654 4762 852 4817 mentis
900 4762 1132 4831 complet
1154 4761 1437 4816 ‘Ecclesia.
1496 4759 1563 4814 Et
1608 4774 1731 4813 cum
1784 4760 1871 4813 hic

304 4855 509 4925 patitur
528 4869 745 4924 corpus,
759 4853 960 4922 patitur
978 4865 1156 4922 caput,
1176 4851 1329 4920 cujus
1357 4859 1439 4906 est
1466 4865 1680 4918 corpus,
1706 4849 1871 4903 Paulo

307 4943 550 5015 apostolo
589 4949 875 4997 attestante
911 4941 1003 5011 qui
1052 4941 1172 4995 ait:
1222 4938 1465 5004 Quotidie
1506 4936 1765 5006 adimpleo
1811 4954 1872 4991 ea

302 5050 422 5105 quae
469 5033 654 5087 desunt
702 5032 1005 5103 passionum
1051 5029 1241 5084 Christi
1293 5029 1347 5082 in
1385 5044 1543 5081 carne
1583 5043 1730 5091 mea,
1776 5044 1870 5097 pro

303 5137 521 5192 corpore
549 5121 682 5190 ejus,
705 5119 842 5189 quod
872 5129 946 5173 est
972 5116 1227 5171 Ecclesia.

380 5211 491 5266 XL.
558 5210 815 5266 Dominus
849 5225 913 5263 ac
943 5208 1268 5276 Redemptor
1305 5214 1488 5261 noster
1525 5222 1646 5261 cum
1684 5213 1871 5261 sancta

306 5300 583 5363 Ecclesia,
633 5314 795 5368 quam
845 5297 1073 5352 redemit
1117 5296 1407 5351 secundum
1459 5311 1711 5358 carnem,
1765 5311 1871 5350 una

304 5389 608 5446 substantia
641 5396 743 5443 est.
778 5387 925 5441 Illius
950 5386 1142 5455 capitis
1168 5401 1363 5455 corpus
1402 5384 1639 5440 Ecclesia
1677 5393 1781 5449 est,
1816 5392 1871 5441 et

307 5479 465 5549 hujus
488 5479 731 5550 corporis
758 5485 920 5547 caput
950 5486 1034 5531 cst
1052 5477 1319 5532 Christus.
1342 5477 1417 5532 De
1442 5492 1550 5546 quo
1572 5491 1670 5531 suo
1697 5476 1874 5547 capite

305 5571 540 5627 exsultat
586 5584 799 5638 corpus,
848 5569 900 5624 id
945 5576 1028 5622 est
1078 5578 1265 5624 sancta
1298 5568 1558 5634 Ecclesia,
1608 5586 1729 5624 cum
1775 5584 1871 5640 per

307 5661 646 5717 Psalmistam
678 5658 842 5713 dicit:
870 5657 923 5710 Ν
928 5674 1026 5710 unc
1057 5666 1229 5710 autent
1257 5658 1500 5713 exultavit
1526 5669 1677 5728 caput
1699 5676 1868 5713 meum

308 5768 462 5824 super
508 5751 743 5805 inimicos
792 5765 953 5802 meos.
1009 5749 1141 5814 Quia
1201 5749 1344 5804 enim
1395 5750 1711 5820 quandoque
1757 5750 1871 5819 ipsa

705 5841 977 5902 PA'I‘RUL.
1010 5838 1229 5900 XCVI.

1972 3311 2446 3379 anathematizato,
2474 3323 2659 3382 postea
2682 3315 2957 3371 descendit
2982 3318 3036 3371 in
3058 3327 3236 3372 monte
3264 3318 3414 3385 Sion,
3441 3322 3543 3375 hoc

1972 3412 2057 3458 est
2078 3404 2398 3470 Ecclesium,
2426 3420 2545 3473 quae
2578 3420 2772 3475 corpus
2791 3416 2875 3462 est
2897 3406 3115 3462 Christi.
3146 3407 3203 3462 In
3228 3424 3337 3478 quo
3364 3412 3544 3480 capite

1971 3492 2228 3548 Ecclesiae
2256 3493 2533 3548 descendit
2578 3503 2923 3566 unguentum,
2970 3505 3030 3552 ut
3053 3496 3336 3554 Psalmista
3369 3501 3447 3555 ait
3473 3501 3542 3558 de

1971 3596 2037 3638 eo
2066 3600 2078 3635 :
2107 3583 2348 3637 Dilexisti
2362 3585 2627 3655 justitiam
2648 3597 2695 3641 et
2718 3587 2875 3642 odisti
2899 3589 3247 3659 iniquitatem,
3263 3603 3540 3664 propterea

1971 3672 2122 3726 unxit
2149 3682 2198 3727 te
2218 3672 2379 3740 Deus,
2402 3673 2541 3728 Deus
2563 3684 2685 3730 tuus
2713 3676 2827 3731 oleo
2854 3664 3213 3734 exsultationis
3231 3698 3341 3751 pra:
3365 3684 3537 3753 parti-

1973 3762 2170 3832 cipibus
2206 3763 2329 3818 tuis.
2376 3764 2673 3836 Participes
2713 3778 2840 3824 sunt
2885 3771 3113 3840 apostoli
3157 3772 3390 3841 Christo,
3443 3777 3541 3832 sed

1972 3854 2198 3920 apostoli
2227 3854 2295 3909 ad
2320 3872 2626 3913 mensuram
2650 3872 2975 3931 acceperunt
2993 3862 3249 3933 Spiritum
3270 3878 3537 3925 sanetum.

1972 3943 2029 3998 In
2069 3945 2280 4003 Christo
2317 3964 2444 4004 vero
2471 3952 2649 4008 omnis
2672 3953 2944 4024 plenitudo
2973 3956 3204 4028 Spiritus
3249 3963 3419 4019 sancti
3447 3964 3542 4019 de-

1973 4036 2197 4097 scendit,
2224 4037 2348 4106 quia
2375 4040 2521 4096 solus
2549 4042 2667 4097 sine
2700 4053 2951 4113 peccato,
2979 4054 3035 4100 et
3077 4048 3144 4104 de
3172 4049 3286 4119 ipsa
3310 4050 3542 4122 plenitu-

1973 4126 2097 4182 dine
2122 4127 2266 4184 illius
2290 4141 2611 4201 acceperunt
2643 4136 2891 4205 apostoli.

2044 4217 2176 4272 XLI.
2199 4218 2441 4276 Audistis
2478 4222 2607 4291 quid
2633 4224 2771 4279 dixit
2801 4242 2814 4279 :
2848 4225 3086 4281 Dilexisti
3105 4229 3390 4296 justitiam.
3434 4229 3542 4287 Sed

1973 4315 2029 4361 et
2060 4308 2392 4362 contrarium
2420 4310 2595 4364 videte
2621 4312 2749 4379 quid
2781 4313 2926 4368 dicat
2954 4332 2967 4366 :
2993 4314 3060 4367 Et
3093 4315 3251 4368 odisti
3294 4317 3541 4387 iniquita-

1975 4406 2097 4449 tem.
2129 4395 2233 4450 Pro
2276 4396 2362 4451 his
2404 4399 2692 4455 virtutibus
2738 4403 2866 4469 quid
2909 4404 3117 4472 accepit
3161 4405 3341 4460 audite
3369 4424 3381 4458 :
3406 4405 3544 4458 Pro-

1974 4496 2167 4554 pterea,
2198 4486 2389 4554 inquit,
2406 4489 2555 4541 unxit
2579 4499 2647 4553 te,
2663 4490 2904 4555 Domine,
2920 4492 3060 4567 Deus
3082 4503 3204 4548 tuus
3226 4493 3337 4548 oleo
3362 4495 3511 4549 exsul
3519 4525 3541 4535 -

1973 4575 2186 4629 tationis
2217 4593 2325 4646 prae
2355 4578 2692 4647 participibus
2717 4580 2839 4634 tuis.
2871 4580 2984 4637 Hoc
3010 4584 3077 4638 ad
3097 4582 3367 4639 Christum
3406 4585 3540 4641 dici-

1975 4674 2082 4718 tur.
2125 4661 2250 4719 Jesu
2272 4664 2513 4729 Christe,
2542 4673 2597 4720 tu
2626 4675 2821 4724 unctus
2851 4683 2931 4736 es,
2967 4679 3027 4726 ut
3063 4681 3288 4729 caeteros
3314 4690 3544 4745 ungeres

1975 4763 2268 4824 unguento,
2298 4755 2435 4825 quod
2460 4755 2724 4810 descendit
2761 4759 2816 4812 in
2850 4760 3082 4825 barbam,
3111 4763 3166 4816 in
3197 4762 3431 4829 barbam,
3462 4764 3532 4817 in-

1975 4843 2107 4911 quit,
2132 4844 2330 4897 Aaron.
2361 4843 2513 4911 Quod
2540 4857 2872 4917 unguentum
2904 4851 2956 4904 iu
2984 4852 3159 4921 capite
3191 4859 3294 4918 est,
3323 4854 3536 4908 descen-

1975 4931 2055 4985 dit
2098 4932 2150 4985 in
2181 4933 2400 4988 barbam
2431 4952 2443 4987 :
2478 4935 2527 4989 id
2553 4945 2654 5002 est,
2688 4953 2718 4992 a
2750 4954 2875 4996 vero
2901 4941 3010 4997 Deo
3048 4943 3326 4998 descendit
3351 4945 3419 4998 ad
3448 4945 3534 4999 ho-

1978 5024 2197 5089 minem,
2219 5041 2378 5095 quem
2406 5027 2656 5097 diguatus
2683 5041 2768 5085 est
2792 5047 3084 5088 assumere.
3137 5032 3206 5087 Et
3233 5035 3297 5088 de
3326 5034 3543 5088 homine

1977 5129 2133 5184 quem
2183 5117 2471 5186 assumpsit
2495 5118 2770 5175 descendit
2817 5121 2870 5175 in
2900 5137 3049 5177 oram
3078 5123 3378 5177 vestimenti
3405 5121 3539 5192 ejus,

1977 5204 2119 5273 quod
2147 5220 2333 5261 sumus
2372 5222 2491 5261 nos.
2538 5207 2605 5262 Et
2643 5218 2901 5277 quantum
2949 5209 3104 5265 nobis
3131 5212 3351 5278 prodest
3376 5211 3540 5265 barba

1976 5297 2078 5351 ista
2118 5305 2323 5361 sancta,
2351 5305 2407 5353 et
2443 5298 2527 5352 vir
2556 5299 2658 5354 iste
2692 5298 2979 5368 perfectus,
3011 5299 3307 5356 videamus.
3340 5301 3406 5355 Et
3448 5299 3543 5369 qui

1977 5396 2103 5442 sunt
2147 5388 2222 5443 illi
2267 5390 2358 5458 qui
2400 5389 2705 5458 proﬁciunt,
2755 5390 2807 5443 in
2840 5405 2976 5459 quos
2998 5390 3277 5446 descendit
3315 5391 3367 5446 in
3390 5392 3543 5446 oram

1977 5479 2281 5533 vestimenti
2311 5478 2447 5547 ejus,
2474 5480 2564 5548 qui
2589 5488 2813 5549 possunt
2838 5495 2957 5535 esse
2983 5481 3360 5536 vestimentum
3389 5481 3533 5537 Chri-

1978 5571 2067 5624 sti.
2116 5570 2184 5623 Et
2215 5584 2336 5623 eum
2382 5568 2581 5625 fuerint
2622 5571 2999 5625 vestimentum
3046 5570 3274 5635 Christi,
3321 5579 3446 5625 tunc
3486 5579 3543 5625 et

1976 5660 2090 5727 ipse
2132 5657 2379 5713 Christus
2416 5674 2601 5715 verum
2649 5667 2732 5713 est
2777 5659 2990 5714 illorum
3040 5660 3435 5721 vestimentum,
3486 5667 3536 5712 et

1978 5751 2204 5810 induunt
2228 5749 2520 5809 Christum.
2570 5751 2696 5819 Nos,
2729 5752 2773 5807 si
2803 5751 3180 5808 vestimentum
3217 5750 3414 5807 Christi
3451 5763 3541 5803 su—

3029 5842 3106 5902 32
