3992 6176
493 407 627 466 I003
1293 403 1700 468 ELIPANDUS,
1738 399 1964 462 FELIX,
2004 395 2349 452 IIETERIUS
2387 396 2474 452 ET
2514 395 2574 451 S.
2611 392 2902 452 BEATUS.
3052 409 3056 415 '
3569 384 3716 441 4005

491 539 626 585 mus,
657 519 953 576 nuditatem
990 515 1105 585 ejus
1134 525 1316 571 nostra
1350 517 1607 571 vestimus
1629 516 1751 569 ﬁde.
1785 514 1924 567 Ecce
1952 526 2048 563 nu-
2075 510 2121 564 Λ
2150 507 2252 560 scit
2277 506 2572 570 Christum,
2601 503 2724 572 quia
2746 501 2992 558 Christus
3012 505 3094 554 est
3122 499 3265 554 Deus
3289 493 3474 550 Israel.
3498 492 3614 548 Non
3632 503 3724 548 est

491 615 592 670 dus
628 611 822 681 pendet
868 609 922 662 in
959 623 1148 671 cruce,
1192 606 1499 662 scandalum
1539 606 1764 669 Judwis,
1815 603 2050 674 gentibus
2151 599 2381 654 mundus
2408 597 2586 660 corde,
2619 596 2707 664 qui
2745 610 2850 648 non
2891 593 3036 645 videt
3085 591 3252 645 Deum
3304 588 3564 681 factorem
3593 588 3725 640 emli

490 680 732 760 stultitia.
763 699 830 754 Et
860 709 1037 754 tamen
1069 706 1249 754 nostra
1278 698 1402 763 ﬁde,
1441 705 1496 753 et
1534 711 1813 760 sermone,
1843 703 1898 749 et
1929 709 2055 749 con-
2150 702 2206 749 et
2237 702 2395 747 terrae
2423 709 2437 746 ε
2467 691 2557 760 qui
2580 705 2685 744 non
2717 687 2888 742 credit
2908 685 3208 747 Christum,
3224 683 3349 752 quia
3374 680 3624 735 Christus
3640 689 3729 733 est

493 792 721 848 fessione
742 790 998 845 vestimus
1027 789 1318 844 nuditatem
1346 786 1478 856 ejus,
1503 796 1557 841 et
1581 787 1809 842 dicimus
1833 803 1846 838 :
1875 784 2057 839 Domi-
2155 783 2298 837 Deus
2329 780 2500 836 factor
2521 779 2640 835 coeli
2667 785 2721 838 et
2745 786 2920 830 terrae.
2952 776 3018 829 Et
3049 775 3173 828 inde
3199 789 3305 828 non
3329 771 3510 825 vident
3533 771 3728 833 Deum,

475 896 597 936 nus
618 881 759 934 Deus
784 887 966 934 noster
992 887 1076 932 est
1101 878 1190 946 qui
1220 878 1393 931 nudus
1419 877 1613 946 pendet
1648 876 1702 929 in
1731 890 1910 930 cruce.
1968 874 2060 929 Fi-
2155 873 2280 942 quia
2307 871 2564 926 mundum
2592 885 2697 922 non
2721 867 2922 921 habent
2958 879 3070 919 cor.
3109 863 3279 924 Beati,
3309 861 3502 930 inquit,
3529 859 3732 913 mundo

493 971 600 1025 lius
623 970 902 1043 Deiverus
924 975 1008 1022 est
1027 967 1116 1037 qui
1140 967 1412 1022 illusiones
1455 973 1510 1020 et
1537 965 1832 1020 derisiones
1857 965 2062 1032 patitur
2088 1040 2093 1043 _
2157 963 2328 1026 corde,
2357 962 2600 1032 quoniam
2625 958 2724 1028 ipsi
2762 957 2926 1009 Deum
2951 954 3212 1043 videbunt.

494 1065 668 1121 nudus
696 1065 748 1119 in
773 1079 951 1126 cruce,
983 1071 1043 1117 ut
1067 1077 1166 1118 nos
1192 1063 1370 1116 vestiti
1392 1063 1561 1117 simus
1587 1060 1702 1130 ejus
1725 1061 1988 1115 nuditate.

567 1154 723 1208 XLII.
752 1152 885 1208 Cum
915 1153 1136 1206 audiunt
1158 1167 1257 1207 nos
1288 1151 1458 1206 Judaei
1507 1152 1610 1206 ista
1647 1152 1847 1215 dicere,
1897 1149 2065 1205 conti-

496 1254 628 1300 nent
664 1259 821 1300 aures
847 1259 1010 1309 °suas,
1059 1252 1113 1297 et
1149 1243 1392 1298 derident
1424 1257 1550 1305 nos,
1573 1243 1666 1312 qui
1706 1243 1865 1296 talem
1895 1242 2064 1295 Deum

500 1336 760 1391 habemus
792 1334 884 1404 qui
929 1333 1102 1387 nudus
1139 1332 1389 1401 pependit
1431 1332 1484 1385 in
1527 1347 1706 1386 cruce.
1746 1332 2065 1386 Recedimus

500 1426 569 1480 ab
592 1425 820 1479 invicem
855 1423 908 1477 in
944 1429 1149 1476 tantum
1168 1462 1183 1487 ,
1214 1431 1272 1476 ut
1313 1437 1414 1477 nec
1447 1421 1521 1476 illi
1552 1421 1812 1492 recipiant
1841 1436 1939 1475 nos
1967 1434 2067 1476 nec

501 1529 601 1569 nos
630 1514 765 1568 illos.
799 1513 974 1568 Unum
1003 1513 1209 1567 hostem
1236 1511 1468 1582 fugimus
1506 1509 1735 1574 Iudaeos,
1768 1520 1823 1566 et
1870 1511 2070 1566 multos

504 1603 690 1658 hostes
739 1601 1040 1656 invenimus
1079 1602 1219 1656 intra
1257 1601 1499 1664 domum,
1543 1601 1824 1655 haereticos
1859 1599 2071 1668 pejores

504 1707 663 1760 quam
697 1689 926 1745 Judmos.
964 1689 1130 1746 Judaei
1173 1690 1336 1746 semel
1371 1699 1570 1760 negant
1612 1699 1667 1745 et
1709 1690 1934 1746 dicunt:
1966 1691 2070 1745 Iste

505 1796 664 1850 quem
692 1780 870 1835 dicitis
907 1779 998 1850 qui
1030 1781 1205 1834 nudus
1241 1777 1496 1848 pependit
1532 1778 1586 1832 in
1611 1794 1789 1843 cruce,
1841 1794 1947 1834 non
1987 1786 2070 1832 est

2079 1040 2093 1086 ⁴
2227 1051 2408 1108 XLIII.
2447 1051 2634 1104 Restat
2659 1061 2787 1116 ergo
2809 1053 2869 1099 ut
2909 1045 3000 1112 qui
3042 1059 3147 1096 non
3173 1039 3494 1109 intelligunt,
3522 1053 3634 1092 non
3655 1038 3735 1092 vi-

2161 1143 2318 1204 dent:
2341 1152 2396 1197 et
2423 1143 2514 1212 qui
2537 1157 2642 1194 non
2669 1139 2872 1202 vident,
2906 1137 2958 1190 in
2985 1134 3226 1190 tenebris
3255 1132 3556 1186 ambulant.
3586 1130 3736 1186 Unde

2163 1243 2218 1288 et
2242 1231 2527 1287 Psalmista
2568 1228 2696 1284 dicit
2729 1245 2741 1280 :
2779 1225 3090 1279 Nescierunt
3113 1262 3128 1286 ,
3165 1238 3324 1290 neque
3369 1219 3739 1274 intellexerunt

2164 1324 2301 1395 quod
2325 1324 2380 1376 in
2405 1321 2624 1376 tenebris
2656 1316 2945 1372 ambulant.
2975 1313 3042 1368 Et
3073 1313 3166 1382 qui
3197 1314 3249 1366 in
3281 1312 3521 1366 tenebris
3549 1310 3739 1364 ambu-

2166 1417 2298 1478 lant,
2328 1414 2384 1468 in
2408 1412 2496 1466 die
2531 1426 2636 1465 non
2665 1408 2960 1470 ambulant,
2986 1405 3128 1474 quod
3154 1412 3236 1458 est
3261 1403 3507 1458 Christus
3542 1412 3599 1456 et
3633 1401 3742 1456 Ec-

2167 1505 2350 1569 clesia,
2382 1517 2483 1556 nec
2511 1502 2688 1556 dicere
2713 1505 2935 1569 possunt
2959 1496 3106 1549 illum
3150 1493 3476 1549 versiculum
3499 1491 3694 1560 psalmi
3723 1509 3738 1544 :

2171 1594 2274 1649 Hic
2306 1603 2380 1647 est
2409 1591 2520 1645 dies
2552 1605 2701 1660 quem
2725 1587 2842 1656 fecit
2864 1586 3151 1649 Dominus;
3177 1582 3489 1638 exsultemus
3509 1590 3556 1634 et
3591 1579 3743 1633 (cete-

2171 1702 2289 1740 mur
2311 1685 2366 1738 in
2387 1700 2466 1736 eo.
2493 1681 2561 1735 Et
2581 1680 2708 1749 quia
2729 1679 2842 1734 dies
2869 1685 2923 1730 et
2958 1692 3064 1730 nox
3099 1689 3203 1728 una
3225 1673 3341 1727 dies
3371 1663 3578 1732 dicitur,
3604 1669 3742 1738 quia

2172 1775 2240 1830 de
2273 1774 2384 1828 sole
2419 1787 2590 1841 usque
2625 1770 2693 1825 ad
2739 1768 2966 1823 alterum
2995 1765 3258 1822 orientem
3299 1762 3459 1816 solem
3505 1759 3656 1814 diem
3683 1769 3745 1814 et

507 1841 668 1925 Deus.
715 1869 848 1925 Cum
881 1841 977 1924 nos
1012 1869 1093 1924 eis
1125 1841 1369 1935 dicimus,
1399 1869 1520 1940 quis
1570 1869 1686 1925 est?
1730 1841 2073 1938 Respondent
2104 1841 2150 1902 Β
2177 1875 2388 1922 noctem
2413 1863 2654 1926 includit,
2694 1869 2749 1916 et
2777 1873 2915 1914 unus
2943 1857 3058 1912 dies
3079 1855 3295 1918 dicitur,
3326 1852 3404 1906 sic
3424 1849 3673 1905 Ecclesia
3691 1859 3746 1903 et

509 1966 564 2012 et
603 1958 811 2022 dicunt,
849 1958 1010 2013 homo
1037 1965 1120 2012 est
1154 1975 1168 2012 :
1200 1974 1325 2012 nam
1353 1958 1399 2014 si
1429 1959 1570 2013 Deus
1593 1967 1757 2024 esset,
1787 1975 1893 2013 non
1930 1960 2076 2015 dice-

509 2057 638 2102 ret:
677 2046 837 2111 Deus,
887 2046 1029 2101 Deus
1075 2063 1242 2113 meus,
1285 2064 1446 2118 quare
1483 2065 1565 2102 me
1609 2047 1968 2119 dereliquisti?
2011 2048 2078 2103 Et

510 2138 632 2194 ideo
652 2153 759 2192 non
791 2138 996 2193 debetis
1022 2147 1128 2192 tam
1158 2140 1388 2195 absurde
1408 2140 1588 2196 dicere
1617 2140 1805 2205 Deum,
1829 2140 1923 2194 sed
1955 2147 2077 2193 tan-

511 2237 623 2282 tum
655 2227 823 2282 ﬁlium
861 2229 1188 2298 adoptivum,
1224 2229 1363 2283 sicut
1389 2238 1444 2284 et
1471 2245 1570 2285 nos
1595 2245 1781 2285 sumus
1821 2230 2075 2300 adoptivi,

509 2319 636 2389 quia
677 2333 777 2374 nec
815 2334 954 2374 unus
978 2319 1118 2376 Deus
1151 2328 1236 2374 est
1260 2320 1353 2390 qui
1391 2320 1569 2376 nudus
1595 2321 1790 2391 pendet
1819 2321 1874 2376 in
1898 2336 2077 2389 cruce,

510 2427 612 2469 nec
630 2427 788 2468 verus
809 2411 949 2467 ﬁlius
971 2413 1084 2467 Dei.
1120 2411 1376 2482 Iniuriam
1401 2411 1578 2468 facitis
1600 2413 1710 2468 Deo
1741 2413 1806 2469 de
1830 2413 1922 2468 tali
1952 2413 2077 2468 ﬁde.

451 2507 455 2511 ’
511 2503 648 2559 Nam
673 2519 772 2559 nos
800 2505 1126 2559 honoramus
1154 2505 1350 2568 Deum,
1380 2505 1472 2574 qui
1502 2513 1647 2560 recte
1687 2504 1916 2560 dicimus
1936 2506 2079 2575 quod

514 2593 658 2648 Deus
687 2593 754 2646 ad
779 2601 984 2647 tantam
1018 2592 1264 2662 iniuriam
1297 2594 1591 2650 descendit.
1619 2593 1810 2650 Sermo
1835 2594 2081 2667 [Servus]

514 2691 598 2736 est
621 2682 712 2751 qui
737 2683 957 2751 patitur.
989 2684 1189 2738 Servus
1215 2683 1308 2738 Dei
1339 2691 1424 2738 est
1447 2683 1538 2753 qui
1579 2685 1783 2754 patitur
1810 2724 1825 2748 ,
1875 2684 1989 2753 ipso
2017 2685 2083 2739 de

523 2786 583 2826 se
620 2773 830 2827 dicente
859 2787 873 2825 :
906 2771 950 2826 Ο
977 2771 1228 2838 Domine,
1275 2789 1366 2842 ego
1394 2789 1569 2827 servus
1606 2782 1725 2827 tuus
1748 2789 1766 2827 :
1787 2789 1879 2843 ego
1907 2790 2082 2827 servus

519 2870 643 2915 tuus
686 2870 733 2915 et
762 2859 904 2928 ﬁlius
923 2860 1130 2915 ancillw
1157 2871 1279 2916 tute.
1308 2863 1375 2915 Et
1395 2862 1651 2916 Dominus
1677 2862 1727 2916 ei
1750 2861 1880 2916 dicit
1907 2878 1920 2916 :
1947 2861 2084 2915 Ecce

515 2969 695 3010 servus
723 2969 896 3017 meus,
929 2952 1208 3022 suscipiam
1241 2969 1378 3007 eum.
1419 2951 1553 3008 Cum
1581 2955 1685 3008 hoc
1723 2968 1913 3007 verum
1943 2952 2084 3008 dicat

520 3039 818 3110 Scriptura,
847 3041 1117 3110 quomodo
1136 3055 1232 3096 vos
1258 3042 1489 3110 potestis
1512 3041 1748 3106 ﬁrmare,
1773 3058 1894 3098 cum
1925 3043 2084 3098 homo

2177 1957 2555 2014 haereticorum
2599 1951 2856 2022 pravitas,
2913 1948 3004 2002 lux
3037 1954 3093 2001 et
3141 1946 3378 2000 tenebrae
3416 1949 3532 2006 est,
3562 1949 3618 1995 et
3639 1956 3745 1994 una

2177 2047 2417 2103 Ecclesia
2457 2050 2812 2113 nuncupatur.
2842 2039 3066 2108 Utrique
3092 2051 3255 2090 unum
3288 2031 3640 2103 Evangelium
3670 2030 3738 2084 Ie-
3769 2067 3772 2070 .

2178 2147 2328 2212 gunt,
2355 2138 2448 2193 sed
2482 2137 2698 2205 utrique
2718 2133 3094 2188 vestimentum
3122 2127 3319 2184 Christi
3346 2141 3465 2181 esse
3491 2139 3600 2178 non
3625 2138 3746 2192 pos-

2179 2237 2324 2285 sunt.
2351 2226 2484 2281 Cum
2528 2239 2667 2278 unus
2691 2222 2794 2278 ﬁde
2829 2221 2958 2290 tegit
3001 2219 3297 2273 nuditatem
3343 2214 3577 2278 Christi,
3613 2214 3748 2267 alter

2180 2317 2492 2374 inﬁdelitate
2534 2314 2732 2370 nudum
2761 2311 3016 2382 prmdicat
3045 2308 3340 2372 Christum,
3405 2320 3531 2360 cum
3566 2305 3745 2359 dicit:

2181 2407 2353 2462 Homo
2387 2413 2491 2469 est,
2540 2419 2650 2458 non
2675 2412 2757 2456 est
2783 2401 2955 2465 Deus,
2985 2414 3094 2453 non
3121 2406 3202 2453 est
3235 2398 3348 2467 ipse
3374 2397 3466 2466 qui
3494 2396 3626 2450 fecit
3645 2410 3749 2450 (xe-

2181 2503 2292 2557 lum
2317 2507 2373 2553 et
2401 2508 2622 2552 terram.
2648 2494 2802 2550 Alter
2828 2508 2934 2548 non
2961 2491 3178 2555 nudum,
3217 2491 3309 2545 sed
3330 2497 3481 2544 veste
3506 2488 3750 2542 indutum

2180 2605 2304 2645 eum
2351 2579 2626 2658 praedicat,
2676 2585 2800 2654 quia
2837 2583 3006 2638 dicit:
3036 2582 3178 2636 Deus
3212 2589 3297 2636 est
3334 2582 3518 2645 homo,
3549 2588 3605 2633 et
3643 2578 3754 2647 ipse

2182 2675 2311 2732 fecit
2346 2673 2540 2730 cmlum
2587 2683 2642 2728 et
2685 2681 2904 2736 terram,
2953 2669 3045 2740 qui
3076 2669 3132 2722 in
3178 2684 3340 2724 cruce
3369 2669 3569 2739 pendet
3614 2668 3756 2721 inter

2181 2766 2376 2822 cmlum
2397 2773 2450 2818 et
2475 2773 2692 2820 terram.
2732 2763 2845 2818 Hoc
2863 2771 3070 2816 tantum
3100 2760 3338 2816 Ecclesia
3363 2770 3542 2829 potest
3575 2758 3757 2813 dicere

2183 2857 2248 2912 de
2274 2855 2489 2910 Christo
2521 2855 2714 2924 capite,
2758 2852 2910 2920 cujus
2936 2852 3049 2922 ipsa
3080 2859 3162 2907 est
3187 2866 3399 2920 corpus,
3427 2851 3555 2919 quia
3586 2849 3756 2919 ipsam

2182 2965 2279 3006 suo
2302 2947 2560 3018 sanguine
2584 2946 2820 3015 pretioso
2846 2943 3092 3008 redemit,
3111 2950 3171 2996 ut
3197 2956 3314 2996 eam
3339 2942 3442 2995 sibi
3480 2941 3758 3010 copularet

2182 3055 2281 3111 per
2327 3039 2670 3108 sanguinem;
2719 3045 2773 3091 et
2817 3035 3068 3090 Christus
3115 3033 3360 3089 indueret
3397 3046 3542 3096 eam,
3569 3040 3628 3085 et
3675 3031 3758 3084 illa

519 3131 697 3184 nudus
716 3129 809 3199 qui
837 3129 1033 3199 pendet
1064 3130 1120 3184 in
1149 3145 1309 3185 cruce
1333 3145 1365 3184 a
1403 3129 1512 3186 Deo
1541 3147 1600 3187 se
1623 3132 1936 3192 derelictum
1976 3133 2084 3188 cla—
2107 3171 2156 3233 ο
2188 3128 2478 3192 Christum,
2509 3129 2648 3183 sicut
2673 3128 2872 3182 Paulus
2893 3125 3166 3197 apostolus
3191 3125 3258 3181 de
3286 3124 3402 3194 ipso
3430 3123 3675 3191 loquitur
3699 3120 3760 3175 ad

521 3218 677 3273 mitct
705 3225 760 3273 et
792 3218 933 3273 Deus
959 3219 1049 3274 sit.
1095 3219 1235 3274 Ecce
1267 3227 1321 3274 et
1359 3221 1491 3276 istos
1541 3221 1840 3278 invenimus
1885 3223 2086 3292 similes
2110 3215 2156 3233 "
2188 3221 2450 3290 Ephesios
2487 3237 2499 3273 :
2543 3219 2613 3274 Ut
2657 3221 2914 3274 exhiberet
2957 3221 3058 3274 sibi
3101 3218 3381 3288 gloriosam
3433 3215 3756 3276 Ecclesiam,

519 3305 845 3373 Iudaeorum,
876 3307 1002 3377 quia
1022 3307 1098 3362 illi
1127 3308 1460 3364 nudaverunt
1488 3310 1780 3378 Christum,
1807 3320 1861 3368 et
1884 3314 2086 3369 nudum

521 3413 644 3452 cum
669 3397 1036 3468 imposuerunt
1057 3398 1114 3454 in
1142 3415 1357 3456 crucem
1380 3409 1434 3456 et
1455 3402 1526 3456 ibi
1551 3410 1794 3458 mortuus
1813 3404 2084 3472 pependit.

521 3496 578 3543 et
617 3487 734 3558 ipsa
768 3488 1018 3555 nuditas,
1053 3504 1185 3544 crux
1222 3498 1279 3544 et
1318 3507 1465 3547 mors
1493 3491 1621 3547 facit
1662 3494 1971 3548 scandalum
1997 3491 2090 3548 Ju-

521 3577 670 3641 dmis,
714 3584 770 3632 et
809 3577 995 3632 dicunt
1031 3595 1044 3632 :
1084 3577 1200 3634 Non
1245 3587 1329 3636 est
1373 3581 1534 3637 Deus.
1567 3581 1679 3637 Hoc
1703 3580 1889 3636 dicunt
1922 3589 1977 3636 et
1999 3582 2088 3637 isti

522 3669 761 3725 haeretici
786 3683 801 3724 :
829 3668 946 3725 Non
989 3679 1072 3726 est
1100 3672 1259 3728 Deus.
1293 3671 1640 3728 Nudaverunt
1685 3673 1760 3728 illi
1815 3673 2089 3729 Christum

522 3758 877 3824 vestimentis,
915 3761 1118 3815 nudant
1137 3768 1193 3816 et
1222 3761 1312 3816 isti
1337 3761 1461 3818 ﬁde.
1488 3763 1598 3818 Illis
1630 3761 1758 3818 fecit
1782 3764 2088 3818 scandalum

525 3847 730 3904 Christi
751 3848 984 3913 nuditas,
1033 3847 1152 3904 istis
1193 3849 1323 3906 facit
1347 3853 1656 3907 scandalum
1686 3851 1885 3908 Christi
1923 3854 2095 3908 Immi-

524 3936 672 3991 Iitas.
719 3935 834 3989 Non
865 3945 986 3991 sunt
1021 3952 1150 4006 ergo
1194 3939 1282 3994 isti
1315 3941 1694 3996 vestimentum
1723 3941 1959 4008 Christi,
1999 3944 2093 4012 qui

526 4041 636 4081 non
667 4026 903 4081 vestiunt
937 4026 1209 4083 Christum
1249 4045 1344 4085 sua
1380 4031 1502 4097 ﬁde,
1554 4034 1647 4089 sed
1687 4048 1810 4090 eum
1852 4050 1974 4090 cum
2001 4033 2094 4090 Ju-

527 4115 660 4170 daeis
682 4115 881 4170 nudant
905 4131 1002 4172 sua
1045 4117 1375 4176 inﬁdelitate.
1417 4120 1497 4175 Illi
1522 4123 1688 4176 Deum
1725 4122 1886 4179 Israel
1917 4124 2096 4180 lauda-

526 4205 674 4268 bant,
702 4212 758 4260 et
784 4204 957 4274 ipsum
980 4206 1147 4262 Deum
1182 4207 1343 4264 Israel
1370 4212 1650 4281 negabant,
1695 4227 1852 4282 quem
1892 4215 2094 4270 nudum

528 4295 678 4351 cruci
699 4294 1006 4364 adigebant.
1031 4297 1098 4352 Et
1122 4298 1208 4354 isti
1250 4299 1522 4358 Christum
1544 4303 1759 4359 laudant
1795 4323 1808 4359 :
1843 4315 1897 4361 et
1923 4308 2094 4376 ipsum

526 4385 822 4452 Christum,
850 4387 943 4457 qui
967 4388 1140 4444 nudus
1169 4391 1420 4460 pependit
1446 4392 1499 4446 in
1525 4408 1703 4460 cruce,
1735 4395 1902 4450 Deum
1933 4397 2096 4452 Israel

2188 3328 2292 3366 non
2312 3311 2578 3364 habentem
2615 3310 2876 3363 maculam
2906 3318 2997 3362 aut
3033 3324 3236 3379 rugam.
3266 3306 3529 3361 Maculam
3565 3306 3760 3375 quippe

2187 3411 2241 3457 et
2267 3418 2451 3472 rugam
2488 3418 2594 3458 non
2637 3402 2814 3466 habet,
2847 3401 2971 3470 quia
3017 3409 3072 3454 et
3115 3399 3445 3468 turpitudine
3483 3397 3670 3466 operis
3714 3404 3763 3450 et

2189 3492 2498 3562 duplicitate
2529 3492 2794 3547 sermonis
2837 3501 3004 3545 caret.
3035 3490 3152 3545 Non
3181 3491 3468 3544 habentem
3487 3528 3503 3552 ,
3556 3489 3760 3557 inquit,

2185 3583 2453 3650 maculam
2487 3591 2580 3637 aut
2609 3597 2815 3652 rugam.
2843 3581 2900 3638 Id
2944 3590 3055 3648 est,
3092 3597 3191 3637 nec
3222 3596 3320 3650 per
3347 3588 3633 3650 peccatum
3673 3580 3763 3633 ha-

2189 3674 2415 3737 bentem-
2453 3673 2752 3739 maculam,
2814 3689 2913 3728 nec
2973 3687 3071 3742 per
3124 3665 3488 3743 duplicitateni
3555 3686 3758 3740 rugam.

2191 3763 2327 3832 Quia
2365 3770 2420 3818 et
2444 3778 2542 3832 per
2581 3762 2846 3832 justitiam
2891 3764 3089 3818 munda
3120 3773 3225 3830 est,
3252 3772 3306 3817 et
3341 3779 3440 3832 per
3465 3762 3760 3831 simplicem

2192 3856 2539 3911 intentionem
2564 3863 2804 3909 extensa.
2854 3854 2982 3921 Qua:
3009 3870 3136 3924 ergo
3177 3855 3355 3910 abluta
3379 3864 3465 3909 est
3492 3870 3563 3908 ne
3592 3869 3763 3908 macu-

2191 3943 2297 3999 lam
2340 3946 2555 4010 habeat,
2596 3955 2813 4000 extensa
2859 3955 2942 4001 est
2991 3962 3056 3999 ne
3091 3946 3288 4000 habeat
3318 3961 3527 4014 rugam.
3572 3945 3763 4014 Utique

2193 4035 2359 4091 vestis
2385 4035 2586 4090 Christi
2625 4045 2727 4091 est.
2786 4035 2938 4091 Sicut
2982 4037 3126 4090 enim
3168 4036 3540 4091 indumentum
3566 4036 3764 4092 Christi

2195 4134 2302 4181 tota
2360 4127 2680 4197 generaliter
2726 4126 2960 4181 Ecclesia
3007 4127 3233 4191 dicitur,
3270 4127 3351 4182 sic
3395 4127 3763 4182 indumentum

2194 4226 2319 4271 sunt
2342 4217 2597 4271 Ecclesia:
2615 4217 2946 4287 singulorum
2970 4217 3180 4279 animae,
3203 4231 3323 4285 qua:
3343 4217 3409 4271 ab
3435 4231 3623 4271 errore
3645 4234 3765 4272 con-

2195 4321 2365 4361 versa:
2384 4307 2628 4361 eamdem
2673 4307 2968 4361 Ecclesiam
3017 4306 3302 4370 credendo,
3353 4307 3512 4374 eique
3543 4307 3767 4360 ﬁdeliter

2197 4396 2526 4462 inhzerendo,
2578 4397 2931 4452 circumdant.
2963 4397 3036 4451 De
3064 4397 3257 4466 quibus
3295 4397 3470 4450 eidem
3515 4397 3767 4452 Ecclesiae

525 4492 646 4534 esse
672 4489 871 4549 negant
903 4494 919 4534 :
960 4485 1014 4536 et
1044 4481 1258 4551 utrique
1286 4485 1538 4556 populum
1578 4487 1787 4543 Domini
1813 4505 1872 4545 se
1902 4491 2092 4546 existi-
2121 4505 2178 4568 ι)
2196 4503 2293 4558 per
2321 4489 2634 4558 prophetam
2663 4488 2918 4543 Dominus
2943 4489 3070 4543 dicit
3109 4505 3121 4542 :
3169 4486 3290 4543 Vivo
3309 4505 3422 4559 ego,
3454 4491 3581 4559 quia
3604 4490 3766 4544 omm-

527 4574 676 4622 mant
703 4582 850 4633 esse;
881 4576 936 4623 et
971 4571 1183 4640 utrique
1218 4573 1466 4630 meliores
1493 4590 1552 4630 se
1584 4577 1739 4632 nobis
1775 4579 2097 4648 proﬁtentur

527 4656 582 4710 in
606 4655 728 4722 ﬁde,
775 4665 829 4713 et
866 4659 1079 4730 utrique
1123 4661 1350 4717 dicunt:
1384 4663 1493 4721 Nos
1531 4680 1718 4722 sumus
1770 4667 1961 4734 Israel,
2005 4671 2098 4739 qui

529 4745 696 4800 Deum
736 4755 884 4802 recte
907 4750 1193 4804 credimus.
1246 4751 1379 4807 Nam
1417 4768 1512 4809 vos
1550 4755 1707 4809 bruta
1730 4764 1784 4811 et
1811 4757 2096 4826 insensati,

527 4835 619 4904 qui
669 4835 969 4902 hominem,
1008 4839 1099 4909 qui
1145 4850 1393 4898 mortuus
1419 4851 1531 4909 est,
1559 4845 1768 4902 habetis
1816 4847 2004 4902 Deum.
2031 4849 2100 4904 Et

527 4924 651 4994 quia
677 4925 858 4990 Israel,
895 4927 1070 4983 videns
1114 4929 1283 4983 Deum
1326 4932 1542 4999 dicitur,
1592 4935 1808 5005 utrique
1835 4953 1893 4993 sc
1935 4939 2098 4997 Israel

530 5013 866 5083 proﬁtentur,
892 5017 1108 5087 utrique
1125 5034 1183 5073 se
1205 5019 1342 5074 ﬁlios
1367 5021 1459 5076 Dei
1483 5034 1749 5079 asserunt.
1781 5026 1887 5084 Sed
1921 5029 2102 5087 Domi-

531 5116 632 5157 nus
667 5117 763 5159 eos
794 5119 890 5174 per
926 5104 1118 5162 Isaiam
1165 5111 1478 5179 prophetam
1517 5115 1822 5187 redarguit,
1866 5120 2051 5178 dicens
2083 5141 2096 5177 :

530 5188 700 5246 Filios
732 5194 952 5248 enutriri
981 5206 1029 5250 et
1050 5197 1296 5265 exaltari,
1333 5201 1429 5272 ipsi
1467 5212 1636 5257 autem
1665 5221 1964 5276 spreverunt
1994 5229 2096 5266 me.

531 5277 778 5375 Cognovit
812 5282 902 5338 bos
946 5283 1291 5356 possessorem
1327 5308 1479 5346 suum
1504 5333 1519 5358 ,
1556 5305 1606 5350 et
1651 5299 1834 5354 asinus
1874 5319 2101 5375 prcrsepe

531 5372 729 5428 domini
759 5378 844 5431 sui
870 5393 889 5432 :
918 5377 1087 5434 Israel
1119 5391 1290 5438 autem
1329 5402 1432 5442 non
1465 5404 1549 5442 me
1587 5395 1853 5462 cognovit,
1879 5372 2101 5468 populus

531 5476 676 5518 meus
717 5481 799 5520 me
823 5483 926 5521 non
964 5469 1236 5526 intellexit.
1265 5475 1332 5529 Et
1370 5491 1549 5532 meum
1588 5482 1840 5552 populum
1871 5485 2018 5551 dicit,
2048 5497 2102 5544 et

535 5565 621 5649 me
669 5569 776 5609 non
817 5557 1076 5649 intellexit
1134 5577 1306 5632 neque
1357 5571 1627 5638 cognovit.
1682 5573 1799 5629 Non
1854 5576 2102 5649 intelligit

536 5639 732 5732 Deum,
780 5647 873 5712 qui
918 5663 1022 5701 non
1052 5650 1298 5722 intelligit
1347 5655 1640 5726 Christum,
1679 5665 1803 5732 quia
1855 5639 2101 5725 Chrisﬁls

527 5737 614 5784 est
643 5729 802 5785 Deus.
830 5732 946 5788 Non
969 5743 1241 5806 cognoscit
1266 5743 1432 5800 Deum
1459 5748 1620 5804 Israel
1645 5729 1737 5822 qui
1767 5772 1872 5813 non
1902 5774 2101 5831 cogno-

2197 4579 2289 4633 bus
2308 4579 2388 4632 Itis
2411 4578 2543 4633 velut
2566 4589 2868 4633 ornamento
2889 4580 3136 4634 vestieris.

2265 4672 2446 4727 XLIV.
2485 4672 2625 4728 Ecce
2660 4673 2925 4742 quomodo
2969 4680 3053 4727 est
3092 4672 3332 4728 Ecclesia
3383 4687 3481 4743 per
3519 4674 3682 4728 ﬁdem
3719 4682 3766 4727 et

2198 4764 2632 4829 conversionem,
2662 4772 2717 4818 et
2754 4779 2914 4834 Opera
2949 4764 3090 4819 bona
3120 4764 3498 4819 vestimentum
3547 4763 3762 4820 Christi.

2199 4853 2338 4908 Ecce
2364 4853 2631 4922 quomodo
2658 4854 2985 4924 singulorum
3034 4855 3257 4919 animae,
3298 4869 3418 4924 quae
3446 4869 3545 4924 per
3574 4857 3760 4924 pnedi

2199 4947 2464 5001 cationem
2512 4944 2766 5000 Ecclesice
2824 4955 3212 5001 convertuntur
3251 4954 3305 5000 et
3350 4947 3579 5002 credunt
3630 4949 3762 5016 quod

2200 5040 2407 5088 tantum
2441 5034 2494 5088 in
2525 5050 2587 5088 ea
2615 5035 2686 5088 sit
2713 5035 2960 5089 remissio
2987 5043 3332 5105 peccatorum
3355 5076 3370 5100 ,
3416 5045 3473 5090 et
3508 5039 3764 5092 inhzerent

2200 5124 2249 5179 ei
2281 5124 2526 5190 ﬁdeliter,
2546 5125 2923 5180 vestimentum
2949 5133 3074 5180 sunt
3095 5126 3266 5195 ipsius
3298 5127 3571 5182 Ecclesiae.
3599 5127 3768 5183 Vesti-

2199 5229 2438 5272 mentum
2484 5225 2610 5272 sunt
2652 5217 2906 5272 Ecclesiae
2949 5220 3139 5273 anima:
3188 5219 3242 5274 in
3294 5235 3463 5274 unum
3512 5219 3764 5275 collectae.

2201 5307 2589 5362 Vestimentum
2614 5315 2698 5362 est
2728 5307 2931 5363 Christi
2963 5317 3071 5363 tota
3107 5309 3370 5376 Ecclesia,
3407 5320 3459 5365 et
3487 5311 3768 5366 vestimen-

2202 5407 2314 5452 tum
2360 5404 2444 5452 est
2494 5397 2740 5454 Christus
2781 5399 2946 5454 totius
2982 5399 3253 5455 Ecclesiae.
3287 5401 3422 5455 Rem
3458 5401 3609 5457 vobis
3653 5401 3768 5456 dico

2199 5505 2411 5555 novam,
2460 5491 2570 5546 imo
2624 5507 2729 5546 non
2777 5506 2991 5556 novam,
3045 5493 3138 5547 sed
3187 5495 3252 5550 de
3287 5495 3601 5565 Scripturis,
3648 5494 3767 5566 quia

2197 5579 2578 5635 vestimentum
2627 5579 2827 5638 Christi
2876 5599 3079 5638 sumus.
3113 5585 3180 5638 Et
3226 5602 3349 5641 cum
3399 5589 3549 5642 illum
3593 5599 3764 5641 nostra

2200 5670 2535 5726 confessione
2575 5683 2630 5726 et
2659 5673 2763 5728 ﬁde
2791 5676 3068 5739 vestimus,
3100 5684 3226 5732 tunc
3257 5678 3451 5732 iterum
3479 5695 3577 5733 nos
3603 5681 3763 5748 ipsum

2199 5762 2472 5818 Christum
2512 5765 2802 5824 induimus.
2848 5767 2989 5825 Dicit
3016 5771 3157 5826 enim
3203 5780 3258 5826 et
3305 5772 3591 5841 Apostolus
3631 5768 3764 5841 quod
