3992 6176
347 439 483 495 1005

979 429 1249 486 IIETERII
1285 428 1370 483 ET
1409 427 1467 481 8.
1508 425 1707 481 BEATI
1743 424 1834 478 AD
1869 414 2264 474 ELIPANDUM
2300 413 2516 468 EPIST.
2561 441 2622 452 -—
2659 411 2785 466 LIB.
2829 410 2891 464 II.

3434 410 3456 462 I
3467 409 3566 464 006

345 553 716 606 vestimentum
780 553 1020 601 nostrum
1081 545 1330 600 Christus
1382 545 1454 599 sit
1489 562 1501 596 τ
1555 542 1861 610 Quicunque
1883 577 1899 602 ,
1929 543 1980 594 Α
2075 530 2301 586 XLVIII.
2341 528 2539 584 Deinde
2567 527 2903 584 considerate
2930 521 3180 592 quoniam
3203 524 3269 576 ad
3298 531 3571 577 extremos

343 641 536 709 inquit,
566 636 812 706 baptizati
834 637 958 688 estis
1006 635 1062 687 in
1097 633 1322 698 Christo,
1353 632 1615 686 Christum
1638 630 1902 683 induistis.

341 729 565 798 Quando
601 726 744 780 enim
782 723 1134 793 baptizamur,
1163 720 1437 776 induimur
1462 728 1518 775 et
1554 720 1833 775 vestimur.

412 815 575 872 XLV.
614 813 728 868 Hoc
760 819 931 866 totum
961 825 1129 880 quare
1151 810 1295 865 dixi?
1329 809 1400 866 Ut
1425 809 1763 864 ostenderem
1790 819 1909 862 cre-

343 907 533 963 dentes
556 902 935 960 vestimentum
975 913 1098 954 esse
1123 897 1325 952 Christi
1355 897 1500 966 quod
1545 895 1822 950 descendit
1853 894 1910 948 in

343 1011 497 1054 oram
525 991 828 1049 vestimenti
853 987 968 1058 ejus
990 1029 1006 1055 ,
1033 989 1178 1059 quod
1201 987 1478 1042 descendit
1501 987 1556 1041 in
1575 986 1819 1048 barbam,
1855 984 1910 1038 in

344 1091 569 1148 barbam
595 1086 795 1139 Aaron.
828 1081 918 1137 Sic
939 1081 1081 1136 enim
1100 1079 1281 1134 Aaron
1295 1077 1546 1134 sacerdos
1573 1078 1717 1132 hunc
1737 1091 1913 1131 sacer-

345 1179 527 1234 dotem
566 1181 808 1229 nostrum
831 1167 1191 1240 praefiguravit
1217 1165 1520 1229 Christum,
1554 1173 1608 1220 et
1639 1173 1762 1220 octo
1797 1163 1912 1233 ejus

343 1265 666 1321 vestimenta
694 1260 870 1316 omnis
881 1258 1100 1313 omnino
1130 1258 1398 1313 Ecclesiae.
1426 1257 1622 1325 Figura
1645 1256 1732 1310 illa
1751 1256 1915 1310 vesti-

346 1363 650 1412 mentorum
675 1365 772 1405 nos
799 1363 985 1404 sumus
1021 1347 1313 1402 secundum
1334 1347 1650 1416 Apostolum
1666 1386 1681 1410 ,
1704 1347 1759 1400 in
1782 1362 1911 1417 quos

345 1448 467 1518 ﬁnis
488 1445 801 1501 saeculorum
834 1443 1090 1510 decurrit,
1111 1444 1235 1514 quia
1259 1443 1360 1497 ista
1382 1441 1488 1497 illis
1512 1443 1568 1496 in
1592 1442 1766 1512 ﬁgura
1792 1457 1906 1495 con-

347 1540 608 1609 tingebant
638 1551 759 1606 quae
773 1535 1006 1591 nobisin
1027 1534 1255 1590 veritate
1277 1532 1540 1602 completa
1569 1540 1712 1586 sunt.
1737 1531 1907 1600 Siqui-

345 1631 469 1685 dem
494 1627 734 1699 pontifex
776 1636 900 1682 octo
926 1627 1118 1692 habet,
1150 1633 1210 1680 ut
1230 1625 1482 1688 diximus,
1518 1625 1724 1694 species
1747 1624 1914 1678 vesti-

348 1729 671 1777 mentorum.
697 1719 936 1789 Longum
971 1726 1054 1773 est
1080 1717 1258 1772 dicere
1284 1718 1349 1771 de
1375 1716 1579 1786 ephod,
1613 1714 1680 1768 de
1707 1716 1882 1768 tunica
1900 1754 1914 1778 ,

347 1812 414 1866 de
437 1823 589 1873 zona,
612 1808 680 1862 de
705 1807 985 1872 catenulis,
1008 1807 1076 1862 de
1103 1805 1465 1868 femoralibus,
1488 1803 1554 1857 de
1576 1801 1822 1867 ﬁmbriis,
1853 1801 1919 1858 de

348 1897 524 1953 soccis
543 1936 559 1962 ,
588 1896 654 1952 de
683 1895 1054 1951 tintinnabulis
1072 1934 1089 1961 ,
1126 1894 1322 1964 quibus
1347 1893 1635 1947 Virtutibus
1667 1890 1919 1945 sacerdos
1948 1874 1995 1935 Β

348 1986 542 2040 debeat
566 1984 772 2053 ingredi
803 1983 1056 2053 templum
1085 1982 1295 2038 Domini
1323 1988 1378 2036 et
1401 1981 1456 2035 in
1483 1979 1681 2035 Sancta
1708 1986 1921 2035 sancto-

351 2091 493 2131 rum.
522 2075 590 2129 Et
619 2089 717 2131 nos
741 2088 870 2143 ergo
912 2075 958 2129 si
986 2074 1312 2130 voluerimus
1338 2073 1406 2128 de
1443 2073 1764 2126 vestimento
1801 2083 1922 2125 esse

351 2166 457 2222 isto
509 2164 850 2230 sacerdotali,
899 2171 993 2218 aut
1031 2162 1469 2233 superhumerale
1509 2176 1722 2226 sumus,
1777 2159 1922 2229 quod

353 2258 740 2328 interpretatur
778 2255 981 2326 ephod,
1011 2263 1072 2309 ut
1105 2255 1398 2310 habeamus
1430 2253 1569 2309 bona
1621 2267 1820 2323 opera;
1867 2259 1924 2306 et

353 2347 409 2403 in
453 2348 691 2402 humeris
717 2347 918 2402 nostris
944 2346 1145 2402 Christi
1189 2346 1437 2399 mandata
1480 2353 1756 2415 portemus
1785 2357 1800 2395 :
1828 2353 1924 2397 aut

354 2447 504 2493 certe
560 2438 743 2492 tunica
792 2437 1048 2492 debemus
1096 2448 1216 2490 esse
1277 2433 1536 2500 interior,
1579 2448 1697 2502 quas
1740 2432 1922 2487 tunica

354 2530 541 2584 stricta
574 2538 659 2584 est
705 2535 760 2584 et
800 2529 1036 2584 adhaeret
1063 2527 1295 2598 corpori.
1331 2525 1446 2583 Non
1489 2534 1572 2580 est
1618 2525 1760 2590 laxa,
1815 2539 1924 2578 non

356 2617 598 2674 funditur
621 2659 636 2683 ,
683 2618 776 2673 sed
809 2621 1049 2674 adhaeret
1083 2625 1193 2674 tota
1234 2616 1303 2672 ad
1339 2632 1552 2687 corpus.
1593 2617 1755 2672 Vides
1795 2631 1926 2688 ergo

354 2713 481 2782 quia
507 2713 813 2782 quicunque
855 2711 1079 2766 interior
1103 2718 1202 2775 est,
1229 2717 1284 2764 et
1305 2708 1528 2765 interior
1550 2709 1731 2764 tunica
1748 2747 1764 2776 ,
1788 2708 1927 2764 vici-

355 2805 479 2859 nius
494 2803 740 2874 jungitur
759 2802 992 2872 corpori.

429 2896 608 2950 XLVI.
644 2895 885 2965 Longum
895 2902 978 2950 est
1002 2894 1182 2949 dicere
1200 2893 1265 2948 de
1285 2890 1637 2948 rationalibus
1656 2898 1712 2946 et
1731 2890 1797 2946 de
1810 2905 1929 2946 ma-

359 2984 808 3042 nifestationibus.
830 2984 887 3040 Si
919 2985 1040 3056 quis
1067 3000 1195 3040 vero
1223 2983 1479 3039 rationale
1496 2991 1596 3049 est,
1622 2981 1766 3054 quod
1791 2983 1926 3039 dici-

362 3086 449 3131 tur
470 3077 666 3146 loglon,
691 3090 796 3130 non
821 3084 905 3132 est
925 3075 1051 3130 alibi
1073 3076 1176 3130 nisi
1211 3074 1264 3129 in
1284 3082 1520 3145 pectore.
1544 3073 1696 3142 Quod
1721 3073 1927 3129 ratione

361 3171 562 3226 dictum
591 3170 674 3225 vel
698 3169 900 3225 factum
921 3177 1039 3231 est,
1079 3167 1340 3223 rationale
1369 3168 1584 3224 dicitur.
1615 3166 1768 3235 Quod
1797 3181 1927 3222 vero

361 3259 478 3314 sine
505 3259 712 3315 ratione
754 3258 956 3313 dictum
982 3257 1068 3312 vel
1094 3255 1312 3320 factum,
1360 3256 1624 3312 rationale
1670 3255 1775 3311 dici
1818 3271 1928 3312 non

361 3356 558 3422 potest.
589 3347 857 3419 lntelliges
895 3346 1186 3417 Scriptura:
1205 3347 1466 3403 ordinem.
1501 3345 1818 3415 Quicunque
1843 3359 1930 3399 ra-

365 3439 635 3496 tionabilis
655 3446 756 3502 est,
784 3437 960 3509 ephod
979 3446 1083 3502 est,
1123 3437 1175 3492 id
1197 3445 1310 3502 est,
1337 3435 1718 3510 vestimentum
1743 3448 1931 3504 super-

363 3529 677 3596 humerale;
715 3536 770 3584 et
812 3528 868 3582 in
897 3537 1114 3598 pectore
1137 3569 1152 3594 ,
1192 3527 1334 3598 quod
1362 3535 1445 3581 est
1472 3525 1775 3594 prudentia.
1809 3523 1929 3578 Cte-

364 3630 538 3677 terum
580 3621 694 3676 fieri
733 3629 910 3690 potest
935 3629 994 3674 ut
1034 3620 1227 3689 aliquis
1251 3619 1445 3673 habeat
1470 3615 1836 3686 prudentiam,
1874 3623 1934 3668 ut

363 3712 559 3768 habeat
585 3723 609 3750 ει
639 3725 834 3779 augon,
872 3710 974 3764 hoc
993 3719 1076 3763 est
1112 3708 1314 3778 logion,
1351 3707 1492 3775 quod
1521 3705 1715 3759 Latine
1737 3703 1935 3758 dicitur

369 3799 758 3855 rationabilitas
780 3837 795 3864 ,
838 3806 894 3852 et
930 3812 1032 3851 non
1065 3798 1260 3852 habeat
1291 3796 1320 3836 ιι
1344 3810 1652 3860 ermonem,
1706 3795 1811 3850 hoc
1852 3801 1936 3848 est

367 3886 873 3943 manifestationem.
901 3886 1215 3957 Quicunque
1233 3901 1360 3955 ergo
1381 3899 1540 3940 verus
1559 3883 1807 3940 sacerdos
1829 3891 1933 3949 est,

367 3977 529 4032 debet
575 3990 695 4031 esse
738 3975 1103 4042 rationabilis;
1131 3975 1289 4031 debet
1321 3976 1519 4030 habere
1547 3972 1936 4029 manifestatio—

367 4084 495 4136 nes;
535 4069 637 4125 hoc
670 4076 770 4135 est,
817 4070 1173 4139 quodcunque
1206 4065 1546 4122 manifestum
1598 4063 1838 4136 proferat
1881 4073 1937 4121 et

366 4172 558 4214 omnes
582 4158 792 4214 doceat.

438 4251 643 4306 XLVII.
696 4251 762 4306 Et
787 4251 902 4306 htec
923 4249 1102 4304 omnia
1138 4247 1364 4304 forsitan
1405 4246 1566 4303 faciat
1589 4286 1606 4312 ,
1636 4247 1682 4303 si
1713 4247 1936 4303 castitas

367 4349 526 4395 cauta
559 4350 613 4396 et
650 4349 839 4396 ornata
869 4355 974 4394 non
1003 4337 1195 4404 fuerit,
1241 4347 1297 4392 et
1321 4352 1507 4392 omnes
1539 4335 1712 4391 ﬂuxus
1756 4336 1937 4392 carnis

369 4445 477 4485 non
507 4430 913 4486 mortificaverit
931 4470 946 4494 ,
975 4437 1035 4484 ut
1062 4430 1241 4499 cingat
1267 4427 1476 4483 lumbos
1503 4443 1630 4483 suos
1663 4436 1717 4483 et
1747 4428 1936 4484 morti-

1953 3212 2002 3277 C

2005 624 2169 693 pedes
2185 622 2327 677 inter
2346 619 2710 688 malogranata
2731 623 2886 668 erant
2907 623 2961 668 et
2981 612 3366 679 tintinnabula;
3392 621 3447 666 et
3469 628 3573 666 non

2006 713 2404 785 ingrediebatur
2431 706 2671 778 pontifex
2698 707 2751 760 in
2788 704 2985 758 Sancta
3011 710 3325 757 sanctorum
3353 702 3455 755 nisi
3485 702 3574 755 illa

2006 801 2359 858 tintinnabula
2380 804 2750 868 personarent.
2782 795 2847 848 Et
2875 793 3002 864 quid
3031 792 3229 847 Sancta
3267 801 3576 847 sanctorum

2007 892 2253 963 ingredi,
2302 889 2404 943 nisi
2451 887 2539 942 ille
2566 886 2789 940 interior
2831 882 3124 955 spiritualis
3154 881 3465 938 intellectus
3488 882 3579 936 ubi

2009 997 2130 1036 cum
2160 979 2385 1034 Domino
2421 977 2693 1046 loquitur?

2078 1069 2262 1123 XLIX.
2299 1068 2368 1121 Et
2388 1067 2476 1121 illa
2517 1064 2870 1120 tintinnabula
2893 1073 2947 1120 et
2987 1064 3075 1118 illa
3113 1063 3478 1134 malogranata
3502 1065 3583 1120 di-

2011 1162 2296 1216 versitates
2329 1159 2587 1213 virtutum
2612 1166 2739 1212 sunt
2781 1175 2795 1211 :
2831 1165 2886 1212 et
2916 1157 3197 1222 sacerdos,
3229 1157 3284 1212 id
3303 1167 3388 1212 est
3406 1159 3583 1226 ponti-
3683 1179 3687 1181 -

2011 1252 2130 1317 fex,
2165 1252 2258 1322 qui
2285 1264 2501 1306 omnem
2540 1249 2834 1304 Ecclesiam
2859 1249 2913 1302 in
2945 1257 3074 1319 typo
3099 1249 3299 1305 Christi
3328 1259 3584 1319 tanquam

2013 1345 2397 1400 vestimentum
2443 1343 2499 1396 in
2527 1354 2585 1396 se
2611 1349 2824 1410 portat,
2857 1342 3014 1396 debet
3058 1343 3208 1411 prius
3252 1343 3586 1398 diversarum

2014 1435 2272 1489 virtutum
2306 1432 2422 1501 ejus
2444 1445 2628 1501 opera,
2653 1439 2906 1501 tanquam
2929 1432 3304 1498 tintinnabula,
3339 1449 3436 1502 per
3464 1434 3586 1488 om;

2016 1537 2138 1578 nem
2167 1522 2462 1577 Ecclesiam
2484 1533 2769 1585 resonare;
2798 1527 2851 1572 et
2878 1526 3005 1574 tunc
3027 1520 3096 1574 ad
3115 1519 3230 1589 ejus
3249 1535 3438 1577 omnes
3459 1538 3588 1576 con-

2016 1625 2303 1688 gregemur
2331 1616 2720 1678 imitationem,
2767 1622 2821 1668 et
2847 1614 2927 1670 sic
2960 1615 3013 1668 in
3056 1613 3253 1669 Sancta
3279 1624 3587 1670 sanctorum

2017 1710 2352 1781 ingrediatur
2375 1750 2389 1774 ,
2414 1717 2474 1762 ut
2508 1708 2649 1778 quod
2691 1708 2835 1762 intus
2859 1708 2925 1762 de
2949 1708 3174 1763 Domino
3202 1709 3433 1763 audierit
3460 1707 3588 1762 loris

2018 1801 2214 1872 populo
2239 1800 2508 1869 loquatur,
2539 1797 2832 1853 secundum
2858 1797 3072 1852 Domini
3100 1798 3299 1853 dictum
3329 1799 3384 1853 in
3411 1799 3587 1852 Evan-

2023 1892 2162 1962 gelio
2184 1905 2199 1944 :
2225 1889 2294 1945 Ut
2320 1889 2525 1944 videant
2549 1906 2704 1960 opera
2724 1901 2890 1944 vestra
2915 1889 3071 1954 bona,
3102 1899 3148 1946 et
3171 1889 3457 1960 glorificent
3485 1889 3588 1942 Pa-

2022 1995 2152 2037 trem
2199 1992 2442 2046 vestrum,
2482 1984 2570 2053 qui
2603 1984 2659 2036 in
2706 1981 2846 2036 caelis
2879 1991 2986 2036 est.
3027 1983 3094 2036 Et
3122 1997 3245 2037 cum
3272 1983 3385 2037 haec
3409 1981 3590 2045 fuerit,

2022 2074 2264 2130 Ecclesia
2306 2074 2437 2140 erit,
2478 2089 2632 2129 mons
2681 2073 2811 2128 Sion
2863 2074 2970 2127 erit
2999 2091 3012 2126 :
3043 2076 3290 2144 quoniam
3313 2075 3421 2128 illic
3445 2091 3592 2127 man-

2022 2165 2162 2218 davit
2191 2164 2442 2218 Dominus
2463 2165 2882 2218 benedictionem.
2907 2165 2963 2218 ld
2982 2172 3084 2226 est,
3108 2174 3436 2235 unguentum
3465 2165 3593 2219 illud

2025 2256 2170 2326 quod
2195 2255 2470 2311 descendit
2498 2257 2563 2309 de
2599 2255 2774 2324 capte
2818 2254 3146 2318 Divinitatis,
3185 2255 3240 2307 in
3270 2254 3503 2318 barbam,
3536 2255 3593 2308 in

2025 2348 2239 2402 barbam
2277 2349 2500 2402 Aaron;
2541 2348 2679 2419 quod
2707 2347 2969 2400 descendit
3017 2347 3072 2399 in
3122 2361 3268 2399 oram
3309 2347 3594 2400 vestimenti

2025 2439 2160 2508 ejus,
2185 2439 2328 2508 quod
2342 2445 2425 2493 est
2445 2437 2690 2492 Christus
2719 2454 2731 2490 :
2765 2446 2817 2491 et
2838 2436 3081 2506 pervenit
3109 2437 3176 2491 ad
3199 2447 3433 2491 montem
3460 2436 3596 2494 Sion

2025 2530 2117 2585 illa
2161 2530 2464 2587 benedictio
2491 2530 2630 2584 roris
2659 2543 2778 2598 quae
2823 2528 3174 2583 descenderat
3222 2527 3276 2582 in
3317 2528 3594 2597 llermon;

2025 2626 2130 2680 hoc
2155 2632 2258 2689 est,
2283 2624 2336 2678 in
2363 2622 2560 2693 populo
2587 2620 2890 2677 Judzeorum
2916 2619 3161 2690 pervenit
3183 2621 3250 2674 ad
3273 2619 3590 2686 Ecclesiam,

2027 2715 2170 2784 quod
2205 2721 2290 2768 est
2333 2727 2488 2768 mons
2528 2711 2678 2776 Sion,
2709 2711 2962 2780 quoniam
2994 2710 3047 2764 in
3086 2724 3148 2764 ea
3189 2709 3462 2763 mandavit
3494 2709 3599 2764 Do-

2026 2803 2206 2858 minus
2234 2802 2373 2857 hanc
2402 2801 2827 2856 benedictionem
2868 2807 2923 2854 et
2962 2799 3126 2853 vitam
3155 2813 3324 2869 usque
3361 2799 3415 2854 in
3445 2809 3602 2855 teter-

2026 2910 2176 2949 num.
2217 2894 2338 2948 Vita
2383 2892 2630 2949 Christus
2673 2901 2776 2949 est.
2818 2891 2920 2958 Qui
2967 2891 3255 2947 confitetur
3286 2891 3597 2958 Christum,

2027 2985 2249 3042 habebit
2271 2985 2438 3040 vitam
2471 2999 2644 3056 usque
2672 2985 2726 3039 in
2755 2983 3009 3039 saeculum
3040 2983 3242 3038 steculi.
3292 2982 3400 3039 Nos
3423 2993 3603 3041 tamen

2028 3078 2074 3133 si
2099 3076 2167 3132 de
2209 3075 2449 3132 Ecclesia
2489 3091 2695 3140 sumus,
2723 3074 3022 3131 Ecclesiam
3063 3073 3430 3139 defendimus,
3461 3084 3515 3131 et
3544 3076 3602 3130 in

2029 3167 2339 3239 dogmatum
2359 3167 2586 3221 veritate
2606 3174 2832 3230 stamus,
2852 3166 2908 3220 in
2929 3164 3154 3220 tedillcio
3167 3165 3370 3221 Christi
3395 3180 3602 3220 sumus.

2033 3258 2112 3314 Illi
2133 3273 2263 3313 vero
2290 3257 2381 3326 qui
2410 3273 2516 3312 non
2539 3265 2663 3312 sunt
2691 3257 2745 3310 in
2771 3257 3031 3321 Ecclesia,
3058 3257 3412 3311 adversantur
3440 3256 3602 3311 Chri-

2034 3347 2104 3402 sti
2131 3346 2408 3402 Ecclesize.
2443 3344 2501 3400 Si
2531 3360 2658 3415 ergo
2679 3360 2865 3399 sumus
2893 3345 2948 3399 in
2974 3342 3243 3410 Ecclesia,
3263 3346 3310 3401 si
3345 3346 3606 3400 habemus

2035 3437 2196 3492 fidem
2249 3435 2536 3499 Ecclesiae,
2568 3435 2726 3490 fidem
2773 3435 3134 3503 apostolorum
3155 3475 3169 3500 ,
3214 3433 3374 3490 fidem
3401 3435 3610 3492 Christi

2036 3529 2368 3598 dogmatum,
2394 3528 2637 3581 veritatis
2664 3534 2893 3592 montes,
2917 3542 3102 3582 sumus
3131 3526 3284 3581 Sion.

2106 3617 2170 3671 L.
2209 3617 2468 3670 Dominus
2492 3624 2674 3672 noster
2698 3613 2855 3670 Iesus
2881 3615 3128 3671 Christus
3155 3631 3308 3671 mons
3342 3617 3607 3672 montium

2037 3718 2152 3773 est,
2199 3722 2308 3763 non
2348 3722 2488 3762 unus
2534 3707 2602 3762 de
2631 3707 2931 3773 montibus,
2985 3718 3046 3762 ut
3087 3709 3372 3763 htereticus
3417 3711 3612 3764 asserit

2038 3801 2349 3870 Elipandus.
2379 3799 2514 3854 Nam
2542 3815 2665 3854 cum
2702 3798 3048 3867 singulariter
3073 3814 3230 3854 mons
3259 3799 3488 3868 dicitur,
3517 3811 3612 3855 aut

2039 3891 2386 3962 singulariter
2415 3892 2691 3958 Dominus,
2720 3901 2811 3946 aut
2842 3891 3188 3962 singulariter
3214 3891 3492 3961 Christus,
3521 3903 3612 3948 aut

2039 3985 2384 4054 singulariter
2411 3985 2672 4056 pontifex,
2713 3992 2806 4040 aut
2835 3985 3180 4056 singulariter
3204 3986 3490 4052 sacerdos;
3521 3995 3616 4040 aut

2039 4078 2380 4149 singulariter
2419 4078 2614 4145 hostia,
2655 4087 2749 4133 aut
2775 4077 3116 4148 singulariter
3145 4092 3335 4148 agnus,
3367 4087 3461 4134 aut
3496 4078 3612 4133 sin-

2039 4167 2296 4240 gulariter
2325 4167 2480 4238 lapis,
2511 4175 2605 4223 aut
2633 4167 2980 4237 singulariter
3000 4174 3173 4237 petra,
3205 4175 3260 4222 et
3282 4175 3478 4223 caetera
3512 4168 3613 4222 hu-

2033 4257 2270 4326 jusmodi
2312 4257 2528 4320 similia,
2560 4265 2653 4311 aut
2697 4265 2847 4312 certe
2874 4256 3222 4327 singulariter
3261 4271 3451 4312 servus
3475 4296 3489 4321 ,
3520 4267 3616 4310 aut

2041 4349 2389 4418 singulariter
2409 4361 2637 4416 pauper,
2671 4347 2817 4402 solus
2841 4348 2956 4416 ipse
2985 4347 3039 4401 in
3069 4361 3168 4402 sua
3193 4360 3423 4416 persona
3454 4347 3615 4400 intel-

2041 4437 2285 4507 ligendus
2322 4445 2405 4491 est
2434 4453 2447 4489 :
2479 4445 2539 4490 ut
2577 4436 2632 4490 in
2659 4438 2772 4506 ipsa
2801 4436 3132 4500 humilitate,
3166 4449 3272 4504 qua
3300 4450 3331 4488 a
3369 4436 3524 4488 nobis
3554 4437 3618 4490 li—

371 4522 513 4622 licet.
542 4522 743 4622 Deinde
767 4521 1042 4622 femoralia
1075 4522 1233 4578 debet
1262 4521 1484 4622 habere,
1506 4529 1567 4576 ut
1587 4522 1940 4622 quodcunque
1969 4564 2018 4622 ο
2042 4529 2299 4600 guraliter
2338 4526 2662 4596 prmdicatur
2684 4567 2699 4591 ,
2745 4525 2924 4580 nullus
2969 4526 3018 4580 ei
3053 4525 3246 4580 similis
3271 4527 3616 4594 prtedicetur.

370 4614 425 4670 in
451 4621 605 4668 nates
655 4613 1070 4684 ignominiosum
1099 4621 1182 4668 est
1207 4619 1263 4668 et
1305 4612 1601 4677 sordidum,
1646 4612 1801 4681 quasi
1837 4615 1942 4666 hoc

371 4705 588 4777 cingulo
637 4706 925 4760 mandetur
978 4713 1034 4760 et
1077 4703 1450 4760 mortificetur.
1499 4703 1701 4757 Deinde
1746 4701 1944 4758 dicitur

371 4797 624 4866 quoniam
654 4797 909 4852 debemus
935 4796 1134 4850 habere
1163 4794 1398 4862 phodere
1425 4790 1744 4863 [poderem],
1776 4792 1830 4846 id
1860 4801 1944 4847 est

373 4890 749 4945 vestimentum
788 4890 984 4944 tunicae
1010 4904 1181 4959 usque
1208 4888 1274 4942 ad
1309 4887 1491 4956 pedes.
1528 4883 1772 4939 Phodere
1801 4883 1943 4952 quod

373 4981 601 5045 ordinet,
634 4982 788 5052 quasi
824 4982 986 5052 pedes
1019 4990 1255 5036 nostros.
1297 4980 1361 5034 Et
1389 4980 1441 5034 in
1465 4979 1578 5046 ipso
1599 4977 1836 5047 phodere
1863 4976 1945 5045 di-

375 5073 514 5126 versi
543 5071 701 5126 ﬂores
730 5079 872 5126 sunt.
922 5070 1058 5125 Sunt
1100 5071 1175 5125 ibi
1199 5069 1558 5139 malogranata
1584 5109 1596 5131 ,
1631 5075 1754 5121 sunt
1781 5068 1943 5121 etiam

375 5159 620 5216 fimbrim.
671 5162 780 5230 Ego
825 5171 951 5231 puto
998 5162 1142 5230 quod
1170 5168 1224 5214 et
1269 5159 1356 5213 illa
1399 5159 1592 5212 mulier
1632 5158 1946 5228 sanguinem

375 5252 567 5316 fluens,
593 5253 710 5307 ideo
738 5260 925 5306 sanata
952 5260 1036 5306 est
1063 5267 1128 5305 eo
1158 5251 1299 5319 quod
1323 5250 1500 5304 statim
1533 5249 1796 5304 fimbriam
1821 5249 1948 5302 teti-

375 5342 535 5413 gerit.
581 5341 692 5396 Hoc
721 5349 892 5395 totum
928 5355 1096 5411 quare
1136 5341 1290 5397 dico?
1320 5348 1378 5393 ut
1412 5340 1612 5393 bonum
1640 5353 1774 5407 opus
1800 5338 1943 5408 quod

377 5435 694 5491 inchoamus
736 5449 905 5503 usque
950 5435 1017 5489 ad
1068 5433 1228 5488 tinem
1268 5447 1675 5505 perseveremus
1730 5447 1745 5485 :
1804 5433 1946 5502 quod

377 5534 460 5579 est
514 5540 683 5594 usque
725 5525 792 5578 ad
833 5522 1014 5596 pedes,
1051 5524 1098 5580 si
1143 5523 1344 5580 Christi
1399 5525 1778 5580 vestimentum
1824 5538 1946 5579 esse

380 5617 765 5672 desideramus.

452 5783 476 5811 α
503 5771 682 5837 Forte,
714 5788 898 5842 augen,
926 5773 1105 5843 αὐγήν.

2044 4617 2178 4672 Nam
2207 4624 2263 4670 et
2302 4616 2551 4671 homines
2588 4617 2760 4672 sancti
2803 4617 2956 4672 multi
2998 4627 3125 4674 sunt
3153 4620 3245 4690 qui
3272 4621 3321 4676 ei
3349 4620 3617 4676 credendo

2043 4706 2348 4762 efﬁciuntur
2375 4705 2568 4760 sancti.
2591 4706 2674 4761 Ab
2718 4721 2784 4762 eo
2803 4707 3057 4763 dicuntur
3081 4710 3172 4774 dii,
3199 4711 3268 4766 ab
3305 4725 3370 4766 eo
3391 4711 3616 4775 domini,

2043 4797 2112 4850 ab
2131 4810 2196 4849 eo
2223 4794 2431 4859 christi,
2459 4796 2526 4852 ab
2553 4809 2618 4851 eo
2654 4797 2956 4866 pontifices,
2987 4800 3056 4854 ab
3093 4815 3158 4855 eo
3185 4803 3514 4864 sacerdotes.
3547 4803 3617 4854 ah

2044 4899 2110 4940 eo
2136 4885 2346 4950 hostiae,
2373 4885 2441 4941 ab
2468 4899 2535 4940 eo
2559 4888 2682 4957 agni
2707 4929 2722 4953 ,
2759 4889 2827 4944 ab
2859 4904 2924 4945 eo
2953 4890 3158 4961 lapides
3181 4892 3310 4957 vivi,
3335 4893 3401 4946 ab
3422 4908 3486 4946 eo
3507 4891 3619 4946 for-

2045 4985 2127 5031 tes
2155 4985 2341 5046 petrae.
2366 4975 2592 5046 Propter
2620 4980 2723 5034 hoc
2750 4980 2840 5033 ille
2870 4977 3045 5035 factus
3070 4989 3153 5035 est
3193 4980 3368 5034 Patris
3397 4995 3616 5044 servus,

2045 5079 2105 5125 ut
2133 5086 2234 5124 nos
2263 5071 2329 5125 de
2358 5071 2545 5125 multis
2573 5072 2804 5126 dominis
2829 5071 3099 5138 liberaret,
3132 5073 3185 5128 id
3212 5082 3313 5136 est,
3341 5073 3408 5127 de
3437 5073 3619 5128 multis

2048 5163 2236 5227 idolis;
2296 5171 2352 5215 et
2397 5161 2571 5230 ipsum
2601 5160 2772 5215 solum
2821 5162 3142 5216 haberemus
3194 5163 3478 5218 Dominum
3527 5166 3621 5233 qui

2045 5263 2266 5323 propter
2295 5268 2392 5307 nos
2423 5251 2596 5308 factus
2619 5259 2703 5306 est
2731 5265 2952 5320 servus;
2983 5261 3034 5308 et
3060 5268 3306 5310 essemus
3331 5254 3486 5309 liberi
3527 5270 3623 5324 per

2049 5347 2222 5414 ipsum
2245 5344 2334 5413 qui
2381 5343 2528 5398 solus
2571 5342 2715 5397 inter
2741 5353 2980 5399 mortuos
3004 5353 3088 5400 est
3119 5345 3282 5408 liber,
3317 5355 3371 5399 et
3422 5361 3520 5398 nos
3556 5345 3623 5399 ad

2049 5437 2190 5489 hanc
2235 5433 2620 5502 ingenuitatem
2659 5434 2925 5502 perduxit.
2968 5435 3034 5488 Et
3074 5435 3192 5489 sine
3228 5435 3389 5490 dubio
3415 5451 3622 5490 summa

2049 5527 2359 5596 ingenuitas.
2381 5528 2638 5594 creditur,
2671 5528 2725 5582 in
2755 5544 2862 5598 quo
2891 5528 3088 5584 Christi
3111 5530 3344 5584 servitus
3372 5544 3621 5598 CUIIIpI‘O-

2050 5617 2228 5671 batur.
2259 5615 2486 5685 Propter
2522 5632 2622 5672 nos
2659 5607 2833 5674 factus
2880 5626 2964 5674 cst
2991 5633 3228 5690 pauper,
3274 5627 3334 5696 ut
3371 5635 3470 5676 nos
3508 5616 3624 5691 ejus

2127 5769 2152 5808 ι’
2180 5766 2360 5837 Forte,
2385 5784 2691 5823 sermonem.
