3992 6176
512 415 649 475 1007

1303 400 1702 468 ELlPANDUS,
1739 399 1960 464 FELIX,
2001 393 2346 453 HETERlUS
2380 393 2468 448 ET
2509 392 2566 447 S.
2609 388 2893 446 BEATUS.

3563 392 3678 449 l003

507 530 822 605 paupertate
843 524 1175 581 obiceremur
1203 520 1415 577 divites.
1441 519 1508 573 Et
1533 516 1663 587 quid
1686 522 1770 570 est
1796 512 1913 583 eius
1934 525 2066 582 pau-
2093 513 2144 569 Α
2169 506 2359 605 camini
2381 514 2579 559 montes
2598 502 2925 556 incaseatos?
2952 501 3083 572 (Isa.
3101 514 3175 605 ¹ιι,
3204 497 3259 562 9.,
3289 500 3351 563 ὃς
3385 498 3516 554 1³εαί.
3537 519 3677 572 mu,

507 604 709 697 pertus,
733 619 838 676 nisi
865 617 983 687 eius
1009 613 1347 672 humanitas?
1385 611 1453 666 Et
1472 610 1603 679 quid
1624 616 1751 663 sunt
1771 613 1969 660 nostra;
1994 604 2072 657 di-

505 696 650 769 vitia:
671 753 685 773 ,
717 710 819 765 nisi
848 707 965 776 eius
989 704 1336 762 humanitas?
1359 702 1513 769 Quod
1541 700 1812 755 inﬁmum
1843 705 1928 752 est
1950 696 2067 759 Dei,

507 804 698 857 fortius
731 808 818 856 est
856 797 1182 854 hominibus.
1215 794 1314 850 Ubi
1342 794 1433 847 ille
1467 790 1744 847 descendit
1765 828 1781 852 ,
1826 787 1937 842 illic
1972 800 2071 841 nos

502 890 861 947 ascendimus.
893 887 993 944 Ubi
1015 902 1074 941 se
1097 885 1184 939 ille
1210 883 1504 946 inclinavit,
1530 880 1602 935 ibi
1622 894 1722 934 nos
1748 878 1940 933 erexit.
1966 874 2069 930 Ubi

503 984 594 1039 ille
615 996 830 1053 pmnam
870 992 1156 1049 perpessus
1182 983 1293 1036 est,
1322 975 1396 1030 ibi
1426 988 1524 1028 nos
1549 988 1581 1026 a
1604 986 1765 1041 paena
1794 967 2065 1024 liberavit.

509 1074 611 1130 Ubi
640 1073 729 1128 ille
749 1078 994 1126 mortuus
1018 1076 1134 1133 est,
1164 1068 1236 1123 ibi
1265 1082 1364 1121 nos
1389 1063 1701 1119 viviﬁcavit.
1734 1060 1836 1116 Ubi
1867 1058 1956 1114 ille
1985 1073 2072 1113 re-

506 1162 761 1224 surrexit,
786 1160 860 1215 ibi
887 1173 986 1214 nos
1005 1157 1303 1213 suscitavit.
1340 1155 1440 1211 Ubi
1460 1154 1549 1208 ille
1572 1151 1835 1216 ascendit,
1866 1149 1941 1203 ibi
1968 1161 2069 1202 nos

502 1268 688 1309 secum
715 1251 932 1305 levavit.
981 1249 1083 1305 Ubi
1108 1247 1269 1302 Pater
1300 1260 1423 1300 eum
1447 1244 1723 1308 exultavit,
1762 1250 1819 1294 et
1852 1238 2071 1296 donavit

502 1342 579 1397 illi
605 1356 820 1407 nomen,
844 1347 898 1395 et
919 1354 1019 1394 nos
1039 1353 1162 1394 cum
1184 1337 1275 1393 illo
1294 1335 1567 1399 exaltavit,
1589 1344 1637 1387 et
1666 1348 1782 1386 cum
1802 1330 1894 1385 illo
1918 1328 2065 1383 nobis

502 1433 678 1487 omnia
722 1431 931 1485 donavit
971 1445 989 1483 :
1025 1429 1151 1499 quia
1190 1434 1246 1482 et
1273 1428 1447 1495 ipsum
1471 1425 1627 1480 nobis
1674 1422 1835 1477 Pater
1882 1420 2065 1484 dedit,

501 1530 557 1577 et
596 1537 696 1577 nos
722 1521 797 1575 illi
826 1520 1081 1586 donavit;
1133 1525 1189 1573 et
1228 1517 1377 1572 illum
1421 1531 1451 1571 a
1498 1522 1653 1586 parte
1678 1516 1912 1570 dexterae
1958 1525 2070 1567 suae

501 1613 787 1669 collocavit
849 1620 905 1667 et
953 1625 1055 1666 nos
1099 1622 1294 1679 corpus
1347 1605 1465 1676 ejus
1514 1621 1638 1662 cum
1674 1604 1851 1675 capite
1877 1602 2066 1659 sedere

503 1704 652 1760 fecit.

572 1794 657 1850 Ll.
700 1793 769 1848 Et
798 1807 918 1848 cum
942 1792 1013 1847 sit
1034 1798 1196 1861 caput
1215 1798 1271 1846 et
1303 1803 1499 1859 corpus
1523 1802 1627 1843 una
1647 1786 1963 1847 substantia,
1990 1792 2063 1838 ta-

503 1900 629 1941 men
661 1883 887 1937 multum
915 1882 1078 1937 distat
1103 1882 1243 1936 inter
1265 1886 1423 1949 caput
1452 1886 1507 1933 et
1542 1891 1758 1945 corpus,
1797 1888 1920 1929 cum
1953 1881 2071 1927 tan-

503 1982 617 2028 tum
645 1987 813 2027 unum
859 1985 1075 2026 sensum
1113 1970 1307 2025 habeat
1350 1982 1689 2023 communem
1711 2005 1727 2030 ,
1768 1974 1824 2020 et
1846 1973 2070 2021 caeteros

502 2072 736 2132 quatuor
758 2062 930 2117 solum
958 2061 1060 2116 sibi
1085 2060 1319 2116 vindicat
1358 2067 1541 2128 caput.
1591 2055 1813 2111 Multum
1837 2070 1965 2125 ergo
1991 2055 2071 2109 di-

502 2160 611 2208 stat
653 2154 799 2206 inter
837 2148 1114 2205 Christum
1154 2148 1466 2211 hominem,
1507 2155 1562 2202 et
1595 2160 1809 2201 omnem
1851 2143 2070 2199 omnino

468 2274 481 2285 κ
501 2249 810 2299 sanctorum
838 2240 1233 2295 multitudinem
1255 2279 1271 2303 ,
1315 2237 1410 2308 qui
1438 2237 1503 2293 de
1540 2236 1712 2291 Adam
1740 2235 1885 2291 ducit
1911 2232 2072 2303 origi-

502 2347 648 2397 nem,
697 2346 820 2387 cum
845 2330 1096 2386 omnibus
1138 2329 1423 2383 virtutibus
1466 2326 1565 2382 soli
1607 2324 1810 2380 homini
1855 2322 2072 2379 Christo

503 2441 611 2481 non
657 2423 859 2493 poterit
887 2421 1189 2492 comparari
1214 2428 1307 2475 aut
1338 2419 1541 2488 aequari
1584 2427 1729 2473 totus
1755 2416 1841 2471 ille
1865 2416 2073 2471 exerci-

504 2525 611 2571 tus.
651 2514 809 2571 Solus
841 2512 1089 2569 Christus
1117 2512 1236 2567 sine
1283 2510 1390 2565 illis
1416 2517 1629 2579 poterat
1669 2519 1827 2562 esse:
1874 2506 1971 2561 toti
1997 2503 2072 2559 illi

502 2606 619 2660 sine
646 2603 864 2659 Christo
897 2616 996 2657 nec
1021 2603 1200 2657 vivere
1225 2607 1451 2669 possunt
1478 2613 1578 2653 nec
1601 2611 1739 2653 esse.

573 2693 680 2747 Lll.
707 2693 822 2748 lloc
846 2700 1015 2745 tntum
1033 2705 1204 2761 quare
1230 2688 1507 2744 diximus?
1533 2687 1667 2754 Quia
1689 2692 1921 2741 montem
1943 2682 2072 2738 Sion

505 2783 798 2855 ﬁguraliter
823 2782 1115 2842 Ecclesium
1153 2777 1594 2848 nuncupavimus.
1645 2774 1937 2831 Possumus
1965 2771 2075 2826 sin-

504 2876 766 2947 gulariter
790 2875 972 2930 dicere
992 2880 1226 2927 montem
1243 2870 1375 2926 Sion
1401 2884 1563 2924 unam
1586 2865 1906 2929 Ecclesium,
1932 2861 2075 2933 quod

505 2976 589 3022 est
612 2980 777 3020 unum
804 2977 1001 3032 corpus
1029 2960 1247 3017 Christi.
1285 2961 1574 3015 Possumus
1611 2957 1789 3012 dicere
1813 2962 1867 3010 et
1906 2954 2074 3022 ipsam

507 3064 717 3111 montes
741 3063 797 3109 et
832 3052 1122 3108 Eeclesias.
1161 3050 1435 3105 Christum
1468 3063 1595 3102 vero
1617 3045 1788 3111 solum
1815 3058 1921 3099 non
1952 3056 2077 3111 pos-

506 3160 692 3201 sumus
720 3145 902 3199 dicere
930 3142 1202 3198 Christum
1225 3148 1280 3197 et
1301 3139 1551 3204 cbristos,
1580 3144 1818 3192 montem
1844 3140 1901 3189 et
1926 3146 2075 3187 mon-
2098 3169 2147 3235 ο

508 3245 609 3301 tes,
651 3235 937 3292 Dominum
965 3241 1022 3290 et
1047 3232 1332 3298 dominos,
1378 3232 1546 3286 Deum
1574 3237 1629 3285 et
1674 3228 1822 3290 deos,
1862 3236 2075 3279 servum

507 3337 564 3383 et
588 3340 793 3391 servos,
828 3339 1121 3396 pauperem
1148 3332 1202 3379 et
1237 3330 1519 3393 pauperes,
1560 3317 1839 3390 parvulum
1874 3324 1930 3370 et
1955 3329 2078 3383 par-

509 3414 692 3481 vulos,
738 3413 1116 3469 circumcisum
1152 3421 1207 3468 et
1246 3410 1611 3471 circumcisus,
1656 3406 1981 3475 baptizatum
2023 3409 2079 3456 et

510 3504 841 3574 baptizatos,
882 3502 1207 3572 ﬁagellatum
1247 3508 1300 3556 et
1341 3498 1664 3569 ﬂagellatos,
1712 3501 1982 3549 mortuum
2026 3498 2081 3544 et

509 3606 771 3649 mortuos.
804 3591 962 3648 Solus
989 3591 1077 3647 ille
1101 3607 1201 3663 pro
1227 3591 1475 3646 omnibus
1504 3596 1769 3644 mortuus.
1812 3582 1969 3639 Solus
1996 3580 2083 3635 ille

512 3698 611 3753 pro
640 3682 888 3738 omnibus
918 3682 1022 3737 ista
1061 3696 1368 3752 perpessus.
1416 3678 1603 3733 Nullus
1639 3683 1941 3732 sanctorum
1980 3686 2083 3741 pro

513 3771 682 3827 altero
716 3778 960 3825 mortuus
983 3779 1086 3825 est.
1134 3768 1267 3823 Nam
1290 3782 1412 3824 cum
1448 3765 1680 3821 Joannes
1705 3761 1977 3833 apostolus
2002 3759 2083 3813 di-

514 3869 602 3913 cat
629 3877 642 3913 :
676 3859 824 3914 Sicut
854 3856 1087 3911 Christus
1108 3874 1201 3928 pro
1226 3857 1373 3911 nobis
1400 3856 1628 3909 animum
1665 3851 1865 3923 posuit,
1908 3859 1956 3904 et
1992 3864 2084 3902 nos

513 3952 755 4009 debemus
778 3966 872 4020 pro
892 3950 1145 4018 fratribus
1173 3950 1401 4002 animam
1429 3965 1635 4019 ponere.
1666 3946 1848 4001 Potest
1872 3943 2086 4012 quidem

515 4041 740 4111 quilibet
780 4039 961 4094 facere
1003 4037 1396 4108 compatiendo,
1434 4053 1558 4091 nam
1588 4035 1767 4090 nullus
1793 4033 1966 4103 potuit
1988 4032 2088 4085 hoc

516 4133 695 4187 facere
724 4129 1002 4186 moriendo
1030 4139 1085 4186 ct
1108 4128 1455 4200 resurgendo,
1496 4128 1600 4181 nisi
1641 4126 1787 4180 solus
1820 4124 2085 4186 Christus,

518 4224 668 4279 solus
692 4223 808 4279 sine
827 4230 1067 4294 peccato.
1094 4221 1232 4277 Nam
1258 4235 1446 4276 omnes
1466 4217 1640 4275 sancti
1664 4226 1888 4287 possunt
1912 4216 2090 4272 dicere

519 4314 651 4370 illud
680 4313 1031 4368 Davidicum:
1072 4312 1209 4366 Ecce
1248 4311 1384 4365 enim
1420 4310 1476 4364 in
1513 4307 1872 4379 iniquitatibus
1912 4322 2092 4360 conce—

517 4419 638 4482 ptus
658 4424 791 4471 sum,
814 4416 863 4461 et
901 4408 956 4461 in
973 4406 1192 4479 peccatis
1221 4405 1449 4475 concepit
1482 4419 1562 4457 me
1589 4411 1755 4457 mater
1771 4418 1887 4455 mea
1917 4399 2086 4473 (Psal.

522 4516 575 4563 L,
610 4498 687 4570 7).
725 4497 970 4555 Christus
994 4498 1136 4554 hunc
1157 4494 1478 4553 versiculum
1503 4506 1778 4563 nunquam
1797 4491 1950 4545 dixit.
1982 4489 2089 4544 Sed

520 4589 651 4659 quid
676 4588 812 4643 dixit
837 4606 851 4642 :
894 4586 1040 4661 Venit
1063 4589 1300 4660 princeps
1324 4585 1480 4656 hujus
1505 4583 1707 4648 mundi,
1743 4591 1791 4636 et
1817 4583 1873 4636 in
1903 4597 1984 4635 me
2012 4581 2093 4635 ni-

521 4677 597 4732 hil
619 4678 811 4733 invenit
838 4676 1019 4751 (Joan.
1046 4694 1159 4744 xiv,
1186 4677 1300 4750 50),
1327 4674 1382 4731 id
1407 4683 1509 4741 est,
1537 4674 1668 4729 nihil
1692 4673 1901 4744 peccati
1931 4673 1986 4725 in
2005 4685 2094 4735 me

524 4766 747 4822 invenit.
800 4765 869 4821 Et
901 4767 1022 4823 ideo
1054 4768 1179 4838 quia
1222 4766 1367 4821 solus
1396 4766 1560 4821 homo
1596 4765 1711 4819 sine
1736 4769 1957 4832 peccato
1986 4769 2090 4827 est,

526 4854 703 4911 nullus
725 4855 774 4910 ei
800 4855 1077 4912 hominum
1104 4854 1293 4910 similis
1330 4854 1616 4908 invenitur.
1645 4851 1745 4918 Qui
1772 4851 1915 4906 solus
1934 4856 2094 4918 caput

526 4954 628 5012 est,
659 4961 822 5016 super
854 4959 1014 5001 omne
1055 4959 1249 5013 corpus
1274 4951 1375 4998 est.
1424 4940 1526 5009 Qui
1570 4940 1912 5010 singulariter
1941 4954 2096 4994 mons

529 5043 631 5099 est,
659 5046 821 5103 super
847 5047 1035 5088 omnes
1061 5042 1269 5088 montes
1303 5038 1404 5096 est,
1430 5031 1690 5100 propheta
1715 5028 1933 5083 Michzea
1965 5035 2097 5082 atte-

529 5134 726 5191 staute,
764 5124 857 5196 qui
895 5126 1012 5180 ait:
1047 5124 1115 5179 In
1153 5124 1429 5178 novissimo
1457 5123 1660 5177 dierum
1682 5122 1777 5176 erit
1821 5136 1968 5173 mons
1998 5119 2096 5173 do-

530 5232 645 5271 mus
672 5214 882 5269 Domini
905 5223 1229 5285 purpuratus
1253 5214 1308 5267 in
1335 5214 1516 5268 vertice
1553 5213 1803 5266 montium
1826 5226 1844 5264 :
1865 5219 1911 5264 et
1937 5209 2099 5264 subli-

531 5307 630 5360 mis
650 5306 747 5360 erit
772 5321 927 5374 super
965 5303 1139 5371 colles,
1178 5316 1224 5358 et
1263 5306 1520 5375 con/luent
1548 5303 1616 5356 ad
1642 5317 1758 5357 eum
1787 5301 2006 5372 populi:
2051 5308 2099 5354 et

532 5394 877 5468 properabant
906 5406 1078 5466 gentes
1117 5392 1314 5460 multae,
1342 5403 1390 5449 et
1418 5394 1629 5448 dicent:
1682 5390 1878 5457 Venite,
1919 5408 2101 5446 ascen-

534 5484 722 5538 damus
743 5482 810 5537 ad
846 5494 1071 5538 montem
1100 5482 1329 5546 Domini,
1365 5492 1413 5537 et
1442 5483 1511 5537 ad
1547 5482 1758 5536 domum
1788 5480 1881 5535 Dei
1912 5480 2099 5542 Iacob,

537 5583 585 5627 et
614 5571 812 5625 docebit
856 5587 947 5625 nos
969 5572 1033 5626 de
1058 5573 1151 5626 viis
1192 5573 1301 5626 suis
1323 5589 1341 5637 ,'
1384 5584 1432 5626 et
1470 5573 1657 5626 ibimus
1683 5573 1738 5625 in
1765 5572 1960 5625 semitis
1987 5570 2102 5641 ejus

540 5650 730 5734 (Mich.
760 5659 857 5729 ιν).
890 5659 1172 5714 Psalmista
1195 5677 1406 5731 quoque
1431 5663 1497 5716 de
1520 5676 1584 5717 eo
1624 5669 1803 5716 monte
1825 5671 1880 5716 et
1908 5661 1976 5717 de
1996 5676 2103 5717 cae-

2170 595 2282 664 17.)
2321 595 2455 650 Eum
2477 603 2713 648 montem
2732 593 2788 646 in
2807 608 2911 662 quo
2939 589 3257 660 beneplacuit
3285 590 3386 645 Deo
3407 592 3613 649 habitare
3634 599 3679 652 in

2166 700 2226 737 eo
2249 685 2274 739 ?
2299 683 2450 738 Sicut
2473 684 2560 738 ille
2581 682 2781 738 dicitur
2798 695 2973 745 mons,
2995 680 3073 738 sic
3096 680 3407 734 montesilli.
3440 680 3534 736 Sed
3551 682 3680 755 longe

2167 773 2329 829 altius
2360 788 2515 828 mons
2542 773 2707 827 distat
2740 786 2771 826 a
2810 771 3083 827 montibus
3121 779 3442 840 praeparatus
3476 773 3524 827 in
3551 788 3680 828 cacu—

2167 865 2312 919 mine
2360 865 2639 919 montium.
2699 863 2904 917 Montes
2949 862 3128 931 itaque
3171 862 3261 916 isti
3301 862 3441 915 illum
3481 871 3678 919 montem

2165 956 2430 1025 portando
2472 955 2688 1025 gloriosi
2732 962 2877 1019 sunt,
2911 962 2969 1008 ut
3009 954 3098 1022 qui
3122 952 3393 1023 gloriatur,
3417 954 3469 1008 in
3496 955 3679 1011 Domino

2166 1044 2435 1115 glorietur,
2476 1060 2583 1099 non
2617 1045 2671 1099 in
2699 1057 2778 1099 se.
2811 1042 3014 1098 Paulus
3046 1043 3368 1098 architectus
3390 1043 3538 1097 dicit:
3572 1045 3679 1098 libi

2167 1136 2300 1190 absit
2324 1135 2560 1206 gloriari,
2603 1136 2704 1189 nisi
2731 1150 2789 1190 tn
2813 1151 2966 1188 cruce
2992 1133 3210 1188 Domini
3244 1136 3402 1189 nostri
3421 1134 3534 1190 Jesu
3558 1135 3680 1190 Chri-

2166 1229 2269 1294 sti,
2316 1243 2409 1297 per
2446 1243 2599 1297 quem
2644 1226 2773 1281 mihi
2816 1224 3045 1280 mundus
3096 1225 3376 1293 cruciﬁxum
3418 1236 3487 1281 est
3525 1236 3567 1281 et
3604 1242 3679 1297 ego

2166 1317 2381 1371 mundo.

2237 1408 2364 1462 Llll.
2397 1405 2466 1461 Ut
2491 1406 2617 1478 quid
2643 1421 2773 1476 ergo
2812 1405 3158 1476 suspicamini
3179 1406 3279 1462 hos
3303 1409 3532 1463 montes?
3566 1408 3676 1463 Eum

2167 1505 2402 1552 montem
2438 1497 2493 1550 in
2520 1511 2635 1565 quo.
2650 1495 2852 1565 placuit
2875 1495 2986 1549 Deo
3010 1495 3256 1550 habitare
3281 1496 3333 1549 in
3353 1510 3430 1550 eo.
3454 1495 3552 1551 Non
3574 1498 3675 1567 quia

2169 1587 2223 1641 in
2252 1586 2383 1656 ipsis
2415 1585 2686 1639 montibus
2727 1598 2834 1638 non
2872 1583 3081 1638 habitat
3109 1583 3272 1638 Deus.
3312 1583 3502 1638 Habitat
3527 1586 3668 1653 plane.

2170 1674 2276 1730 Sed
2319 1688 2415 1744 per
2458 1673 2621 1728 istum
2653 1681 2889 1726 montem
2937 1672 3148 1727 habitat
3196 1672 3253 1726 in
3296 1672 3418 1742 ipsis
3454 1675 3671 1730 montibus

2167 1765 2328 1819 Deus.
2379 1763 2439 1818 ln
2481 1765 2597 1832 ipso
2632 1763 2828 1832 quippe
2851 1762 2966 1817 solo
3008 1763 3220 1818 habitat
3250 1766 3417 1821 omnis
3445 1766 3667 1834 plenitudo

2102 1841 2146 1902 Β
2172 1856 2467 1911 divinitatis
2503 1854 2871 1924 corporaliter.
2923 1853 3041 1908 Non
3087 1855 3299 1910 habitat
3334 1855 3598 1910 umbraliter
3632 1857 3676 1910 in

2169 1944 2259 1999 illo
2295 1944 2564 2009 divinitas,
2610 1952 2864 2013 tanquam
2899 1943 2952 1998 in
2986 1944 3192 2012 templo
3233 1960 3265 2000 a
3298 1959 3416 2015 rege
3447 1945 3678 2000 Salomone

2168 2033 2328 2097 facto,
2378 2034 2473 2090 sed
2514 2034 2883 2102 corporaliter.
2933 2034 3051 2089 Non
3084 2036 3231 2090 sicut
3266 2036 3320 2089 in
3347 2035 3489 2100 cmlo,
3526 2045 3603 2090 aut
3636 2037 3676 2090 in

2167 2134 2333 2189 terra,
2376 2135 2469 2179 aut
2492 2125 2546 2179 in
2572 2125 2793 2194 angelis,
2833 2124 2917 2180 vel
2939 2126 3154 2182 caeteris
3178 2128 3390 2191 sanctis,
3419 2128 3502 2183 sed
3529 2143 3679 2196 corpo-

2168 2217 2355 2271 raliter
2396 2216 2449 2270 iu
2479 2231 2544 2272 eo
2568 2217 2773 2272 habitat
2803 2217 2980 2271 omnis
3006 2217 3287 2286 plenitudo
3319 2218 3600 2279 Divinitatis,
3639 2219 3678 2272 id

2168 2317 2269 2371 est,
2315 2306 2490 2362 Patris
2525 2314 2579 2361 et
2608 2307 2839 2376 Spiritus
2875 2307 3068 2363 sancti.
3122 2306 3229 2375 Qui
3262 2317 3316 2364 et
3343 2310 3449 2378 ipse
3485 2309 3679 2363 (hristus

2167 2414 2265 2469 per
2289 2408 2533 2454 naturam
2577 2398 2839 2454 Divinitas
2863 2408 2966 2453 est.
3004 2398 3071 2452 Et
3107 2413 3413 2469 quanquam
3452 2398 3501 2452 in
3522 2397 3680 2467 angelis

2169 2497 2220 2545 et
2246 2490 2301 2543 in
2329 2489 2540 2544 caeteris
2568 2490 2770 2543 sanctis
2806 2488 3013 2544 habitet
3054 2489 3331 2555 divinitas,
3361 2497 3523 2543 tamen
3547 2487 3682 2542 nullus

2168 2595 2358 2636 eorum
2400 2581 2714 2634 naturaliter
2761 2574 3039 2636 Divinitas‘
3059 2590 3150 2636 est
3188 2582 3328 2637 sicut
3364 2579 3598 2636 Christus.
3634 2578 3682 2631 Et

2170 2671 2295 2740 quia
2320 2669 2585 2735 Christus,
2628 2678 2683 2725 et
2703 2668 2883 2735 Pater,
2933 2678 2990 2726 et
3017 2670 3257 2740 Spiritus
3279 2679 3484 2726 sanctus
3505 2685 3592 2724 una
3617 2668 3682 2723 Di-

2170 2760 2368 2815 vinitas
2390 2768 2473 2814 est
2492 2800 2507 2823 ,
2555 2767 2609 2814 et
2635 2759 2764 2829 ‘ipse
2791 2760 2845 2815 in
2868 2759 3027 2815 Patre
3050 2769 3161 2826 est,
3196 2769 3252 2816 et
3274 2759 3426 2816 Pater
3444 2760 3494 2815 in
3512 2759 3589 2814 illo
3604 2766 3680 2820 est,

2171 2858 2226 2904 et
2250 2848 2483 2918 Spiritus
2513 2857 2734 2905 sanctus
2755 2852 2824 2906 ab
2849 2860 3081 2920 utroque
3098 2853 3365 2921 procedit,
3400 2852 3509 2907 ideo
3526 2852 3572 2905 in
3595 2851 3681 2918 ipso

2173 2940 2380 2995 habitat
2408 2940 2584 2995 omnis
2630 2940 2904 3010 plenitudo
2952 2942 3258 2998 divinitatis
3281 2940 3614 3011 corporaliter,
3645 2937 3682 2991 id

2173 3038 2274 3095 est,
2314 3027 2481 3084 solide
2506 3038 2669 3098 atque
2692 3031 2975 3097 veraciter,
3020 3033 3319 3088 secundum
3342 3031 3482 3087 Pauli
3505 3027 3682 3099 apostoli

2176 3119 2396 3185 dictum,
2423 3120 2514 3188 qui
2536 3120 2613 3174 ait
2642 3134 2657 3173 :
2696 3118 2957 3185 Quoniam
2982 3120 3125 3177 Deus
3151 3132 3264 3177 erat
3292 3124 3346 3177 in
3367 3121 3550 3177 Christo
3569 3133 3684 3172 uiss-

2177 3208 2301 3262 dum
2323 3208 2661 3263 reconcilians
2690 3209 2808 3263 sibi.
2848 3208 3000 3276 Quod
3022 3210 3138 3265 sive
3159 3212 3227 3267 de
3253 3210 3407 3265 Patre
3432 3209 3601 3265 dictum
3620 3217 3685 3260 ae-

2177 3297 2452 3367 cipiamus,
2493 3299 2749 3368 quoniam
2774 3299 2888 3369 ipse
2912 3300 2988 3354 ait
3013 3317 3026 3354 :
3061 3299 3232 3355 Pater
3250 3309 3415 3371 autem
3438 3299 3489 3352 in
3514 3312 3581 3349 me
3601 3308 3685 3346 sto-

2178 3406 2302 3444 nens
2329 3390 2437 3460 ipse
2457 3390 2582 3461 facit
2603 3407 2779 3461 opera.
2821 3391 2890 3445 Et
2912 3408 3004 3463 ego
3031 3392 3086 3446 in
3114 3391 3297 3458 Patre,
3321 3401 3367 3446 et
3390 3389 3533 3445 Pater
3548 3389 3594 3441 in
3609 3400 3682 3447 stt.

2179 3479 2291 3535 sive
2340 3480 2413 3534 ita
2442 3480 2771 3549 intelligatur
2794 3522 2810 3547 ,
2853 3481 2994 3536 Deus
3021 3489 3143 3535 erat
3184 3482 3238 3536 in
3284 3477 3580 3543 Cbristo,.id
3607 3483 3683 3535 est.

2180 3570 2414 3626 Verbum
2457 3579 2574 3625 erat
2608 3571 2662 3626 in
2690 3571 2926 3635 homine,
2976 3571 3207 3637 hoc‘est,
3253 3571 3391 3625 Deus
3425 3576 3529 3623 erat
3546 3565 3682 3619 homo.

2182 3659 2273 3716 Sic
2315 3669 2432 3716 erat
2460 3661 2644 3730 utique
2670 3661 2906 3717 Verbum
2946 3660 3000 3714 iu
3031 3676 3220 3726 carne,
3252 3668 3311 3714 ut
3349 3660 3557 3716 Verbum
3591 3666 3685 3709 caro

2181 3751 2382 3808 factum
2429 3752 2576 3808 solus
2611 3751 2824 3821 proprie
2853 3750 3153 3817 diceretur,
3192 3752 3246 3806 id
3278 3758 3379 3814 est,
3425 3751 3564 3805 homo
3591 3744 3685 3798 Ver-

2182 3845 2309 3899 bum
2349 3844 2403 3897 in
2445 3858 2551 3898 una
2593 3841 2792 3897 Christi
2834 3856 3061 3911 persona
3102 3841 3458 3911 copularetur.
3502 3836 3560 3893 Ut
3592 3830 3686 3903 quid

2183 3951 2312 4007 ergo
2340 3933 2683 4004 suspicamini
2715 3942 2940 3989 caeteros
2972 3935 3225 3989 montes?
3271 3934 3403 3988 Eum
3434 3936 3631 3985 montem
3649 3922 3687 3974 in

2184 4041 2292 4096 quo
2310 4025 2510 4095 placuit
2546 4025 2656 4080 Deo
2698 4024 2941 4079 habitare
2968 4024 3022 4078 in
3049 4025 3156 4080 eo?
3202 4024 3382 4093 Longe
3408 4021 3549 4075 aliter
3575 4013 3688 4069 babi-

2188 4128 2265 4174 tat
2291 4118 2396 4173 illis
2422 4119 2475 4172 in
2512 4117 2784 4172 montibus
2806 4116 3102 4186 pluraliter,
3155 4118 3312 4173 aliter
3340 4118 3392 4172 in
3431 4117 3522 4170 isto
3551 4111 3691 4176 singu-

2185 4210 2390 4265 lariter.
2426 4209 2596 4276 Quem
2636 4221 2765 4278 ergo
2793 4207 3006 4263 illorum
3043 4207 3303 4262 montium
3340 4207 3474 4261 hunc
3506 4207 3689 4256 montem

2187 4299 2578 4371 suspicamini?
2637 4299 2774 4353 Nam
2802 4300 2927 4368 quia
2962 4307 3017 4354 et
3044 4299 3121 4354 illi
3160 4314 3258 4368 per
3299 4296 3573 4366 adoptionis
3602 4303 3691 4357 gra-

2188 4392 2317 4446 tiam
2343 4389 2463 4445 Filii
2482 4390 2575 4445 Dei
2601 4398 2745 4452 sunt,
2776 4390 2868 4445 sed
2896 4388 3075 4444 nullus
3100 4405 3168 4445 ex
3197 4390 3301 4445 illis
3326 4397 3406 4445 est
3426 4381 3690 4455 unigenitus,

2117 4514 2169 4574 Β
2192 4481 2276 4536 cui
2309 4480 2736 4574 Paterdiceret:
2782 4478 2928 4574 Sede.
2953 4480 3024 4533 ad
3059 4480 3329 4534 dexteram
3362 4493 3533 4574 meum.
3560 4473 3692 4574 Dos-cc

2191 4588 2383 4642 ponam
2410 4570 2649 4624 inimicos
2673 4578 2791 4624 tuos
2831 4569 2925 4624 sub
2946 4570 3158 4640 pedibus
3204 4571 3308 4625 tuis
3345 4566 3504 4640 (Psal.
3525 4560 3689 4626 011,1)-

2192 4658 2379 4714 Nullus
2417 4675 2604 4714 eorum
2641 4658 2861 4713 abstulit
2894 4669 3115 4728 peccata
3137 4660 3339 4715 mundi.
3383 4659 3456 4713 De
3478 4655 3601 4710 nullo
3623 4664 3691 4704 eo-

2192 4767 2313 4806 rum
2340 4752 2540 4807 dictum
2563 4760 2682 4806 est:
2720 4748 2941 4805 Verbum
2960 4768 3083 4805 caro
3106 4752 3303 4822 factum
3322 4762 3413 4815 est,
3437 4760 3481 4805 et
3497 4742 3693 4802 habitari!

2192 4842 2249 4896 in
2270 4843 2434 4898 nobis.
2469 4844 2544 4898 De
2581 4842 2728 4898 nullo
2756 4858 2942 4898 eorum
2966 4844 3166 4919 dictum
3190 4851 3274 4898 est
3297 4861 3311 4898 :
3346 4842 3443 4895 Hic
3463 4848 3530 4894 est
3560 4832 3694 4888 Filius

2193 4949 2337 4987 meus
2359 4933 2573 4987 dilectus
2588 4974 2603 4998 ,
2635 4934 2691 4987 in
2714 4950 2816 5004 quo
2838 4933 2964 4986 mihi
2991 4934 3114 4988 bene
3135 4933 3437 5004 complacui,
3462 4931 3607 5000 ipsum
3624 4938 3695 4976 al-

2195 5023 2318 5076 dite.
2360 5023 2433 5077 De
2460 5023 2603 5079 nullo
2630 5039 2816 5077 eorum
2844 5023 3070 5093 legimus
3098 5022 3239 5092 quod
3273 5022 3343 5077 sit
3363 5020 3591 5075 Dominus
3611 5024 3693 5065 ma-

2190 5116 2444 5185 iestatis;
2487 5116 2580 5171 sed
2609 5117 2673 5171 de
2700 5115 2917 5172 Christo
2955 5115 3242 5185 Apostolus
3272 5114 3436 5169 dixit:
3466 5108 3585 5174 Quia
3614 5101 3693 5156 Do-

2196 5209 2394 5261 minum
2437 5206 2726 5276 majestatis
2773 5207 3163 5276 cruciﬁaerunt,
3206 5206 3329 5275 quia
3377 5212 3534 5268 neque
3570 5203 3696 5260 ³1⁸1³³·

2198 5299 2309 5352 ruit
2348 5297 2507 5352 Pater
2535 5298 2591 5351 in
2618 5299 2846 5362 mundo,
2895 5296 2992 5353 sed
3025 5311 3199 5367 neque
3244 5294 3464 5363 Spiritus
3503 5290 3693 5367 Sanctus.

2199 5391 2294 5445 sed
2343 5388 2516 5444 solum
2563 5387 2757 5443 Filium
2782 5365 3167 5443 cruciﬁxerunt
3203 5382 3412 5438 unicum
3446 5376 3531 5432 Dei
3559 5365 3696 5425 Patris

2199 5478 2455 5534 Verbum.

2272 5570 2401 5624 LIV.
2432 5567 2736 5623 Cavendum
2762 5580 2892 5636 ergo
2937 5574 3019 5620 est
3055 5581 3124 5621 ne
3153 5576 3270 5620 cum
3311 5558 3524 5617 Verbum
3558 5543 3692 5636 antiis.

2203 5659 2368 5716 multa
2389 5658 2590 5728 cogites
2612 5657 2793 5711 verba.
2830 5632 2965 5709 Nam
2992 5655 3037 5709 si
3062 5654 3225 5710 multa
3252 5649 3404 5705 verba
3427 5642 3602 5728 cogites

542 5719 677 5807 teris
709 5746 981 5802 montibus
1007 5749 1061 5801 in
1089 5719 1233 5804 cxvii
1259 5719 1463 5822 psalmo
1489 5750 1657 5806 dicit:
1684 5748 1751 5804 Ut
1783 5751 1910 5821 quid
1936 5752 2106 5824 suspi-
2205 5753 2325 5817 tris,
2349 5719 2603 5820 jamvnon
2634 5759 2800 5801 unum
2824 5743 3038 5812 Filium,
3081 5744 3176 5800 scd
3212 5740 3399 5797 multos
3430 5732 3550 5790 ﬁlios
3570 5719 3691 5783 intel-
