3992 6176
281 332 416 397 {009

912 341 1181 397 IIETERII
1222 338 1306 393 ET
1346 338 1404 392 S.
1444 336 1646 392 BEATI
1684 336 1775 391 AD
1811 333 2205 392 ELIPANDUM
2245 334 2463 390 EPIST.
2502 365 2572 375 —
2611 335 2740 390 LIB.
2779 332 2842 388 ll.

3382 333 3513 399 lilio

275 452 421 521 liges.
470 449 612 504 Cave
646 464 774 520 ergo
802 464 867 504 ne
909 460 960 505 te
1000 465 1164 505 sonus
1192 452 1368 519 capiat
1395 450 1545 503 vocis
1590 449 1837 503 humanae
1866 455 1916 512 Α
1941 448 2064 503 bilis
2089 449 2229 503 Deus
2255 456 2363 503 est.
2387 447 2548 504 Solus
2569 448 2736 504 Filius
2763 446 3013 517 apparuit
3030 462 3131 518 per
3157 448 3515 505 substantiam

273 542 671 611 similitudoque
695 543 976 597 sermonis.
1013 542 1169 596 Aliud
1195 550 1278 595 cst
1292 542 1514 595 verbum
1543 540 1687 609 quod
1712 546 1845 593 tem-

272 649 399 703 pora
437 634 632 695 habet,
671 632 811 701 quod
847 633 1065 703 syllabis
1098 632 1406 700 colligitur,
1452 629 1596 700 quod
1646 628 1843 684 litteris

271 724 541 793 colligitur
563 763 577 785 ,
607 724 749 793 quod
786 732 979 785 sonat,
1009 724 1152 792 quod
1182 723 1406 777 auribus
1432 721 1666 785 auditur,
1698 720 1842 789 quod

274 822 513 880 tempora
553 812 735 876 habet,
765 820 819 866 et
843 827 1008 866 unum
1050 812 1273 867 verbum
1304 819 1479 875 sonat,
1521 808 1837 878 pertransit,

271 915 323 957 et
351 903 411 956 lit
433 903 769 957 intervallum
800 903 1022 968 silentii,
1061 912 1117 958 et
1142 903 1285 957 aliud
1309 901 1572 957 formatur
1595 902 1837 964 verbum,

270 1003 322 1048 et
350 993 595 1062 sequitur
616 1001 675 1046 ut
702 994 951 1048 audiatur
973 1003 1028 1047 et
1052 993 1380 1063 intelligatur
1395 1033 1410 1057 ,
1455 1006 1564 1061 quo
1588 991 1841 1060 explicito

275 1086 494 1139 tertium
516 1092 789 1152 sequatur,
802 1092 856 1140 et
870 1099 1035 1137 unum
1050 1084 1269 1137 verbum
1296 1083 1524 1137 alterum
1546 1081 1836 1150 sequendo,

271 1176 438 1230 multa
492 1176 652 1233 verba
697 1174 1015 1228 eiliciantur.
1072 1173 1188 1227 Non
1231 1173 1340 1228 tale
1387 1172 1621 1227 Verbum
1665 1170 1840 1225 Patris

273 1266 436 1320 Filius
474 1266 700 1325 unicus:
752 1263 868 1318 Non
913 1263 1018 1318 tale
1048 1264 1282 1318 Verbum
1327 1262 1636 1332 unigenitus
1676 1261 1836 1315 Deus.

271 1352 616 1421 lncorporeus
657 1351 799 1404 Deus
830 1350 1009 1404 Pater.
1042 1350 1240 1404 Vocem
1278 1350 1462 1417 utique
1492 1349 1840 1417 incorporeus

271 1441 598 1511 corporalem
625 1456 730 1494 non
758 1440 940 1493 habet.
974 1438 1032 1493 Si
1064 1453 1166 1492 vox
1203 1437 1499 1506 corporalis
1529 1452 1636 1491 non
1668 1447 1754 1491 est
1782 1436 1838 1491 in

271 1531 444 1595 Patre,
471 1546 570 1584 nec
600 1529 768 1582 Filius
796 1529 1027 1583 Verbum
1052 1537 1136 1581 est
1161 1526 1461 1595 corporale.
1491 1526 1558 1579 Et
1583 1526 1703 1581 ideo
1730 1540 1839 1580 non

270 1621 431 1675 multa
473 1621 653 1684 verba,
697 1632 797 1672 nec
837 1616 986 1671 multi
1015 1617 1132 1681 lilii,
1163 1617 1257 1671 sed
1282 1631 1449 1670 unum
1482 1616 1712 1670 Verbum
1755 1623 1841 1670 est

268 1713 468 1782 :rquale
493 1711 654 1773 Patri,
702 1710 842 1779 quod
867 1721 921 1763 et
950 1711 1172 1778 gradum
1194 1708 1428 1764 excludit
1450 1717 1505 1763 et
1528 1722 1833 1763 numerum.

1941 554 2096 594 suam
2130 538 2455 594 hominibus.
2503 538 2619 594 Non
2646 553 2745 609 per
2768 537 2914 592 illam
2944 538 3192 606 apparuit
3209 553 3313 607 qua
3338 553 3518 608 aequa-

1940 630 2009 686 lis
2035 639 2120 686 est
2143 630 2311 695 Patri,
2360 632 2454 686 sed
2480 646 2576 699 per
2598 630 2743 685 illam
2772 645 2878 699 qua
2904 628 3102 683 missus
3132 628 3280 682 venit
3302 642 3338 682 a
3357 627 3519 684 Patre

1939 729 1995 776 et
2020 720 2224 790 Spiritu
2264 731 2451 777 saneto
2489 721 2634 778 solus
2664 721 2849 785 Filius,
2879 721 2971 790 qui
3018 720 3364 790 semetipsum
3402 719 3517 777 exi-

1940 812 2164 877 nanivit,
2195 812 2250 867 id
2275 820 2377 876 est,
2415 812 2560 868 solus
2580 811 2809 867 formam
2840 812 2983 867 servi
3012 812 3237 881 accepit.
3272 810 3388 867 Noli
3415 811 3517 883 igi-

1940 911 2030 958 tur
2057 911 2114 957 et
2150 911 2205 958 tu
2234 904 2526 959 secundum
2553 912 2803 959 naturam
2840 905 3181 974 interpretari
3207 904 3349 974 quod
3376 919 3512 975 pra:-

1939 1001 2025 1047 ter
2051 992 2360 1047 Divinitatis
2412 1000 2661 1048 naturam
2700 1002 2803 1049 est.
2859 994 3011 1061 Quod
3052 994 3098 1048 si
3143 994 3442 1051 credideris
3484 1012 3514 1051 a

1939 1080 2118 1137 Verbo
2141 1096 2362 1136 carnem
2388 1095 2509 1137 esse
2552 1091 2875 1153 susceptam,
2920 1092 2977 1137 et
3009 1082 3205 1139 offeras
3230 1085 3518 1155 transﬁgu-

1940 1173 2167 1227 randum
2200 1186 2395 1241 corpus
2416 1170 2617 1227 Christi
2643 1175 2918 1235 altaribus.
2961 1182 3015 1228 et
3054 1189 3161 1228 non
3188 1174 3519 1231 intellexeris

1938 1262 2082 1330 quod
2122 1260 2348 1316 oiI'ertur
2385 1269 2479 1315 aut
2516 1262 2603 1316 cui
2654 1262 2923 1329 oll'ertur;
2970 1272 3026 1318 et
3064 1279 3170 1319 non
3207 1264 3523 1329 distinxeris

1938 1360 2185 1406 naturam
2208 1352 2504 1408 divinitatis
2534 1362 2589 1408 et
2615 1354 2875 1422 corporis,
2924 1356 3104 1409 statim
3134 1356 3227 1410 tibi
3258 1357 3522 1413 Dominus

1938 1442 2104 1496 dicit:
2138 1442 2194 1497 Si
2226 1451 2373 1498 recte
2395 1442 2612 1508 oderas,
2639 1452 2695 1499 et
2733 1452 2879 1500 recte
2914 1460 3018 1499 non
3055 1446 3282 1512 dividas,
3318 1461 3513 1516 pecca-

1937 1531 2026 1585 sti.
2056 1531 2172 1586 Non
2195 1530 2337 1596 dico,
2361 1546 2643 1601 personam
2668 1533 2895 1599 dividas,
2928 1533 3021 1588 sed
3047 1534 3166 1589 dico
3193 1542 3254 1588 ut
3271 1550 3431 1589 nemo
3457 1535 3515 1589 in

1936 1620 2187 1687 precibus
2206 1620 2290 1674 vel
2313 1620 2530 1676 Patrem
2554 1637 2654 1691 pro
2677 1621 2833 1687 Filio,
2867 1622 2953 1677 vel
2992 1622 3183 1678 Filium
3217 1639 3316 1693 pro
3355 1623 3514 1679 Patre

1936 1711 2193 1766 nominet.
2219 1710 2430 1766 Etcum
2451 1711 2643 1767 altario
2665 1714 2955 1780 assistitur,
2981 1729 3193 1784 semper
3211 1714 3278 1769 ad
3296 1714 3513 1768 Patrem

268 1804 332 1856 l-lt
364 1805 465 1857 hoc
504 1802 625 1856 dico
651 1800 794 1869 quod
828 1800 963 1869 lego.
993 1799 1059 1852 Et
1093 1800 1196 1853 hoc
1231 1800 1391 1853 credo
1429 1798 1570 1868 quod
1597 1798 1830 1867 profero.
1866 1787 1910 1847 Β
1937 1802 2205 1875 dirigatur
2245 1805 2437 1858 oratio.
2489 1804 2557 1859 Et
2595 1805 2901 1876 quicunque
2940 1806 3043 1861 sibi
3083 1820 3270 1876 preces
3298 1805 3512 1860 aliunde

268 1896 398 1948 Nam
429 1909 550 1963 quae
574 1894 646 1947 sit
676 1891 832 1960 hujus
862 1900 1053 1946 natura
1079 1892 1262 1954 Verbi,
1295 1894 1497 1945 nescio.
1547 1893 1613 1945 Et
1655 1892 1839 1946 nescio

265 1988 432 2042 multo
468 1987 569 2040 hoc
615 1984 807 2039 melius
832 2000 992 2054 quam
1037 1986 1171 2039 scio.
1218 1985 1329 2039 Hoc
1364 1984 1535 2040 solum
1563 1985 1699 2038 bene
1726 1983 1839 2036 scio

266 2079 476 2150 quando
525 2079 627 2132 hoc
654 2078 835 2133 nescio
863 2078 1005 2146 quod
1035 2078 1174 2132 scire
1217 2093 1324 2131 non
1367 2091 1606 2145 possum.
1658 2075 1840 2144 Neque

265 2172 406 2225 enim
427 2168 685 2235 Joannes,
728 2182 889 2238 quem
924 2168 1062 2238 lego,
1091 2168 1235 2222 aliud
1270 2168 1449 2222 dicere
1482 2166 1654 2236 potuit
1678 2181 1841 2236 quam

265 2261 405 2330 quod
437 2259 641 2313 audivit
666 2274 682 2312 :
714 2259 867 2325 Quod
895 2260 1118 2313 vidimus
1137 2299 1151 2323 ,
1182 2258 1375 2327 inquit,
1405 2268 1453 2311 et
1477 2258 1616 2328 quod
1636 2258 1840 2311 audivi-

265 2368 400 2404 mus.
445 2350 557 2404 IIoc
580 2349 752 2404 solum
790 2350 926 2403 bene
962 2364 1020 2404 se
1044 2350 1186 2404 seire
1215 2350 1351 2404 dixit
1385 2350 1528 2420 quod
1556 2349 1759 2404 audivit
1786 2357 1842 2404 et

265 2441 418 2504 vidit,
450 2440 541 2509 qui
587 2439 641 2494 in
665 2439 869 2495 Christi
912 2449 1132 2509 pectore
1158 2440 1528 2495 recumbebat.
1575 2439 1719 2510 Ergo
1764 2438 1841 2492 illi

267 2532 399 2587 satis
421 2540 506 2586 est
541 2531 748 2595 audire,
795 2530 926 2585 mihi
972 2545 1078 2585 non
1105 2530 1390 2596 estsatis;
1439 2529 1531 2585 sed
1567 2530 1709 2599 quod
1751 2528 1842 2582 ille

266 2624 488 2692 audiv'u,
532 2625 635 2679 hoc
666 2623 796 2677 mihi
827 2623 982 2679 dixit.
1037 2623 1103 2677 Et
1132 2623 1274 2693 quod
1313 2621 1517 2677 audivit
1547 2637 1576 2676 a
1603 2620 1837 2685 Christo,

266 2714 370 2769 hoc
394 2727 496 2767 ncc
529 2726 629 2782 ego
664 2700 882 2781 possum
911 2726 1112 2782 negare
1135 2726 1319 2766 verum
1349 2725 1471 2765 esse
1511 2710 1578 2764 de
1603 2709 1838 2764 Christo.

269 2807 409 2878 Ergo
440 2806 579 2875 quod
626 2807 713 2861 ille
740 2806 962 2871 audivit,
1001 2807 1105 2861 hoc
1139 2820 1239 2875 ego
1279 2804 1478 2859 audivi.
1516 2802 1655 2870 Quid
1687 2803 1842 2858 audi-

266 2899 390 2952 vit?
420 2898 671 2952 Verbum.
705 2896 840 2961 Quia
876 2896 1048 2949 dixit:
1089 2893 1245 2959 Quod
1271 2893 1370 2962 fuit
1406 2893 1470 2946 ab
1491 2893 1663 2955 initio,
1701 2892 1841 2963 quod

267 2988 581 3042 audivimus.
624 2986 822 3040 Deinde
844 2986 973 3039 dicit
997 3001 1010 3037 :
1047 2984 1112 3037 Et
1139 2983 1381 3038 vidimus.
1421 2981 1535 3039 Hoc
1557 2991 1725 3037 totum
1750 2998 1844 3037 ve-

204 3148 214 3152 ,
268 3094 389 3132 rum
429 3084 540 3140 est,
590 3076 716 3144 quia
756 3075 900 3144 quod
938 3074 1141 3129 audivit
1181 3081 1237 3128 et
1280 3073 1432 3128 vidit.
1480 3072 1617 3139 Quid
1664 3073 1840 3128 vidit?

268 3168 384 3222 Non
430 3168 613 3236 utique
656 3166 1040 3231 Divinitatem,
1094 3181 1214 3235 quae
1254 3167 1546 3221 secundum
1593 3175 1840 3221 naturam

267 3273 419 3311 suam
465 3256 635 3311 videri
683 3272 789 3311 non
831 3263 1027 3325 potest.
1093 3255 1237 3310 Vidit
1281 3270 1406 3309 eum
1453 3270 1551 3324 per
1595 3264 1842 3311 naturam

269 3361 465 3402 meam.
516 3347 632 3401 Non
665 3346 808 3401 enim
852 3347 1083 3402 Verbum
1133 3346 1363 3400 alterum
1412 3345 1581 3401 Filius
1622 3354 1741 3412 est,
1788 3357 1844 3401 ct

268 3439 431 3492 homo
451 3437 609 3501 alter,
643 3437 736 3490 sed
762 3452 829 3491 ex
858 3445 1087 3506 utroque
1110 3437 1303 3491 unicus
1326 3436 1493 3491 Filius
1521 3445 1624 3510 est.

336 3528 448 3583 LV.
476 3526 582 3582 Sed
606 3528 732 3596 quia
760 3528 1052 3582 secundum
1075 3538 1323 3583 naturam
1348 3543 1501 3583 suam
1530 3543 1690 3584 nemo
1716 3544 1841 3584 eum

265 3617 451 3672 videre
478 3624 708 3686 poterat,
743 3616 977 3685 suscepit
1004 3624 1250 3672 naturam
1284 3616 1542 3670 visibilem
1566 3631 1759 3681 meam,
1784 3624 1844 3670 ut

265 3706 565 3762 secundum
608 3714 855 3760 naturam
887 3707 1130 3775 corporis
1166 3707 1456 3761 videretur.
1506 3708 1745 3776 Denique
1788 3717 1844 3763 et

264 3796 504 3863 Spiritus
533 3803 754 3848 sanctus
773 3794 828 3847 in
855 3795 1034 3862 specie
1055 3795 1204 3849 visus
1230 3802 1313 3848 est
1336 3804 1393 3848 ut
1422 3795 1688 3861 columba,
1717 3797 1842 3867 quia

260 3880 437 3935 videri
484 3881 745 3935 Divinitas
784 3881 839 3935 in
864 3896 976 3935 sum
1005 3881 1267 3937 claritatis
1310 3883 1538 3939 veritate
1562 3900 1668 3938 non
1694 3895 1843 3954 pote-

262 3979 375 4027 rat.
427 3969 557 4036 Qua:
587 3970 771 4039 utique
795 3986 900 4025 una
928 3970 1268 4026 invisibilitas
1309 3971 1508 4039 Patris,
1534 3982 1593 4028 et
1620 3974 1762 4041 Filii,
1786 3984 1841 4033 et

262 4058 505 4128 Spiritus
528 4059 719 4122 sancti,
746 4060 870 4128 quia
897 4074 1001 4113 una
1031 4059 1293 4116 Divinitas
1318 4069 1399 4117 est
1430 4072 1485 4118 et
1505 4079 1645 4118 unus
1672 4065 1832 4131 Deus,

261 4147 447 4213 Pater,
475 4155 531 4202 et
563 4147 752 4217 Filius,
796 4156 851 4203 et
878 4148 1110 4217 Spiritus
1137 4157 1374 4205 sanctus.
1427 4151 1530 4207 Sed
1562 4154 1689 4223 quia
1730 4163 1842 4211 tres

259 4252 393 4297 sunt
412 4256 673 4311 personas,
710 4241 900 4307 Pater,
944 4250 1000 4297 et
1026 4241 1213 4308 Filius,
1248 4251 1304 4298 et
1340 4243 1574 4314 Spiritus
1600 4257 1838 4315 sinclus,

258 4330 371 4387 hoc
415 4346 520 4386 non
563 4332 763 4386 habent
803 4346 1087 4387 commune
1115 4333 1258 4402 quod
1301 4335 1449 4390 solus
1477 4335 1644 4392 Filius
1668 4336 1842 4395 factus

1864 3125 1912 3188 ϐ

1939 1892 2212 1959 describit,
2243 1909 2350 1949 non
2375 1894 2455 1949 eis
2495 1904 2693 1960 utatur,
2734 1896 2838 1952 nisi
2862 1896 3015 1966 prius
3050 1910 3145 1952 eas
3168 1911 3291 1951 cum
3317 1896 3515 1951 instru-

1901 2002 1905 2009 ·
1937 1982 2201 2039 ctioribus
2241 1984 2528 2039 contulerit
2570 1983 2867 2043 fratribus:
2901 1986 2958 2042 id
2989 1994 3092 2053 est,
3137 2000 3344 2056 preces,
3378 2000 3515 2056 quas

1938 2071 2197 2139 suggerit,
2224 2087 2256 2126 a
2279 2072 2558 2128 catholicis
2583 2074 2873 2129 imbuatur.

2007 2159 2162 2215 LVII.
2203 2160 2361 2217 Solus
2403 2178 2534 2232 ergo
2576 2162 2746 2220 Filius
2767 2173 2853 2221 est
2880 2166 3063 2231 homo,
3094 2166 3186 2236 qui
3219 2174 3275 2222 et
3292 2164 3519 2236 aequalis

1939 2250 2087 2306 Patri
2118 2260 2220 2315 est,
2250 2267 2465 2322 semper
2506 2254 2561 2309 in
2592 2254 2766 2309 forma
2800 2255 2916 2321 Dei,
2952 2256 3039 2310 cui
3076 2271 3199 2311 cum
3233 2256 3392 2311 Patre
3419 2257 3514 2310 ho-

1940 2341 2098 2396 stiam
2121 2340 2413 2407 offerimus,
2439 2352 2496 2398 et
2522 2344 2668 2400 solus
2687 2343 2917 2401 formam
2954 2346 3094 2400 servi
3124 2345 3392 2416 accipiens
3431 2361 3515 2400 sa-

1939 2431 2129 2487 cerdos
2156 2431 2330 2490 factus
2349 2442 2456 2489 est.
2480 2435 2584 2489 Per
2605 2450 2769 2504 quam
2803 2435 3037 2491 hostiam
3068 2436 3241 2490 vivam
3269 2436 3378 2491 Deo
3401 2434 3527 2505 pla;

1939 2531 2150 2578 centem
2177 2523 2374 2578 otl‘erre
2397 2540 2700 2594 possumus.
2731 2525 2843 2582 Nec
2877 2533 3055 2582 tamen
3088 2543 3120 2581 a
3154 2527 3309 2582 nobis
3331 2525 3514 2582 oll'erri

1941 2612 2115 2668 hostia
2138 2616 2416 2683 potuisset,
2465 2617 2510 2671 si
2538 2617 2786 2672 Christus
2813 2632 2913 2687 pro
2942 2619 3099 2674 nobis
3124 2619 3301 2674 hostia
3343 2615 3535 2672 factus.

1941 2716 2047 2756 non
2069 2700 2276 2758 fuisset.
2322 2704 2381 2757 In
2407 2719 2513 2773 quo
2539 2706 2651 2774 ipsa
2694 2710 2884 2762 natura
2920 2708 3089 2763 nostri
3123 2708 3338 2778 generis
3384 2719 3515 2759 vera

1942 2803 2025 2850 est
2048 2796 2220 2851 hostia
2249 2797 2517 2853 salutaris.
2570 2798 2639 2852 lit
2679 2799 2823 2853 enim
2873 2799 2988 2868 ipse
3040 2798 3376 2870 Unigenitus,
3421 2797 3515 2866 qui

1942 2900 2104 2941 verus
2129 2887 2446 2942 naturaliter
2485 2888 2626 2944 Deus
2651 2897 2754 2955 est,
2779 2903 2943 2945 verus
2964 2888 3136 2953 ﬁeret,
3180 2896 3236 2943 et
3262 2886 3533 2944 sacerdos

1940 2978 1996 3033 in
2019 2995 2249 3050 persona
2276 2981 2575 3037 divinitatis
2611 2998 2741 3049 suze,
2773 3000 2880 3040 non
2905 2983 3114 3054 accepit
3138 2982 3370 3038 hominis
3394 2996 3532 3051 pcr~

1943 3088 2151 3138 sonam,
2180 3074 2277 3129 sed
2302 3083 2575 3130 naturam.
2600 3074 2659 3130 Si
2686 3077 2832 3131 enim
2850 3085 3103 3132 naturam
3129 3074 3369 3131 hominis.
3391 3088 3535 3128 curm

1945 3178 2173 3233 persona
2211 3164 2371 3218 simul
2409 3166 2722 3235 accepisset,
2767 3166 2827 3220 in
2868 3166 2958 3221 illo
2986 3163 3370 3220 incarnationis
3395 3177 3518 3232 my-

1944 3254 2110 3308 sterio
2137 3269 2244 3308 non
2262 3262 2406 3310 esset
2430 3271 2569 3310 unus
2586 3255 2833 3311 Christus
2855 3256 2911 3310 in
2932 3256 3145 3311 duabus
3160 3254 3367 3310 naturis
3377 3255 3534 3309 Deus.

1944 3352 1999 3398 et
2025 3344 2205 3409 homo,
2238 3345 2331 3399 sed
2370 3344 2424 3398 in
2452 3343 2662 3400 duabus
2694 3346 2939 3415 personis
2984 3345 3123 3400 alter
3169 3354 3316 3401 esset
3350 3346 3533 3411 Deus,

1942 3434 2080 3488 alter
2105 3434 2293 3488 homo.
2319 3434 2426 3488 Sed
2455 3435 2575 3489 ideo
2603 3449 2742 3490 unus
2760 3444 2844 3489 est
2867 3435 3135 3500 Christus,
3167 3451 3307 3491 unus
3333 3437 3429 3493 Dei
3463 3448 3520 3493 et

1945 3522 2177 3577 hominis
2217 3521 2431 3587 Filius,
2472 3523 2600 3591 quia
2642 3522 2730 3576 ille
2772 3524 3080 3592 unigenitus
3126 3526 3384 3583 Dominus
3423 3528 3527 3597 qui

1942 3626 2227 3682 personam
2255 3613 2528 3683 propriam
2557 3627 2771 3682 semper
2796 3615 3015 3681 habuit,
3052 3616 3108 3671 in
3150 3619 3264 3687 ipsa
3286 3632 3519 3687 persona

1943 3718 2042 3757 sua
2069 3702 2348 3757 veritatem
2374 3711 2581 3758 natura:
2604 3704 2816 3760 servilis
2842 3706 3068 3776 accepit.
3105 3706 3338 3763 Proinde
3365 3709 3525 3766 Chri‘

1943 3800 2059 3847 stus
2086 3792 2455 3861 inseparabilis
2482 3804 2781 3864 permanet.
2833 3796 2969 3865 Quia
3011 3814 3135 3855 cum
3173 3799 3339 3855 altera
3365 3802 3436 3857 sit
3460 3803 3530 3859 in.

1942 3899 2008 3943 eo
2033 3893 2222 3939 natura
2242 3886 2554 3954 divinitatis,
2602 3887 2769 3944 altera
2797 3904 2922 3946 vero
2961 3900 3152 3948 natura
3181 3893 3425 3960 servilis,
3462 3895 3528 3949 in.

1941 3995 2050 4035 uno
2072 3988 2249 4035 tamen
2269 3981 2565 4051 eodemque
2591 3982 2808 4039 Christo
2846 3983 2936 4039 illa
2964 4000 3194 4054 persona
3217 3986 3520 4043 divinitatis

1940 4081 2079 4138 erat,
2102 4071 2216 4142 ipsa
2253 4088 2358 4127 una
2386 4080 2469 4128 est
2486 4074 2646 4128 etiam
2667 4075 3020 4132 humanitatis
3043 4085 3349 4148 assumpta.
3384 4078 3520 4135 Pro-

1939 4174 2124 4235 pterea
2149 4179 2288 4219 unus
2307 4171 2468 4233 atque
2495 4163 2635 4218 idem
2664 4163 2933 4231 Christus,
2967 4181 3126 4235 quem
3150 4175 3207 4223 et
3228 4168 3388 4238 paulo
3412 4173 3519 4226 mi-

1940 4271 2128 4312 norem
2156 4256 2224 4311 ah
2244 4255 2448 4326 angelis
2472 4256 2723 4320 ostendit,
2753 4257 2963 4326 accepit
2987 4256 3212 4315 formam
3241 4260 3521 4328 servilem,

1940 4346 2199 4415 aequalem
2229 4346 2375 4400 Patri
2396 4346 2729 4400 demonstrat
2752 4347 2934 4403 unitas
2953 4348 3232 4404 naturalis.

381 4421 543 4521 Immo
565 4428 787 4521 propter
813 4420 1056 4521 homines
1087 4421 1457 4521 .mdimflltios.
1501 4426 1652 4521 _quod
1693 4427 1840 4521 {0198
1868 4462 1921 4521 ο
2011 4437 2187 4493 LVIII.
2216 4438 2273 4492 In
2302 4451 2409 4506 quo
2446 4444 2785 4493 sacramento
2829 4439 2911 4494 sic
2955 4439 3231 4497 oﬂ'endunt
3271 4444 3523 4503 haeretici.

260 4511 501 4580 Spiritus
528 4520 748 4565 sanctus
772 4525 935 4580 super
957 4510 1227 4566 hominem
1258 4511 1455 4568 Filium
1481 4514 1758 4570 descendit
1786 4516 1842 4571 in

258 4602 446 4672 specie
492 4603 754 4658 colan
804 4610 864 4656 ut
914 4603 1188 4658 videretur
1210 4642 1225 4668 ,
1285 4604 1431 4672 quod
1490 4606 1639 4662 solus
1685 4607 1847 4663 Pater

256 4693 525 4749 clamavit
566 4711 593 4747 :.
633 4692 711 4747 Tu
759 4710 812 4748 es
857 4693 1034 4748 Filius
1072 4710 1219 4749 meus
1245 4693 1485 4761 dilectus,
1534 4704 1595 4750 ut
1627 4698 1843 4753 audire-

256 4795 378 4841 tur.
1752 4834 1755 4837 _

334 4876 470 4931 LVI.
499 4875 605 4931 Sed
635 4875 724 4930 illa
754 4875 1000 4931 columba
1029 4876 1085 4930 in
1110 4890 1218 4944 qua
1244 4875 1477 4944 Spiritus
1511 4882 1728 4930 sanctus
1752 4890 1846 4945 ap-

255 4968 468 5038 paruit,
500 4983 608 5022 non
631 4967 829 5023 dicitur
855 4967 1092 5036 Spiritus
1114 4975 1355 5029 sanctus,
1385 4966 1524 5021 sicut
1550 4966 1651 5021 iste
1682 4967 1844 5023 homo

254 5076 292 5114 a
331 5060 509 5115 Verbo
532 5067 812 5128 susceptus
845 5059 1044 5114 dicitur
1086 5057 1274 5111 Filius.
1321 5056 1416 5111 Illa
1445 5056 1693 5112 columba
1735 5073 1845 5114 non

254 5159 350 5206 est
379 5151 541 5205 Deus.
586 5149 720 5204 Nam
751 5150 854 5205 iste
878 5150 1039 5204 homo
1080 5150 1220 5203 Deus
1255 5158 1357 5203 est.
1388 5149 1480 5203 Illa
1520 5166 1622 5205 vox
1647 5151 1842 5218 Patris,

255 5255 393 5309 quae
438 5240 620 5294 sonuit
662 5239 1030 5308 corporaliter,
1081 5253 1189 5292 non
1231 5248 1314 5293 est
1343 5238 1524 5292 Pater.
1574 5239 1708 5295 Nam
1746 5241 1847 5298 iste

253 5328 570 5397 corporalis
589 5329 679 5397 qui
704 5330 852 5383 visus
875 5337 976 5391 est,
1015 5327 1180 5382 Filius
1202 5328 1295 5382 Dei
1318 5328 1493 5384 Patris
1521 5330 1717 5386 unicus
1737 5340 1841 5386 est.

251 5417 372 5471 Per
399 5415 696 5484 subiectam
716 5424 1021 5471 creaturam
1058 5415 1265 5471 locutus
1302 5426 1385 5471 est
1409 5417 1587 5484 Pater,
1615 5435 1721 5475 non
1750 5436 1847 5490 per

249 5522 425 5562 suam
472 5507 827 5561 substantiam
853 5546 869 5569 ,
918 5506 1043 5575 quia
1082 5506 1363 5562 invisibilis
1406 5508 1549 5564 Deus
1592 5518 1694 5565 est.
1743 5511 1847 5566 Per

251 5595 566 5664 subiectam
608 5605 912 5652 creaturam
954 5596 1199 5665 apparuit
1244 5595 1479 5665 Spiritus
1524 5609 1744 5655 sanctus
1790 5603 1845 5657 in

252 5688 453 5760 specie
483 5688 771 5757 columbzn,
794 5705 900 5746 non
929 5703 1026 5760 per
1049 5704 1201 5745 suam
1226 5697 1496 5757 naturam,
1527 5705 1631 5761 qua
1663 5692 1847 5748 invisi-

1944 4543 2107 4599 quam
2138 4527 2371 4582 maxime
2394 4526 2606 4591 Ariani,
2643 4536 2703 4582 ut
2724 4530 3060 4586 attendentes
3099 4531 3154 4586 in
3181 4546 3247 4587 eo
3278 4533 3515 4591 olIlcium

1943 4616 2268 4678 sacerdotis,
2313 4615 2484 4670 nolint
2526 4616 2896 4672 celsitudinem
2943 4618 3169 4678 Deitatis
3215 4624 3526 4694 suscipere-

1942 4704 2202 4772 Quoniam
2231 4719 2363 4775 ergo
2407 4712 2533 4759 sunt
2569 4706 2811 4761 haeretici
2847 4707 2939 4776 qui
2978 4708 3170 4766 Filium
3200 4727 3323 4769 cum
3351 4712 3516 4771 Patre

1942 4795 2104 4849 unius
2129 4793 2423 4849 divinitatis
2450 4809 2570 4850 esse
2598 4810 2705 4850 non
2732 4797 2983 4854 credunt.

2009 4885 2145 4940 LIX.
2177 4884 2308 4939 Item
2335 4893 2462 4940 sunt
2486 4884 2574 4941 alii
2606 4886 2699 4955 qui
2722 4888 2992 4944 hominem
3022 4896 3204 4945 natum
3220 4890 3517 4947 Dei-"lilium

1943 4988 2048 5029 non
2086 4973 2445 5029 conﬁtentur:
2476 4974 2813 5045 qui.utrique
2859 4992 2967 5033 non
3006 4978 3121 5044 Dei,
3160 4980 3254 5035 sed
3278 4982 3513 5038 hominis

1944 5070 2188 5118 asserunt
2217 5077 2337 5118 esse
2363 5062 2634 5133 Virginem
2660 5064 2975 5133 genitricem
2991 5106 3007 5132 ,
3037 5067 3164 5137 quia
3192 5084 3297 5123 non
3318 5084 3417 5139 per
3444 5070 3512 5125 il-

1943 5156 2078 5220 lum,
2124 5154 2318 5225 inquit,
2347 5155 2439 5225 qui
2477 5155 2547 5211 de
2569 5155 2791 5226 Virgine
2830 5165 2991 5215 natus
3034 5168 3137 5224 est,
3185 5161 3413 5216 visibiiia
3459 5170 3515 5217 et

1944 5245 2231 5300 invisibilia
2256 5243 2398 5299 facta
2428 5250 2571 5310 sunt,
2602 5243 2697 5301 sed
2720 5260 2820 5316 per
2842 5246 2991 5303 illum
3019 5263 3181 5319 quem
3202 5250 3305 5306 sibi
3330 5252 3519 5321 genuit

1943 5335 2223 5405 aequalem.

2013 5423 2127 5479 LX.
2155 5422 2245 5478 Isti
2274 5431 2401 5478 sunt
2427 5424 2688 5489 barretici,
2708 5425 3087 5496 uLManichaei,
3115 5430 3206 5500 qui
3230 5432 3512 5489 veritatem

1945 5514 2124 5569 carnis
2150 5514 2203 5567 in
2229 5513 2324 5567 Dei
2353 5513 2490 5569 Filio
2516 5530 2714 5581 negare
2742 5533 2847 5572 non
2875 5527 3204 5576 metuerunt.
3252 5523 3408 5579 Hunc
3433 5523 3517 5581 lo-

1945 5617 2067 5659 cum
2091 5616 2324 5670 congrue
2359 5611 2521 5674 atque
2540 5605 2742 5663 utiliter
2765 5606 2955 5664 Patres
2974 5612 3299 5668 sanctissimi
3328 5629 3515 5684 posue-

1945 5699 2088 5747 runt.
2138 5690 2271 5747 Nam
2294 5708 2415 5750 cum
2441 5710 2540 5752 nos
2566 5697 2895 5756 ostendimus
2911 5713 3011 5773 per
3033 5707 3295 5759 aeternum
3334 5719 3504 5764 sacer:
