3992 6176
441 311 571 370 1011

1210 312 1614 380 ELIPANDUS,
1655 310 1884 376 FELIX,
1925 308 2273 366 IIETERIUS
2311 312 2399 367 ΕΤ
2437 312 2495 369 S.
2533 313 2828 375 BEATUS.

3557 328 3684 384 10H

437 429 618 483 dotem
643 403 652 412 ’
674 428 956 484 Dominum
1005 426 1278 483 Christum
1328 429 1381 483 in
1429 428 1632 483 nostris
1679 423 2012 483 orationibus
2037 422 2090 482 Δ
2115 434 2236 489 quin
2279 425 2645 493 temporaliter
2685 428 2915 494 videtur,
2964 432 3144 484 lutura
3185 446 3291 487 non
3332 444 3533 502 sperat.
3572 437 3684 492 Vir-

435 521 652 585 oﬁ'erre,
683 536 864 576 veram
893 521 946 574 in
991 535 1056 576 eo
1097 536 1317 575 carnem
1345 523 1514 576 nostri
1555 521 1769 591 generis
1792 519 2010 575 conﬁte-

436 627 577 676 mur,
627 611 920 666 secundum
949 611 1075 665 illud
1103 611 1246 680 quod
1287 611 1575 681 Apostolus
1602 611 1733 666 dicit
1764 629 1777 664 :
1825 608 2008 664 Omnis

430 704 570 758 enim
597 704 830 775 pontifex
844 705 1209 762 exhominibus
1250 706 1572 777 desamptus,
1599 723 1692 776 pro
1713 707 2007 761 hominibus

433 796 768 850 constituitur
785 803 840 851 in
863 797 944 850 his
967 813 1082 868 quae
1109 807 1226 851 sunt
1250 798 1319 851 ad
1343 797 1507 851 Deum
1532 814 1550 851 :
1579 806 1634 850 ut
1653 798 1839 866 o/ferat
1867 797 2007 850 dona

430 896 482 941 st
509 888 771 957 sacriﬁcia
794 903 888 958 pro
914 889 1156 958 peccatis.
1203 887 1337 943 Cum
1381 903 1511 942 vero
1550 888 1764 952 dicitur,
1805 886 2006 941 Filium

431 985 620 1042 tuum;
646 985 700 1032 et
725 976 1007 1045 adjicimus
1030 994 1044 1031 :
1079 976 1182 1043 Qui
1207 988 1395 1044 tecum,
1435 995 1633 1032 suntme
1661 977 1824 1032 Pater
1842 1019 1857 1043 ,
1885 979 2006 1032 vivit

429 1081 476 1123 et
508 1079 686 1139 regnat
709 1070 764 1124 in
785 1070 981 1124 unitate
1009 1067 1236 1141 Spiritus
1273 1071 1460 1134 sancti,
1492 1070 1635 1124 illam
1675 1070 1860 1138 utique
1888 1069 2009 1124 uni-

430 1165 592 1212 tatem
618 1160 1057 1215 commendamus
1091 1174 1254 1229 quam
1283 1160 1600 1214 naturaliter
1627 1161 1790 1216 habet
1822 1159 2004 1226 Pater,

425 1257 481 1302 et
501 1247 686 1316 Filius,
716 1259 772 1306 et
793 1249 1025 1320 Spiritus
1045 1259 1281 1307 sanctus.
1313 1251 1576 1318 Quoniam
1596 1253 1640 1307 si
1669 1252 1798 1321 quid
1820 1251 2006 1320 hujus‘

427 1339 604 1405 modi,
644 1348 706 1394 ut
746 1355 908 1410 supra
950 1342 1206 1406 diximus,
1255 1343 1310 1397 in
1337 1343 1632 1412 Scripturis
1656 1342 1906 1414 legimus,
1936 1346 2005 1399 ad

425 1429 684 1485 unitatem
710 1446 954 1501 persona:
981 1431 1320 1488 referendum
1347 1441 1448 1488 est.
1480 1433 1617 1502 Quia
1641 1444 1697 1490 et
1725 1436 1838 1504 ipse
1857 1435 2003 1492 solus

423 1529 508 1577 est
535 1523 786 1579 sacerdos
818 1522 1087 1588 Christus,
1125 1538 1223 1593 per
1243 1539 1404 1594 quem
1429 1525 1659 1581 hostiam
1685 1526 1999 1593 oﬁ‘erimus;

422 1620 478 1667 et
505 1620 562 1666 ut
577 1628 673 1682 per
692 1628 815 1669 eum
839 1630 868 1667 a
882 1613 1044 1670 Patre
1055 1623 1364 1684 acceptetur
1384 1625 1439 1672 et
1459 1617 1761 1688 interpellet
1781 1617 2000 1675 Patrem

423 1720 520 1774 pro
558 1707 728 1771 nobis,
784 1707 1147 1777 supplicamus
1188 1717 1427 1765 orantes.
1476 1710 1543 1764 Et
1582 1711 1698 1781 ipse
1727 1720 1809 1767 est
1858 1712 2000 1768 Deus

2110 521 2279 568 tutem
2306 526 2625 584 prtesentem
2650 521 2944 588 requirere,
2975 537 3083 577 non
3108 537 3234 592 pars
3268 524 3412 593 ﬁdei,
3452 529 3546 582 sed
3565 542 3682 597 pars

2108 602 2500 661 incredulitatis
2543 615 2647 662 est.
2694 608 2934 680 Denique
2974 611 3173 668 Paulus
3217 616 3492 684 apostolus
3538 619 3682 692 Mity—

2107 694 2283 750 lenem
2308 697 2546 761 veniens,
2581 709 2636 753 et
2657 701 2867 769 plenam
2894 703 3198 762 inﬁdelibus
3233 707 3468 764 insulam
3495 712 3680 782 sciens,

2106 791 2316 850 patrem
2340 784 2510 840 Publii
2535 787 2841 858 dysenteria
2879 791 3227 866 febribusque
3259 807 3512 854 vexatum
3535 816 3682 858 oran-

2107 873 2176 928 do
2202 874 2429 931 salvavit
2452 896 2465 932 :
2493 888 2548 934 et
2569 890 2768 938 sanctae
2788 886 3184 953 przedicationis
3205 889 3509 958 adjutorem
3533 909 3678 948 suum

2106 963 2450 1023 Timotheum
2476 985 2543 1025 ex
2578 971 2892 1030 inﬁrmitate
2916 979 3176 1034 stomachi
3204 980 3561 1050 laborantem,
3582 1001 3679 1041 non

2105 1055 2271 1110 verbo
2311 1067 2486 1124 curat,
2529 1061 2625 1115 sed
2665 1064 2972 1120 medicinali
3018 1077 3136 1123 arte
3177 1070 3381 1126 mederi
3411 1083 3583 1144 parat,
3610 1077 3684 1132 di-

2106 1157 2273 1200 cens:
2313 1145 2522 1203 Modico
2550 1151 2666 1205 trino
2702 1163 2866 1222 utere,
2902 1168 3113 1228 propter
3155 1162 3484 1217 stomachum
3511 1175 3560 1218 et
3588 1166 3684 1236 fre-

2103 1244 2315 1302 quentes
2344 1246 2461 1292 tuas
2488 1240 2841 1309 inﬁrmitates.

2175 1324 2352 1380 LXIII.
2385 1328 2485 1396 Qui
2514 1346 2643 1403 ergo
2663 1335 2934 1392 inﬁrmum
2958 1339 3225 1397 inﬁdelem
3248 1360 3353 1398 una
3392 1362 3558 1417 prece
3588 1351 3684 1406 sal-

2105 1422 2214 1481 vat,
2259 1418 2351 1486 qui
2380 1430 2642 1490 aegrotum
2690 1424 3034 1486 Timotheum
3079 1447 3240 1502 prece
3283 1452 3390 1492 non
3426 1440 3680 1496 roborat?

2104 1504 2240 1572 Quia
2281 1509 2536 1567 nimirum
2583 1514 2673 1570 ille
2725 1515 2871 1574 foras
2905 1535 3004 1589 per
3045 1523 3366 1581 miraculum
3418 1533 3684 1589 sanandus

2102 1603 2241 1660 erat,
2279 1599 2374 1667 qui
2406 1599 2552 1657 intus
2576 1602 2632 1657 in
2669 1607 2847 1661 anima
2892 1617 3140 1666 mortuus
3175 1621 3334 1680 erat;
3365 1625 3424 1670 ut
3448 1632 3546 1687 per
3582 1619 3681 1677 hoc

2103 1686 2246 1754 quod
2271 1690 2511 1747 exterius
2553 1692 2608 1747 in
2637 1708 2864 1766 corpore
2903 1708 3143 1767 potestas
3187 1686 3508 1772 ostenderet,
3537 1707 3679 1767 hunc

421 1759 542 1850 cum
569 1759 730 1853 Patre
755 1759 1168 1855 cuiroll‘erimus.
1221 1799 1288 1854 Et
1321 1802 1432 1870 ipse
1463 1810 1546 1857 est
1567 1759 1657 1872 qui
1699 1803 2003 1873 interpellat
2028 1759 2077 1822 Β
2103 1779 2364 1873 ἒάξνίίδω
2391 1781 2616 1839 interior
2637 1786 2810 1842 νίηυε
2842 1791 3126 1847 animare”
3173 1793 3242 1848 Εί
3270 1803 3442 1851 "me"
3468 1800 3680 1869 υιτίεῐιιθ

420 1883 637 1940 Patrem
667 1903 763 1957 pro
788 1887 960 1952 nobis,
993 1905 1097 1944 non
1121 1904 1270 1954 voce,
1299 1892 1392 1946 sed
1419 1892 1778 1948 miseratione.
1802 1894 1868 1947 Et
1889 1894 2003 1963 ipse

419 1985 503 2032 est
527 1977 616 2046 qui
649 1977 867 2032 exaudit
907 1992 1030 2033 cum
1061 1977 1250 2047 Patre,
1298 1981 1388 2050 qui
1429 1981 1574 2037 solus
1600 1997 1700 2051 pro
1738 1984 1892 2038 nobis
1921 1984 2004 2038 in-

420 2067 669 2136 terpellat
693 2067 927 2123 Patrem.
966 2068 1201 2126 Proinde
1239 2081 1420 2127 nostra
1449 2074 1624 2128 oratio
1658 2090 1870 2146 semper
1904 2090 2003 2146 per

418 2159 770 2213 mediatorem
801 2158 1062 2229 dirigatur
1095 2160 1163 2216 ad
1191 2160 1427 2217 Patrem.
1473 2163 1578 2218 Per
1613 2165 1785 2234 ipsam
1811 2181 1999 2235 perso-

417 2263 542 2301 nam
567 2248 720 2317 cujus
741 2253 1002 2321 sanguine
1027 2267 1213 2308 sumus
1248 2255 1527 2324 redempti,
1555 2271 1714 2325 quem
1743 2258 1998 2326 bibimus,

415 2350 472 2396 ct
507 2339 660 2409 cujus
703 2357 919 2398 carnem
951 2344 1337 2403 manducamus
1362 2388 1377 2414 ,
1422 2363 1520 2418 per
1545 2364 1707 2419 quam
1746 2350 1996 2408 vivimus.

415 2431 549 2499 Quia
568 2432 903 2488 sicutanima
929 2441 982 2490 et
996 2449 1192 2505 corpus
1210 2451 1274 2492 ex
1301 2438 1512 2495 diversa
1539 2441 1837 2497 substantia
1860 2457 2000 2498 unus

413 2533 498 2580 est
538 2526 720 2591 homo,
761 2527 836 2581 ita
876 2527 1019 2583 Deus
1056 2535 1115 2583 et
1152 2530 1312 2586 homo
1349 2547 1415 2587 ex
1460 2532 1670 2588 diversa
1698 2535 1997 2590 substantia

413 2632 553 2671 unus
579 2626 662 2673 est
684 2615 951 2674 Christus.
992 2618 1071 2674 Ac
1095 2635 1192 2690 per
1234 2622 1337 2678 hoc
1375 2637 1497 2678 cum
1541 2625 1611 2680 sit
1642 2641 1781 2680 unus
1808 2640 1875 2679 ex
1915 2625 1998 2680 di-

411 2721 567 2760 versa
611 2707 906 2762 substantia
931 2747 946 2773 ,
989 2707 1102 2778 ipse
1129 2710 1360 2779 quodam
1386 2712 1545 2767 modo
1570 2713 1873 2784 interpellat
1896 2729 1997 2784 pro

417 2797 591 2862 turbis,
624 2797 737 2866 ipse
763 2799 995 2868 quodam
1019 2799 1176 2854 modo
1195 2815 1294 2870 pro
1318 2803 1474 2858 nobis
1497 2803 1734 2859 exaudit.

487 2860 622 2939 LXI.
646 2860 850 2941 Divide
869 2901 998 2956 ergo
1026 2891 1167 2958 quod
1197 2860 1407 2957 meum,
1448 2891 1625 2948 divide
1650 2894 1790 2963 quod
1815 2860 2020 2952 suum.‘

415 2975 530 3045 Ego
557 2977 700 3032 enim
731 2980 874 3047 quod
908 2978 1051 3035 illius
1074 2990 1194 3037 erat
1235 2983 1531 3040 divinitatis
1553 2999 1659 3040 non
1708 2986 1992 3043 habebam.

415 3066 484 3121 Et
507 3067 592 3122 ille
621 3068 762 3138 quod
783 3083 961 3124 meum
979 3079 1063 3126 est
1087 3073 1436 3129 humanitatis
1457 3090 1564 3130 non
1580 3075 1828 3132 habebat.
1863 3077 1994 3134 Sus-

415 3159 559 3228 cepit
595 3159 740 3230 quod
768 3175 946 3215 meum
975 3170 1076 3228 est,
1115 3171 1176 3218 ut
1211 3163 1510 3234 impertiret
1547 3167 1688 3236 quod
1715 3184 1871 3224 suum
1891 3182 1991 3226 est.

418 3249 686 3319 Suscepit,
713 3266 818 3305 non
839 3259 899 3306 ut
925 3251 1291 3318 confunderet,
1325 3255 1417 3310 sed
1445 3263 1503 3310 ut
1527 3257 1774 3328 repleret.
1809 3259 1885 3315 De
1905 3277 1997 3317 no-

417 3347 532 3394 stro
554 3339 746 3394 liahuit
766 3356 864 3410 pro
893 3342 1067 3409 nobis,
1117 3343 1259 3398 unde
1281 3353 1582 3400 mereretur
1619 3362 1717 3416 pro
1744 3347 1900 3403 nobis
1941 3358 1997 3404 et

416 3431 721 3487 viveremus
749 3432 800 3487 in
828 3432 936 3490 illo.
989 3434 1304 3505 Exemplum
1333 3437 1551 3509 reliquit
1571 3438 1801 3508 qualiter
1820 3455 1995 3496 more-

416 3536 600 3576 remur
620 3537 720 3592 pro
741 3519 862 3589 illo;
893 3532 949 3580 et
970 3526 1060 3580 ubi
1088 3525 1175 3580 ille
1203 3535 1305 3591 est,
1349 3527 1415 3583 de
1437 3535 1610 3583 morte
1642 3529 1994 3586 transiremus

417 3612 486 3668 ad
525 3628 766 3685 regnum.
807 3613 889 3669 Ad
927 3629 1152 3687 regnum
1179 3619 1376 3688 quippe
1412 3634 1516 3673 non
1539 3627 1716 3688 potest
1737 3620 1990 3686 transire,

415 3705 518 3760 nisi
542 3705 855 3775 interposita
881 3716 1073 3764 morte.
1103 3708 1170 3764 Et
1190 3709 1392 3765 idcirco
1412 3718 1468 3765 et
1492 3710 1806 3766 conﬁdendo
1835 3712 1992 3781 quasi

413 3795 740 3860 dubitamus,
788 3803 843 3849 et
867 3798 1021 3865 quasi
1048 3799 1341 3854 dubitando
1380 3799 1716 3856 confidimus.
1764 3800 1832 3856 Et
1870 3817 1996 3872 gau-

413 3884 604 3938 dentes
630 3885 936 3950 metulmus,
982 3896 1036 3942 et
1062 3898 1360 3945 metuentes
1386 3891 1696 3958 gaudemus,
1727 3893 1852 3960 quia
1882 3894 1990 3949 sci-

414 3991 534 4028 mus
560 3975 700 4043 quod
727 3976 792 4028 ad
821 3976 1065 4040 bravium
1095 3978 1292 4046 quietis
1319 3989 1533 4035 :eternze
1559 3983 1840 4050 pervenire
1885 4001 1992 4041 non

415 4077 720 4132 possumus,
748 4064 852 4118 nisi
879 4066 982 4120 hoc
1009 4067 1151 4135 quod
1177 4067 1457 4136 interjacet
1489 4084 1613 4124 cum
1639 4070 1822 4126 labore
1844 4080 1990 4129 tran-

413 4145 800 4209 scenderimus.
850 4154 941 4211 Sic
965 4157 1126 4211 etiam
1172 4171 1296 4212 cum
1322 4159 1539 4215 morbos
1581 4163 1896 4232 temporales
1924 4166 1991 4221 de

413 4257 639 4312 corpore
680 4243 936 4315 repellere
973 4245 1236 4316 cupimus,
1285 4250 1468 4305 tristes
1499 4249 1714 4320 quidem
1747 4267 1988 4310 amarum

411 4333 746 4405 purgationis
775 4335 1026 4405 poculum
1068 4337 1349 4403 sumimus,
1396 4341 1529 4396 certi
1564 4350 1742 4397 autem
1771 4344 1837 4399 de
1860 4347 1988 4402 sub-

2100 1869 2302 1927 inﬁmi
2339 1885 2513 1943 erant,
2558 1877 2654 1933 sed
2700 1882 2980 1950 arrpraliter
3007 1885 3206 1940 inﬁrmi
3234 1903 3342 1942 non
3374 1897 3548 1972 erant.
3588 1891 3680 1945 Ti-

2101 1963 2350 2019 motheus
2376 1981 2601 2036 corpore
2639 1978 2758 2024 erat
2793 1973 3038 2031 inﬁrmus
3070 1986 3125 2032 et
3150 1979 3332 2033 animo
3357 1963 3562 2046 salvus,
3596 1986 3681 2053 qui

2101 2067 2224 2107 cum
2272 2056 2532 2126 magistro
2575 2057 2851 2116 Christum
2900 2063 3066 2119 vitam
3104 2067 3159 2120 in
3199 2069 3450 2139 gentibus
3494 2073 3682 2141 przedi-

2101 2145 2276 2200 cabat.
2313 2147 2380 2202 Et
2401 2160 2555 2218 pater
2582 2149 2757 2207 Publii
2784 2170 3009 2224 corpore
3036 2160 3352 2227 aegrotabat,
3383 2163 3479 2217 sed
3507 2164 3679 2219 anima

2099 2244 2344 2293 mortuus
2368 2248 2504 2306 erat,
2536 2243 2663 2311 quia
2691 2259 2787 2314 per
2813 2245 2970 2302 ﬁdem
2999 2247 3199 2305 Christi
3230 2265 3332 2307 nec
3359 2253 3491 2308 dum
3519 2256 3681 2310 susci-

2099 2331 2244 2382 tatus
2269 2327 2464 2384 fuerat.
2511 2332 2648 2400 Quia
2697 2335 2812 2405 ipse
2853 2337 3029 2392 dixit:
3067 2340 3181 2410 Ego
3215 2359 3334 2396 sum
3373 2346 3682 2399 resurrectio

2096 2425 2146 2470 et
2177 2419 2300 2473 vita.
2333 2420 2436 2486 Qui
2472 2425 2634 2479 credit
2673 2427 2730 2482 in
2767 2445 2868 2496 me,
2917 2433 3013 2485 etsi
3047 2443 3284 2489 mortuus
3319 2436 3502 2504 fuerit,
3535 2439 3678 2492 viret.

2097 2508 2480 2597 Quamobrem,
2525 2516 2616 2583 qui
2645 2533 2754 2573 non
2782 2519 2954 2577 credit
2987 2523 3155 2579 tilium
3189 2527 3427 2597 Virginis
3458 2539 3681 2584 natura-

2095 2596 2222 2652 liter
2243 2613 2363 2655 esse
2400 2601 2595 2658 Filium
2641 2605 2737 2662 Dei
2784 2608 2953 2664 Deum
2997 2626 3208 2678 verum,
3257 2596 3365 2669 non
3395 2616 3547 2680 vivit,
3587 2617 3682 2673 sed

2094 2697 2343 2745 mortuus
2374 2701 2476 2746 est.
2516 2694 2760 2754 Mortuus
2779 2708 2884 2765 est,
2911 2702 3036 2771 quia
3061 2704 3167 2761 hoc
3191 2721 3296 2761 non
3327 2708 3524 2762 credit.
3563 2707 3682 2765 Jam

2096 2778 2252 2835 vivus
2277 2792 2444 2849 esset,
2479 2785 2526 2840 si
2550 2787 2816 2845 crederet.
2846 2790 2914 2846 Et
2932 2793 3074 2860 ideo,
3098 2795 3192 2864 qui
3222 2796 3367 2852 intus
3389 2798 3541 2863 vivit,
3562 2797 3680 2867 jam

2095 2887 2204 2928 non
2230 2874 2507 2944 miracula,
2553 2880 2650 2936 sed
2685 2883 3057 2951 paenitentiam
3100 2888 3346 2957 requirit.
3393 2888 3497 2956 Qui
3536 2890 3684 2948 intus

2099 2963 2154 3018 in
2198 2964 2378 3021 anima
2425 2969 2574 3034 vivit,
2623 2975 2864 3043 corporis
2907 2991 3092 3032 curam
3146 2979 3201 3034 in
3249 2979 3531 3036 desideriis
3571 2997 3682 3036 non

2099 3055 2230 3127 agit.
2262 3057 2362 3124 Qui
2395 3060 2450 3114 in
2492 3063 2672 3118 anima
2713 3075 2958 3124 mortuus
2993 3078 3099 3135 est,
3135 3073 3378 3141 corporis
3405 3089 3598 3128 curam
3625 3074 3681 3133 in

2101 3147 2383 3205 desideriis
2422 3151 2572 3208 facit.
2620 3155 2686 3209 Et
2728 3159 2820 3228 qui
2863 3163 3106 3231 corporis
3147 3178 3330 3219 curam
3361 3181 3521 3236 agere
3551 3182 3682 3224 con-

2098 3238 2290 3297 tendit.
2312 3239 2586 3300 Christum
2620 3263 2946 3319 cognoscere
2968 3268 3072 3308 non
3100 3263 3296 3323 potest.

2165 3326 2348 3384 LXIV.
2380 3331 2614 3391 Facilius
2641 3351 2772 3408 ergo
2795 3339 2936 3395 Deus
2958 3341 3188 3409 videtur,
3217 3359 3340 3399 cum
3379 3347 3683 3404 secundum

2093 3421 2427 3489 Apostolum,
2459 3428 2684 3482 exterior
2725 3430 2878 3484 homo
2915 3435 3283 3504 corrumpitur.
3319 3435 3387 3490 Et
3415 3447 3681 3506 quantum

2091 3509 2211 3579 plus
2233 3514 2596 3584 corrumpitur
2619 3517 2687 3573 de
2708 3519 2794 3575 die
2819 3521 2871 3574 in
2895 3521 3056 3587 diem,
3082 3531 3288 3579 tantum
3311 3526 3431 3594 plus
3453 3528 3506 3582 in
3531 3529 3682 3599 agni-

2095 3602 2241 3658 tione
2284 3603 2379 3659 Dei
2426 3606 2492 3661 de
2533 3607 2621 3662 die
2662 3609 2718 3664 in
2765 3611 2908 3666 diem
2938 3625 3251 3671 renovatur.
3293 3617 3363 3672 Et
3409 3631 3676 3688 quantum

2095 3692 2272 3748 minus
2316 3697 2555 3751 exterior
2600 3698 2761 3755 homo
2807 3704 3191 3774 corrumpitur,
3237 3714 3447 3762 tantum
3493 3711 3681 3766 minus

2094 3784 2318 3842 interior
2369 3788 2548 3844 anima
2593 3801 2899 3858 renovatur,
2947 3803 3002 3850 et
3053 3803 3261 3852 tantum
3309 3801 3488 3855 minus
3536 3802 3679 3858 Deus

2093 3877 2420 3947 agnoscitur.
2450 3878 2567 3948 Ipsa
2606 3879 2766 3936 debet
2808 3897 2927 3939 esse
2953 3894 3231 3950 renovata,
3263 3903 3382 3956 quae
3427 3891 3677 3960 templum

2091 3967 2190 4021 Dei
2221 3969 2288 4023 ab
2313 3968 2568 4040 Apostolo
2597 3971 2761 4027 dicta.
2792 3972 2885 4030 Sic
2913 3975 3057 4029 enim
3079 3977 3154 4030 ait
3178 3993 3192 4030 :
3247 3976 3517 4048 Templum
3541 3981 3676 4034 enim

2090 4055 2188 4110 Dei
2212 4068 2448 4112 sanctum
2487 4069 2582 4123 est,
2629 4063 2770 4131 quod
2807 4063 2929 4117 estis
2955 4080 3061 4118 vos.
3100 4063 3219 4133 Ipse
3261 4065 3485 4121 interior
3515 4068 3681 4122 homo

2090 4147 2266 4202 factus
2309 4157 2394 4204 est
2421 4149 2490 4203 ad
2529 4149 2816 4222 imaginem
2852 4153 2966 4208 Dei.
3012 4153 3305 4226 Exigamus
3350 4158 3538 4228 itaque
3567 4161 3680 4228 spi-

2090 4238 2255 4293 ritum
2279 4239 2474 4294 mentis
2501 4249 2717 4308 nostrae,
2753 4243 2845 4314 qui
2872 4255 3148 4300 renovatur
3169 4247 3226 4300 in
3255 4249 3527 4318 agnitione
3557 4250 3678 4313 Dei,

2089 4328 2373 4382 secundum
2415 4329 2696 4400 imaginem
2738 4333 2852 4403 ejus
2895 4334 2986 4404 qui
3030 4337 3223 4389 creavit
3265 4353 3405 4396 eum.
3444 4338 3573 4406 quia
3600 4339 3682 4394 ibi

410 4425 656 4494 sequenti
699 4424 870 4480 salute
915 4427 1229 4498 gaudemus.
1293 4418 1444 4484 Sicut
1486 4431 1629 4485 enim
1693 4433 2011 4505 corporalis,

2098 4433 2186 4488 per
2214 4419 2372 4475 ﬁdem
2414 4421 2467 4475 in
2494 4438 2592 4478 nos
2625 4423 2832 4479 habitat
2856 4423 3122 4498 Christus.
3171 4425 3276 4483 Ubi
3315 4444 3424 4484 non
3449 4439 3538 4485 est
3581 4429 3683 4485 Ju-

411 4515 632 4569 morbus
656 4515 772 4570 sine
799 4531 982 4570 amara
1010 4518 1226 4587 potione
1250 4535 1356 4574 non
1383 4529 1622 4586 curatur,
1651 4522 1723 4577 ita
1742 4525 1991 4594 spiritua-

412 4601 479 4656 lis
509 4604 727 4658 morbus
764 4605 957 4660 anima:
985 4605 1101 4660 sine
1130 4605 1360 4663 lamento
1388 4608 1746 4681 lacrymarum
1771 4629 1878 4668 non
1903 4616 1992 4672 de-

411 4693 571 4747 letur.
601 4691 875 4760 Quomodo
902 4711 1031 4766 ergo
1057 4699 1258 4766 poterit
1281 4699 1370 4755 ille
1395 4702 1671 4757 nobiscum
1694 4720 1832 4760 unus
1871 4721 1990 4762 esse

412 4795 479 4836 ex
505 4782 678 4847 nobis,
719 4783 810 4852 qui
849 4793 1069 4854 peccata
1095 4801 1202 4842 non
1241 4803 1358 4854 sua,
1403 4792 1498 4846 sed
1527 4801 1709 4847 nostra
1747 4796 1988 4851 omnium

412 4872 558 4928 solus
578 4872 690 4942 ipse
715 4873 954 4929 delevit?
979 4875 1046 4929 Et
1065 4877 1134 4932 ob
1162 4877 1265 4932 hoc
1282 4893 1380 4948 per
1397 4879 1729 4937 latitudinem
1754 4884 1990 4955 Scriptu-

414 4978 596 5019 rarum
624 4965 834 5036 paginis
873 4968 1162 5034 currimus,
1211 4971 1307 5024 sed
1336 4971 1386 5024 ei
1413 4971 1642 5027 similem
1672 4975 1726 5029 in
1755 4990 1861 5045 quo
1882 4976 1986 5034 for-

414 5071 556 5109 utaut
587 5056 726 5110 servi
755 5057 1047 5127 assumpsit
1072 5075 1178 5114 non
1203 5059 1526 5115 invenimus.

484 5144 640 5199 LXII.
689 5145 878 5200 Restat
920 5162 1047 5216 ergo
1089 5155 1149 5202 ut
1188 5148 1279 5203 isti
1324 5149 1416 5218 qui
1443 5165 1565 5205 eum
1611 5153 1713 5208 sibi
1757 5154 1985 5211 similem

415 5243 623 5304 putant,
648 5234 875 5290 virtutes
899 5250 930 5288 a
954 5237 1108 5292 nobis
1135 5253 1257 5293 cum
1299 5239 1586 5296 incredulis
1611 5252 1983 5313 extorqueant,

314 5335 344 5353 ’
413 5334 468 5379 ct
497 5327 711 5380 dicant:
745 5326 800 5382 Si
820 5340 1005 5381 verum
1036 5329 1212 5384 dicitis
1235 5333 1377 5399 quod
1396 5332 1563 5388 Filius
1585 5335 1680 5389 Dei
1703 5347 1785 5390 est
1808 5335 1982 5406 Jesus,

419 5425 508 5470 aut
532 5430 658 5471 vere
683 5431 780 5472 vos
821 5415 936 5486 ejus
985 5418 1116 5474 estis
1156 5419 1414 5484 Ecclesia,
1461 5421 1620 5476 facite
1661 5423 1714 5476 in
1743 5423 1859 5493 ejus
1885 5443 1985 5482 no-

417 5505 558 5559 mine
579 5507 732 5562 nobis
758 5507 1003 5563 virtutes.
1027 5509 1234 5564 Etcum
1266 5510 1518 5577 feceritis,
1547 5513 1815 5570 credimus
1835 5518 1986 5573 vobis

419 5596 560 5664 quod
584 5611 709 5651 vere
738 5598 876 5653 Deus
909 5601 978 5654 sit
1001 5615 1159 5668 quem
1203 5603 1437 5657 creditis.
1485 5604 1597 5659 Hoc
1623 5614 1790 5661 restat
1817 5607 1986 5664 hzere-

421 5685 539 5743 ticis
557 5687 696 5756 quod
716 5689 954 5757 paganis.
984 5689 1141 5746 Fides
1159 5692 1387 5747 virtutes
1411 5709 1514 5748 non
1537 5696 1747 5763 quaerit.
1778 5698 1980 5768 Virtus,

2090 4507 2236 4562 diuus
2257 4522 2429 4577 neque
2447 4509 2686 4566 Graecus.
2716 4513 2818 4568 Ubi
2849 4529 2956 4569 non
2986 4524 3070 4570 est
3104 4531 3294 4572 servus
3314 4533 3493 4587 neque
3512 4519 3679 4575 liber.

2091 4600 2194 4655 Ubi
2233 4616 2337 4655 non
2365 4611 2448 4657 est
2469 4603 2739 4658 masculus
2761 4613 2853 4658 aut
2877 4603 3097 4661 femina.
3141 4605 3242 4662 Ubi
3273 4608 3412 4662 mori
3441 4625 3552 4664 non
3577 4626 3683 4680 po-

2089 4691 2335 4755 terimus,
2381 4707 2502 4746 cum
2552 4693 2687 4748 solvi
2731 4708 2956 4763 corpore
3007 4696 3348 4766 coeperimus.
3402 4698 3509 4754 Ubi
3559 4715 3682 4755 non

2088 4773 2436 4847 senescimus,
2473 4784 2517 4838 si
2555 4785 2717 4838 etiam
2755 4785 2810 4838 in
2839 4801 3064 4854 corpore
3091 4787 3158 4840 ad
3191 4788 3522 4857 decrepitam
3547 4800 3685 4845 arta.

2088 4881 2196 4928 tem
2233 4873 2653 4943 pervenerimus.
2693 4873 2824 4928 Cum
2865 4876 2969 4929 hoc
2992 4875 3067 4929 ita
3109 4891 3297 4930 verum
3334 4878 3427 4941 sit,
3457 4888 3516 4934 et
3549 4879 3681 4935 loca

2087 4975 2208 5035 apta
2247 4965 2593 5036 requirimus,
2623 4975 2678 5021 et
2705 4967 2945 5020 invenire
2970 4983 3076 5022 non
3103 4967 3364 5033 valemus,
3406 4969 3680 5025 interiora

2085 5059 2279 5113 animae
2319 5057 2680 5112 mundemus:
2733 5067 2788 5112 et
2825 5058 2971 5112 omni
3019 5058 3141 5113 inde
3183 5059 3324 5112 mala
3368 5061 3681 5128 cupiditate

2085 5147 2324 5217 depulsa,
2357 5146 2412 5200 in
2441 5144 2603 5200 corde
2622 5154 2806 5202 nostro
2831 5145 3007 5201 locum
3030 5147 3181 5216 pacis
3215 5157 3486 5202 secretum
3525 5163 3682 5219 pne-

2083 5252 2356 5306 paremus,
2407 5244 2461 5289 et
2505 5235 2581 5288 ita
2627 5249 2840 5303 semper
2885 5251 3106 5306 agamus
3159 5245 3217 5291 ut
3255 5239 3517 5307 templum
3564 5239 3678 5295 Dei

2085 5325 2328 5382 sanctum
2372 5327 2559 5380 simus.
2602 5325 2670 5379 Et
2697 5326 2741 5380 si
2770 5326 3014 5381 volumus
3056 5327 3110 5382 in
3152 5327 3352 5396 templo
3393 5343 3572 5392 orare,
3610 5329 3681 5385 in

2082 5417 2482 5486 nobismetipsis
2527 5430 2764 5471 oremus.
2809 5416 2887 5471 lbi
2931 5417 3075 5471 enim
3111 5417 3318 5471 habitat
3361 5417 3450 5472 ille
3497 5433 3681 5487 quem

2085 5525 2319 5567 oramus.
2346 5509 2422 5563 Ibi
2458 5509 2598 5563 enim
2645 5507 2912 5574 Christus,
2937 5526 3060 5564 cum
3102 5510 3388 5576 clamatur,
3417 5511 3676 5577 exaudit,

2083 5605 2174 5659 ubi
2221 5613 2276 5658 et
2321 5603 2546 5658 habitat.
2594 5603 2876 5658 Credimus
2907 5603 3090 5662 videre
3133 5603 3335 5658 Deum:
3384 5618 3491 5658 non
3530 5603 3677 5671 quia

2081 5697 2328 5753 videmus
2373 5711 2471 5765 per
2507 5694 2692 5750 oculos
2736 5695 2999 5765 corporis,
3044 5695 3186 5751 sicut
3229 5694 3470 5751 videmus
3511 5695 3678 5750 hunc
