3992 6176
346 230 491 287 1013

977 225 1257 283 HETERII
1290 226 1379 284 ET
1417 228 1477 283 S.
1519 228 1723 285 BEATl
1754 227 1847 282 AD
1884 224 2280 287 ELIPANDUM
2319 231 2539 288 EPIST.
2576 265 2649 276 —
2682 236 2815 293 LIB.
2851 238 2916 296 11.

3452 241 3586 306 1οη

344 341 533 404 solem,
562 337 648 395 vel
686 337 884 395 mentis
908 339 1120 406 obtutu,
1149 341 1299 397 sicut
1336 357 1397 397 se
1435 342 1663 411 quisque
1690 341 1916 398 interius
1943 341 1994 401 Α
2019 346 2129 395 stra
2159 343 2241 396 vel
2273 346 2487 415 requies
2523 348 2628 404 erit
2654 357 2928 421 utcunque
2957 353 3147 411 similis
3172 355 3365 415 visioni
3390 359 3473 416 vel
3497 376 3587 417 re-

345 433 490 488 videt
514 432 805 498 viventem,
843 431 990 488 videt
1033 432 1324 501 volentem,
1372 432 1519 489 videt
1560 442 1910 504 qumrentem,

347 522 490 578 videt
515 522 800 577 scientem.

412 613 573 669 LXV.
600 612 738 679 Quid
774 627 903 683 ergo
921 612 1153 669 diximus
1177 612 1201 667 ‘i
1228 612 1478 683 Nunquid
1502 613 1604 668 hoc
1621 620 1704 668 est
1730 612 1914 670 videre

341 703 487 774 quod
514 702 776 758 credere?
804 702 969 757 Plane
1008 702 1236 757 multum
1280 704 1443 758 distat
1487 703 1628 758 inter
1662 711 1908 773 utraque,

340 794 468 863 quia
520 792 802 862 praesentia
854 792 1123 857 videntur,
1182 793 1423 847 absentia
1477 793 1787 847 creduntur.
1842 793 1910 848 Et

341 880 602 937 Dominus
628 881 684 935 in
709 878 995 950 Evangelio
1021 880 1133 934 ait:
1168 880 1317 933 Beati
1342 880 1432 951 qui
1455 896 1559 934 non
1586 879 1843 944 viderunt,
1861 888 1910 934 et

340 973 421 1027 sic
445 970 793 1025 crediderunt.
828 971 893 1024 Et
917 976 1098 1024 tamen
1142 969 1219 1024 illi
1248 970 1352 1023 hoc
1387 968 1522 1024 dixit
1563 969 1653 1038 qui
1681 970 1906 1038 viderat,

339 1061 432 1131 qui
457 1059 739 1115 cicatrices
780 1059 1105 1129 palpaverat.
1136 1056 1273 1124 Quia
1295 1058 1465 1112 vidisti
1493 1075 1592 1124 me,
1639 1060 1830 1129 inquit,
1860 1071 1911 1115 et

339 1150 629 1205 credidisti.
648 1150 807 1222 “Beati
827 1150 915 1221 qui
941 1166 1044 1203 non
1070 1149 1306 1203 viderunt
1326 1157 1374 1202 et
1400 1149 1748 1204 crediderunt.
1775 1150 1911 1206 Cum

340 1242 556 1297 beatum
597 1242 740 1298 dicat
762 1242 854 1310 qui
880 1240 1009 1296 vidit
1049 1248 1105 1296 et
1127 1239 1298 1296 credit
1323 1239 1617 1304 Christum,
1643 1241 1912 1309 quomodo

340 1332 395 1386 in
421 1333 528 1387 alio
553 1332 670 1387 loco
703 1332 816 1402 ipse
841 1331 1098 1386 Dominus
1127 1331 1183 1385 in
1220 1330 1511 1401 Evangelio
1538 1332 1712 1386 dixit:
1741 1332 1906 1388 Deum

339 1438 487 1476 nemo
516 1422 640 1476 vidit
684 1438 913 1492 unquam
934 1422 960 1475 7
1005 1422 1072 1476 Et
1097 1422 1368 1492 apostolus
1409 1422 1607 1477 Paulus
1634 1423 1702 1478 ad
1728 1421 1912 1480 Timo-

339 1513 523 1569 theum
554 1513 685 1568 dicit
711 1531 725 1567 :
755 1512 920 1579 Quem
942 1513 1068 1567 vidit
1095 1513 1270 1568 nullus
1297 1514 1564 1567 hominum
1582 1530 1601 1569 :
1626 1514 1718 1568 sed
1746 1531 1908 1585 neque

336 1606 509 1663 videre
533 1615 697 1677 potest
721 1606 747 1660 ?
771 1606 886 1661 Hoc
928 1613 1098 1660 totum
1123 1606 1190 1661 de
1215 1596 1531 1661 hominibus
1562 1606 1763 1661 dictum
1800 1613 1904 1672 est,

336 1712 445 1750 non
467 1696 533 1751 de
559 1696 700 1751 aliis.
726 1694 844 1750 Non
873 1703 957 1751 est
979 1695 1044 1751 de
1073 1695 1180 1751 illis
1202 1694 1404 1750 dictum
1432 1694 1500 1750 de
1525 1697 1720 1764 quibus
1745 1712 1908 1766 supra

334 1787 586 1851 diximus,
631 1787 686 1842 in
715 1788 941 1842 duorum
986 1787 1267 1841 animabus
1310 1787 1558 1843 Christus
1580 1788 1789 1843 habitat
1813 1805 1910 1859 per

333 1878 512 1942 tidem,
539 1878 629 1948 qui
676 1878 933 1947 templum
978 1887 1225 1934 sanctum
1271 1880 1366 1933 Dei
1413 1888 1560 1946 sunt,
1605 1880 1662 1935 in
1709 1883 1908 1951 quibus

334 1967 481 2024 Deus
504 1969 730 2032 habitat,
757 1968 1024 2039 Propheta
1049 1977 1360 2036 attestante,
1386 1971 1479 2040 qui
1508 1971 1622 2025 ait:
1652 1972 1908 2028 Dominus

331 2063 387 2115 in
412 2062 599 2133 templo
624 2072 805 2117 saneto
825 2080 941 2118 suo.
972 2063 1226 2119 Dominus
1246 2064 1306 2118 in
1328 2063 1454 2119 caelo
1473 2064 1620 2120 sedes
1643 2066 1779 2135 ejus.
1802 2066 1911 2135 Ipsi

332 2162 390 2208 et
413 2154 535 2209 caeli
560 2156 830 2222 dicuntur,
865 2158 1154 2212 secundum
1199 2156 1331 2211 illud
1359 2172 1489 2213 mn
1532 2160 1725 2228 psalmi
1757 2161 1910 2215 testi-

334 2244 609 2298 monium:
657 2244 783 2300 Coeli
831 2254 1078 2300 enarrant
1119 2244 1341 2316 gloriam
1383 2247 1500 2301 Dei.
1547 2247 1615 2302 Et
1652 2249 1706 2303 in
1734 2250 1911 2319 quoti-

333 2335 489 2389 diana
516 2350 675 2404 prece
701 2337 968 2392 dicimus:
1006 2336 1169 2391 Pater
1197 2346 1388 2402 noster,
1431 2338 1521 2408 qui
1550 2355 1604 2393 es
1644 2341 1701 2394 in
1742 2340 1904 2398 eaelis.

334 2426 412 2481 Ac
435 2425 480 2480 si
511 2435 695 2494 aperte
737 2427 1015 2482 dicamus:
1067 2427 1168 2494 Qui
1213 2442 1272 2482 es
1297 2428 1351 2482 in
1388 2430 1590 2483 sanctis
1617 2430 1825 2501 angelis
1850 2439 1908 2486 et

332 2515 388 2569 in
414 2517 616 2570 sanctis
643 2517 942 2573 animabus.
969 2517 1176 2574 Caelum
1201 2518 1305 2588 ipsi
1330 2526 1476 2583 sunt,
1505 2520 1628 2590 quia
1671 2536 1776 2574 non
1805 2530 1910 2575 ter-

334 2622 482 2669 rena,
512 2606 601 2660 sed
625 2606 849 2661 calestia
885 2608 1114 2678 sapiunt,
1153 2607 1446 2663 secundum
1484 2608 1635 2664 Pauli
1680 2609 1907 2679 apostoli

332 2701 531 2756 dictum
562 2720 575 2756 :
612 2701 673 2758 Si
711 2703 1104 2757 consurrexistis
1123 2719 1240 2757 cum
1283 2701 1509 2770 Christo,
1544 2721 1662 2774 qua:
1698 2721 1908 2759 sursum

334 2805 454 2842 sunt
476 2791 657 2861 sapite,
700 2791 786 2844 ubi
825 2789 1059 2845 Christus
1103 2800 1178 2845 est
1216 2792 1273 2845 in
1313 2791 1525 2846 dextera
1564 2792 1660 2846 Dei
1704 2792 1901 2848 Patris.

333 2877 431 2944 Qui
458 2881 601 2934 enim
626 2896 747 2935 cum
775 2880 991 2935 Christo
1020 2881 1333 2945 resurrexit,
1373 2889 1429 2935 et
1453 2881 1544 2936 ubi
1580 2881 1828 2938 Christus
1849 2883 1905 2938 in

2013 431 2157 499 quiei
2179 434 2342 503 illius,
2378 439 2472 494 sed
2497 441 2719 511 aequalis
2740 459 2848 498 non
2871 445 2994 505 erit.
3028 445 3105 502 Ne
3129 448 3274 504 enim
3305 448 3589 518 iaceamus

2012 519 2281 611 ingnohis,
2322 529 2485 584 utita
2536 531 2733 599 dicam,
2772 537 3236 608 contemplationis
3278 542 3440 611 pinna
3486 559 3590 603 nos

2011 609 2269 679 sublevat,
2319 624 2486 687 utque
2509 633 2541 673 a
2573 621 2727 676 nobis
2766 624 2835 678 ad
2863 623 3013 678 illum
3057 609 3341 697 eriguntur
3379 630 3590 689 intuen-

2011 702 2156 765 dum,
2187 706 2461 777 raptisque
2499 709 2796 768 intentione
2837 715 3015 770 cordis
3059 723 3113 772 et
3156 717 3436 776 dulcedine
3460 737 3595 778 con-

2010 793 2385 884 templationis,
2434 800 2612 871 aliquo
2658 804 2816 860 modo
2858 821 2891 861 a
2936 807 3093 863 nobis
3119 809 3259 865 imus
3304 811 3359 866 in
3388 816 3591 884 ipsum.

2010 878 2185 972 Etiam
2211 885 2314 942 hoc
2340 887 2515 959 ipsum
2538 892 2617 948 ire
2644 903 2889 950 nostrum
2916 898 3093 954 minus
3118 908 3204 956 est
3225 878 3585 972 requiescere.
3671 937 3674 940 ~

1970 1002 1971 1005 η
2009 968 2076 1025 Ει
2102 980 2281 1030 tamen
2310 978 2388 1033 sic
2408 980 2507 1047 ire,
2536 982 2772 1051 perfecte
2797 985 3078 1056 quiescere
3101 997 3206 1044 est.
3252 968 3319 1046 Et
3348 993 3587 1062 perlecta

2008 1078 2138 1134 ergo
2190 1069 2402 1138 requies
2443 1080 2546 1140 est,
2597 1076 2723 1143 quia
2774 1077 2917 1134 Deus
2970 1080 3246 1149 cernitur;
3297 1092 3355 1140 et
3405 1094 3588 1143 tamen

2009 1156 2268 1225 aequanda
2293 1175 2398 1215 non
2426 1170 2511 1217 est
2536 1165 2739 1234 requiei
2761 1166 2921 1233 illius,
2947 1170 3043 1238 Qui
3067 1186 3176 1228 non
3200 1189 3232 1228 a
3256 1189 3316 1230 se
3336 1174 3390 1230 in
3417 1176 3585 1233 alium

2011 1246 2205 1300 transit
2234 1257 2295 1302 ut
2317 1251 2578 1318 quiescat.

2077 1334 2283 1393 LXVII.
2323 1339 2419 1396 Est
2447 1342 2643 1412 itaque
2688 1347 2922 1417 requies,
2961 1357 3022 1405 ut
3067 1350 3140 1406 ita
3167 1351 3362 1419 dicam,
3392 1354 3591 1411 similis

2010 1432 2173 1494 atque
2196 1427 2489 1487 dissimilis.
2536 1432 2672 1500 Quia
2714 1437 2858 1506 quod
2903 1437 3048 1495 illius
3081 1441 3294 1512 requies
3339 1452 3443 1510 est,
3480 1445 3591 1503 hoc

2010 1522 2195 1571 nostra
2219 1517 2481 1576 imitatur.
2511 1522 2754 1595 Namque
2781 1536 2840 1582 ut
2860 1527 3003 1583 beati
3029 1536 3189 1600 atque
3207 1535 3394 1589 aeterni
3417 1535 3591 1592 simus

2011 1605 2067 1660 in
2086 1617 2366 1677 aeternum,
2399 1612 2674 1671 imitamur
2710 1626 2992 1686 aeternum,
3017 1631 3074 1677 et
3108 1639 3299 1696 magna
3325 1627 3480 1683 nobis
3502 1636 3587 1684 est

2009 1698 2284 1756 atternitas
2321 1701 2551 1760 imitatio
2592 1710 2928 1765 aeternitatis.
2977 1710 3088 1767 Nec
3120 1722 3362 1770 exsortes
3398 1730 3586 1773 sumus

2006 1787 2122 1857 ejus
2145 1806 2305 1860 quem
2329 1794 2527 1851 imitari
2552 1812 2853 1867 possumus.
2890 1800 3028 1868 Quia
3070 1811 3127 1859 et
3150 1804 3392 1861 videntes
3416 1807 3587 1876 parti-

2004 1879 2247 1948 cipamus
2272 1889 2327 1936 et
2357 1884 2744 1956 participantes
2784 1889 3078 1946 imitamur.
3126 1891 3257 1960 Qum
3281 1894 3397 1950 sine
3421 1895 3591 1953 dubio

2004 1966 2142 2021 visio
2161 1984 2305 2026 nunc
2328 1986 2427 2040 per
2463 1973 2622 2028 ﬁdem
2668 1974 2972 2044 inchoatur,
3018 1981 3112 2036 sed
3156 1990 3283 2037 tunc
3316 1983 3369 2038 in
3408 1986 3593 2054 specie

2004 2056 2298 2126 perﬁcitur,
2327 2063 2540 2129 quando
2560 2073 2884 2121 comternam
2918 2069 3030 2124 Deo
3060 2071 3399 2141 sapientiam,
3422 2090 3587 2144 quam

2005 2151 2166 2205 modo
2189 2166 2288 2220 per
2313 2168 2409 2208 ora
2452 2156 2879 2225 przedicantium,
2925 2162 3079 2230 quasi
3125 2178 3223 2234 per
3246 2165 3587 2222 decurrentia

2005 2236 2225 2294 ﬂumina
2270 2241 2552 2307 sumimus,
2596 2244 2650 2299 in
2680 2246 2796 2316 ipso
2835 2246 2981 2303 fonte
3008 2250 3227 2306 Christo
3265 2253 3583 2320 biberimus,

2005 2326 2157 2395 cujus
2177 2344 2372 2400 corpus
2411 2348 2616 2390 sumus.
2651 2335 2756 2391 Sed
2795 2338 3014 2408 grandis
3039 2340 3129 2396 hic
3163 2340 3314 2396 labor
3340 2342 3463 2407 erit,
3491 2341 3584 2412 qui

2006 2418 2074 2473 ad
2102 2419 2192 2473 illa
2218 2421 2521 2493 pertingere
2557 2426 2802 2482 voluerit.
2832 2426 2949 2484 Non
2972 2428 3119 2484 enim
3149 2446 3313 2501 parva
3341 2433 3587 2502 corporis

2005 2510 2255 2574 violentia
2280 2521 2383 2580 est,
2433 2530 2555 2571 cum
2599 2533 2729 2574 caro
2766 2520 2915 2590 cupit
2944 2536 3065 2577 esse
3105 2522 3248 2591 quod
3294 2523 3437 2579 Deus
3477 2533 3582 2579 est.

2006 2600 2148 2657 Deus
2186 2605 2350 2671 enim,
2392 2614 2453 2662 ut
2491 2622 2653 2679 supra
2691 2609 2943 2675 diximus,
2972 2618 3134 2682 caput
3162 2613 3404 2683 corporis
3429 2613 3584 2670 Chri-

2005 2694 2075 2747 sti
2102 2702 2204 2760 est,
2228 2695 2482 2766 Apostolo
2520 2706 2827 2764 attestante,
2855 2702 2947 2770 qui
2985 2702 3098 2756 ait:
3146 2699 3269 2757 Volo
3302 2712 3475 2757 autem
3497 2721 3584 2759 vos

2004 2784 2138 2838 scire
2160 2786 2298 2855 quod
2326 2788 2492 2842 omnis
2516 2789 2612 2843 riri
2635 2799 2791 2860 caput
2826 2787 3063 2846 Christus
3099 2800 3195 2847 est.
3222 2790 3389 2863 Caput
3410 2802 3587 2848 autem

2005 2872 2238 2928 mulieris
2265 2875 2360 2930 vir.
2384 2875 2552 2948 Caput
2576 2877 2768 2935 Christi
2788 2879 2951 2934 Deus.
3263 2882 3266 2885 λ

331 2970 552 3025 dextera
582 2971 675 3026 Dei
701 2970 878 3025 Patris
918 2971 1089 3035 sedet,
1135 2971 1293 3040 sapit,
1322 2970 1435 3040 jam
1464 2987 1570 3027 non
1594 2974 1779 3039 homo,
1806 2973 1899 3029 sed
1927 2995 1979 3063 α
2041 2965 2305 3063 txvm.
2349 2967 2486 3036 Quid
2512 2970 2694 3041 itaque
2719 2980 2803 3027 est
2835 2979 2997 3043 caput
3025 2980 3290 3038 nostrum,
3340 2973 3444 3028 nisi
3487 2973 3583 3031 Di-

335 3063 475 3118 Deus
504 3061 795 3132 Seripturis
813 3063 982 3118 sacris
1010 3072 1367 3132 nuncupatur.
1397 3063 1534 3131 Quia
1563 3072 1618 3118 et
1638 3064 1780 3119 Deus
1800 3072 1903 3131 est,

333 3156 389 3211 in
411 3171 519 3224 quo
542 3154 685 3210 Deus
705 3155 947 3220 habitat;
975 3162 1031 3209 et
1055 3169 1264 3225 semper
1284 3171 1407 3210 eum
1429 3154 1595 3221 videt,
1619 3155 1746 3225 quia
1764 3170 1909 3210 sem-

332 3259 433 3315 per
464 3247 518 3299 in
554 3245 671 3314 ipso
701 3253 803 3300 est.
832 3244 965 3300 Nam
1004 3245 1172 3301 Deum
1201 3246 1379 3301 nullus
1418 3245 1697 3321 hominum
1723 3245 1909 3300 videre

333 3341 526 3402 potest.
564 3333 716 3388 Sicut
741 3341 794 3387 et
816 3334 928 3403 ipse
955 3334 1213 3390 Dominus
1233 3335 1596 3404 interrogabat
1615 3334 1908 3403 discipulos

332 3436 459 3476 suos
487 3422 710 3476 dicens:
751 3420 915 3487 Quem
953 3422 1130 3476 dicunt
1176 3423 1409 3476 homines
1453 3438 1563 3476 esse
1605 3421 1776 3490 ﬁlium
1810 3421 1908 3475 ho-

333 3515 534 3568 minis?
574 3514 691 3568 Non
739 3515 907 3571 dixit:
948 3515 1117 3581 Quem
1155 3532 1241 3570 me
1264 3515 1449 3569 dicunt
1486 3530 1606 3570 esse
1635 3514 1903 3580 homines,

332 3603 427 3656 sed
455 3602 621 3656 lilium
645 3603 895 3666 hominis,
924 3619 993 3656 ne
1014 3602 1284 3671 jactanter
1307 3603 1374 3657 de
1399 3618 1457 3657 se
1492 3617 1733 3670 quaerere
1757 3602 1908 3656 vide-

331 3701 502 3746 retur.
526 3690 751 3745 Pulchre
765 3700 944 3744 autem
967 3692 1289 3760 interrogat:
1316 3690 1480 3755 Quem
1501 3707 1581 3744 me
1600 3691 1779 3744 dicunt
1798 3706 1907 3745 esse

330 3780 564 3833 homines
603 3780 770 3848 ﬁlium
813 3781 1079 3835 hominis?
1123 3781 1259 3847 Quia
1307 3781 1398 3851 qui
1423 3782 1487 3836 de
1528 3781 1640 3836 lilio
1673 3781 1907 3838 hominis

332 3869 646 3938 loquuntur,
680 3886 785 3925 non
809 3872 901 3933 dii,
931 3871 1025 3925 sed
1069 3879 1279 3925 tantum
1323 3873 1572 3928 homines
1610 3880 1756 3928 sunt.
1802 3872 1905 3940 Qui

330 3973 463 4012 vero
489 3957 821 4014 divinitatem
846 3958 963 4028 ejus
986 3969 1131 4016 recte
1158 3961 1482 4031 intelligunt,
1512 3971 1568 4018 et
1597 3971 1653 4017 tu
1677 3980 1731 4018 es
1761 3962 1909 4018 Chri-

329 4057 441 4102 stus
467 4046 637 4103 Filius
660 4048 753 4103 Dei
778 4051 900 4117 vivi,
931 4068 1051 4107 cum
1072 4051 1234 4109 Petro
1260 4053 1466 4117 dicunt,
1497 4070 1604 4110 non
1630 4054 1899 4122 homines,

330 4139 425 4195 sed
451 4138 525 4193 dii
548 4140 904 4209 appellantur.

402 4230 585 4286 LXVI.
615 4231 844 4288 Proinde
867 4233 1157 4303 Apostolus
1179 4235 1393 4292 dicebat
1417 4254 1430 4290 :
1462 4236 1627 4303 Quem
1648 4231 1772 4292 vidit
1796 4238 1910 4293 nul-

2006 3059 2217 3125 vinitas,
2262 3077 2361 3132 per
2400 3076 2564 3133 quam
2589 3064 2851 3120 existendi
2874 3066 3219 3136 principium,
3249 3073 3310 3121 ut
3334 3074 3584 3125 creatura

2004 3166 2193 3208 suuus.
2221 3153 2525 3208 sumimus?
2554 3154 2696 3209 Nam
2731 3157 2812 3209 vir
2834 3166 2910 3211 est
2949 3167 3103 3226 caput
3132 3156 3364 3211 mulieris
3382 3174 3400 3211 :
3429 3169 3585 3228 caput

2003 3241 2100 3295 viri
2131 3240 2367 3296 Christus
2390 3258 2409 3296 :
2445 3252 2495 3296 et
2545 3254 2699 3314 caput
2730 3242 2923 3298 Christi
2963 3243 3127 3299 Deus.
3173 3244 3285 3299 Hoc
3333 3253 3503 3317 totum
3530 3246 3589 3301 in

2002 3327 2220 3386 Christo
2245 3339 2349 3395 est,
2375 3332 2468 3402 qui
2496 3333 2758 3387 mediator
2781 3332 2876 3386 Dei
2909 3339 2965 3386 et
3002 3331 3280 3387 hominum
3317 3341 3418 3387 est.
3446 3333 3583 3388 Nam

2002 3418 2107 3475 hoc
2148 3420 2268 3475 loco
2319 3421 2599 3476 mulierem
2650 3422 2782 3477 dicit
2832 3422 3041 3493 plebem
3088 3424 3229 3478 intra
3263 3423 3587 3490 Ecclesiam,

2002 3523 2163 3563 sensu
2193 3510 2473 3579 parvulam
2516 3518 2571 3565 et
2596 3511 2886 3577 carnalem,
2913 3528 3033 3581 quae
3073 3512 3173 3567 sub
3199 3512 3462 3582 regimine
3487 3529 3585 3583 pa-

2002 3600 2185 3655 storali
2210 3608 2314 3654 est.
2346 3600 2443 3656 Vir
2481 3616 2610 3655 vero
2649 3600 2807 3670 hujus
2832 3603 3092 3669 mulieris,
3126 3604 3372 3658 doctores
3397 3619 3584 3659 eorum

2003 3699 2130 3744 sunt
2151 3690 2264 3759 qui,
2292 3705 2443 3746 more
2486 3692 2780 3761 apostolico
2807 3691 3007 3748 Christi
3035 3682 3259 3762 vestigia
3288 3693 3584 3758 imitantes,

2004 3797 2124 3837 eam
2153 3790 2303 3838 tanta
2342 3784 2639 3839 intentione
2682 3784 2960 3840 educando
3004 3792 3214 3854 regunt,
3260 3792 3317 3839 ut
3364 3801 3468 3839 non
3504 3784 3595 3838 eis

2005 3870 2238 3927 sulliciat
2261 3872 2316 3927 in
2340 3873 2723 3943 praedicatione
2760 3881 2816 3928 et
2857 3873 3102 3943 exemplo
3141 3889 3258 3928 eam
3293 3873 3579 3933 instruere.

2006 3963 2101 4018 sed
2140 3963 2304 4018 etiam
2347 3963 2430 4018 sui
2469 3963 2658 4034 capitis
2699 3963 2943 4034 exempla
2970 3971 3275 4033 sequentes,
3306 3963 3592 4018 moriendo

2004 4067 2104 4124 pro
2128 4052 2244 4124 ipsa
2268 4054 2503 4109 animam
2543 4068 2776 4125 ponere;
2819 4054 3050 4124 qualiter
3092 4055 3261 4124 possit
3302 4055 3379 4109 illi
3421 4064 3583 4126 caput

2007 4158 2146 4209 esse,
2183 4151 2240 4198 et
2281 4159 2379 4200 suo
2407 4146 2569 4215 capiti
2612 4145 2850 4211 Christo,
2896 4145 3188 4201 secundum
3217 4144 3460 4215 Apostoli
3495 4146 3581 4202 di-

2008 4240 2171 4298 ctum,
2205 4233 2484 4289 inhaerere.

332 4320 413 4375 lus
437 4324 722 4386 hominum,
753 4325 844 4378 sed
884 4343 975 4380 nec
1016 4327 1186 4381 videre
1225 4337 1388 4398 potest
1427 4327 1480 4397 (1
1516 4329 1650 4383 Tim.
1690 4332 1903 4402 vl,16).
1937 4333 1986 4393 D
2076 4325 2262 4380 LXIX.
2313 4326 2419 4381 Per
2465 4326 2737 4380 hominem
2784 4327 2927 4380 enim
2979 4325 3223 4381 Christus
3265 4325 3422 4396 hujus
3475 4327 3590 4382 viri

331 4408 478 4465 More
502 4408 774 4466 hominum
804 4428 1004 4469 vocans
1048 4415 1290 4471 homines
1336 4417 1570 4473 humana
1610 4420 1898 4487 sapientes.

329 4498 465 4564 Quia
495 4500 585 4567 qui
610 4500 788 4555 divina
817 4502 1051 4571 sapiunt,
1096 4504 1212 4558 sine
1250 4504 1413 4560 dubio
1457 4521 1619 4574 supra
1656 4507 1903 4563 homines

329 4597 476 4645 sunt.
506 4590 815 4648 Videbimus
846 4593 1010 4664 igitur
1044 4595 1234 4660 Deum,
1263 4594 1311 4651 si
1331 4610 1427 4664 per
1456 4597 1730 4653 ccclestem
1773 4614 1903 4653 eon-

330 4682 688 4736 versationem
708 4697 869 4751 supra
893 4684 1137 4739 homines
1156 4700 1277 4741 esse
1301 4700 1623 4740 mereamur.
1658 4684 1900 4741 Videmus

328 4779 388 4827 et
408 4787 569 4837 nunc,
596 4772 890 4828 secundum
916 4773 1249 4843 Apostolum,
1268 4790 1361 4843 per
1376 4773 1642 4844 speculum
1665 4775 1719 4827 in
1741 4776 1902 4844 amig-

333 4869 486 4926 mate,
507 4874 605 4929 per
626 4860 806 4916 (idem.
845 4860 1144 4917 Videbimus
1182 4872 1231 4916 et
1252 4872 1375 4916 tunc
1418 4863 1553 4931 facie
1579 4864 1647 4917 ad
1688 4864 1896 4932 faciem.

333 4944 442 5001 Nec
467 4956 643 5003 tamen
674 4950 749 5004 ita
772 4950 1088 5014 videbimus,
1110 4951 1251 5005 sicut
1279 4951 1392 5021 ipse
1424 4951 1677 5019 seipsum.
1721 4951 1901 5020 Longe

330 5039 528 5109 quippe
557 5040 884 5111 dispariliter
908 5042 1054 5097 videt
1072 5041 1297 5098 Creator
1316 5056 1375 5097 se
1399 5057 1559 5111 quam
1586 5043 1729 5097 videt
1749 5060 1900 5099 crea-

331 5138 454 5185 tura
500 5129 833 5187 Creatorem.
884 5131 1021 5187 Nam
1065 5139 1324 5200 quantum
1366 5132 1435 5186 ad
1486 5132 1899 5190 immensitatem

329 5219 447 5285 Dei,
495 5221 714 5290 quidam
755 5222 911 5279 nobis
950 5223 1140 5277 modus
1185 5221 1368 5292 ﬁgitur
1411 5224 1895 5293 contemplationis,

327 5312 457 5379 quia
478 5327 547 5367 eo
582 5313 700 5383 ipso
733 5313 969 5382 pondere
998 5312 1494 5369 circumscribimur
1519 5329 1626 5383 quo
1651 5324 1904 5372 creatura

329 5414 537 5457 sumus.
562 5402 654 5458 Sic
675 5400 917 5471 profecto
940 5417 1046 5457 non
1072 5403 1145 5457 ita
1166 5404 1527 5473 conspicimus
1555 5404 1741 5470 Deum,
1760 5407 1902 5460 sicut

329 5487 444 5557 ipse
464 5490 725 5558 conspicit
752 5504 831 5544 se.
855 5488 1004 5543 Sicut
1031 5506 1137 5545 non
1178 5491 1253 5545 ita
1278 5492 1661 5562 requiescimus
1684 5494 1736 5548 in
1766 5494 1894 5559 Deo,

330 5578 775 5648 quemadinodum
805 5579 918 5650 ipse
946 5582 1231 5650 requiescit
1259 5583 1311 5637 in
1338 5600 1414 5639 se.
1464 5583 1598 5638 Nam
1634 5586 1769 5640 visio
1794 5602 1893 5642 no-

2004 4413 2176 4470 factus
2200 4422 2283 4468 est
2309 4421 2489 4483 caput.
2540 4414 2638 4469 Cui
2691 4416 2894 4469 homini
2938 4414 3152 4469 Christo
3191 4431 3220 4468 a
3265 4416 3441 4470 Verbo
3486 4429 3577 4470 as-

2001 4510 2216 4573 sumpto
2241 4510 2351 4559 tota
2375 4502 2634 4556 Divinitas
2659 4510 2819 4571 caput
2841 4510 2944 4558 est.
2972 4503 3040 4556 Et
3068 4505 3171 4558 hoc
3193 4512 3364 4563 totum
3392 4505 3448 4560 in
3469 4520 3583 4561 uno

2001 4594 2214 4649 Christo
2239 4600 2342 4656 est,
2371 4591 2497 4660 quia
2523 4592 2655 4645 etin
2694 4604 2759 4645 eo
2800 4600 2884 4646 est
2911 4593 3089 4647 omnis
3125 4593 3398 4663 plenitudo
3439 4594 3577 4650 divi-

2000 4683 2186 4739 nitatis
2207 4682 2574 4753 corporaliter,
2601 4690 2656 4735 et
2677 4680 2790 4750 ipse
2811 4689 2895 4735 est
2923 4690 3085 4751 caput
3113 4682 3279 4738 totius
3299 4683 3580 4739 Ecclesiae.

2002 4774 2073 4830 Ut
2097 4774 2542 4843 quemadmodum
2588 4788 2724 4828 unus
2748 4774 2908 4829 homo
2953 4782 3202 4829 constans
3225 4789 3289 4831 ex
3320 4776 3497 4830 anima
3520 4783 3575 4831 et

2000 4876 2243 4931 corpore,
2269 4871 2324 4916 et
2362 4861 2416 4915 iu
2454 4876 2680 4930 corpore
2720 4869 2845 4916 sunt
2870 4862 2994 4925 ista,
3031 4861 3083 4917 id
3119 4871 3227 4928 cst,
3252 4879 3410 4928 caro,
3427 4880 3579 4931 ossa,

1998 4961 2055 5008 et
2099 4960 2278 5023 caput.
2324 4953 2463 5009 Caro
2511 4954 2713 5024 regitur
2755 4970 2854 5024 per
2900 4969 3043 5018 ossa,
3095 4970 3216 5009 ossa
3263 4970 3360 5024 per
3390 4966 3577 5027 caput,

1999 5053 2160 5113 caput
2191 5059 2286 5112 per
2320 5043 2572 5097 animam.
2625 5044 2692 5097 Et
2733 5057 2952 5099 carnem
2993 5044 3225 5100 dicimus
3269 5045 3571 5103 mulierem.

2002 5136 2070 5189 Et
2089 5150 2211 5190 ossa
2238 5135 2466 5191 dicimus
2492 5135 2693 5198 virum,
2714 5143 2877 5204 caput
2906 5135 3065 5204 hujus
3089 5136 3345 5201 mulieris,
3368 5138 3570 5193 carnis.

1999 5224 2067 5278 Et
2102 5232 2265 5294 caput
2294 5223 2523 5278 dicimus
2564 5224 2756 5277 horum
2798 5225 3001 5279 ossium
3049 5226 3220 5296 ipsum
3268 5237 3430 5296 caput
3471 5227 3562 5281 hu-

1999 5330 2237 5370 manum.
2265 5315 2331 5368 Et
2360 5322 2592 5369 mentem
2621 5314 2848 5370 dicimus
2883 5314 3044 5385 hujus
3070 5316 3261 5386 capitis
3287 5324 3466 5387 caput.
3503 5317 3565 5371 Et

1999 5409 2101 5463 hoc
2140 5415 2310 5461 totum
2351 5406 2404 5459 in
2439 5423 2546 5461 uno
2593 5407 2810 5462 homine
2848 5415 2950 5464 est.
3006 5408 3097 5464 Sic
3139 5410 3366 5465 dicimus
3409 5418 3579 5480 caput:

1998 5496 2255 5558 mulieris,
2287 5496 2338 5550 id
2371 5504 2471 5560 est,
2501 5496 2717 5550 minuta:
2750 5497 2938 5565 plebis,
2966 5507 3209 5567 pastores
3234 5507 3289 5555 et
3324 5500 3576 5555 doctores.

1999 5585 2380 5651 Ecclesiarum,
2410 5594 2663 5654 tanquam
2694 5603 2815 5641 ossa
2840 5589 3039 5644 carnis.
3082 5589 3255 5657 Caput
3287 5590 3396 5646 viri
3412 5589 3560 5645 Chrio
