3992 6176
462 279 598 377 Illis

1236 276 1637 341 ELIPANDL'S,
1679 275 1904 342 FELIX,
1945 273 2292 331 HETERIUS
2329 275 2416 331 ET
2454 277 2510 331 S.
2550 277 2841 334 BEATL'S.

3551 286 3699 342 IOIG

462 404 592 458 stus,
622 401 873 461 tanquam
898 388 1036 445 ossis
1063 398 1239 461 caput.
1270 391 1442 461 Caput
1483 391 1681 447 Christi
1713 392 1873 455 Deus,
1904 398 2021 443 tan-
2044 386 2094 444 Δ
2120 385 2230 442 Νεε
2256 387 2392 443 alter
2428 389 2570 444 Deus
2603 399 2802 459 praeter
2827 390 3063 456 Patrem,
3093 401 3148 447 et
3183 392 3398 460 Filium,
3438 407 3491 453 et
3517 398 3699 468 Spiri-

458 498 617 551 qnam
656 496 808 536 mens
840 480 1049 550 capitis.
1085 479 1153 535 Et
1194 497 1317 536 cum
1348 483 1527 538 omnia
1575 499 1628 538 ιη
1668 500 1778 539 uno
1803 484 2019 538 homine

456 572 581 634 Sint,
608 577 663 625 et
688 570 798 640 ipsa
841 578 954 624 tota
981 571 1093 639 ipse
1133 571 1294 627 homo
1321 573 1413 639 sit,
1452 560 1629 628 tamen
1677 574 2019 629 inveniuntur

454 659 527 715 ibi
554 659 884 726 dilferentize,
931 662 1123 732 quibus
1156 678 1261 718 una
1291 664 1443 719 alteri
1480 666 1650 737 possit
1692 665 2013 736 praecellere.

449 747 568 804 Non
588 749 758 816 carni,
786 765 905 819 quae
932 751 1105 807 mollis
1125 761 1227 818 est,
1249 755 1558 823 praseellunt
1583 772 1723 820 ossa,
1747 772 1865 825 qua:
1883 756 2016 811 dura

451 845 596 902 sunt,
626 845 681 892 et
704 839 821 893 sine
868 840 942 895 eis
977 855 1103 895 caro
1147 849 1291 897 stare
1330 859 1436 897 non
1478 846 1696 914 potest?
1740 845 1892 900 Sicut
1918 860 2017 900 nec

449 926 564 997 ipsa
581 926 734 996 plebs
753 928 955 983 minuta
978 929 1116 983 intra
1137 930 1450 997 Ecclesiam,
1476 947 1594 1001 quae
1618 940 1871 1003 tanquam
1892 948 2016 988 caro

447 1016 624 1071 mollis
663 1025 765 1082 εει,
802 1020 917 1073 sine
967 1020 1224 1090 magistro
1267 1030 1410 1077 stare
1448 1031 1660 1092 potest;
1712 1025 1801 1093 qui
1836 1023 2012 1089 solidi,

447 1115 698 1174 tanquam
728 1121 845 1162 ossa
877 1117 1019 1163 sunt.
1053 1109 1178 1165 limo
1215 1126 1337 1165 ossa
1360 1110 1657 1181 junguntur
1693 1114 1874 1183 capiti,
1918 1130 2016 1184 per

444 1198 587 1263 quod
624 1197 790 1251 vitam
817 1196 1030 1262 habent,
1067 1200 1190 1269 quia
1234 1201 1335 1255 nisi
1374 1203 1536 1272 capiti
1576 1204 1887 1273 jungantur,
1918 1218 2015 1273 per

440 1287 584 1355 quod
622 1289 786 1342 vitam
829 1290 1043 1353 habent,
1086 1292 1265 1348 vivere
1288 1308 1394 1348 non
1435 1302 1677 1364 possunt.
1716 1293 1867 1351 Sicut
1893 1311 2011 1350 ma-

440 1377 595 1445 gistri
627 1377 985 1433 Ecclesiarum
1004 1379 1305 1451 junguntur
1324 1382 1484 1453 capiti
1522 1383 1755 1448 Christo,
1785 1385 1877 1454 qui
1906 1385 2011 1440 nisi

438 1463 654 1522 Christo
681 1482 782 1537 per
822 1467 979 1523 ﬁdem
1026 1477 1078 1524 et
1121 1485 1282 1540 opera
1320 1469 1633 1542 iungantur,
1685 1473 1867 1529 vivere
1901 1489 2010 1529 non

435 1566 679 1625 possunt.
730 1556 848 1613 1am
877 1575 1004 1615 vero
1046 1575 1196 1615 mens
1242 1562 1295 1616 in
1336 1570 1592 1631 quantum
1623 1564 1879 1635 prtecellit
1920 1578 2010 1620 ea—

434 1647 552 1715 piti,
579 1662 699 1717 qua:
723 1657 778 1703 et
802 1649 969 1703 altera
1012 1651 1309 1705 substantia
1337 1659 1419 1705 est
1456 1652 1768 1722 spiritualis,
1810 1654 1864 1708 in
1891 1662 2010 1707 tan-

437 1748 549 1790 tum
571 1747 731 1807 caput
770 1748 870 1805 est,
916 1740 1001 1795 cui
1032 1741 1306 1810 praecellit.
1341 1741 1431 1796 Sic
1471 1749 1526 1797 et
1561 1743 1810 1799 divinitas
1849 1743 2005 1798 Cbri-
2033 1726 2080 1788 Β

433 1827 501 1881 sti
531 1837 709 1899 caput,
739 1838 793 1883 et
834 1830 1073 1899 corporis
1111 1830 1330 1894 Christi,
1360 1845 1479 1900 quae
1504 1839 1673 1887 totum
1705 1833 1819 1902 ipse
1852 1832 2008 1888 Chri-

434 1925 551 1973 stus
614 1920 668 1972 in
726 1934 786 1974 se
832 1920 1012 1984 habet,
1061 1929 1116 1975 et
1166 1936 1379 1976 omnem
1428 1920 1811 1991 plenitudinem
1868 1922 2005 1977 divi-

435 2010 618 2067 nitatis
673 2026 800 2078 sua),
849 2023 903 2069 et
963 2029 1177 2069 omnem
1216 2014 1604 2107 plenitudinem
1656 2015 2008 2071 humanitatis

434 2110 651 2155 nostrm.

499 2190 663 2245 LXX.
698 2191 805 2247 Sed
835 2193 935 2247 hoc
958 2208 1055 2263 per
1075 2195 1444 2265 qualecunque
1466 2196 1751 2267 vestigium
1775 2195 2004 2252 dicimus

429 2289 650 2350 propter
693 2282 1063 2339 haereticorum
1109 2286 1469 2356 insipientiam
1495 2293 1657 2355 atque
1691 2296 2003 2342 controver-

428 2372 585 2436 siam,
615 2374 705 2441 qui
731 2381 786 2428 et
811 2372 1082 2430 Christum
1122 2377 1391 2432 hominem
1418 2392 1523 2433 non
1552 2376 1876 2431 conﬁtentur
1910 2376 2002 2431 Dei

430 2463 645 2531 Filium,
676 2473 730 2521 et
766 2452 886 2521 cum
918 2466 1076 2523 Patre
1106 2484 1270 2524 unum
1311 2469 1500 2534 Deum,
1544 2476 1598 2522 et
1635 2484 1742 2523 non
1784 2482 1903 2523 esse
1928 2466 2006 2521 al-

430 2564 606 2612 terum
638 2557 802 2612 Deum
824 2566 1021 2626 praeter
1045 2574 1187 2620 eum,
1214 2568 1409 2614 etcum
1436 2567 1546 2613 tota
1570 2558 1807 2613 Ecclesia
1837 2573 2004 2612 unum

430 2649 720 2712 hominem,
754 2662 779 2691 ι
803 2659 857 2704 ει
886 2663 991 2705 non
1020 2663 1137 2704 esse
1178 2649 1345 2705 altera
1378 2664 1604 2720 persona
1649 2648 1906 2712 Ecclesia,
1950 2655 2005 2701 et

428 2738 597 2794 altera
642 2755 870 2810 persona
917 2740 1165 2796 Christus
1210 2742 1409 2805 homo;
1461 2749 1516 2795 et
1559 2739 1724 2793 altera
1776 2752 2003 2808 persona

427 2819 665 2887 Verbum
687 2830 880 2898 Patris,
903 2839 961 2885 ut
980 2839 1092 2887 tres
1118 2832 1224 2887 sint
1256 2846 1518 2902 personte,
1541 2832 1795 2894 Verbum,
1818 2831 1998 2895 homo,

429 2929 483 2974 et
509 2918 769 2985 Ecclesia,
799 2921 937 2975 sicut
967 2928 1078 2976 tres
1113 2928 1237 2975 sunt
1262 2936 1506 2990 persona:
1530 2921 1708 2984 Pater,
1732 2928 1785 2975 et
1810 2919 1997 2984 Filius,

427 3020 481 3066 et
514 3010 747 3081 Spiritus
768 3018 1004 3066 sanctus.
1042 3009 1198 3067 Solus
1242 3013 1411 3067 Filius
1434 3011 1608 3066 factus
1635 3020 1716 3067 est
1739 3011 1916 3075 homo,
1943 3010 1998 3066 id

427 3108 530 3165 est,
556 3100 733 3154 anima
762 3099 1043 3155 rationalis
1066 3106 1120 3153 et
1147 3116 1295 3155 caro.
1336 3100 1415 3156 Ac
1449 3114 1547 3169 per
1585 3100 1706 3165 hoc,
1743 3100 1994 3165 Verbum,

426 3191 624 3257 anima,
670 3197 724 3244 et
770 3205 915 3253 caro,
965 3197 1076 3244 tres
1114 3191 1329 3259 quidem
1375 3190 1688 3245 substantia:
1730 3198 1873 3255 sunt,
1907 3191 2002 3246 sed

425 3298 565 3337 unus
605 3288 688 3337 est
711 3280 976 3345 Christus,
1005 3281 1196 3336 unicus
1234 3290 1317 3336 est
1355 3280 1541 3345 Filius,
1578 3295 1716 3336 unus
1746 3281 2001 3337 Dominus

425 3384 607 3431 noster
628 3374 784 3431 Jesus
824 3376 1091 3439 Christus,
1117 3375 1421 3446 unigenitus
1463 3373 1554 3428 Dei
1601 3372 1776 3429 Patris
1810 3371 1995 3437 Filius,

422 3471 510 3540 qui
536 3478 685 3523 natus
708 3478 781 3523 est
798 3468 881 3523 .de
910 3468 1112 3539 Spiritu
1142 3478 1341 3532 sancto,
1366 3482 1431 3521 ea:
1464 3465 1639 3520 Maria
1665 3465 1880 3536 virgine,
1905 3470 2000 3517 sub

423 3560 613 3613 Pontio
656 3558 833 3613 Pilato
872 3568 946 3613 est
990 3558 1323 3628 cruciﬁxus;
1375 3557 1466 3628 qui
1513 3571 1640 3611 vere
1694 3561 1750 3611 et
1795 3555 2001 3624 absque

422 3649 703 3705 mendacio
730 3649 946 3705 Patrem
966 3649 1127 3705 habet
1153 3649 1321 3705 Deum
1352 3648 1690 3712 naturaliter,
1718 3662 1750 3702 a
1777 3661 1883 3716 quo
1904 3646 1997 3701 ha—

424 3747 514 3799 bet
535 3744 809 3807 deitatem,
844 3751 904 3797 ut
937 3743 1007 3798 sit
1028 3758 1187 3797 verus
1222 3743 1382 3807 Deus,
1405 3751 1459 3797 et
1479 3758 1584 3797 non
1605 3742 1676 3797 sit
1696 3741 1831 3796 alter
1858 3739 1999 3793 Deus

422 3843 617 3903 praeter
640 3849 761 3887 eum
778 3852 788 3884 :
805 3841 860 3887 et
873 3848 996 3887 vere
1011 3841 1065 3885 et
1080 3834 1282 3902 absque
1300 3833 1577 3887 mendacio
1592 3840 1819 3886 matrem
1836 3830 1997 3886 habet

422 3923 740 3979 naturaliter
778 3923 1072 3992 Virginem,
1119 3923 1395 3991 Virginem
1427 3923 1670 3984 Mariam,
1712 3932 1898 3977 etnon
1920 3924 1999 3978 sic

421 4016 557 4068 alter
597 4013 757 4067 homo
796 4021 991 4081 pneter
1033 4026 1155 4065 eum
1205 4028 1327 4066 cum
1370 4021 1483 4066 tota
1530 4012 1789 4076 Ecclesia,
1836 4029 1998 4081 quam

425 4104 653 4161 redemit
696 4104 956 4174 sanguine
997 4118 1112 4166 suo,
1163 4117 1268 4156 una
1298 4105 1525 4172 persona
1556 4119 1622 4157 ex
1667 4103 1841 4157 tribus
1866 4103 1997 4158 sub-

420 4196 635 4251 stantiis
667 4211 807 4249 unus
848 4193 1115 4248 Christus.
1161 4194 1291 4258 Cum
1338 4209 1563 4263 persona
1604 4209 1778 4263 neque
1820 4193 1996 4249 Patris

421 4300 522 4357 est,
550 4306 723 4359 neque
769 4287 1003 4359 Spiritus
1038 4283 1230 4347 sancti,
1282 4284 1393 4349 sed,
1442 4291 1502 4338 ut
1548 4283 1799 4349 diximus,
1848 4283 1991 4338 Filii.

420 4387 521 4454 Qui
545 4384 712 4439 Filius
740 4398 863 4439 cum
902 4380 1061 4435 Patre
1099 4387 1153 4433 et
1179 4377 1382 4447 Spiritu
1420 4384 1605 4432 sancto
1631 4384 1712 4431 est
1738 4392 1843 4430 una
1868 4377 1994 4432 sub-
2022 4405 2075 4465 Β

420 4478 637 4541 stantia,
679 4484 733 4529 et
759 4491 866 4530 non
910 4489 1015 4527 una
1044 4486 1291 4541 persona,
1321 4470 1413 4525 sed
1437 4478 1547 4524 tres
1579 4478 1703 4527 sunt
1727 4483 1990 4538 personae.

420 4569 554 4623 Cum
581 4574 694 4621 toto
719 4565 933 4620 homine
962 4561 1151 4626 Adam,
1179 4576 1338 4630 quem
1381 4559 1687 4628 assumpsit,
1714 4559 1828 4629 ipse
1851 4559 1995 4614 solus

420 4664 503 4712 est
524 4670 631 4710 una
652 4668 898 4724 persona,
927 4661 981 4707 et
1005 4667 1111 4707 non
1141 4667 1243 4705 una
1270 4649 1590 4715 substantia,
1615 4648 1708 4702 sed
1731 4656 1842 4702 tres
1870 4655 1997 4702 sunt

421 4745 739 4803 substantia:
790 4744 1045 4807 Verbum,
1088 4742 1264 4796 anima
1310 4749 1364 4795 et
1410 4756 1558 4806 caro,
1608 4747 1780 4795 totum
1804 4740 1996 4794 unicus

423 4838 609 4893 Filius.

495 4926 681 4983 LXXI.
731 4924 865 4981 Vide
891 4922 1263 4978 mediatorem.
1308 4921 1538 4974 Tantum
1578 4921 1690 4991 ipse
1714 4921 1861 4977 scius
1902 4919 1997 4974 de-

420 5017 652 5082 scendit,
680 5016 807 5085 quia
835 5026 931 5068 nec
959 5011 1116 5065 Pater
1151 5010 1447 5075 descendit,
1475 5025 1576 5066 nec
1616 5009 1849 5080 Spiritus
1873 5025 1999 5064 san-

423 5120 561 5168 ctus.
593 5108 659 5162 Et
684 5106 827 5175 quia,
860 5112 918 5159 ut
938 5104 1190 5167 diximus,
1219 5118 1339 5157 cum
1374 5101 1535 5155 Patre
1561 5118 1667 5155 una
1695 5101 1995 5156 substantia

423 5209 525 5265 est,
554 5199 693 5253 sicut
730 5212 836 5249 una
866 5194 1163 5250 substantia
1189 5200 1273 5247 est
1319 5200 1375 5245 et
1407 5206 1546 5245 unus
1588 5191 1729 5244 Deus
1765 5196 1848 5243 est
1873 5204 1995 5243 cum

424 5291 582 5345 Patre
616 5296 670 5341 et
698 5285 898 5356 Spiritu
941 5294 1148 5347 sancto,
1187 5292 1242 5337 et
1284 5282 1420 5335 alter
1466 5281 1605 5334 Deus
1645 5286 1835 5348 praeter
1874 5293 1995 5331 eum

428 5385 662 5443 nonest,
701 5393 823 5433 cum
852 5392 957 5445 quo
1005 5376 1057 5428 in
1098 5391 1203 5429 una
1241 5372 1539 5429 substantia
1567 5379 1667 5425 est.
1713 5368 1846 5434 Quia
1887 5382 1996 5421 non

428 5477 510 5524 est
535 5468 669 5524 alter
694 5468 834 5522 Deus
859 5474 1054 5535 praeter
1080 5465 1315 5527 Patrem,
1343 5477 1440 5517 nec
1469 5461 1604 5515 alter
1636 5461 1777 5515 Deus
1802 5467 1999 5528 praeter

429 5559 641 5623 Filium,
688 5574 786 5612 nee
832 5557 965 5610 alter
1010 5557 1149 5609 Deus
1194 5566 1388 5624 ptirter
1433 5551 1691 5623 Spiritum
1730 5559 1993 5605 sanctum.

501 5659 525 5686 ι
565 5646 737 5699 Locus
769 5645 1071 5700 mendosus.

2116 488 2229 534 tum
2254 489 2517 537 sanctum.
2538 481 2787 538 Attamen
2811 498 2933 538 eum
2954 491 3066 539 tres
3085 486 3191 539 sint
3211 486 3366 541 simul
3385 504 3525 544 unus
3548 491 3706 547 Deus

2115 575 2169 623 et
2196 584 2358 624 unum
2399 570 2598 635 lumen,
2639 586 2746 626 non
2787 580 2964 630 tamen
3006 588 3112 627 una
3140 588 3369 644 persona
3393 584 3477 630 est
3504 576 3698 638 Pater.

2113 666 2169 712 et
2190 657 2374 721 Filius,
2412 666 2463 714 et
2495 657 2729 728 Spiritus
2753 669 2989 717 sanctus.
3020 661 3223 717 Lumen
3251 674 3333 719 est
3359 664 3537 729 Pater,
3562 668 3700 736 quia

2113 750 2297 820 genuit
2334 749 2532 804 lumen.
2569 751 2771 806 Lumen
2800 762 2884 807 est
2923 752 3111 818 Filius,
3156 754 3282 824 quia
3324 765 3484 811 natus
3508 766 3596 812 est
3623 760 3703 815 do

2114 840 2334 895 lumine.
2383 840 2588 896 Lumen
2614 850 2696 896 est
2738 841 2971 912 Spiritus
3007 854 3248 909 sanctus,
3274 848 3397 915 quia
3422 850 3704 915 processit

2113 931 2179 987 de
2199 932 2399 986 lumine
2424 932 2659 1004 ingenito
2683 943 2738 989 et
2758 936 2955 1006 genito.
2984 935 3053 991 Et
3083 945 3195 991 tres
3223 937 3385 992 simul
3410 954 3582 994 unum
3603 950 3693 996 est

2112 1023 2312 1079 lumen.

2180 1113 2387 1169 LXXII.
2431 1114 2537 1168 Aut
2569 1114 2705 1169 forte
2738 1115 3081 1170 ealumniaris
3116 1124 3171 1171 et
3200 1116 3367 1172 dicis:
3409 1116 3469 1173 Si
3517 1134 3689 1173 unum

2112 1204 2311 1269 lumen,
2341 1205 2432 1260 ubi
2463 1204 2738 1259 Trinitas?
2772 1208 2852 1259 An
2884 1205 3021 1260 forte
3051 1206 3104 1260 in
3131 1207 3391 1261 vocabulo
3411 1217 3540 1262 sunt
3561 1217 3686 1263 tan-

2111 1303 2224 1349 tum
2268 1302 2323 1349 et
2359 1293 2527 1348 Filius
2563 1301 2617 1349 et
2654 1292 2884 1363 Spiritus
2914 1303 3150 1358 sanctus,
3196 1303 3251 1349 et
3287 1311 3393 1350 non
3432 1304 3559 1350 sunt
3591 1311 3689 1351 ex-

2110 1398 2309 1453 pressa:
2333 1383 2618 1454 persona}?
2654 1382 3023 1451 Respondebo.
3052 1382 3243 1438 Absit:
3284 1384 3386 1438 nisi
3413 1399 3687 1453 expresse

2107 1486 2368 1540 personm,
2408 1482 2462 1525 et
2488 1471 2717 1541 propria:
2740 1472 3090 1527 subsistentes
3120 1473 3246 1528 sibi.
3269 1472 3403 1528 Nam
3440 1475 3493 1529 hi
3512 1490 3544 1529 c
3576 1474 3681 1529 Sa-

2108 1560 2335 1615 helliana
2361 1561 2685 1629 perversitas
2716 1560 3005 1626 adinveuit,
3031 1570 3091 1615 ut
3114 1576 3237 1617 cum
3270 1579 3435 1617 unum
3455 1565 3681 1620 credidit

2110 1649 2464 1717 inseparabile
2489 1649 2687 1715 lumen,
2714 1665 2877 1704 unam
2908 1651 3151 1706 crederet
3185 1653 3349 1706 etiam
3372 1668 3667 1722 personam.

2106 1748 2165 1794 ut
2187 1740 2424 1796 diceret:
2453 1740 2623 1810 ipsum
2656 1741 2758 1796 sibi
2788 1753 2908 1796 esse
2933 1741 3167 1807 Patrem,
3204 1743 3382 1812 ipsum
3423 1745 3522 1799 sibi
3550 1759 3679 1800 esse

2106 1831 2321 1897 Filium,
2352 1833 2524 1901 ipsum
2551 1832 2657 1888 sibi
2687 1848 2807 1888 esse
2834 1832 3092 1902 Spiritum
3117 1843 3385 1889 sanctum.

2175 1923 2403 1978 LXXIII.
2455 1922 2616 1978 Arius
2660 1937 2807 1987 vero,
2836 1938 2868 1977 e
2905 1923 3214 1988 contrario,
3259 1938 3385 1978 cum
3420 1930 3538 1979 tres
3558 1938 3678 1977 cre-

2105 2014 2239 2069 didit
2267 2015 2484 2084 proprie
2518 2013 2623 2068 sibi
2667 2012 3018 2067 subsistentes
3059 2026 3338 2082 personas,
3380 2013 3484 2067 tria
3509 2014 3680 2068 credi.

2104 2106 2185 2161 dit
2211 2113 2265 2160 et
2291 2105 2513 2158 lumina.
2544 2103 2611 2157 Et
2637 2103 2762 2172 quia
2796 2117 2961 2156 unum
3004 2112 3087 2157 est
3119 2101 3315 2166 lumen,
3362 2118 3507 2157 unus
3537 2119 3680 2159 com-

2105 2198 2363 2251 miscebat
2392 2209 2670 2265 personas,
2698 2193 2833 2247 alter
2860 2194 3161 2262 separabat.
3196 2191 3302 2248 Sed
3343 2194 3563 2262 utrique
3610 2196 3678 2249 ab

2104 2306 2211 2345 uno
2236 2290 2436 2343 lumine
2470 2288 2676 2352 cmcati,
2722 2288 2789 2341 ab
2830 2302 2937 2341 uno
2979 2285 3183 2343 lumine
3220 2286 3448 2352 confusi,
3491 2288 3547 2343 id
3573 2298 3680 2353 est,

2105 2380 2158 2433 in
2193 2394 2299 2434 uno
2330 2379 2455 2433 dum
2486 2392 2590 2432 non
2628 2375 2924 2441 commixti,
2962 2376 3031 2432 ab
3072 2391 3182 2431 uno
3206 2376 3677 2446 lumineseparati

2104 2480 2247 2526 sunt.

2173 2558 2405 2612 LXXIV.
2436 2556 2611 2614 Unum
2641 2565 2745 2623 est,
2781 2567 2845 2612 ut
2865 2557 3119 2623 diximus,
3142 2557 3343 2623 lumen,
3369 2552 3465 2614 s'ed
3496 2567 3679 2614 tamus

2103 2649 2155 2702 in
2182 2648 2448 2719 gignente,
2472 2647 2670 2719 genito,
2699 2656 2755 2702 et
2774 2647 3099 2717 procedente
3126 2647 3367 2703 Trinitas
3385 2656 3489 2703 est.
3521 2648 3683 2703 Deni-

2102 2755 2205 2810 que
2225 2740 2369 2794 aliud
2389 2749 2473 2795 est
2499 2740 2764 2810 genuisse,
2796 2738 2941 2793 aliud
2962 2739 3200 2810 genitum
3221 2753 3358 2803 esse,
3375 2739 3524 2794 aliud
3545 2754 3676 2809 pro-

2102 2832 2313 2887 cedere.
2366 2830 2432 2885 Et
2468 2831 2588 2886 ideo
2620 2830 2711 2899 qui
2748 2830 2934 2899 genuit
2959 2844 3065 2885 non
3099 2838 3184 2885 est
3223 2829 3339 2899 ipse
3363 2830 3418 2883 in
3444 2844 3681 2899 pel-sonu.

2103 2922 2193 2991 qui
2227 2922 2440 2990 genitus
2462 2927 2562 2984 εει,
2607 2920 2732 2988 quia
2757 2918 2922 2974 altera
2960 2933 3191 2988 persona
3213 2927 3298 2974 est
3318 2934 3441 2988 qua:
3463 2920 3677 2990 genuit,

2103 3020 2157 3068 ct
2181 3014 2345 3069 altera
2389 3025 2614 3082 persona
2661 3018 2746 3065 est
2779 3025 2899 3080 qua:
2932 3010 3109 3079 genita
3150 3020 3255 3065 est.
3300 3011 3452 3066 Alius
3489 3011 3675 3079 genuit

2101 3103 2286 3169 alium,
2318 3103 2409 3158 sed
2434 3118 2540 3157 non
2584 3100 2727 3155 aliud
2763 3100 2946 3171 genuit
2974 3115 3134 3170 quam
3156 3099 3300 3170 quod
3336 3108 3440 3156 est.
3487 3099 3677 3166 Itest,

2102 3194 2279 3248 lumen
2303 3199 2404 3257 est,
2434 3200 2489 3247 et
2515 3191 2694 3246 lumen
2717 3189 2920 3260 genuit,
2965 3188 3108 3258 quod
3148 3188 3264 3258 ipse
3300 3196 3402 3242 est.
3447 3188 3518 3241 Et
3547 3204 3675 3243 cum

2101 3285 2272 3356 ipsum
2300 3285 2371 3339 sit
2395 3283 2537 3351 quod
2562 3280 2763 3352 genuit,
2800 3295 2907 3335 non
2931 3287 3107 3334 tamen
3129 3279 3245 3350 ipse
3268 3288 3354 3334 est
3373 3295 3535 3348 quem
3574 3295 3671 3350 ge-

2098 3376 2243 3430 nuit:
2265 3375 2441 3445 Ipsum
2474 3373 2687 3443 quidem
2726 3372 2906 3427 lumen
2927 3380 3117 3425 natura
3140 3386 3298 3440 quem
3322 3371 3537 3440 genuit,
3563 3387 3672 3426 non

2100 3475 2277 3520 tamen
2302 3465 2414 3536 ipse
2440 3463 2637 3533 estqui
2662 3462 2845 3535 genuit
2871 3462 3050 3531 genita
3078 3461 3257 3515 lumen
3280 3474 3533 3530 persona.
3562 3460 3674 3516 Nec

2100 3555 2213 3626 ipse
2241 3563 2324 3609 est
2359 3555 2585 3625 gignens
2609 3562 2663 3609 et
2692 3554 2905 3623 genitus
2928 3552 3086 3607 tertia
3116 3566 3237 3622 quae
3269 3551 3340 3605 ab
3372 3551 3459 3605 his
3483 3563 3674 3620 proce-

2099 3644 2177 3701 dit
2199 3659 2446 3715 persona.
2479 3642 2585 3699 Sed
2621 3644 2759 3698 alter
2784 3643 2837 3697 in
2863 3657 3090 3712 persona
3114 3642 3339 3713 gignens
3363 3640 3567 3704 lumen,
3595 3637 3672 3693 al—

2101 3746 2182 3792 ter
2205 3739 2257 3791 in
2274 3750 2502 3806 persona
2527 3735 2764 3804 genitum
2793 3734 2989 3798 lumen,
3037 3732 3173 3787 alter
3200 3733 3255 3786 in
3290 3744 3524 3800 persona
3550 3744 3672 3801 pro-

2098 3827 2293 3881 cedens
2320 3824 2516 3880 lumen.
2547 3824 2614 3878 Et
2634 3824 2831 3887 lumen,
2870 3831 2927 3877 et
2964 3821 3163 3886 lumen,
3190 3828 3245 3876 et
3271 3820 3474 3885 lumen,
3505 3833 3673 3874 unum

2098 3913 2295 3968 lumen.
2325 3913 2392 3967 Et
2426 3914 2751 3983 gignentem,
2799 3918 2856 3965 et
2894 3911 3165 3982 genitum,
3206 3917 3262 3963 et
3291 3909 3671 3977 procedentem

2098 4013 2208 4058 tres
2229 4018 2470 4074 persona:
2490 4012 2546 4057 et
2569 4017 2733 4056 unum
2754 4002 2954 4056 lumen.
2981 4000 3057 4056 Ac
3077 3999 3123 4055 si
3146 4000 3381 4054 dicerem
3410 4016 3425 4051 :
3467 3997 3669 4061 Deum,

2096 4105 2150 4150 et
2175 4095 2359 4157 Deum,
2393 4104 2446 4149 et
2473 4094 2661 4156 Deum,
2689 4108 2854 4147 unum
2875 4091 3064 4146 Deum.
3089 4090 3155 4144 Et
3176 4089 3300 4158 quia
3321 4089 3468 4143 Deus
3487 4087 3671 4158 genuit

2097 4186 2285 4251 Deum,
2310 4195 2364 4240 et
2392 4186 2532 4240 Deus
2561 4184 2824 4254 processit
2849 4184 2913 4238 de
2935 4183 3061 4237 Deo.
3094 4182 3145 4236 in
3169 4182 3441 4251 gignente,
3488 4179 3670 4249 genito

2095 4285 2149 4332 et
2170 4277 2507 4345 procedente,
2535 4285 2643 4329 tres
2671 4282 2796 4329 sunt
2820 4274 3170 4328 subsistentes
3195 4270 3298 4325 sibi
3326 4283 3596 4339 personae,
3612 4278 3670 4322 et

2097 4374 2288 4418 natura
2313 4379 2451 4418 unus
2473 4364 2632 4418 Deus.
2662 4362 2821 4417 Solus
2848 4377 2975 4432 ergo
2995 4361 3163 4415 Filius
3182 4359 3360 4414 lactus
3381 4367 3466 4413 est
3487 4359 3665 4422 homo,

2096 4456 2283 4510 nonin
2313 4455 2519 4509 unitate
2547 4463 2779 4519 naturze,
2825 4453 2920 4507 sed
2965 4452 3017 4506 in
3057 4451 3264 4505 unitate
3299 4465 3568 4519 personae,
3615 4450 3670 4506 id

2096 4559 2198 4614 est,
2228 4548 2405 4602 lumen
2434 4548 2549 4601 sine
2576 4546 2727 4600 initio
2752 4544 2965 4616 genitus
2986 4545 3050 4599 de
3073 4543 3234 4597 Patre
3256 4542 3551 4610 assumpsit
3572 4556 3667 4595 ua-

2097 4651 2273 4696 turam
2297 4644 2561 4693 nostram.
2590 4636 2657 4690 Et
2691 4635 2927 4690 secundo
2970 4633 3150 4688 lumen
3175 4640 3231 4687 et
3258 4646 3455 4701 corpus
3485 4641 3669 4685 natum

2095 4744 2178 4790 est
2200 4736 2264 4790 de
2292 4733 2530 4804 Virgine.
2560 4732 2626 4786 Et
2649 4732 2704 4785 in
2729 4730 2887 4784 Patre
2922 4743 3136 4797 semper
3158 4728 3358 4782 mansit
3388 4710 3670 4795 insepara-

2094 4827 2201 4882 bile
2251 4834 2306 4881 et
2353 4824 2558 4893 aequale
2602 4822 2801 4885 lumen,
2833 4820 2973 4875 sicut
3017 4817 3240 4889 angelus
3269 4817 3451 4871 Maria:
3492 4816 3667 4871 dixit:

2098 4917 2325 4989 Spiritus
2352 4923 2560 4969 sanctus
2585 4912 2901 4981 superveniet
2944 4911 3000 4962 in
3029 4918 3097 4973 te,
3132 4917 3179 4962 et
3219 4908 3379 4962 uir-tus
3415 4905 3671 4960 Altissittti

2096 5006 2417 5064 obumbrubit
2446 5006 2537 5059 tibi
2567 5004 2716 5076 (Luc.
2754 5019 2792 5065 ι,
2821 5001 2933 5068 35).
2983 5001 3119 5067 Quia
3163 5002 3306 5056 enim
3341 5000 3530 5055 umbra
3559 5012 3669 5051 non

2096 5100 2252 5154 aliter
2284 5097 2620 5166 exprimitur,
2668 5095 2773 5148 nisi
2809 5107 2907 5162 per
2943 5093 3120 5146 lumen
3150 5099 3205 5146 et
3233 5104 3448 5158 corpus,
3496 5089 3670 5141 virtus

2094 5192 2142 5245 ei
2188 5187 2447 5242 Altissimi
2492 5183 2849 5245 obumbravit,
2892 5182 3015 5250 quia
3049 5181 3104 5235 in
3130 5178 3247 5247 ejus
3274 5188 3431 5233 utero
3460 5176 3551 5230 lux
3589 5175 3672 5229 in-

2096 5293 2351 5348 corporea
2382 5290 2577 5344 corpus
2601 5273 2848 5343 sumpsit.
2882 5272 2959 5325 Ex
2982 5286 3086 5340 qua
3108 5268 3357 5323 videlicet
3380 5265 3671 5322 obumbra-

2096 5370 2240 5423 tione
2269 5381 2455 5422 omnes
2480 5364 2759 5419 credentes
2792 5362 2846 5415 in
2887 5360 3102 5415 Christo
3130 5359 3184 5413 in
3229 5371 3289 5413 se
3331 5353 3671 5425 refrigerium

2096 5460 2295 5515 mentis
2324 5457 2611 5527 accipiunt.
2647 5455 2849 5510 Umbra
2896 5454 3061 5518 enim,
3107 5461 3168 5506 ut
3193 5451 3305 5520 jam
3337 5450 3587 5507 diximus.
3636 5461 3668 5500 ι

2097 5550 2294 5605 lumine
2323 5536 2664 5603 formatur'et
2693 5558 2935 5613 corpore.
2978 5543 3234 5598 Dominus
3265 5549 3443 5596 autem
3466 5552 3566 5610 per
3588 5535 3671 5592 di—
