3992 6176
307 249 444 306 1017

938 251 1210 308 ΗΕΤΕΒΙΙ
1248 253 1336 308 ΕΤ
1376 254 1432 308 S.
1472 254 1670 308 BEATI
1707 256 1798 308 AD
1833 255 1868 308 E

1969 256 2231 312 ’ANDUM
2269 257 2487 311 EPIST.
2528 289 2596 298 —
2634 259 2760 313 LIB.
2802 259 2865 313 II.

3403 266 3538 322 1018

302 362 580 416 vinitatem
627 361 804 416 lumen
841 371 942 424 est,
979 365 1069 432 qui
1114 365 1381 418 mediante
1428 364 1604 418 anima
1656 365 1710 418 in
1757 363 1873 430 ejus
1904 370 1946 427 Α
1973 364 2253 419 divinitate
2284 381 2385 420 nec
2427 367 2623 427 anima,
2652 365 2743 421 sed
2779 367 2890 421 sola
2921 383 3102 422 carne.
3152 369 3208 424 In
3238 385 3342 438 qua
3379 387 3543 428 carne

303 464 458 508 utero
507 454 624 506 fieri
668 453 919 523 dignatus
962 466 1045 509 est
1091 471 1187 524 per
1219 456 1603 510 humanitatem
1651 470 1866 524 corpus.

305 542 441 607 Quia
469 556 599 610 ergo
647 543 824 597 lumen
870 543 1240 611 incorporeum
1286 545 1341 598 in
1391 543 1507 612 ejus
1555 554 1671 598 erat
1717 551 1873 599 utero

301 635 744 700 comparandum,
771 635 926 702 eique
955 649 1268 704 corporeum
1293 637 1552 704 concepit,
1585 635 1652 688 ad
1677 650 1872 704 corpus

305 721 538 774 dicitur:
581 719 755 774 Virtus
781 722 1029 775 Altissimi
1055 723 1374 776 obumbrabit
1398 723 1508 775 tibi.
1537 723 1593 776 Id
1616 732 1715 785 est,
1750 739 1870 777 cor-

301 825 406 880 pus
434 811 784 865 humanitatis
805 813 858 864 in
884 820 936 866 te
962 812 1156 880 accipit
1193 812 1562 880 incorporeum
1592 812 1768 866 lumen
1793 813 1874 866 di-

302 901 563 954 vinitatis.

376 991 586 1046 LXXV.
635 991 783 1046 Unde
812 1001 866 1045 et
911 992 963 1045 in
995 991 1229 1046 Canticis
1273 992 1602 1046 canticorum
1633 1008 1698 1045 ex
1742 1007 1872 1046 voce

305 1081 499 1151 Sponsi
531 1083 763 1136 dicitur:
803 1081 1078 1136 Osculetur
1102 1099 1182 1136 me
1225 1083 1400 1136 osculo
1439 1084 1542 1135 oris
1581 1083 1683 1135 sui.
1731 1081 1873 1146 Quo-

306 1176 446 1226 niam
472 1173 602 1226 bona
638 1173 793 1225 ubera
836 1183 925 1225 tua
949 1183 1066 1225 sunt
1094 1189 1248 1237 super
1273 1175 1462 1237 riuum,
1513 1183 1559 1225 et
1603 1173 1733 1226 odor
1775 1189 1873 1226 un-

301 1273 609 1332 guentorum
635 1278 790 1331 super
811 1265 982 1315 omnia
1009 1273 1244 1315 aromata
1267 1262 1440 1329 (Cant.
1468 1279 1503 1327 I,
1529 1263 1604 1332 2).
1632 1261 1872 1317 Audistis

302 1351 703 1420 epithalamium
730 1366 965 1413 carmen,
993 1352 1323 1405 dilectissimi
1345 1351 1558 1410 fratres.
1586 1353 1724 1421 quod
1752 1353 1872 1422 Spi-

303 1447 440 1500 ritus
464 1453 680 1499 sauctus
702 1459 796 1514 per
818 1443 1158 1498 Salomonem
1185 1461 1250 1500 ex
1274 1460 1404 1499 voce
1429 1443 1620 1513 Spousi
1644 1453 1698 1498 et
1717 1461 1874 1513 spon-

302 1555 395 1602 sae,
429 1539 481 1592 id
506 1547 588 1592 est
614 1537 813 1594 Christi
838 1547 892 1592 et
917 1537 1186 1598 Ecclesiae,
1217 1552 1314 1606 pro
1336 1537 1632 1592 ccelestium
1662 1538 1871 1604 nuptia-

303 1646 423 1682 rum
451 1629 734 1699 allegorica
761 1629 1129 1684 decantatione
1161 1629 1423 1697 pnedixit.
1471 1627 1694 1694 Quando
1717 1627 1871 1682 Chri-

1974 454 2266 523 redemptio
2287 454 2428 508 facta
2454 465 2537 509 est
2563 457 2778 509 humani
2802 457 3035 525 generis.
3066 457 3216 512 Unde
3241 469 3296 514 et
3320 459 3545 516 Bedent-

1971 551 2179 611 ptoretn
2225 553 2467 598 nostrum
2501 545 2782 600 Dominum
2823 544 3006 600 Jesum
3052 546 3326 603 Christum
3368 552 3545 607 omnis

1972 633 2209 687 Ecclesia
2234 633 2535 687 confitetur.

2043 725 2293 780 LXXVII.
2314 727 2426 780 Iloc
2451 735 2618 780 totum
2641 742 2807 796 quare
2831 728 3094 782 diximus?
3115 729 3216 783 nisi
3235 737 3295 784 ut
3312 731 3543 787 Verbum

1971 832 2187 871 carnem
2214 814 2411 870 factum
2435 817 2626 871 Filium
2650 818 2741 872 Dei
2768 819 3135 887 probaremus.
3172 819 3394 874 Verbum
3419 839 3542 876 caro

1971 907 2168 974 factum
2195 915 2270 958 est
2296 905 2474 975 (Joan.
2508 923 2546 970 1,
2579 906 2687 973 14),
2719 908 2811 960 sed
2838 924 2943 962 non
2968 917 3050 963 est
3076 910 3128 962 in
3163 925 3380 964 carnem
3413 927 3543 966 con-

1970 1009 2204 1056 versum,
2228 994 2364 1048 sicut
2393 1009 2492 1047 nec
2515 994 2692 1047 anima
2730 996 2961 1050 hominis
2992 999 3321 1052 convertitur
3342 999 3396 1052 in
3425 1016 3543 1054 car—

1971 1096 2112 1135 nem.
2162 1082 2228 1135 Et
2264 1097 2383 1135 cum
2411 1083 2464 1135 in
2514 1098 2676 1137 carne
2701 1084 2900 1138 Christi
2944 1087 3150 1140 habitat
3181 1088 3435 1151 Verbum,
3487 1105 3542 1143 In

1970 1181 2152 1226 nostra
2178 1180 2368 1224 natura
2394 1172 2616 1235 habitat,
2655 1175 2778 1241 quia
2804 1175 2915 1242 ipsa
2942 1192 3068 1230 caro
3099 1186 3278 1231 nostra
3317 1187 3418 1232 est.
3461 1179 3542 1232 Illi

1971 1265 2118 1316 carni
2141 1261 2448 1332 adjungitur
2483 1264 2741 1329 Ecclesia,
2774 1276 2855 1320 ει·
2876 1267 2935 1320 ﬁt
2979 1267 3226 1322 Christus
3269 1277 3410 1323 totus
3436 1286 3541 1323 una

1969 1367 2194 1420 persona
2221 1363 2377 1421 caput
2403 1361 2456 1406 ct
2481 1370 2692 1422 corpus.
2732 1356 2798 1409 Et
2831 1372 2952 1409 cum
2982 1358 3035 1410 in
3063 1360 3231 1413 sacris
3261 1361 3541 1414 volumini-

1969 1441 2070 1493 bus
2097 1450 2189 1494 aut
2220 1441 2400 1504 homo,
2439 1449 2531 1494 aut
2560 1457 2706 1506 caro,
2740 1451 2830 1497 aut
2858 1459 3052 1511 corpus
3077 1444 3279 1500 Christi
3301 1449 3541 1501 nomina-

1971 1538 2076 1592 tur,
2116 1545 2220 1584 non
2250 1531 2418 1584 solum
2457 1530 2717 1597 Christus,
2747 1534 2840 1586 sed
2870 1541 2980 1587 tota
3015 1535 3252 1589 Ecclesia
3290 1537 3541 1606 intelligi-

1973 1630 2079 1674 tur.
2130 1621 2233 1675 Sed
2279 1623 2439 1676 habet
2468 1625 2905 1680 consuetudinem
2947 1636 3131 1681 saneta
3176 1628 3450 1697 Scriptura
3482 1637 3542 1682 ut

302 1727 420 1772 stus
454 1733 679 1786 sponsus
710 1727 771 1771 et
788 1718 965 1770 anima
1010 1733 1202 1786 sponsa
1249 1717 1727 1786 oppigneraverunt
1766 1718 1868 1772 sibi
1900 1705 1946 1764 Β
1971 1711 2037 1765 de
2064 1712 2288 1766 Domino
2311 1720 2364 1766 el
2387 1712 2503 1781 ejus
2532 1729 2775 1783 corpore,
2805 1732 2923 1785 quae
2944 1718 3009 1771 de
3032 1735 3140 1773 uno
3163 1728 3254 1772 aut
3278 1721 3344 1774 ad
3373 1736 3537 1775 unum

303 1819 505 1864 castam
533 1810 757 1864 invicem
779 1809 1008 1879 coniugii
1034 1811 1379 1872 voluntatem,
1397 1819 1450 1864 et
1475 1810 1600 1864 facti
1624 1818 1747 1863 sunt
1767 1810 1872 1864 duo

301 1899 359 1954 in
387 1915 547 1954 carne
574 1916 696 1954 una.
737 1900 791 1954 Id
815 1907 927 1963 est,
967 1899 1106 1953 Deus
1152 1908 1205 1953 et
1252 1900 1432 1954 homo.
1464 1901 1578 1953 Duo
1603 1900 1678 1963 hi,
1714 1900 1764 1953 id
1789 1906 1872 1953 est

301 1989 536 2044 Verbum
564 1999 618 2042 et
639 1989 836 2050 anima,
876 2004 981 2042 una
1027 2003 1272 2057 persona,
1312 1988 1550 2058 Sponsus
1593 1998 1646 2041 et
1676 2005 1871 2058 sponsa

302 2080 361 2136 in
394 2095 496 2132 una
529 2094 709 2132 carne.
748 2079 814 2132 Et
842 2077 983 2133 illius
1024 2079 1203 2148 sponsi
1247 2079 1512 2132 thalamus
1549 2078 1644 2132 fuit
1684 2087 1873 2132 uterus

303 2170 547 2238 virginis.
578 2169 711 2235 Quia
749 2169 802 2222 in
844 2169 933 2222 illo
970 2177 1122 2223 utero
1151 2169 1394 2236 virginali
1419 2167 1700 2236 conjuncta
1743 2169 1869 2232 duo,

307 2259 547 2327 Sponsus
575 2268 628 2311 et
653 2273 865 2327 sponsa.
899 2256 1033 2323 Quia
1056 2257 1316 2326 scriptum
1348 2265 1429 2310 est
1455 2273 1468 2308 ε
1495 2256 1560 2309 Et
1587 2266 1736 2309 erunt
1765 2257 1870 2308 duo

303 2350 359 2402 in
385 2365 540 2402 carne
567 2366 690 2402 una.
719 2349 784 2402 Et
810 2348 1066 2401 Dominus
1099 2347 1227 2401 dicit
1255 2345 1307 2398 in
1339 2345 1624 2414 Evangelia
1648 2363 1659 2397 :
1701 2344 1873 2414 Igitur

299 2439 416 2508 jam
455 2456 556 2493 non
593 2448 712 2492 sunt
742 2439 865 2502 duo,
906 2443 995 2491 sed
1042 2454 1147 2490 una
1189 2453 1332 2489 caro.
1364 2436 1495 2501 Quia
1530 2435 1775 2490 Christus
1817 2441 1872 2488 et

307 2530 543 2584 Ecclesia
585 2545 688 2583 non
728 2537 850 2583 sunt
881 2529 997 2582 duae
1038 2543 1227 2583 carnes
1253 2535 1308 2580 et
1337 2527 1441 2580 duo
1486 2525 1745 2588 homines,
1779 2525 1872 2578 sed

302 2638 409 2676 una
452 2638 578 2678 caro
623 2631 676 2676 ct
717 2637 856 2676 unus
893 2623 1070 2675 homo.
1104 2621 1168 2673 Et
1196 2617 1362 2672 Isaias
1401 2619 1600 2687 Optime
1631 2617 1873 2671 meminit

305 2730 472 2770 unum
500 2729 619 2768 esse
643 2730 866 2782 sponsos
895 2714 1048 2767 duos.
1093 2712 1350 2779 Loquitur
1374 2711 1515 2762 enim
1552 2725 1617 2763 ex
1646 2723 1871 2777 persona

305 2803 524 2868 Christi,
551 2811 604 2856 et
635 2803 795 2856 dicit:
840 2798 985 2856 Sicut
1009 2817 1194 2870 sponso
1216 2800 1456 2868 imposuit
1483 2798 1608 2849 mihi
1640 2798 1868 2859 mitram,

305 2904 353 2948 et
382 2894 511 2946 sicut
540 2908 778 2960 sponsam
804 2892 1004 2944 ornavit
1042 2907 1122 2942 me
1149 2898 1471 2942 ornamento.
1506 2887 1618 2940 Una
1643 2900 1870 2954 persona

303 2985 515 3039 videtur
536 2982 699 3051 loqui,
744 2989 798 3036 et
835 2995 1085 3050 sponsum
1116 2993 1174 3032 se
1199 2977 1324 3032 fecit
1350 2986 1404 3030 et
1428 2990 1695 3045 sponsam.
1736 2975 1869 3040 Quia

1970 1800 2227 1870 loquitur,
2258 1809 2419 1870 atque
2456 1803 2509 1856 in
2549 1819 2652 1858 una
2679 1820 2906 1873 persona
2949 1807 3107 1861 modo
3143 1817 3336 1877 caput,
3381 1811 3541 1864 modo

1970 1905 2164 1960 corpus
2186 1893 2501 1946 ostenditur.
2529 1894 2676 1949 Sicut
2693 1896 2873 1958 Isaias,
2894 1905 2953 1951 ut
2972 1913 3130 1969 supra
3151 1899 3403 1963 diximus,
3430 1902 3536 1955 ait:

1969 1979 2152 2034 Induit
2175 1999 2255 2035 me
2273 1985 2565 2038 vestimento
2585 1985 2790 2050 salutis,
2807 1989 2956 2056 quasi
2977 2005 3222 2058 sponsum
3241 1991 3541 2044 decoratum

1971 2087 2183 2135 corona,
2205 2083 2252 2126 et
2279 2073 2429 2142 quasi
2467 2091 2708 2144 sponsam
2747 2088 2982 2131 ornatam
3013 2081 3288 2134 monilibus
3316 2099 3444 2136 suis.
3480 2082 3539 2136 In

1970 2175 2074 2213 una
2099 2161 2242 2215 enim
2266 2177 2494 2230 persona
2519 2165 2714 2232 duplici
2741 2167 2998 2222 vocabqu
3027 2170 3298 2224 nominata
3323 2187 3337 2235 ;
3379 2181 3434 2225 et
3453 2187 3540 2226 ca-

1968 2258 2082 2320 put,
2112 2250 2163 2304 id
2189 2259 2272 2305 est
2300 2251 2586 2326 Sponsum,
2630 2263 2686 2310 et
2714 2255 3030 2323 Ecclesiam,
3077 2259 3132 2314 id
3159 2269 3241 2314 est
3265 2275 3538 2329 sponsam,

1971 2339 2352 2394 manifestavit.

2039 2429 2314 2485 LXXVIII.
2340 2430 2568 2487 Proinde
2593 2435 2882 2490 notandum
2911 2436 2964 2490 in
2995 2435 3302 2506 Scripturis,
3327 2437 3542 2506 quando

1971 2530 2024 2576 et
2050 2530 2208 2591 caput
2248 2531 2303 2577 et
2336 2539 2550 2592 corpus,
2577 2532 2668 2578 aut
2691 2527 2906 2594 quando
2944 2541 3012 2580 ex
3050 2536 3276 2596 utroque
3304 2536 3542 2582 transeat

1971 2613 2038 2667 ad
2068 2622 2372 2682 utrumque,
2397 2623 2487 2668 aut
2514 2617 2583 2670 ab
2612 2615 2784 2670 altero
2815 2615 2882 2670 ad
2918 2618 3166 2671 alterum.
3197 2618 3391 2688 Sicque
3412 2619 3540 2686 quid

1971 2702 2152 2770 capiti,
2184 2703 2311 2772 quid
2340 2705 2552 2773 corpori
2577 2706 2775 2771 veniat,
2807 2707 3042 2774 prudens
3063 2707 3231 2761 lector
3255 2708 3537 2776 intelligat.

1973 2793 2236 2862 Sponsum
2261 2805 2439 2850 autem
2455 2795 2727 2851 Christum
2745 2812 2865 2851 esse
2881 2805 2935 2851 et
2949 2812 3200 2866 sponsam
3223 2797 3537 2862 Ecelcsiam,

1970 2888 2159 2956 probat
2181 2886 2454 2955 Scriptura
2481 2887 2678 2951 divina,
2710 2887 2917 2942 dicente
2936 2887 3144 2941 Joanne
3184 2887 3416 2955 Baptista
3442 2902 3540 2956 pro

1971 2977 2186 3032 Christo
2217 2977 2270 3031 in
2308 2977 2634 3047 Evangelio:
2677 2976 2778 3042 Qui
2820 2975 2970 3030 habet
3013 2993 3274 3045 sponsam,
3320 2991 3538 3046 sponsus

301 3089 410 3128 non
438 3081 561 3128 sunt
590 3075 713 3134 duo,
739 3071 829 3126 sed
853 3087 955 3124 una
983 3085 1129 3134 caro,
1167 3069 1219 3123 id
1243 3076 1344 3134 εει,
1386 3083 1488 3120 una
1533 3074 1723 3119 natura
1750 3080 1871 3119 car-
1896 3037 1942 3101 θ
1971 3077 2064 3121 est.
2098 3068 2304 3121 Amicus
2328 3076 2500 3121 autem
2525 3068 2697 3137 sponsi
2721 3077 2864 3121 stans
2892 3075 2939 3120 et
2969 3068 3183 3121 audiens
3211 3083 3380 3122 vocem
3400 3067 3537 3136 ejus,

303 3164 409 3226 nis,
445 3171 498 3217 et
523 3179 624 3216 una
669 3161 965 3216 substantia
1008 3159 1207 3214 Christi
1253 3166 1306 3212 et
1346 3165 1547 3211 nostra.
1589 3155 1737 3209 Sicut
1765 3169 1872 3208 una

303 3253 600 3307 substantia
625 3260 708 3306 est
743 3250 940 3306 Christi
964 3258 1018 3304 et
1057 3249 1250 3303 Patris.
1297 3248 1428 3313 Quia
1467 3254 1671 3300 etcum
1715 3245 1872 3298 Patre

304 3343 572 3412 perfectus
605 3343 744 3396 Deus
769 3350 868 3404 est,
898 3351 951 3395 et
974 3341 1249 3394 nobiseum
1283 3337 1551 3407 perfectus
1575 3337 1733 3390 homo
1764 3343 1866 3390 est.

306 3435 374 3490 Et
409 3435 548 3487 Deus
573 3441 626 3486 et
651 3433 809 3486 homo
841 3447 906 3484 ex
945 3432 1150 3486 duabus
1180 3430 1386 3483 naturis
1406 3443 1508 3481 una
1539 3441 1764 3496 persona
1790 3431 1873 3478 est

305 3523 570 3577 Christus.
598 3520 732 3586 Quia
761 3520 993 3574 Verbum
1043 3533 1170 3572 caro
1196 3518 1396 3571 factum
1424 3525 1509 3570 est
1533 3524 1586 3567 et
1615 3513 1872 3568 habitavit

305 3613 360 3665 in
388 3611 561 3674 nobis,
606 3611 658 3662 id
689 3617 790 3673 εει,
836 3609 890 3661 in
919 3623 1081 3661 carne
1109 3616 1292 3660 nostra
1324 3605 1603 3658 habitavit.
1653 3603 1785 3668 Quia
1817 3603 1872 3656 in

303 3703 460 3756 nobis
498 3702 720 3765 habitat,
758 3701 969 3768 quando
1009 3701 1061 3752 iu
1103 3713 1267 3752 carne
1309 3705 1495 3751 nostra
1537 3697 1762 3750 habitat.
1804 3696 1872 3751 Et

306 3792 421 3858 ipsa
443 3806 570 3844 caro
595 3797 792 3850 nostra,
828 3789 1005 3856 inqua
1030 3789 1268 3852 habitat,
1313 3788 1426 3855 ipse
1455 3795 1539 3841 est
1577 3787 1669 3854 qui
1715 3787 1864 3840 habi-

305 3890 406 3936 tat.
438 3882 585 3937 Fecit
612 3881 713 3937 sibi
744 3883 958 3937 domum
992 3883 1045 3936 in
1073 3897 1175 3950 qua
1214 3882 1436 3946 habitat,
1468 3891 1522 3936 et
1543 3883 1657 3952 ipsa
1681 3882 1872 3937 domus

302 3971 420 4040 ipse
447 3980 549 4024 est.
685 4031 688 4035 _

372 4059 604 4114 LXXVI.
641 4058 877 4126 Denique
918 4057 1289 4125 earpentarius
1321 4057 1573 4126 quislibet
1609 4057 1737 4114 facit
1765 4059 1868 4113 sibi

302 4151 519 4205 deruunt
548 4149 600 4202 iu
632 4163 735 4217 qua
763 4147 987 4210 habitat,
1013 4149 1106 4202 sed
1131 4149 1245 4217 ipsa
1277 4149 1465 4203 domus
1491 4166 1593 4204 non
1633 4159 1715 4205 est
1757 4151 1869 4220 ipse

303 4243 392 4311 qui
417 4241 636 4295 habitat.
658 4241 723 4294 Et
745 4238 968 4294 fortasse
992 4255 1115 4294 cum
1135 4257 1164 4293 a
1187 4249 1526 4308 persecutore
1548 4242 1659 4311 ipsa
1681 4241 1870 4298 domus

302 4332 591 4400 dissipatur
619 4338 711 4382 aut
737 4329 1056 4392 incenditur,
1103 4329 1370 4382 habitator
1409 4331 1581 4400 surgit
1611 4347 1679 4385 ne
1708 4331 1867 4386 simul

299 4429 506 4492 pereat,
531 4430 585 4474 et
610 4419 1101 4487 relinquitvacuam
1128 4419 1364 4482 domum,
1387 4420 1508 4488 quia
1537 4421 1649 4490 ipsa
1675 4422 1866 4479 domus

301 4530 460 4581 quam
499 4512 771 4566 habitabat
812 4526 913 4563 non
939 4519 1053 4564 erat
1099 4512 1232 4578 ipse.
1279 4509 1393 4565 Non
1423 4513 1500 4566 sic
1527 4514 1667 4568 Deus
1706 4515 1867 4569 homo

299 4604 475 4658 factus
503 4601 761 4656 habitavit
782 4602 834 4653 in
863 4601 1034 4662 nobis,
1060 4601 1110 4654 id
1133 4609 1234 4663 est,
1260 4601 1312 4654 in
1337 4617 1496 4656 carne
1521 4613 1721 4656 nostra.
1748 4603 1865 4657 Non

300 4695 379 4747 sic
408 4692 638 4745 Verbum
686 4689 879 4753 Patris,
926 4697 984 4741 ut
1017 4688 1153 4742 alter
1185 4690 1256 4742 sit
1286 4690 1558 4743 habitator
1601 4700 1656 4744 et
1695 4691 1863 4746 altera

301 4798 428 4837 caro
455 4789 636 4835 nostra
666 4794 826 4848 quam
858 4779 1080 4832 habitat.
1124 4778 1195 4832 Ut
1235 4778 1359 4846 quia
1401 4795 1432 4831 a
1478 4777 1674 4834 Iudaeis
1703 4796 1864 4836 carne

298 4872 652 4932 occideretur,
683 4867 902 4938 fugisset
940 4868 1171 4922 Verbum
1201 4867 1489 4921 habitator.
1522 4867 1674 4922 Absit
1705 4869 1804 4924 hoc
1830 4885 1859 4924 a

302 4963 404 5015 fide
433 4959 714 5014 catholica.
747 4958 853 5012 Sed
879 4958 957 5012 sic
999 4971 1117 5010 esse
1154 4956 1408 5018 Verbum,
1443 4957 1624 5011 anima
1653 4965 1707 5011 et
1735 4973 1862 5014 caro

296 5068 400 5106 una
431 5067 657 5120 persona
681 5049 928 5105 Christus
944 5047 1110 5101 Filius
1134 5047 1244 5110 Dei,
1264 5046 1402 5099 sicut
1428 5047 1652 5114 quilibet
1677 5049 1856 5112 homo,

297 5144 476 5197 anima
503 5150 556 5196 et
576 5157 702 5195 caro
729 5148 812 5194 est
835 5152 938 5191 una
961 5150 1206 5205 persona.
1225 5136 1292 5188 Et
1315 5151 1436 5190 cum
1456 5137 1568 5206 ipse
1590 5137 1749 5192 homo
1769 5154 1860 5194 oc-

297 5235 509 5293 ciditur,
539 5246 644 5284 non
665 5231 862 5292 anima,
879 5228 972 5280 sed
996 5241 1123 5280 caro
1147 5225 1424 5287 occiditur,
1448 5235 1502 5278 et
1525 5225 1701 5281 nullus
1725 5228 1860 5283 alter

295 5338 457 5390 quam
504 5322 616 5390 ipse
659 5321 819 5374 homo
864 5317 1108 5370 moritur.
1153 5316 1243 5370 Sic
1286 5315 1532 5371 Christus
1555 5316 1722 5372 Filius
1765 5318 1856 5375 Dei

297 5418 436 5472 Deus
458 5426 513 5470 et
541 5417 700 5470 homo
735 5419 879 5465 tanta
904 5420 981 5465 est
1015 5411 1218 5464 unitate
1241 5424 1510 5478 personze,
1551 5419 1610 5464 ut
1637 5411 1750 5479 ipse
1789 5413 1858 5468 sit

296 5508 438 5564 Deus
463 5507 553 5576 qui
577 5513 660 5560 est
687 5505 863 5557 homo.
896 5501 961 5554 Et
983 5515 1102 5554 cum
1130 5501 1308 5562 homo,
1355 5501 1407 5554 id
1448 5510 1530 5554 est
1570 5500 1680 5554 sola
1709 5517 1854 5567 caro,

295 5599 576 5666 occiditur,
604 5595 782 5652 nullus
811 5592 947 5650 alter
970 5608 1127 5662 quam
1153 5592 1313 5648 Filius
1339 5593 1431 5648 Dei
1473 5594 1714 5648 moritur.
1740 5593 1856 5649 Non

1968 3175 2077 3228 pra:
2101 3160 2294 3228 gaudio
2329 3159 2672 3214 exhilaretur.
2709 3159 2777 3213 Et
2799 3160 2935 3214 alius
2957 3161 3214 3228 propheta
3237 3160 3398 3215 dicit:
3432 3161 3537 3214 De-

1969 3251 2222 3320 sponsabo
2243 3259 2292 3303 te
2311 3251 2438 3304 mihi
2457 3251 2512 3304 in
2528 3250 2633 3319 ﬁde
2646 3261 2694 3304 et
2715 3252 2984 3304 charitate.
3010 3251 3246 3320 Denique
3266 3253 3369 3307 hoc
3388 3255 3538 3307 carni

1969 3338 2024 3392 in
2046 3339 2262 3395 Christo
2302 3347 2357 3394 et
2399 3340 2638 3395 Ecclesia
2679 3350 2798 3394 esse
2827 3340 3160 3408 praedictum,
3196 3341 3540 3409 pi-mtitulatio

1970 3428 2084 3496 ipsa
2113 3427 2436 3482 manifestat.
2466 3427 2557 3482 Sic
2582 3429 2723 3482 enim
2743 3429 3155 3496 pronuntiantur
3173 3429 3391 3485 Cantica
3413 3444 3541 3484 can-

1969 3519 2217 3579 ticorum,
2246 3531 2311 3571 eo
2335 3517 2476 3585 quod
2503 3533 2663 3586 supra
2687 3518 2864 3571 omnia
2890 3518 3099 3574 cantica
3125 3533 3243 3587 qua:
3271 3527 3363 3572 aut
3393 3518 3540 3590 Moy-

1969 3623 2058 3662 ses
2079 3617 2170 3661 aut
2200 3607 2366 3661 Maria
2407 3609 2460 3661 in
2486 3609 2698 3672 Exodo,
2730 3618 2824 3662 aut
2874 3609 3058 3672 Isaias,
3099 3618 3191 3663 aut
3230 3609 3449 3665 Abacuc
3485 3619 3539 3666 et

1969 3698 2148 3752 caeteri
2178 3698 2508 3752 cecinerunt.
2555 3698 2679 3753 Hrec
2715 3699 2932 3754 meliora
2969 3707 3096 3754 sunt
3139 3700 3378 3764 Cantica,
3413 3702 3539 3770 quia

1969 3788 2042 3842 illi
2069 3796 2160 3840 aut
2185 3803 2282 3857 pro
2303 3788 2613 3844 liberatione
2648 3789 2840 3858 prazlii,
2871 3799 2963 3844 aut
3004 3806 3105 3860 pro
3132 3795 3540 3849 conversatione

1965 3877 2164 3946 populi,
2194 3887 2287 3931 aut
2325 3893 2423 3946 pro
2464 3879 2817 3934 admiratione
2853 3880 3156 3934 divinorum
3197 3896 3419 3950 operum
3449 3898 3540 3938 ac-

1967 3969 2112 4023 censi
2136 3968 2314 4022 animo
2350 3983 2414 4022 ac
2440 3976 2616 4022 mente
2639 3968 2823 4023 laudes
2853 3969 3102 4023 dixerunt
3136 3969 3280 4035 Deo;
3319 3971 3407 4026 hic
3451 3979 3536 4025 ta—

1966 4075 2110 4122 men,
2156 4059 2280 4128 quia
2313 4059 2406 4113 Dei
2444 4059 2694 4114 Ecclesiae
2719 4075 2820 4114 vox
2847 4059 3122 4130 psallentis
3150 4062 3386 4128 auditur,
3415 4077 3538 4132 pro-

1965 4159 2085 4219 pter
2116 4149 2257 4218 quod
2282 4150 2458 4206 divina
2492 4160 2544 4205 et
2564 4151 2796 4205 humana
2818 4151 2916 4205 sibi
2943 4152 3170 4206 invicem
3195 4155 3531 4224 cepulantur,

1967 4241 2087 4294 ideo
2113 4239 2331 4294 Cantica
2363 4240 2715 4304 canticorum,
2763 4240 2818 4296 id
2862 4250 2946 4296 est
2985 4242 3202 4296 meliora
3230 4243 3533 4310 meliorum,

1969 4339 2361 4404 nuncupantur.

2040 4419 2272 4474 LXXIX.
2299 4419 2431 4472 Cum
2454 4432 2583 4485 ergo
2608 4419 2754 4481 dicit,
2793 4417 3071 4472 Osculetur
3097 4435 3177 4472 me
3215 4420 3391 4473 osculo
3427 4424 3532 4476 oris

1966 4510 2068 4562 sui.
2113 4507 2372 4572 Quoniam
2415 4507 2632 4559 meliora
2673 4517 2790 4560 sunt
2830 4507 2988 4560 ubera
3026 4517 3119 4561 tua
3154 4525 3309 4577 super
3335 4509 3529 4574 uinum,

1965 4611 2071 4650 non
2101 4594 2167 4649 de
2197 4595 2298 4648 hoc
2325 4593 2508 4647 osculo
2537 4593 2772 4658 carnali,
2825 4593 2920 4648 sed
2963 4593 3030 4648 de
3064 4595 3326 4663 spirituali
3361 4597 3534 4666 gratia

1965 4685 2302 4754 loquebatur.
2331 4682 2585 4738 Ecclesiae
2607 4684 2807 4738 etenim
2828 4685 3145 4739 venerandae
3177 4685 3532 4744 immaculata:

1962 4777 2185 4846 virginis
2214 4791 2313 4830 vox
2340 4783 2421 4829 est
2445 4775 2513 4828 ad
2544 4772 2815 4828 Christum
2837 4773 3030 4828 Filium
3053 4774 3150 4830 Dei
3183 4776 3530 4830 tricenarium

1953 4867 2223 4937 juvenem,
2251 4868 2523 4930 decorum,
2552 4867 2838 4935 speciosum
2868 4866 3039 4936 forma
3075 4883 3184 4938 prie
3215 4868 3342 4936 ﬁliis
3365 4870 3532 4923 Itami-

1962 4975 2104 5023 num,
2137 4959 2300 5013 verba
2326 4958 2588 5013 facientis.
2617 4957 2750 5024 Quia
2780 4957 2883 5012 alia
2905 4967 3030 5013 sunt
3056 4960 3311 5024 humana,
3326 4959 3430 5012 alia
3453 4959 3532 5014 di-

1958 5051 2084 5105 vina
2120 5051 2336 5105 oracula
2382 5049 2633 5121 [oscula].
2663 5050 2729 5107 Et
2757 5050 2876 5105 ideo
2919 5065 3042 5104 cum
3085 5049 3215 5105 dicit
3248 5049 3525 5106 Ecclesia:

1961 5139 2237 5195 Osculetur
2259 5156 2340 5193 me
2370 5139 2544 5192 osculo
2576 5141 2681 5193 oris
2705 5140 2808 5204 sui,
2834 5140 2949 5193 vult
2981 5140 3096 5209 ipsa
3123 5140 3362 5212 Ecclesia
3386 5155 3530 5211 prte-

1959 5238 2163 5286 sentem
2191 5228 2454 5297 Sponsum
2493 5228 2692 5284 habere
2716 5237 2770 5283 et
2793 5229 3074 5298 praesentis
3098 5244 3284 5286 vocem
3315 5230 3524 5286 audire.

1956 5323 2014 5376 In
2041 5321 2314 5390 prazterito
2341 5319 2484 5373 enim
2513 5328 2770 5388 tempore,
2797 5335 2975 5376 sermo
3002 5321 3096 5376 Dei
3115 5336 3212 5392 per
3234 5323 3524 5391 prophetas

1957 5411 2024 5464 ad
2050 5411 2384 5480 Synagogam
2415 5409 2559 5478 loqui
2601 5417 2972 5474 consueverat,
3009 5417 3064 5464 et
3088 5411 3240 5479 quasi
3265 5425 3363 5480 per
3386 5410 3520 5465 alie-

1957 5517 2082 5555 num
2109 5516 2172 5554 os
2195 5499 2343 5568 pacis
2361 5499 2601 5553 osculum
2623 5499 2801 5554 dabat.
2828 5499 2952 5554 Ilaec
2971 5515 3098 5569 ergo
3126 5499 3384 5565 Ecclesia,
3407 5515 3524 5568 qua:

1956 5605 2081 5644 vere
2105 5603 2298 5658 sponsa
2322 5598 2402 5644 est
2429 5588 2647 5656 Christi,
2675 5596 2923 5646 contenta
2944 5605 3050 5646 non
3073 5600 3155 5646 est
3180 5604 3276 5660 per
3293 5589 3522 5660 prophe-
