3992 6176
417 267 553 320 ίυίθ

1185 265 1602 331 ELIPANDUS,
1629 262 1854 329 FELIX,
1895 261 2242 317 HETERI’US
2280 260 2369 316 ΕΤ
2409 261 2469 316 S.
2511 256 2805 316 BEATUS.

3528 259 3674 312 1020

415 383 497 430 tas
525 375 892 430 tantummodo
923 374 1120 429 Christi
1160 390 1346 444 pacem
1385 377 1647 445 accipere,
1691 377 1783 431 sed
1813 375 1983 448 magis
2012 379 2057 434 Α
2083 374 2234 439 Quod
2261 375 2474 442 quidem
2491 373 2828 442 signiﬁcabat
2856 371 3074 440 nuptias
3093 369 3293 425 Christi
3311 380 3369 424 ct
3388 370 3670 452 Ecclesia,

413 482 510 520 ore
547 466 762 535 proprio
799 465 1118 534 evangelica
1163 466 1466 529 traditionis
1507 474 1770 535 pracepta
1811 465 1987 519 susci-

414 557 587 625 piens,
619 571 648 608 a
681 571 810 610 vero
836 555 1045 624 Sponso
1077 556 1220 609 velut
1247 558 1490 610 osculum
1523 557 1826 611 sanctitatis
1848 556 1991 610 acci-

417 647 519 716 pit.
559 646 621 698 Et
645 646 763 699 ideo
787 645 1047 698 osculetur
1073 662 1154 698 me
1179 646 1356 698 osculo
1385 647 1489 698 oris
1517 646 1618 700 sui.
1651 646 1800 711 Quod
1828 660 1988 714 quam

412 751 540 791 vere
568 734 669 790 fuit
705 737 1070 806 adimpletum,
1120 739 1244 790 hinc
1275 745 1450 806 potest
1490 739 1712 795 addisci.
1754 738 1884 792 Nam
1922 753 1988 791 ex

414 842 480 881 eo
502 827 642 895 quod
669 826 915 880 Christus
950 826 1116 880 Filius
1157 827 1249 880 Dei
1281 828 1571 881 secundum
1601 828 1871 882 hominem
1899 844 1990 881 ve-

415 917 534 972 nire
565 918 814 986 dignatus
835 924 936 980 est,
967 926 1021 970 et
1048 931 1263 970 carnem
1301 918 1639 985 animamque
1668 918 1810 970 velut
1832 932 1992 986 spon—

416 1026 532 1064 sam
581 1009 852 1078 accipere,
902 1008 988 1062 lex
1030 1016 1084 1062 et
1117 1009 1390 1076 propheta:
1431 1017 1806 1073 cessaverunt,
1853 1009 1992 1063 sicut

415 1099 751 1168 E'vangelista
778 1099 853 1152 ait
879 1112 894 1151 :
935 1098 1043 1152 Lea:
1069 1108 1116 1152 et
1141 1099 1400 1168 propheta:
1437 1115 1597 1168 usque
1637 1098 1705 1150 ad
1734 1099 1990 1151 Joannem

414 1189 706 1258 Baptistam
734 1187 948 1256 (Matth.
980 1203 1056 1251 xl,
1089 1187 1198 1256 15).
1223 1187 1288 1240 Ει
1319 1188 1512 1240 iterum
1538 1203 1550 1238 ί
1593 1185 1700 1240 Lex
1723 1203 1812 1256 per
1842 1186 1992 1255 Moy-

414 1300 520 1336 sem
543 1284 667 1337 data
689 1293 782 1336 est.
811 1281 1049 1338 Ecclesia
1090 1282 1233 1335 enim
1251 1322 1265 1341 ,
1315 1289 1375 1334 ut
1415 1279 1701 1349 Apostolus
1729 1279 1989 1343 deﬁnivit,

417 1391 544 1429 caro
569 1374 770 1429 Christi
807 1382 910 1437 est,
944 1372 1035 1441 qui
1073 1372 1184 1425 ait:
1229 1371 1298 1424 Et
1337 1367 1446 1440 ipse
1474 1379 1547 1423 est
1577 1379 1728 1439 caput
1759 1371 1992 1438 corporis

414 1463 682 1517 Ecclesia.
712 1463 807 1518 Cui
836 1470 963 1516 tunc
992 1460 1235 1515 osculum
1270 1460 1372 1514 fide
1396 1468 1450 1513 et
1480 1459 1745 1514 charitate
1766 1457 1992 1526 impres-

413 1569 531 1606 sum
558 1561 660 1616 est,
689 1551 901 1622 quando
938 1550 1043 1606 duo
1064 1551 1117 1603 in
1144 1565 1247 1603 una
1276 1565 1439 1604 carne
1463 1548 1733 1617 conjuncti
1763 1556 1908 1614 sunt,
1937 1547 1991 1601 id

414 1651 516 1705 est,
545 1644 743 1697 veritas
770 1651 825 1695 et
857 1657 960 1711 pax
989 1640 1281 1708 complexa
1304 1649 1428 1694 sunt
1457 1655 1535 1694 se.

2089 468 2144 521 id
2170 474 2270 528 est,
2312 467 2526 534 quando
2555 463 2786 519 Verbum
2813 464 2906 517 Dei
2933 463 3166 516 animam
3198 461 3429 515 hominis
3451 463 3674 532 capula-
3721 522 3724 526 ,

2087 557 2181 617 vit,
2211 564 2544 610 cessaturum
2571 563 2714 609 esset
2741 554 2942 616 vinum,
2991 553 3042 607 id
3075 561 3177 615 est,
3222 553 3414 621 prisce
3453 554 3589 625 legis
3613 563 3672 610 ct

2086 644 2401 713 prophetia,
2426 652 2474 696 et
2503 642 2647 696 aliud
2686 642 3030 710 Evangelium
3054 656 3120 695 ex
3152 641 3494 710 baptismatis
3529 659 3672 712 aqua

2087 732 2347 786 futurum.
2398 731 2549 786 Unde
2583 739 2636 786 et
2659 731 2942 785 credentes
2969 738 3145 784 musto
3187 730 3329 799 pleni
3374 740 3498 785 sunt
3541 733 3671 787 isto.

2088 819 2228 884 Quid
2251 827 2334 874 est
2347 819 2497 874 enim
2526 819 2592 874 de
2617 834 2757 888 aqua
2786 819 2991 883 vinum,
3033 818 3132 872 nisi
3157 819 3355 881 anima,
3381 836 3500 888 qua
3526 831 3674 876 retro

2089 910 2262 965 fuerat
2287 919 2516 972 terrena,
2541 909 2771 979 insipida
2795 917 2850 963 et
2876 918 3091 978 aquata,
3133 909 3184 962 in
3213 925 3423 964 merum
3451 913 3675 981 spiritus

2088 1013 2367 1061 conversa,
2391 997 2731 1064 prastantior
2753 1011 2944 1066 sapore
2971 997 3113 1051 facta
3136 999 3261 1052 est?

2159 1087 2441 1141 LXXXIII.
2461 1087 2526 1141 Et
2549 1087 2679 1141 odor
2693 1098 3072 1158 unguentorum
3089 1098 3298 1142 tuorum
3317 1105 3472 1156 super
3490 1095 3670 1144 omnia

2089 1185 2324 1229 aromata
2353 1174 2528 1242 (Cant.
2560 1191 2632 1239 Iv,
2663 1174 2772 1244 ‘10).
2817 1175 2961 1230 Odor
2999 1177 3252 1245 unguenti
3285 1177 3441 1230 istius
3479 1193 3667 1232 sacro—

2089 1265 2258 1319 sancti
2299 1265 2608 1319 chrismatis
2651 1265 2876 1334 gratiam
2921 1265 3301 1330 manifestavit,
3350 1282 3472 1336 qua
3509 1284 3674 1336 super

2089 1354 2268 1407 omnia
2300 1352 2592 1423 Syuagoga
2619 1353 2809 1424 ﬂagrat
2827 1362 2883 1408 et
2904 1355 3123 1410 redolet.
3151 1355 3243 1410 Illa
3271 1357 3414 1410 enim
3437 1357 3675 1412 habebat

2090 1445 2392 1498 unctionem
2435 1445 2499 1499 de
2539 1445 2825 1512 unguentis
2871 1445 3068 1500 factam
3113 1445 3418 1501 odoriferis.
3465 1447 3672 1504 Christi

2090 1542 2267 1587 autem
2297 1542 2622 1602 unguentum
2652 1550 2715 1588 ex
2747 1534 3040 1604 septiformi
3079 1537 3252 1590 sancti
3283 1537 3518 1606 Spiritus
3542 1554 3672 1594 sna-

2089 1622 2255 1676 vitate
2288 1622 2578 1676 descendit.
2613 1622 2763 1677 Unde
2785 1632 2841 1677 et
2861 1622 3162 1691 subjungit:
3205 1623 3532 1694 Unguentum
3551 1629 3670 1683 esi-

485 1732 695 1786 LXXX.
743 1707 967 1794 Veri—tas,
1016 1707 1208 1798 inquit,
1237 1730 1302 1782 de
1329 1739 1468 1782 terra
1513 1738 1627 1782 orta
1657 1736 1752 1793 est,
1800 1727 1851 1782 id
1883 1733 1990 1791 est,

2095 1713 2331 1766 nanitum
2362 1729 2550 1767 nomen
2575 1722 2722 1768 tuum
2744 1713 2919 1786 (Cant.
2951 1732 2990 1779 ι,
3021 1716 3099 1785 5).
3127 1716 3307 1784 Quare
3343 1719 3514 1788 itaque
3541 1723 3659 1774 exi-

413 1839 541 1877 caro
569 1823 790 1886 Christi,
837 1823 928 1890 qui
974 1822 1039 1875 de
1067 1821 1274 1889 virgine
1319 1827 1475 1873 natus
1499 1827 1609 1880 est,
1652 1817 1804 1887 cujus
1843 1817 1994 1886 origo

413 1923 612 1967 aaterna
642 1921 741 1967 est.
777 1913 896 1966 Pax
939 1913 1002 1966 de
1042 1911 1168 1964 calo
1203 1913 1484 1982 prospexit,
1529 1911 1580 1965 id
1613 1919 1716 1974 est,
1759 1911 1994 1965 Verbum

415 2003 528 2066 Dei,
585 2003 675 2072 qui
723 2003 894 2057 dixit:
935 2002 1046 2072 Ego
1097 2016 1214 2055 sum
1253 2016 1378 2070 pax.
1411 2001 1478 2054 Et
1531 2001 1760 2053 iterum:
1802 1999 1993 2052 Pacem

413 2112 582 2149 meam
609 2096 675 2148 do
705 2095 865 2149 vobis.
894 2095 1007 2149 IIoc
1033 2101 1116 2148 cst
1146 2093 1385 2147 osculum
1412 2092 1644 2146 Verbum
1672 2089 1848 2143 Patris
1877 2105 1996 2160 pro—

412 2189 698 2256 phetarum
725 2201 818 2241 ore
844 2185 1236 2248 aununtiatum,
1264 2183 1407 2253 quod
1445 2198 1474 2236 a
1511 2183 1722 2236 saculis
1757 2181 1995 2251 antiquis

415 2279 572 2349 longa
595 2293 687 2347 spe
710 2292 965 2346 suspensa
986 2276 1253 2346 pependit.
1270 2275 1420 2341 Quod
1441 2274 1655 2343 quidem
1680 2273 1995 2328 adveniente

414 2367 500 2420 die
529 2366 922 2436 sponsaliorum
950 2373 1033 2418 est
1057 2363 1426 2433 adimpletum,
1453 2377 1551 2431 per
1569 2363 1711 2431 quod
1737 2361 1993 2415 annulum

414 2453 536 2508 ﬁdei
567 2463 620 2509 et
646 2455 947 2523 pronuhum
980 2453 1284 2522 nuptiarum
1323 2453 1625 2508 calestium
1657 2452 1864 2520 accepit
1893 2451 1996 2506 Ec—

413 2543 596 2598 clesia.
630 2543 767 2610 Quid
784 2544 927 2597 enim
952 2543 1168 2597 cbarius
1187 2542 1402 2597 Christo
1425 2559 1585 2613 quam
1615 2543 1875 2608 Ecclesia,
1896 2557 1996 2611 pro

415 2649 519 2702 qua
547 2649 703 2687 suum
733 2634 1048 2703 sanguinem
1075 2633 1254 2687 fudit?
1288 2632 1395 2686 Aut
1413 2634 1544 2702 quid
1570 2634 1826 2688 Ecclesia
1849 2648 1996 2687 ama-

415 2724 575 2778 bilius
603 2723 836 2786 Christo,
885 2723 1037 2790 cujus
1071 2732 1267 2779 sancta'
1300 2733 1354 2778 et
1395 2725 1736 2780 immaculata
1775 2723 1996 2792 conjun-

415 2813 594 2866 ctione
643 2829 890 2882 magnam
929 2813 1161 2867 ﬁliorum
1198 2813 1592 2869 multitudinem
1622 2830 1720 2884 per
1744 2814 1995 2883 baptismi

415 2901 872 2971 regenerationem
900 2903 1247 2970 procreavit?
1281 2902 1444 2971 Cujus
1475 2903 1641 2957 fetum
1697 2904 1997 2972 copiosissi-

417 3005 565 3044 mum
589 2989 704 3043 sine
721 2990 902 3044 dolore
921 2991 1163 3044 videmus
1181 2990 1480 3060 profusum.
1495 2991 1657 3060 Cujus
1675 2991 1988 3058 ellicaciam,

2094 1807 2352 1871 nanitum,
2379 1807 2617 1861 breviter
2641 1807 2906 1863 indicabo.
2930 1807 3128 1864 Prisca
3153 1809 3286 1878 legis
3317 1826 3469 1880 reges
3496 1821 3551 1866 et
3577 1829 3668 1868 sa-

2093 1896 2354 1959 cerdotes,
2383 1897 2473 1964 qui
2493 1911 2560 1950 ex
2585 1910 2749 1950 cornu
2772 1898 3076 1951 chrismatis
3096 1900 3452 1968 ungebantur,
3475 1902 3668 1957 christi

2094 1987 2408 2041 dicebautur
2436 1987 2490 2040 in
2529 1987 2676 2058 lege,
2715 2002 2780 2042 eo
2824 1988 2966 2056 quod
3011 1989 3358 2044 similitudine
3401 1993 3679 2048 unctionis

2092 2077 2398 2131 chrismatis
2431 2085 2610 2130 notam
2639 2077 2808 2145 ipsam
2837 2075 3212 2146 perfectiorem
3249 2079 3588 2148 acciperent,
3617 2090 3673 2135 et

2091 2167 2314 2236 proinde
2339 2168 2527 2222 umbra
2571 2169 2749 2235 potius
2777 2183 2934 2235 quam
2962 2168 3189 2222 veritate
3233 2169 3421 2224 christi
3453 2171 3671 2224 nomine

2092 2258 2398 2311 utebantur.
2445 2256 2552 2311 Sed
2593 2257 2682 2310 ubi
2718 2256 2985 2326 plenitudo
3021 2258 3327 2324 divinitatis,
3372 2262 3671 2315 secnndum

2090 2345 2422 2415 Apostolum,
2455 2347 2508 2400 in
2536 2346 2750 2401 Christo
2775 2347 3036 2416 completa
3062 2356 3164 2411 est,
3191 2355 3317 2402 tunc
3334 2349 3670 2404 exinanitum

2091 2445 2176 2492 est
2199 2451 2389 2490 nomen
2424 2451 2610 2490 eorum
2649 2451 2833 2506 regum
2869 2436 2961 2504 qui
3001 2436 3191 2491 ehristi
3220 2437 3556 2502 dicebantur,
3605 2454 3672 2494 ne

2091 2527 2315 2582 ulterius
2343 2527 2446 2582 hoc
2474 2535 2819 2581 censerentur
2844 2527 3120 2582 vocabulo.
3161 2529 3227 2582 Et
3249 2543 3431 2582 verum
3455 2545 3673 2600 perma-

2091 2625 2183 2672 net
2222 2632 2414 2671 nomen
2450 2617 2680 2682 Christi,
2726 2618 2868 2687 quod
2892 2633 2959 2672 ex
2985 2634 3112 2673 vero
3152 2629 3443 2689 unguento,
3490 2621 3544 2676 id
3588 2631 3673 2677 est

2091 2708 2263 2764 sancti
2291 2708 2522 2779 Spiritus
2547 2709 2895 2779 plenitudine,
2926 2719 3008 2764 est
3035 2710 3282 2766 eﬂ‘usum.
3308 2712 3507 2767 Verum
3526 2713 3672 2783 quod

2092 2798 2219 2854 alibi
2250 2800 2359 2852 ait:
2387 2799 2720 2870 Unguentum
2744 2801 2967 2869 eﬂ‘usum
2996 2818 3183 2854 nomen
3210 2811 3377 2867 tuum,
3422 2818 3490 2858 eo
3526 2805 3671 2874 quod

2091 2889 2412 2944 suavissima
2441 2890 2553 2944 veri
2593 2889 2792 2945 Christi
2832 2891 3062 2945 nominis
3095 2891 3268 2962 gratia
3298 2907 3461 2962 super
3484 2909 3678 2949 omnes

2092 2979 2374 3034 credentes
2409 2979 2599 3034 diﬁ‘usa
2621 2989 2726 3045 est,
2747 2989 2802 3034 et
2823 2996 3038 3036 omnem
3075 2983 3290 3036 odorem
3331 2984 3535 3038 notitia
3559 3000 3671 3039 sua

590 3040 700 3043 -κ---
937 3040 1160 3044 mum——
1183 3040 1480 3060 ,ην-*ηπ
1503 3040 1654 3060 ww.“
1681 3040 1988 3058 ν---ν-ν---η

416 3087 472 3130 et
507 3084 566 3131 ut
592 3078 772 3132 verius
802 3080 1048 3143 dixerim,
1085 3090 1258 3135 artem
1288 3083 1542 3137 nascendi
1575 3083 1658 3136 vel
1694 3083 1872 3152 potius
1901 3099 1989 3138 re-

2098 3071 2344 3126 ﬁdelibus
2372 3073 2581 3127 cunctis
2608 3040 2874 3139 effuderit,
2899 3083 3220 3143 unguentum
3246 3075 3468 3143 eﬂ'usum
3490 3076 3674 3145 appel-

416 3168 666 3223 nascendi
696 3169 896 3224 senties
916 3170 1088 3239 magis
1108 3185 1270 3239 quam
1296 3186 1502 3236 narres,
1530 3172 1794 3244 intelligas
1816 3174 1994 3244 potius

415 3272 576 3325 quam
619 3259 1063 3329 comprehendas.
1116 3259 1224 3315 Nec
1257 3261 1510 3316 virtutem
1557 3262 1729 3331 ipsam
1775 3264 1991 3329 videas,

415 3361 516 3400 nec
537 3355 708 3401 artem
737 3362 1048 3417 cognoscas,
1081 3357 1136 3403 et
1160 3358 1336 3403 tamen
1356 3347 1652 3418 perfectum
1674 3365 1826 3420 opus,
1853 3351 1996 3420 quod

416 3436 673 3505 magistra
714 3438 992 3507 sapientia
1036 3446 1092 3491 et
1138 3437 1318 3508 opifex
1349 3440 1486 3494 ratio
1514 3440 1719 3494 elusum
1765 3441 1991 3507 dederit,

417 3542 539 3579 cum
589 3526 770 3580 debita
826 3529 1172 3584 veneratione
1230 3529 1490 3585 laudabis.
1549 3529 1809 3595 Quoniam
1861 3531 1997 3586 bona

417 3619 577 3672 ubera
601 3628 712 3684 tua,
747 3619 938 3690 inquit,
963 3623 1338 3691 super‘vinum.
1368 3623 1564 3678 Habuit
1584 3623 1797 3692 quidem
1817 3624 1996 3693 prisca

417 3707 497 3763 lex
528 3710 633 3763 duo
657 3711 821 3765 ubera
847 3727 911 3765 ex
940 3713 1147 3767 duabus
1179 3715 1376 3768 tabulis
1420 3715 1644 3785 lapideis
1662 3756 1676 3780 ,
1705 3717 1797 3785 qui
1828 3717 1996 3786 digito

417 3798 512 3852 Dei
541 3799 820 3867 impressa,
851 3803 1137 3856 candidum
1175 3803 1258 3858 lac
1299 3805 1593 3873 disciplina:
1614 3807 1838 3874 parvulo
1869 3816 1997 3862 tunc

415 3888 612 3956 populo
659 3891 1042 3956 prabucrunt:
1092 3892 1187 3946 sed
1230 3909 1372 3948 nunc
1423 3896 1588 3948 ubera
1634 3897 1843 3950 Domini
1878 3896 1993 3964 jam

416 3994 522 4032 non
567 3979 704 4043 duo,
748 3979 841 4033 sed
886 3989 1117 4048 quatuor
1154 3984 1520 4050 cognovimus.
1569 3984 1808 4049 Quatuor
1851 3989 1993 4040 enim

416 4066 824 4134 Evangeliorum
846 4066 1020 4122 fontes
1041 4067 1196 4123 dulce
1229 4070 1312 4124 lac
1350 4071 1627 4139 sapientia
1651 4074 1995 4130 credentibus

419 4157 683 4210 tribuunt.

484 4248 721 4303 LXXXI.
738 4249 980 4320 Denique
1003 4250 1262 4305 Dominus
1279 4252 1346 4307 ad
1372 4249 1664 4320 Abraham,
1689 4253 1781 4322 qui
1801 4253 1995 4310 utrius-

415 4357 517 4409 que
543 4340 720 4411 populi
747 4348 903 4410 pater
927 4351 1036 4406 est,
1081 4343 1376 4397 secundum
1415 4360 1633 4399 carnem
1675 4346 1897 4412 scilicet,
1937 4355 1992 4403 et

415 4438 597 4484 uoster
619 4445 686 4484 ex
714 4431 836 4495 ﬁde,
864 4447 987 4486 cum
1010 4431 1060 4486 ei
1090 4433 1457 4488 hareditatem
1488 4434 1668 4490 saculi
1687 4434 1848 4491 futuri
1869 4453 1992 4507 pro-

415 4520 673 4584 mitteret,
704 4521 806 4575 hoe
833 4521 974 4575 inter
999 4531 1194 4577 catera
1231 4511 1440 4594 signum
1473 4525 1721 4580 sacriﬁcii
1751 4527 1990 4596 postula-

415 4609 508 4673 vit,
530 4625 747 4678 capram
775 4611 988 4664 trimam
1015 4619 1070 4666 et
1087 4627 1306 4667 vaccam
1328 4614 1562 4678 trimam,
1587 4622 1646 4667 ut
1667 4630 1846 4684 capra,
1871 4631 1991 4684 qua

413 4697 520 4751 duo
546 4698 712 4750 ubera
739 4697 919 4764 habet,
951 4701 1162 4755 Veteris
1191 4701 1520 4758 Testamenti
1548 4704 1773 4772 ﬁguram
1810 4713 1990 4759 osten-

414 4786 584 4841 deret.
607 4786 674 4840 Et
696 4802 880 4851 vacca,
906 4804 1028 4857 qua
1049 4800 1297 4858 quatuor,
1327 4793 1648 4860 evangelica
1672 4793 1985 4863 disciplina.

416 4873 541 4928 Haec
562 4884 686 4930 sunt
711 4877 852 4930 bona
875 4877 1041 4931 ubera
1071 4879 1310 4943 Domini,
1358 4879 1409 4933 id
1449 4887 1551 4944 est,
1582 4881 1989 4951 Evangeliorum

412 4964 589 5021 fontes
611 4982 796 5036 aqua:
826 4983 948 5036 qua
968 4968 1186 5022 meliora
1213 4978 1339 5024 sunt
1366 4987 1528 5040 super
1553 4973 1734 5026 vinum
1761 4976 1991 5046 prophe-

416 5056 535 5111 tica
567 5057 983 5125 praedicationis,
1014 5074 1119 5128 qua
1155 5059 1240 5114 lex
1267 5061 1448 5115 vinum
1476 5069 1629 5116 vetus
1655 5061 2005 5134 intelligitur.

413 5143 760 5212 Evangelium
788 5147 972 5200 vinum
1002 5162 1219 5202 novum.

482 5235 740 5290 LXXXII.
773 5237 888 5291 Duo
912 5239 1055 5291 enim
1081 5253 1279 5308 genera
1307 5239 1417 5294 vini
1452 5239 1507 5293 in
1535 5239 1831 5310 Scripturis
1873 5259 1987 5299 ca:-

411 5324 636 5380 Iestibus
664 5325 908 5395 legimus.
935 5325 1109 5381 Unum
1137 5329 1280 5398 quod
1305 5329 1445 5397 apud
1465 5327 1739 5384 Chanaam
1759 5331 1992 5386 Galilaa

412 5415 604 5472 defecit
632 5417 699 5471 ad
729 5418 960 5487 nuptias,
986 5418 1131 5471 aliud
1157 5420 1300 5487 quod
1327 5419 1495 5474 multo
1517 5420 1690 5489 magis
1728 5421 1795 5475 de
1827 5422 1991 5476 verbo

413 5509 507 5563 Dei
535 5526 673 5578 aqua
702 5511 884 5565 vinum
917 5520 1002 5565 est
1029 5510 1252 5565 factum.
1305 5509 1458 5567 Uade
1497 5521 1550 5568 et
1580 5512 1826 5566 Salvator
1849 5513 1992 5567 dice-

412 5597 554 5656 batz.
591 5598 779 5654 Vinum
828 5616 1016 5655 norunt
1058 5601 1114 5654 in
1154 5611 1291 5656 utres
1331 5618 1486 5656 net-os
1530 5602 1727 5656 mittere
1767 5613 1985 5670 oportet.

2015 4396 2067 4456 D

2093 3161 2279 3216 latum.
2329 3163 2480 3218 Unde
2518 3171 2573 3217 et
2595 3165 2868 3218 orationes
2912 3172 3220 3218 sanctorum
3257 3165 3311 3219 in
3349 3165 3673 3236 Apocalypsi

2095 3252 2402 3321 thymiama
2427 3261 2551 3307 sunt
2569 3262 2910 3322 comparata.
2943 3254 3093 3310 Unde
3120 3264 3174 3310 et
3201 3256 3470 3324 sequitur:
3503 3257 3672 3312 intro-

2095 3341 2243 3395 duxit
2268 3358 2348 3395 me
2373 3359 2463 3396 rex
2488 3343 2546 3396 in
2565 3342 2862 3397 cubiculum
2883 3361 3057 3398 suum.
3097 3344 3212 3400 Hoc
3238 3345 3479 3400 Ecclesia
3499 3345 3672 3414 loqui-

2095 3441 2203 3499 tur,
2230 3449 2349 3501 qua
2369 3449 2549 3503 regem
2577 3434 2851 3490 Christum
2876 3429 2970 3491 Dei
2991 3437 3183 3491 Filium
3208 3438 3511 3494 conﬁtetur.
3532 3439 3670 3506 Quid

2094 3531 2178 3578 est
2200 3523 2526 3590 cubiculum,
2564 3524 2654 3579 ubi
2681 3525 2928 3580 Christus
2972 3542 3066 3580 rex
3104 3526 3403 3581 Ecclesiam
3428 3529 3669 3598 reginam

2094 3615 2424 3680 introduxit,
2472 3615 2576 3670 nisi
2619 3615 2675 3669 in
2721 3615 2957 3671 calestis
3001 3617 3151 3687 regni
3191 3620 3504 3672 secretum?
3539 3619 3671 3685 Quis

2095 3711 2295 3766 etenim
2320 3710 2546 3774 nesciat,
2595 3708 2721 3763 illuc
2747 3709 3020 3764 Christum
3069 3710 3365 3766 Ecclesiam
3407 3727 3579 3775 suam,
3617 3712 3670 3766 id

2095 3814 2179 3856 est
2203 3817 2418 3857 carnem
2439 3801 2938 3866 suam,introduxit,
2962 3803 3102 3856 unde
3125 3803 3240 3857 sine
3261 3818 3424 3858 carne
3451 3805 3672 3858 descen-

2096 3893 2268 3957 derat,
2316 3893 2370 3946 id
2405 3900 2492 3946 est
2535 3891 2600 3946 de
2645 3892 2826 3946 abdita
2875 3893 3178 3947 calorum?
3213 3893 3441 3948 Carnem
3490 3903 3669 3948 autem

2094 3981 2294 4035 Christi
2325 3979 2618 4034 Ecclesiam
2647 3994 2786 4044 esse,
2823 3979 2990 4034 Paulo
3027 3981 3266 4048 apostolo
3293 3991 3514 4036 auctore
3535 3979 3670 4036 didi-

2095 4072 2286 4136 Limus,
2317 4072 2407 4142 qui
2437 4072 2599 4126 dicit:
2639 4070 2776 4125 Caro
2804 4071 3018 4137 Christi,
3046 4073 3185 4142 quod
3211 4083 3286 4127 est
3312 4071 3574 4127 Ecclesia.
3607 4072 3675 4126 Et

2094 4175 2217 4216 cum
2244 4177 2341 4232 per
2365 4161 2658 4230 gratiarum
2686 4161 2826 4215 dona
2850 4161 3018 4215 multa
3041 4163 3280 4217 membra
3307 4170 3451 4226 sunt,
3478 4177 3675 4231 corpus

2096 4259 2274 4305 tamen
2295 4267 2459 4305 unum
2484 4260 2584 4306 est.
2616 4250 2758 4305 Nam
2787 4260 2835 4305 et
2857 4267 3043 4321 corpus
3080 4269 3184 4306 non
3213 4262 3288 4306 est
3324 4269 3485 4306 unum
3510 4269 3673 4306 mem-

2096 4340 2274 4404 brum,
2305 4348 2366 4393 ut
2408 4341 2486 4394 ait
2520 4339 2836 4409 Apostolus,
2866 4341 2956 4395 sed
2999 4340 3186 4396 multa.
3237 4341 3298 4397 Si
3341 4343 3532 4396 dixerit
3561 4360 3673 4411 pes,

2091 4432 2338 4502 quoniam
2367 4448 2472 4485 non
2497 4449 2614 4486 sum
2639 4448 2846 4496 manus,
2873 4449 2979 4487 non
3007 4449 3122 4486 sum
3158 4433 3222 4488 de
3247 4451 3462 4504 corpore
3490 4451 3510 4498 ;
3548 4451 3672 4487 nam

2089 4518 2207 4573 ideo
2235 4536 2341 4574 non
2369 4531 2443 4573 est
2471 4520 2535 4574 de
2554 4521 2810 4590 corpore?
2846 4520 2915 4575 Et
2942 4523 2988 4576 si
3010 4523 3200 4576 dixerit
3233 4525 3398 4588 auris,
3423 4517 3672 4594 quoniam

2091 4626 2194 4664 non
2217 4627 2334 4664 sum
2361 4611 2425 4664 de
2445 4627 2678 4682 corpore,
2713 4612 2838 4682 quia
2861 4629 2965 4667 non
2988 4628 3104 4667 sum
3143 4613 3365 4678 oculus;
3403 4631 3530 4668 num
3556 4615 3676 4668 ideo

2091 4717 2193 4754 non
2215 4710 2289 4755 est
2314 4702 2379 4755 de
2403 4718 2616 4771 corpore
2637 4703 2662 4755 ?
2695 4703 2757 4758 Si
2781 4713 2946 4758 totum
2969 4722 3156 4775 corpus
3176 4705 3377 4770 oculus,
3404 4707 3492 4760 ubi
3522 4705 3678 4761 audi-

2089 4792 2219 4845 tus?
2243 4790 2303 4846 Si
2329 4801 2494 4845 totum
2515 4792 2747 4858 auditus,
2773 4793 2860 4847 ubi
2885 4794 3134 4849 odoratus
3157 4796 3182 4849 l’
3206 4796 3359 4860 Quod
3387 4813 3432 4850 si
3455 4805 3535 4850 est
3561 4813 3676 4849 om-

2095 4881 2184 4934 nia
2212 4897 2372 4934 unum
2395 4881 2702 4947 membrum,
2720 4883 2807 4936 ubi
2833 4885 3063 4952 corpus?
3089 4885 3142 4939 Ν
3146 4901 3245 4940 unc
3264 4896 3437 4940 autem
3463 4886 3680 4956 quidem

2093 4970 2258 5024 multa
2279 4970 2528 5034 membra,
2567 4987 2729 5024 unum
2757 4988 2872 5025 vero
2905 4989 3115 5043 corpus.
3146 4974 3284 5040 Quid
3318 4991 3450 5045 ergo
3485 4983 3674 5030 sancta

2075 5059 2354 5124 fEcclesia,
2385 5061 2488 5115 nisi
2518 5061 2736 5130 superni
2765 5061 2847 5116 sui
2873 5063 3063 5132 capitis
3090 5080 3284 5135 corpus
3327 5066 3445 5120 est?
3471 5064 3533 5120 In
3567 5081 3676 5134 qua

2093 5151 2229 5204 alius
2253 5149 2359 5204 alta
2389 5150 2550 5214 videt,
2573 5149 2789 5216 oculus;
2813 5151 2950 5205 alius
2967 5162 3112 5208 recta
3137 5155 3427 5223 operando,
3450 5170 3672 5220 manus;

2091 5240 2229 5294 alius
2253 5240 2320 5293 ad
2341 5237 2576 5306 injuncta
2600 5240 2944 5305 recurrendo,
2964 5256 3088 5310 pes;
3121 5242 3256 5297 alius
3281 5250 3675 5312 praceptorum

2090 5346 2277 5385 vocem
2328 5329 2701 5397 intelligendo,
2739 5330 2925 5396 auris;
2963 5331 3102 5387 alius
3142 5332 3406 5387 malorum
3444 5331 3674 5388 fetorem

2090 5421 2459 5488 bonorumque
2484 5419 2835 5488 flagrantiam
2856 5421 3222 5486 discernendo,
3255 5438 3422 5478 nasus
3442 5431 3546 5478 est.
3571 5423 3675 5489 Qui

2090 5511 2448 5580 corporalium
2492 5524 2640 5563 more
2680 5511 3064 5576 membrorum,
3113 5513 3240 5567 dum
3290 5511 3529 5565 vicissim
3570 5508 3672 5564 sibi

2091 5611 2310 5672 accepta
2333 5601 2505 5658 cilicia
2548 5600 2889 5671 impendunt,
2937 5619 3104 5676 unum
3131 5603 3199 5660 de
3223 5601 3528 5674 semetipsis
3554 5614 3668 5660 οω-
