3992 6176
330 259 464 314 1021

963 258 1238 314 IIETERII
1275 259 1363 314 ΕΤ
1402 259 1458 314 S.
1501 255 1701 314 BEATI
1740 258 1831 312 AD
1866 255 2261 313 ELIPANDUM
2297 257 2512 312 EPIST.
2552 290 2624 301 —
2660 261 2788 315 LIB.
2828 261 2891 316 II.

3425 263 3562 318 {023

324 369 487 423 nibus
504 380 700 436 corpus
739 367 986 422 reddunt.
1017 367 1086 422 Et
1113 384 1236 423 cum
1279 369 1488 423 diversa
1535 385 1590 422 in
1637 369 1902 423 charitate
1928 372 1975 429 Α
2004 367 2340 423 sentiendum
2380 385 2448 424 ex
2481 373 2767 442 semetipso
2795 374 2990 428 subtile
3018 374 3218 444 aliquid
3252 391 3357 431 non
3379 392 3564 432 assur-

324 465 608 526 peragunt,
637 456 862 510 divisum
889 470 1006 510 esse
1029 458 1313 526 prohibent
1337 457 1426 510 ubi
1449 457 1808 511 continentur.
1839 455 1896 510 Si

324 556 506 602 autem
531 563 695 602 unum
716 548 844 616 quid
864 549 1040 602 cuncti
1061 557 1298 618 agerent,
1317 563 1511 618 corpus
1532 550 1733 618 utique,
1757 548 1898 617 quod

324 653 392 693 ex
429 639 614 693 multis
661 640 983 703 continetur,
1033 655 1139 693 non
1189 651 1351 694 esset.
1410 641 1576 706 Quia,
1630 642 1894 704 videlicet,

325 728 695 798 multipliciter
733 738 1070 797 compactum
1099 745 1204 783 non
1229 732 1484 785 existeret
1526 730 1572 786 si
1601 733 1739 786 hanc
1773 747 1904 786 con-

325 821 567 877 cordiam
602 821 964 874 membrorum
1009 819 1290 874 diversitas
1333 836 1439 874 non
1487 829 1709 875 teneret.
1764 821 1897 887 Quia

325 929 457 983 ergo
478 911 677 967 sanctis
702 913 957 967 membris
981 912 1234 967 Ecclesue
1257 913 1515 967 virtutum
1544 915 1679 968 dona
1715 913 1898 966 Domi-

325 1017 428 1055 nus
456 1001 666 1064 dividit,
704 1009 955 1070 tanquam
982 1011 1141 1056 terrae
1173 1017 1453 1057 mensuras
1489 1004 1658 1073 ponit.
1686 1003 1752 1056 Et
1778 1018 1900 1057 cum

325 1106 467 1144 unus
495 1089 647 1144 alteri
678 1090 902 1159 gratiam
931 1106 961 1144 a
989 1091 1216 1146 Domino
1240 1091 1421 1145 datam
1452 1092 1658 1155 invidit,
1693 1101 1749 1146 et
1779 1107 1901 1146 eam

325 1178 534 1234 nomini
579 1193 676 1233 suo
715 1179 985 1234 ascribere
1032 1179 1179 1240 velit,
1219 1179 1440 1234 alterius
1482 1179 1706 1234 limitem
1753 1189 1902 1234 tran-

325 1269 553 1324 scendit.
600 1268 780 1339 Limes
822 1270 964 1324 enim
997 1284 1029 1323 a
1055 1271 1407 1326 discernendo
1445 1271 1666 1325 limitem
1706 1288 1903 1328 nomen

327 1361 554 1430 accepit.
586 1359 685 1426 Qui
715 1361 901 1428 gratia:
935 1377 1046 1416 suae
1085 1344 1347 1418 mensurae
1376 1363 1597 1418 limitem
1627 1373 1903 1420 transcen-

327 1451 426 1518 dit,
455 1453 647 1507 cadere
675 1453 805 1518 vult,
835 1452 958 1521 quia
987 1454 1040 1506 in
1064 1454 1358 1522 praecipitio
1382 1455 1569 1522 pedem
1598 1455 1766 1530 ponit.

397 1545 680 1600 LXXXIV.
742 1545 1185 1614 Unumquemque
1234 1561 1363 1614 ergo
1416 1546 1673 1615 reprimat
1719 1554 1896 1602 metus

329 1638 608 1694 diabolicae
645 1639 850 1702 ruinae,
895 1639 987 1708 qui
1025 1639 1150 1694 dum
1190 1654 1350 1708 super
1381 1639 1543 1693 voluit
1578 1654 1699 1694 esse
1740 1654 1902 1708 quam

2002 457 2097 526 git.
2149 458 2254 511 Iste
2301 473 2397 526 per
2436 459 2594 513 fidem
2635 461 2915 517 elementis
2950 462 3194 532 imperat,
3242 479 3339 518 nec
3387 473 3566 520 tamen

2000 560 2096 615 per
2143 547 2389 602 sanitatis
2421 551 2646 619 gratiam
2691 551 3025 607 infirmitates
3070 569 3352 623 corporum
3391 565 3565 610 curat.

2001 633 2094 687 Ille
2141 636 2402 691 orationis
2449 653 2550 706 ope
2608 641 2823 693 morbos
2869 643 3175 704 subtrahit,
3223 659 3322 698 nec
3389 653 3568 698 tamen

2001 714 2406 794 verbo'pluvias
2449 729 2638 783 reddit.
2696 730 2800 785 Iste
2844 732 3154 800 operatione
3179 733 3453 796 \virtutum
3501 734 3568 788 ad

2001 824 2321 881 pnesentem
2352 816 2516 870 vitam
2545 817 2706 871 etiam
2744 829 2983 873 mortuos
3025 829 3257 883 revocat,
3293 828 3348 876 et
3381 830 3571 877 tamen

2001 903 2295 971 prophetia:
2346 905 2571 973 gratiam
2617 922 2722 960 non
2770 907 3004 971 habens,
3039 925 3160 977 qua:
3193 919 3416 965 ventura
3447 921 3572 966 sunt

2002 992 2232 1062 ignorat.
2259 994 2350 1048 Ille
2384 1004 2603 1049 ventura
2631 1012 2856 1065 qumque
2894 999 3038 1053 velut
3075 1002 3359 1067 praesentia
3401 1010 3572 1055 atten-

2003 1084 2100 1149 dit,
2130 1093 2184 1138 et
2213 1092 2391 1140 tamen
2427 1085 2479 1139 in
2517 1086 2660 1139 nulla
2707 1088 2980 1157 signorum
3018 1091 3330 1158 operatione
3374 1106 3432 1146 se
3478 1108 3572 1146 ex-

2002 1177 2153 1230 serit.
2199 1177 2304 1232 Iste
2329 1193 2423 1246 per
2449 1178 2825 1234 discretionem
2857 1162 3149 1250 ‘spirituum
3177 1182 3232 1237 in
3257 1182 3416 1239 factis
3447 1187 3574 1240 sub-

2003 1264 2170 1318 tiliter
2199 1274 2407 1320 mentes
2436 1267 2716 1335 conspicit.
2764 1267 2855 1322 IIIe
2903 1270 3099 1325 diversi
3127 1272 3340 1338 generis
3367 1272 3576 1344 linguas

2003 1357 2303 1419 examinat,
2338 1357 2431 1410 sed
2462 1366 2638 1411 tamen
2686 1358 2738 1411 in
2789 1361 2950 1414 rebus
2995 1361 3262 1416 similibus
3298 1363 3575 1417 dissimilia

2004 1449 2164 1502 corda
2199 1464 2304 1502 non
2343 1456 2549 1518 pensat.
2578 1449 2727 1504 Alius
2759 1449 2811 1503 in
2842 1467 2945 1505 una
2986 1452 3186 1522 lingua,
3222 1468 3380 1522 quam
3407 1454 3574 1519 novit,

2003 1555 2307 1595 sermonum
2333 1540 2566 1608 pondera
2588 1541 2986 1609 interpretando
3015 1545 3309 1613 prudenter
3338 1546 3574 1609 discutit,

2004 1640 2061 1686 et
2109 1642 2289 1686 tamen
2333 1633 2488 1687 bonis
2534 1633 2756 1703 reliquis
2785 1649 2906 1703 qua:
2954 1650 3060 1690 non
3109 1635 3270 1692 habet
3314 1638 3581 1707 patienter

329 1730 475 1798 quod
514 1737 647 1792 erat,
679 1737 733 1783 et
776 1730 950 1799 ipsum
977 1729 1119 1798 quod
1156 1737 1272 1782 erat
1309 1728 1558 1797 perdidit,
1605 1728 1752 1783 etde
1795 1727 1905 1783 alto
1937 1715 1981 1775 Β
2007 1731 2177 1779 caret.

329 1818 696 1889 pratcipitatus
725 1815 972 1885 profundi
1006 1816 1212 1870 inferna
1247 1817 1560 1886 promeruit.

402 1906 662 1983 LXXXV.
707 1907 1085 1977 Unusquisque
1127 1923 1255 1977 ergo
1302 1917 1555 1975 tanquam
1603 1908 1904 1962 membrum

331 1996 577 2065 corporis
608 2011 913 2050 mensuram
938 2011 1090 2051 suam
1111 1997 1371 2050 excedere
1399 2013 1504 2051 non
1540 1997 1716 2051 debet.
1751 1997 1904 2051 Unde

331 2089 528 2145 iterum
555 2088 694 2142 idem
725 2086 922 2142 Paulus
948 2087 1080 2141 dicit
1109 2101 1124 2139 :
1160 2085 1448 2156 Unicuique
1483 2087 1615 2140 sicut
1657 2086 1794 2140 Deus
1825 2086 1906 2138 di-

330 2179 452 2234 visit
485 2193 781 2231 mensuram
807 2176 951 2244 ﬁdei.
981 2175 1112 2230 Item
1149 2176 1260 2244 ipse
1302 2175 1433 2229 dicit
1459 2193 1471 2228 :
1501 2175 1586 2229 Ea:
1611 2191 1711 2244 quo
1736 2184 1903 2227 totum

333 2283 522 2338 σονριιε
553 2275 873 2335 compactum
916 2275 964 2318 ϐε
1010 2280 1294 2318 connexum
1318 2281 1410 2334 per
1446 2281 1647 2318 omnem
1698 2265 1908 2330 iunctu-

336 2375 452 2412 ram
490 2356 987 2412 subministrationis
1011 2356 1294 2413 secundum
1321 2356 1667 2426 operationem
1691 2355 1744 2406 in
1771 2369 1911 2406 men-

337 2467 518 2507 suram
539 2449 904 2518 uniuscujusve
928 2448 1144 2501 membri
1170 2457 1502 2517 augmentum
1529 2446 1760 2516 corporis
1781 2445 1908 2515 facit

337 2546 394 2599 in
419 2543 819 2612 wdiﬁcationem
841 2540 923 2594 sui
949 2540 1003 2594 in
1034 2540 1306 2593 charitate.

408 2633 690 2691 LXXXVI.
732 2632 837 2688 Sed
862 2648 986 2686 cum
1011 2633 1148 2687 miro
1175 2630 1400 2688 consilio
1429 2639 1618 2686 auctor
1643 2644 1708 2685 ac
1733 2628 1912 2699 dispo-

341 2727 480 2783 sitor
506 2733 689 2780 noster
716 2724 810 2779 uni
840 2723 929 2777 illa
965 2722 1193 2794 largitur
1221 2737 1341 2790 quae
1364 2721 1452 2775 alii
1485 2722 1745 2790 denegat,
1777 2732 1913 2788 “quae

340 2817 430 2873 isti
459 2815 701 2887 largitur,
741 2812 1028 2881 unicuique
1068 2826 1351 2866 mensuras
1377 2809 1528 2880 ponit
1572 2826 1586 2861 :
1630 2821 1913 2863 mensuras

342 2907 546 2978 positas
582 2904 762 2976 egredi
797 2903 1006 2969 nititur,
1037 2902 1280 2972 quisquis
1313 2901 1433 2971 plus
1459 2915 1619 2969 quam
1648 2899 1916 2968 acceperit

343 3012 517 3064 major
564 3009 685 3050 esse
727 3003 982 3060 conatur;
1037 3001 1096 3046 ut
1143 2991 1370 3046 fortasse
1415 2990 1502 3044 ille
1553 2991 1639 3046 cui
1685 2998 1914 3045 tantum—

343 3087 503 3142 modo
561 3084 744 3140 datum
792 3092 876 3139 est
923 3091 1308 3154 praeceptorum
1352 3082 1562 3137 occulta
1605 3081 1915 3136 disserendo

345 3177 577 3249 aperire,
618 3184 788 3232 tentet
830 3176 991 3231 etiam
1036 3173 1310 3229 miraculis
1341 3187 1643 3228 coruscare.
1693 3170 1798 3225 Aut
1827 3170 1916 3225 ille

346 3283 508 3338 quem
564 3281 808 3339 supernae
852 3264 1068 3319 virtutis
1116 3263 1314 3319 donum
1381 3263 1448 3317 ad
1498 3262 1610 3317 sola
1657 3259 1918 3315 miracula

348 3362 565 3415 roborat
588 3400 603 3426 ,
645 3359 808 3414 etiam
838 3357 1029 3413 divina:
1051 3357 1185 3428 legis
1222 3356 1432 3427 aperire
1464 3354 1673 3410 occulta
1700 3361 1921 3408 conten-

351 3453 460 3508 dat.
490 3450 547 3505 In
582 3450 878 3521 praecipitio
905 3449 1049 3505 enim
1078 3448 1264 3520 pedem
1302 3446 1549 3516 porrigit,
1588 3443 1680 3513 qui
1709 3457 1922 3497 mensu-

349 3558 534 3598 rarum
576 3556 794 3596 suarum
830 3540 1054 3594 limitem
1081 3554 1186 3593 non
1213 3535 1457 3592 attendit.
1499 3533 1566 3588 Et
1607 3532 1924 3601 plerumque

351 3632 528 3704 perdit
570 3647 632 3686 ea
680 3647 800 3700 quae
841 3637 1142 3698 acceperat,
1186 3627 1311 3696 quia
1343 3625 1614 3678 audaciter
1649 3620 1926 3690 praesumit

352 3727 422 3780 ad
461 3741 522 3778 ea
562 3737 682 3793 qua:
720 3720 1022 3790 pertingere
1065 3733 1171 3772 non
1212 3716 1373 3779 valet,
1413 3713 1653 3781 arripere
1684 3710 1921 3764 festinat.

353 3814 488 3868 Nam
533 3820 587 3866 et
643 3811 1006 3864 membrorum
1054 3814 1360 3861 nostrorum
1409 3811 1536 3856 tunc
1585 3803 1722 3856 bene
1766 3800 1926 3854 mini-

353 3902 534 3958 steriis
571 3902 792 3963 utimur,
841 3913 965 3952 cum
1002 3913 1096 3952 sua
1136 3896 1215 3950 eis
1247 3893 1421 3949 ollicia
1459 3892 1710 3946 distincte
1754 3905 1929 3945 serva-

355 4010 496 4050 mus.
545 3992 745 4062 Lucem
783 3989 978 4059 quippe
1030 3987 1199 4042 oculis
1249 3985 1530 4047 videmus,
1575 3996 1760 4036 vocem
1801 3995 1930 4035 vero

353 4084 573 4138 auribus
621 4080 889 4135 audimus.
931 4078 989 4134 Si
1038 4077 1161 4146 quis
1203 4084 1414 4137 autem,
1465 4080 1671 4128 mutato
1715 4071 1926 4135 ordine,

355 4175 475 4230 voci
501 4173 704 4236 oculos,
755 4170 860 4224 luci
905 4184 1066 4224 aures
1110 4163 1496 4228 accommodet,
1537 4162 1663 4216 huic
1702 4169 1932 4230 utraque

357 4265 412 4319 in
453 4278 634 4318 casum
683 4267 888 4332 patent.
938 4259 995 4313 Si
1035 4258 1157 4328 quis
1203 4264 1379 4309 autem
1424 4253 1618 4307 odores
1666 4251 1794 4304 velit
1837 4265 1932 4304 ore

358 4356 661 4411 discernere
682 4392 697 4416 ,
727 4363 945 4418 sapores
989 4363 1117 4401 nare
1142 4353 1386 4416 gustare,
1425 4341 1705 4409 utriusque
1741 4353 1931 4393 sensus

358 4444 459 4498 sibi
503 4440 890 4504 ministerium,
946 4438 1070 4506 quia
1114 4433 1404 4507 pervertit,
1460 4430 1741 4486 interimit.
1792 4427 1928 4481 Dum

359 4533 503 4587 enim
546 4531 696 4600 prius
729 4531 843 4584 haec
883 4529 1068 4582 usibus
1101 4541 1207 4581 non
1233 4532 1506 4594 aptantur,
1540 4530 1595 4575 et
1624 4535 1720 4575 sua
1753 4516 1930 4573 ofﬁcia

360 4625 652 4687 deserunt,
683 4628 738 4674 et
768 4620 836 4674 ad
869 4629 1127 4675 extranea
1163 4631 1267 4670 non
1295 4621 1604 4684 assurgunt.
1645 4612 1749 4665 Alii
1779 4626 1931 4664 nam-

359 4729 464 4784 que
500 4715 656 4768 datur
695 4727 871 4766 sermo
914 4710 1207 4780 sapientize.
1252 4707 1357 4761 Alii
1385 4721 1563 4762 sermo
1600 4705 1839 4759 scientia:
1877 4705 1932 4757 in

360 4809 548 4863 eodem
590 4805 814 4874 Spiritu.
877 4805 982 4858 Alii
1030 4802 1180 4857 fides.
1237 4799 1342 4853 Alii
1394 4798 1567 4868 gratia
1617 4797 1928 4851 sanitatum.

358 4900 462 4955 Alii
490 4897 729 4968 operatio
758 4897 1036 4950 virtutum.
1081 4893 1186 4947 Alii
1208 4890 1509 4962 prophetia.
1537 4890 1645 4943 Alii
1679 4888 1934 4943 discretio

361 4991 603 5060 spiritus.
647 4989 753 5042 Alii
803 5002 998 5058 genera
1053 4985 1374 5054 linguarum.
1410 4980 1519 5052 Alii
1558 4977 1935 5048 interpretatio

363 5095 671 5139 sermonum
729 5078 1003 5133 tribuitur.
1066 5074 1309 5141 Qualiter
1367 5072 1422 5126 in
1473 5087 1580 5124 uno
1641 5068 1937 5136 eodemque

362 5171 552 5242 spiritu
579 5171 680 5224 iste
716 5169 880 5223 verbo
918 5165 1196 5235 sapientiae
1231 5163 1448 5232 polleat,
1488 5175 1589 5214 nec
1612 5169 1794 5213 tamen
1823 5172 1938 5210 ser-

363 5277 523 5316 mone
539 5260 820 5322 ‘scientiae,
864 5257 917 5312 id
959 5264 1043 5310 est
1077 5254 1350 5318 doctrina),
1385 5252 1602 5322 fulgeat.
1644 5249 1780 5316 Quia
1816 5263 1939 5302 sen-

365 5354 469 5409 tire
496 5361 655 5421 atque
685 5348 922 5404 invenire
958 5346 1152 5401 sulIicit
1196 5345 1358 5400 etiam
1395 5343 1537 5414 quod
1567 5357 1663 5412 per
1698 5336 1935 5394 discendi

364 5445 599 5500 studium
658 5457 766 5496 non
823 5437 1197 5508 apprehendit.
1251 5435 1342 5492 Ille
1392 5449 1643 5491 sermone
1699 5428 1940 5486 scientia:

365 5537 594 5606 fulgeat,
639 5548 739 5588 nec
767 5541 944 5587 tamen
975 5530 1028 5584 in
1062 5530 1226 5584 verbo
1261 5527 1535 5598 sapientia:
1575 5523 1936 5580 convalescat.

365 5631 500 5697 Quia
557 5626 752 5682 sullicit
805 5621 1018 5692 explere
1066 5630 1325 5691 quantum
1359 5620 1522 5684 dicit,
1563 5624 1618 5671 et
1653 5625 1831 5670 tamen
1871 5613 1938 5668 ad

2074 1809 2380 1866 LXXXVII.
2423 1810 2515 1866 Sic
2544 1811 2725 1881 itaque
2757 1822 2971 1869 creator
2995 1823 3178 1869 noster
3202 1831 3267 1870 ac
3289 1815 3581 1884 dispositor

2003 1908 2192 1954 cuncta
2241 1901 2566 1966 moderatur,
2614 1912 2672 1956 ut
2712 1903 2804 1972 qui
2849 1904 3032 1958 extolli
3069 1913 3280 1972 poterat
3325 1919 3392 1958 ex
3438 1905 3580 1959 dono

2005 1991 2146 2056 quod
2175 1989 2354 2052 habet,
2386 1990 2696 2044 humilietur
2733 2009 2800 2046 ex
2822 1992 3020 2047 virtute
3056 2008 3216 2061 quam
3256 2008 3360 2047 non
3393 1993 3578 2046 habet.

2009 2085 2101 2141 Sic
2164 2095 2360 2140 cuncta
2417 2086 2764 2147 moderatur,
2829 2093 2889 2137 ut
2942 2100 3064 2139 cum
3121 2085 3360 2153 impensa
3414 2084 3586 2152 gratia

2005 2190 2441 2243 unumquemque
2478 2174 2965 2250 sublevat,.etiam
3016 2191 3112 2243 per
3151 2175 3416 2243 disparem
3457 2189 3586 2242 gra-

2007 2264 2135 2317 tiam
2179 2264 2331 2317 alteri
2371 2264 2600 2318 alterum
2645 2263 2877 2327 subdat,
2927 2271 2982 2317 et
3031 2263 3305 2318 meliorem
3356 2262 3588 2331 quisque

2009 2355 2150 2409 dono
2179 2355 2288 2409 alio
2321 2369 2443 2408 eum
2478 2355 2568 2424 qui
2595 2356 2698 2408 sibi
2735 2353 3037 2421 subjicitur,
3069 2353 3332 2407 attendat.
3358 2353 3435 2406 Ac
3462 2352 3589 2408 licet

2008 2444 2246 2513 reperire
2289 2443 2369 2516 [se
2412 2443 2625 2516 praeire]
2663 2460 2728 2497 ex
2767 2444 2887 2499 aliis
2922 2445 3148 2507 sentiat,
3195 2444 3366 2498 eidem
3406 2452 3588 2498 tamen

2009 2549 2169 2603 quem
2196 2535 2415 2603 superat
2459 2549 2517 2590 se
2556 2535 2609 2588 in
2641 2534 2760 2588 aliis
2785 2542 3092 2604 postponat.
3137 2533 3229 2588 Sic
3253 2541 3448 2588 cuncta
3475 2548 3591 2588 mo-

2010 2625 2248 2680 deratur.
2295 2626 2360 2679 Et
2387 2626 2513 2680 dum
2557 2625 2768 2694 singula
2803 2641 2923 2694 qua:
2969 2634 3226 2694 quaerunt‘
3244 2624 3444 2697 [erant]
3469 2640 3589 2679 om-

2010 2715 2180 2779 nium,
2230 2714 2545 2784 interposita
2586 2716 2816 2785 quadam
2864 2715 3145 2771 charitatis
3171 2715 3588 2780 necessitudine,

2010 2804 2144 2858 ﬁant
2187 2804 2368 2860 omnia
2415 2804 2768 2874 singulorum.
2812 2805 2879 2859 Et
2910 2805 3276 2875 unusquisque
3321 2805 3400 2861 sic
3450 2805 3594 2874 quod

2013 2911 2120 2950 non
2149 2895 2358 2964 accepit
2390 2895 2444 2949 in
2472 2895 2643 2948 altero
2669 2895 2961 2963 possideat,
2989 2905 3049 2949 ut
3082 2910 3196 2965 ipse
3222 2894 3374 2950 alteri
3415 2895 3593 2963 possi-

2016 2985 2250 3040 dendum
2283 2985 2426 3055 quod
2461 2985 2670 3054 accepit
2713 2986 2989 3041 humiliter
3025 2986 3312 3055 impendat.
3351 2985 3442 3040 Sic
3469 2993 3596 3040 sunt

2020 3075 2246 3130 diversa:
2270 3075 2476 3144 gratiae,
2507 3075 2646 3128 sicut
2675 3081 2729 3130 et
2753 3075 2984 3138 diversa,
3019 3083 3077 3129 ut
3108 3062 3366 3138 diximus,
3397 3088 3591 3142 corpo-

2018 3181 2140 3220 rum
2191 3167 2452 3221 membra.
2505 3166 2573 3219 Et
2621 3182 2742 3235 quae
2801 3173 3050 3236 putamus
3102 3165 3420 3235 ignobiliora
3474 3180 3596 3220 esse

2018 3259 2382 3313 membrorum
2422 3257 2683 3326 corporis,
2727 3257 2812 3310 his
2856 3257 3114 3310 honorem
3145 3255 3598 3310 abundantiorem

2021 3349 2438 3404 circumdamus.
2477 3345 2544 3398 Et
2586 3360 2706 3413 quae
2733 3345 3018 3398 inhonesta
3050 3352 3176 3397 sunt
3204 3353 3392 3398 nostra
3427 3345 3598 3397 abun-

2023 3437 2322 3492 dantiorem
2345 3437 2679 3489 honestatem
2711 3434 2927 3488 habent.
2952 3434 3185 3488 Honesta
3210 3442 3389 3488 autem
3413 3442 3600 3488 nostra

2022 3529 2304 3582 honestate
2335 3525 2532 3578 nullius
2559 3531 2737 3594 egent.
2781 3523 2933 3578 Sicut
2969 3524 3135 3593 iniqui
3184 3526 3309 3580 dum
3352 3525 3598 3594 increpa-

2025 3619 2172 3671 tione
2196 3616 2346 3670 feriri
2380 3630 2487 3669 non
2526 3624 2748 3683 possunt
2777 3653 2792 3677 ,
2824 3615 2976 3682 quasi
3004 3615 3224 3670 honoris
3261 3615 3492 3684 tegmine
3510 3628 3604 3668 ve-

2026 3710 2223 3762 lantur.
2281 3706 2386 3762 Sed
2429 3706 2545 3760 haec
2579 3706 2644 3760 de
2675 3705 2902 3759 occultis
2941 3713 3218 3774 potentum
3259 3705 3498 3773 peccatis
3522 3703 3603 3759 lo-

2027 3800 2260 3869 quimur.
2313 3798 2447 3852 Nam
2488 3800 2701 3868 quando
2747 3808 2802 3854 et
2836 3799 2959 3852 aliis
3001 3798 3446 3867 cognoscentibus
3480 3812 3604 3867 pec-

2028 3898 2172 3954 cant,
2217 3889 2337 3945 aliis
2379 3890 2541 3970 etiam
2586 3891 3035 3959 cognoscentibus
3071 3890 3380 3959 increpandi
3432 3896 3600 3944 sunt:

2029 3995 2116 4044 ne,
2145 3980 2188 4033 si
2216 3980 2532 4048 prmdicator
2560 3988 2723 4042 tacet,
2746 3979 2958 4049 culpam
2982 3980 3305 4049 approbasse
3328 3977 3600 4042 videatur;

2029 4077 2191 4137 atque
2221 4069 2334 4122 ιιωο
2359 4085 2608 4124 crescens
2646 4069 2701 4123 in
2733 4068 3040 4137 exemplum
3071 4067 3270 4133 veniat,
3312 4081 3474 4136 quam
3507 4081 3604 4136 pa-

2031 4158 2193 4212 storis
2222 4157 2400 4228 lingua
2429 4175 2532 4212 non
2561 4166 2728 4214 secat.

2102 4246 2426 4301 LXXXVIII.
2466 4247 2664 4302 Sancta
2686 4264 2816 4318 ergo
2841 4247 3079 4302 Ecclesia
3105 4261 3202 4316 per
3225 4248 3605 4316 praedicatores

2034 4351 2158 4390 suos
2178 4376 2192 4400 ,
2238 4337 2328 4404 qui
2355 4337 2480 4389 dum
2511 4337 2652 4390 facta
2683 4338 2822 4390 mala
2859 4338 2960 4391 sub
2986 4337 3318 4405 dispectione
3355 4337 3602 4403 increpa-

1957 4392 2012 4454 Β
2036 4427 2196 4480 tionis
2239 4392 2554 4492 increpant,
2605 4425 2742 4478 labia
2797 4425 2951 4494 quasi
2989 4392 3217 4494 parcens
3251 4433 3449 4477 movet.
3498 4392 3605 4478 Sed

2032 4525 2210 4570 tamen
2256 4514 2528 4582 parcendo
2563 4529 2667 4567 non
2703 4515 2906 4583 parcit,
2951 4514 3080 4583 quia
3131 4513 3200 4567 ab
3243 4511 3606 4582 increpatione

2031 4605 2201 4673 culpae
2226 4603 2550 4673 generaliter
2580 4618 2686 4656 non
2717 4610 2859 4656 tacet
2887 4617 3006 4670 qua:
3040 4601 3343 4672 specialiter
3368 4610 3529 4655 tacet.

2102 4692 2388 4747 LXXXIX.
2428 4694 2624 4748 Sancta
2672 4709 2800 4763 ergo
2829 4693 3088 4759 Ecclesia,
3125 4694 3270 4764 quod
3300 4709 3497 4766 corpus
3521 4700 3608 4749 est

2033 4784 2228 4839 summi
2266 4785 2458 4854 capitis
2492 4784 2733 4849 Christi,
2781 4784 2833 4837 in
2873 4794 3130 4853 quantum
3178 4801 3236 4840 se
3267 4786 3508 4840 sublevat
3539 4784 3608 4838 ad

2034 4890 2284 4944 superna,
2313 4876 2365 4929 in
2402 4885 2608 4928 tantum
2640 4876 2869 4946 amplius
2908 4876 3116 4932 laborat
3142 4884 3221 4934 ut.
3250 4877 3488 4930 membra
3513 4891 3610 4930 ca-

2033 4966 2129 5034 piti
2161 4967 2442 5034 conquirat
2470 4982 2588 5034 quae
2615 4981 2812 5032 corpus
2841 4965 2955 5034 ejus
2979 4967 3129 5031 ﬁant,
3155 4965 3448 5020 secundum
3470 4963 3612 5035 Apo—

2034 5059 2229 5117 stolum
2259 5059 2349 5127 qui
2377 5059 2506 5113 dicit
2551 5071 2566 5110 :
2617 5056 2717 5111 Vos
2744 5059 2865 5111 estis
2895 5075 3081 5127 corpus
3116 5057 3329 5122 Christi,
3365 5065 3411 5108 et
3444 5071 3611 5110 mem-

2037 5151 2128 5204 bra
2163 5150 2227 5202 de
2257 5147 2502 5200 membro.
2533 5145 2690 5200 Aliud
2720 5156 2803 5200 est
2833 5149 3130 5202 membrum
3157 5146 3398 5214 corporis
3423 5184 3438 5210 ,
3465 5143 3611 5198 aliud

2036 5243 2338 5298 membrum
2374 5239 2622 5293 membri.
2682 5238 2984 5293 Membrum
3028 5239 3223 5308 quippe
3249 5236 3490 5304 corporis
3527 5243 3611 5290 est

2037 5348 2160 5404 pars
2195 5333 2260 5384 ad
2296 5337 2464 5383 totum
2509 5329 2825 5382 membrum.
2864 5328 3158 5383 Membrqu
3203 5343 3329 5381 vero
3377 5326 3608 5382 membri

2037 5431 2120 5479 est
2149 5419 2411 5491 particula
2444 5418 2510 5471 ad
2538 5426 2764 5488 partem.
2793 5419 3090 5472 Membrum
3126 5431 3357 5487 namque
3381 5417 3610 5474 membri

2036 5527 2120 5573 est
2146 5517 2346 5586 digitus
2375 5515 2441 5568 ad
2484 5529 2730 5577 manum,
2774 5529 2966 5569 manus
2991 5515 3060 5569 ad
3105 5498 3407 5570 brachium.
3445 5513 3613 5568 Mem-

2037 5609 2194 5664 brum
2224 5621 2351 5662 vero
2376 5613 2459 5660 est
2497 5605 2757 5672 corporis,
2808 5615 2916 5661 tam
2961 5607 3062 5662 hoc
3102 5605 3280 5672 simul,
3318 5605 3385 5660 ad
3420 5619 3617 5675 corpus
