3992 6176
372 360 663 414 diversum.
693 353 846 408 Sicut
869 348 1014 403 enim
1043 346 1096 400 in
1125 342 1389 414 Spirituali
1418 335 1695 393 Dominico
1719 340 1943 397 corpore
1972 327 2017 385 Δ
2044 320 2192 414 ἁιιρίι
2213 361 2229 387 ν
2264 319 2399 414 (luis
2427 317 2629 414 (ονξηίξε
2657 313 2850 370 “iam
2883 312 3155 414 ξ⁵⁰¹¹ίξ⁰³η⁵
3188 310 3243 365 in
3280 309 3521 414 δυρῗξυεν
3542 323 3637 414 ἠε

376 448 615 502 membra
642 446 709 500 de
736 441 978 496 membro
1004 437 1230 491 dicimus
1254 448 1350 487 eos
1372 430 1464 500 qui
1489 429 1541 483 in
1568 425 1684 494 ejus
1711 419 1950 477 Eccles'a

376 538 446 591 ab
483 535 603 589 aliis
640 537 924 601 reguntur,
969 527 1043 580 ita
1073 526 1126 579 in
1168 524 1257 578 illa
1304 519 1680 576 haereticorum
1720 508 1948 579 reproha

377 620 806 691 congregatione,
837 630 957 684 quae
985 622 1156 667 totum
1193 624 1390 679 corpus
1418 613 1500 661 est
1528 602 1747 665 diaboli,
1779 614 1953 654 mem-

378 712 475 767 bra
501 717 624 764 sunt
647 706 890 763 carnium
908 744 922 768 ,
949 702 1043 771 qui
1080 701 1265 769 iniquo
1303 710 1466 767 opere
1499 691 1822 764 quibusdam
1850 702 1950 743 ne-

379 796 701 868 quitioribus
728 792 1143 861 coniunguntur.

451 885 562 940 XC.
602 885 731 938 Duae
776 882 956 950 itaque
1002 887 1187 948 partes
1214 883 1340 930 sunt
1383 889 1398 927 :
1435 888 1540 928 una
1575 886 1695 941 quas
1728 876 1812 925 εει
1839 884 1956 924 cor-

380 991 483 1046 pus
509 973 741 1035 Christi,
773 978 828 1024 et
855 969 1023 1023 altera
1062 983 1182 1036 quae
1214 975 1299 1021 est
1335 980 1531 1034 corpus
1564 962 1793 1025 diaboli,
1832 976 1952 1030 quae

380 1064 742 1119 Autiehristus
769 1062 986 1117 dicitur.
1036 1059 1171 1131 Quia
1193 1059 1320 1113 dum
1347 1057 1636 1127 bipertitus
1659 1064 1761 1117 est,
1798 1062 1957 1107 vetus

382 1166 437 1211 et
487 1170 676 1219 novus,
726 1153 1018 1209 secundum
1066 1150 1381 1221 Apostolum
1423 1149 1515 1217 qui
1565 1148 1641 1201 ait
1682 1160 1696 1199 :
1740 1145 1954 1199 Primus

386 1247 551 1299 Adam
579 1243 642 1296 de
665 1253 803 1296 terra
834 1252 1068 1295 terrenus
1100 1256 1117 1293 :
1149 1239 1406 1293 secundus
1435 1239 1498 1291 de
1523 1235 1648 1291 caelo
1679 1235 1903 1289 caelestis
1939 1250 1959 1288 :

387 1335 543 1389 modo
588 1347 715 1387 vero
761 1332 814 1385 in
868 1330 1107 1385 Ecclesia
1155 1330 1262 1383 duo
1305 1327 1473 1381 Adam
1518 1333 1673 1388 sunt,
1715 1331 1961 1378 terrenus

386 1433 440 1478 et
491 1423 745 1477 caelestis.
801 1421 868 1474 Et
918 1420 1096 1488 qualis
1145 1427 1419 1480 terrenus,
1456 1416 1593 1471 tales
1634 1423 1689 1468 et
1737 1412 1957 1467 terreni.

388 1518 454 1571 Et
482 1514 655 1585 qualis
688 1512 955 1575 cmlestis,
998 1511 1131 1564 tales
1160 1517 1214 1564 et
1252 1508 1517 1563 caelestes.
1557 1506 1625 1559 Et
1666 1507 1778 1574 ipse
1817 1505 1960 1558 idem

388 1604 675 1676 Apostolus
725 1603 856 1657 dicit
906 1616 920 1654 :
974 1600 1185 1653 Primus
1226 1599 1378 1652 homo
1411 1597 1476 1651 de
1522 1606 1662 1650 terra
1706 1605 1958 1658 terrenus,

2047 413 2254 484 primus
2288 410 2458 465 Adam
2505 409 2770 464 habeatur
2813 405 3057 476 quisquis
3089 418 3187 473 per
3228 405 3451 474 vestigia
3506 405 3643 475 ejus

2048 498 2250 558 ermi'is
2274 501 2557 556 incesserit
2576 539 2591 564 ,
2629 498 2896 554 secundus
2918 495 3085 551 Adam
3112 496 3203 550 ille
3226 496 3298 551 sit
3326 496 3419 566 qui
3446 498 3638 553 Domiv

2050 608 2180 649 num
2218 593 2382 647 fuerit
2422 593 2681 646 imitatus.
2728 589 2794 644 Ili
2843 598 2969 644 sunt
2993 590 3099 644 duo
3143 588 3334 654 Adam,
3362 605 3539 644 novus
3571 596 3638 645 et.

2052 692 2227 748 vetus,
2296 684 2436 738 sicut
2489 681 2779 751 Apostolus
2823 681 2899 735 ait
2934 694 2951 734 :
2986 680 3051 735 In
3081 680 3292 735 Christo
3325 683 3461 736 enim
3497 685 3636 737 Jcsit

2054 794 2216 848 neque
2267 776 2593 830 circumcisio
2634 773 2835 844 aliquid
2877 773 3029 839 valet,
3078 791 3245 844 neque
3290 777 3633 845 prwputinnt,

2055 870 2145 925 sed
2183 886 2314 923 nova
2339 877 2601 921 creatura.
2631 866 2748 921 Non
2794 866 2937 921 enim
2966 865 3143 935 magni
3174 873 3258 920 est
3289 867 3469 920 meriti
3498 868 3635 936 quid

2056 964 2190 1019 foris
2223 971 2415 1033 agatur
2460 962 2514 1016 in
2562 975 2788 1029 corpore
2828 960 3104 1025 hominis,
3148 958 3244 1013 sed
3291 961 3634 1029 pensandum

2057 1063 2139 1109 est
2179 1055 2306 1123 quid
2350 1061 2543 1123 agatur
2577 1052 2630 1105 in
2666 1059 2865 1105 mente.
2914 1050 2970 1104 In
3016 1058 3194 1104 mente
3224 1048 3457 1103 edicitur
3494 1066 3638 1105 nova

2058 1154 2338 1209 creatura,
2374 1160 2471 1215 per
2503 1145 2645 1214 quod
2688 1142 2819 1197 foris
2857 1141 3273 1211 deprehenditur
3316 1142 3371 1196 in
3409 1158 3640 1212 corpore

2060 1237 2291 1306 qualiter
2337 1236 2477 1290 facta
2508 1242 2592 1289 est
2635 1250 2772 1289 nova
2820 1234 2874 1288 in
2921 1237 3118 1288 mente.
3167 1233 3249 1287 Ad
3295 1250 3493 1288 novum
3542 1235 3644 1289 ho—

2062 1330 2262 1385 minem
2332 1329 2566 1397 pertinet
2626 1336 2945 1397 praesentem
2998 1328 3253 1382 mundum
3316 1329 3640 1398 despicere.

2063 1421 2373 1475 transitoria
2416 1435 2522 1474 non
2573 1433 2773 1480 amare,
2824 1426 3059 1473 mentem
3096 1417 3407 1473 medullitus
3435 1420 3488 1474 in
3530 1421 3640 1474 hu-

2064 1510 2291 1565 militate
2338 1509 2447 1562 Deo
2498 1517 2553 1563 et
2608 1509 2853 1578 proximo
2908 1517 3168 1571 sternere,
3206 1520 3390 1565 contra
3455 1512 3637 1570 illatas

2067 1600 2420 1657 contumelias
2463 1599 2777 1669 patientiam
2824 1615 3061 1664 servare,
3115 1608 3170 1655 et
3222 1603 3478 1657 custodita
3532 1619 3637 1672 pa-

390 1664 647 1749 se-cundus
677 1692 741 1746 de
776 1691 901 1745 cazlo
930 1689 1164 1753 cwlestis,
1213 1704 1332 1757 qum
1374 1696 1601 1755 utraque
1645 1701 1811 1740 unum
1860 1693 1964 1738 est.
1994 1664 2044 1725 Β
2071 1692 2255 1748 tientia
2302 1691 2538 1747 dolorem
2587 1691 2806 1745 malitia;
2849 1707 2880 1745 a
2923 1692 3085 1746 corde
3130 1692 3409 1762 expellere,
3449 1697 3643 1765 egenis

393 1784 531 1851 Quia
574 1785 878 1850 ubicunque
922 1780 977 1834 in
1027 1779 1324 1848 Scripturis
1367 1779 1537 1833 sacris
1566 1778 1619 1831 in
1654 1778 1833 1831 Veteri
1865 1775 1972 1830 'l‘e-

395 1880 663 1928 stamento
696 1871 889 1941 legitur
922 1870 1112 1932 homo,
1165 1869 1218 1921 in
1266 1868 1491 1922 Hebraeo
1533 1868 1702 1921 Adam
1748 1869 1966 1924 dicitur.

397 1964 531 2020 Nam
561 1980 682 2019 cum
712 1978 811 2017 nos
838 1962 1067 2018 dicimus
1092 1961 1145 2014 in
1174 1960 1363 2015 Latino
1395 1960 1524 2015 illud
1563 1961 1706 2031 quod
1752 1961 1804 2015 in
1834 1963 1972 2030 psal-

400 2073 490 2112 mo
535 2056 899 2126 octuagesimo
946 2054 1122 2124 primo
1167 2054 1429 2121 scriptum
1469 2064 1598 2108 est:
1657 2052 1759 2107 Vos
1801 2065 1974 2107 autem

399 2149 533 2202 sicut
586 2148 819 2201 homines
866 2144 1198 2206 moriemini,
1258 2144 1315 2198 in
1361 2142 1586 2198 Hebraeo
1624 2144 1832 2199 habet:
1877 2142 1975 2197 Vos

401 2240 535 2293 sicut
567 2238 735 2291 Adam
761 2236 1076 2289 moriemini.
1129 2234 1197 2287 Et
1238 2234 1291 2287 in
1321 2242 1512 2289 octavo
1535 2234 1742 2303 psalmo
1776 2251 1788 2287 :
1836 2234 1976 2300 Quid

401 2340 475 2385 cst
505 2331 657 2383 homo
690 2326 828 2398 quod
872 2341 1069 2379 memor
1119 2341 1173 2378 es
1217 2324 1372 2395 ejus?
1414 2334 1504 2379 aut
1538 2324 1682 2394 [ilius
1719 2327 1976 2395 hominis,

403 2421 650 2492 quoniam
680 2418 858 2472 visitas
893 2432 1012 2470 eum
1037 2416 1061 2468 Ρ
1109 2415 1280 2469 Homo
1303 2416 1471 2470 Adam
1502 2418 1849 2488 accipiendus
1874 2429 1977 2485 est,

407 2512 550 2565 Iilius
579 2509 812 2564 hominis
849 2507 1106 2561 Dominus
1135 2514 1319 2561 noster
1350 2506 1508 2563 Jesus
1549 2508 1796 2564 Christus
1824 2510 1983 2566 intel-

406 2602 652 2672 ligendus
695 2609 796 2666 est,
827 2601 917 2670 qui
958 2599 1100 2655 illius
1128 2600 1327 2655 veteris
1360 2600 1574 2665 Adami,
1623 2601 1714 2671 qui
1761 2616 1858 2670 per
1902 2602 1985 2657 in-

408 2692 765 2750 obedientiam
793 2692 1079 2755 ceciderat,
1120 2700 1248 2746 tunc
1273 2707 1480 2747 memor
1504 2692 1743 2749 visitavit
1769 2694 1984 2764 quando

411 2784 552 2839 intra
602 2792 813 2838 uterum
867 2782 1102 2852 Virginis
1162 2780 1384 2836 Verbum
1443 2800 1566 2837 caro
1624 2784 1823 2854 factum
1876 2797 1981 2854 est,

411 2886 469 2929 ut
518 2875 771 2929 habitaret
803 2874 858 2927 in
910 2874 1075 2926 nobis.
1130 2872 1197 2926 Et
1244 2888 1367 2926 cum
1418 2873 1677 2928 Dominus
1721 2874 1936 2930 dicebat
1967 2890 1982 2907 ο

415 2967 586 3022 Filius
620 2966 844 3020 hominis
887 2964 1122 3018 tradetur
1155 2965 1209 3018 in
1242 2981 1430 3019 manus
1456 2975 1804 3035 peccatorum,
1834 2981 1898 3022 ac
1936 2968 1982 3023 si

416 3063 617 3117 diceret
665 3074 680 3114 :
726 3059 892 3114 Filius
922 3057 1090 3112 Adam
1120 3058 1363 3113 tradetur
1404 3058 1459 3113 in
1507 3075 1697 3115 manus
1734 3070 1985 3132 peccato-

417 3168 558 3208 rum.
614 3151 770 3207 Modo
812 3167 934 3205 cum
975 3150 1030 3205 in
1076 3151 1373 3220 Scripturis
1411 3153 1607 3223 legitur
1646 3154 1828 3222 homo,
1872 3163 1990 3211 tan-

417 3251 532 3297 tum
579 3243 699 3298 dein
750 3243 893 3296 valet
939 3257 1004 3297 ac
1039 3242 1084 3296 si
1115 3242 1288 3306 dicat,
1322 3243 1513 3309 Adam,
1544 3246 1691 3314 prior
1731 3246 1884 3301 homo
1927 3248 1992 3304 de

419 3345 556 3387 terra
605 3344 857 3397 terrenus,
885 3333 1142 3387 secundus
1188 3333 1253 3387 de
1293 3333 1419 3387 caelo
1468 3334 1705 3390 caelestis.
1753 3336 1993 3404 Quarum

421 3430 648 3491 utraque
684 3430 738 3476 ct
772 3438 893 3477 cum
925 3422 1095 3478 Adam
1123 3422 1380 3478 Dominus
1418 3424 1757 3496 exprimitur,
1788 3436 1843 3483 et
1871 3444 1994 3485 cum

423 3512 585 3565 homo
614 3512 829 3577 dicitur,
856 3513 921 3567 de
943 3526 1105 3566 carne
1132 3527 1240 3566 non
1266 3513 1397 3569 exit.

498 3603 628 3659 XCI.
672 3602 779 3659 Sed
830 3602 969 3658 forte
1023 3603 1219 3674 aliquis
1247 3604 1637 3674 specialitatem
1688 3607 1884 3677 quzerit
1935 3616 1997 3665 ut

425 3697 574 3760 dicit,
602 3695 833 3765 qualiter
855 3695 1056 3750 dicitur
1072 3695 1244 3750 Adam
1264 3698 1550 3762 secundus,
1575 3698 1619 3753 si
1643 3697 1813 3755 Adam
1835 3701 1997 3757 homo

428 3786 759 3853 intelligitur,
791 3785 916 3853 quia
935 3793 1061 3839 ante
1087 3785 1265 3855 ipsum
1288 3794 1343 3840 et
1366 3794 1489 3855 post
1511 3787 1688 3857 ipsum
1716 3790 1869 3846 multi
1904 3792 2001 3847 ho-a

429 3876 603 3929 mines
629 3873 883 3928 fuerunt?

503 3962 657 4018 XCII.
712 3963 1084 4032 Respondebo.
1135 3961 1277 4018 Ante
1324 3964 1502 4035 ipsum
1554 3966 1707 4021 multi
1758 3967 2005 4025 homines

434 4054 671 4115 fuerunt,
720 4052 815 4108 sed
853 4066 1042 4106 omnes
1082 4059 1292 4107 veteres
1339 4054 1609 4120 dicuntur,
1657 4071 1796 4112 unus
1832 4056 2003 4115 Adam

435 4144 748 4215 intelligitur
774 4152 945 4199 vetus.
986 4143 1054 4198 Et
1080 4158 1386 4212 quanquam
1425 4146 1746 4215 patriarchae
1784 4158 1838 4205 et
1879 4165 2007 4220 pro-

435 4238 610 4309 phetae
638 4235 846 4306 Spiritu
884 4244 1069 4291 sancto
1094 4235 1284 4305 repleti
1311 4236 1581 4294 Christum
1605 4243 2003 4311 exspectabant,

2069 1784 2285 1856 propria
2311 1783 2549 1836 tribuere
2574 1821 2588 1845 ,
2631 1780 2804 1834 aliena
2833 1795 2940 1835 non
2970 1781 3371 1850 concupiscere,
3404 1785 3646 1840 amicum

2071 1876 2127 1930 in
2162 1875 2272 1929 Deo
2309 1873 2529 1944 diligere
2566 1880 2786 1942 propter
2827 1871 3016 1935 Deum,
3061 1878 3116 1925 et
3163 1887 3256 1927 eos
3304 1873 3396 1942 qui
3438 1874 3647 1930 inimici

2072 1973 2197 2021 sunt
2226 1979 2437 2026 amare,
2460 1963 2548 2037 ide
2571 1960 2858 2017 afﬂictione
2886 1962 3117 2031 proximi
3143 1963 3348 2033 lugere,
3377 1965 3445 2020 de
3471 1976 3652 2022 morte

2073 2055 2188 2125 ejus
2210 2056 2301 2125 qui
2329 2054 2576 2109 inimicus
2608 2060 2692 2108 est
2728 2069 2836 2109 non
2878 2055 3169 2109 exsultare.
3220 2054 3319 2111 Hic
3348 2066 3434 2112 est
3464 2074 3654 2113 secus:-

2074 2148 2176 2203 dus
2200 2148 2389 2202 Adam.
2422 2147 2527 2203 Iste
2558 2156 2641 2202 est
2667 2161 2836 2201 novus
2872 2147 3035 2202 homo
3079 2162 3238 2217 quem
3281 2148 3536 2207 Christus
3574 2169 3657 2208 re-

2074 2238 2228 2293 duxit
2252 2239 2319 2293 ad
2356 2237 2540 2301 caelos,
2579 2236 2719 2292 sicut
2745 2237 2858 2306 ipse
2880 2235 3161 2307 discipulis
3185 2239 3298 2293 suis
3322 2240 3399 2294 ait
3429 2259 3443 2295 :
3478 2241 3649 2297 Nemo

2075 2329 2307 2384 ascendit
2336 2329 2391 2382 in
2419 2329 2602 2383 coelum
2631 2328 2731 2382 nisi
2771 2327 2861 2398 qui
2888 2327 3151 2383 descendit
3180 2329 3245 2383 de
3285 2329 3433 2393 caelo,
3477 2325 3652 2387 Filias

2078 2418 2300 2474 hominis
2339 2419 2428 2490 qui
2465 2429 2540 2473 est
2577 2420 2635 2473 in
2667 2418 2816 2474 caelo.
2855 2415 2954 2472 Cui
2989 2420 3269 2475 sententias
3305 2420 3491 2475 statim
3524 2437 3658 2477 con-

2080 2509 2267 2564 cordat
2303 2507 2447 2578 quod
2481 2508 2594 2579 ipsa
2638 2509 2852 2564 Veritas
2881 2509 3053 2565 dicit:
3090 2509 3267 2574 Pater,
3316 2510 3429 2564 volo
3465 2524 3524 2565 ut
3568 2512 3659 2565 ubi

2080 2613 2172 2666 eqo
2202 2614 2337 2664 sum,
2368 2606 2417 2653 et
2443 2599 2542 2670 ipsi
2571 2598 2673 2653 sint
2696 2616 2919 2655 mecum.
2955 2599 3091 2667 Quia
3121 2601 3223 2656 sibi
3257 2601 3371 2671 ipse
3393 2602 3665 2657 Dominus

2082 2687 2138 2742 in
2160 2688 2340 2743 verbis
2362 2688 2474 2744 suis
2502 2704 2609 2744 non
2642 2689 2939 2761 discrepat,
2968 2691 3063 2747 sed
3088 2693 3157 2746 ad
3190 2692 3512 2762 inquirenda
3541 2693 3662 2750 haec

2083 2781 2237 2850 quasi
2276 2780 2634 2837 discordantia
2681 2782 2918 2837 studium
2956 2784 3154 2839 mentis
3203 2792 3402 2840 nostra:
3456 2784 3666 2840 inﬂam-

2086 2882 2216 2927 mat.
2246 2871 2445 2929 Omnes
2478 2876 2623 2929 enim
2665 2891 2764 2930 nos
2787 2876 2880 2945 qui
2912 2875 2964 2940 in
3012 2875 3129 2945 ejus
3162 2876 3264 2932 ﬁde
3300 2878 3408 2931 nati
3453 2894 3670 2943 sumus,

2087 2961 2203 3031 eius
2241 2963 2357 3018 sine
2383 2964 2543 3019 dubio
2574 2979 2771 3033 corpus
2805 2966 3109 3022 existimus.
3147 2967 3285 3034 Quia
3321 2967 3488 3037 igitur
3524 2968 3669 3023 mira

2090 3048 2486 3124 dispensatione
2528 3055 2745 3126 pietatis
2806 3047 3175 3113 membrorum.
3231 3074 3450 3114 suorum
3505 3068 3669 3129 caput

2087 3145 2347 3200 Dominus
2372 3143 2544 3201 factus
2565 3152 2666 3211 est,
2688 3146 2902 3215 repulsa
2925 3148 3276 3218 reproborum
3301 3147 3665 3211 multitudine,

2090 3236 2236 3291 solus
2275 3244 2359 3291 est
2399 3236 2700 3291 nobiscum.
2750 3236 2919 3291 Nemo
2962 3239 3195 3292 ascendit
3225 3239 3280 3293 in
3317 3238 3523 3305 caelum,
3565 3239 3669 3292 nisi

2090 3328 2179 3398 qui
2208 3326 2468 3381 descendit
2500 3326 2565 3381 de
2592 3327 2737 3382 caelo.
2767 3328 2903 3395 Quia
2934 3328 3060 3383 dum
3089 3345 3190 3385 nos
3222 3346 3389 3384 unum
3414 3346 3538 3385 cum
3578 3330 3671 3386 illo

2087 3416 2200 3487 jam
2222 3417 2388 3473 futuri
2421 3434 2625 3483 sumus,
2666 3420 2809 3474 unde
2836 3419 2984 3475 solus
3014 3420 3164 3474 venit
3192 3420 3245 3474 in
3267 3434 3345 3483 se,
3368 3419 3495 3475 illuc
3523 3420 3675 3475 solus

2094 3510 2235 3566 redit
2254 3510 2417 3564 etiam
2450 3509 2502 3564 in
2529 3511 2702 3573 nobis,
2731 3518 2787 3565 et
2824 3510 2913 3564 ille
2938 3511 3032 3581 qui
3065 3512 3119 3566 in
3157 3511 3296 3567 coelo
3322 3526 3537 3580 semper
3566 3518 3669 3575 est,

2096 3600 2165 3656 ad
2223 3600 2419 3656 coelum
2463 3600 2705 3671 quotidie
2754 3603 3014 3658 ascendit.
3065 3602 3202 3670 Quia
3247 3603 3338 3674 qui
3392 3603 3673 3659 divinitate

2099 3704 2258 3759 super
2293 3689 2471 3745 omnia
2515 3700 2807 3762 permanet,
2858 3692 3210 3749 humanitatis
3259 3709 3371 3749 sua:
3416 3709 3678 3764 compage

2101 3798 2220 3839 sese
2252 3784 2489 3853 quotidie
2515 3785 2583 3840 ad
2614 3785 2782 3841 caelos
2809 3785 2994 3841 trahit.
3025 3786 3141 3841 Non
3174 3803 3304 3858 ergo
3331 3804 3391 3843 se
3426 3787 3678 3858 desperet

2100 3873 2337 3928 humana
2371 3872 2654 3944 fragilitas.
2704 3874 2973 3946 Unigeniti
3019 3877 3267 3949 sanguini
3314 3879 3569 3934 conﬁdat.
3616 3879 3676 3936 In

2101 3964 2334 4033 pretium
2378 3980 2536 4020 suum
2582 3967 2879 4036 conspiciat
2917 3982 3080 4038 quam
3127 3983 3380 4040 magnum
3417 3979 3504 4027 est
3534 3972 3684 4042 quod

2104 4057 2311 4108 tantum
2337 4054 2496 4110 valet.
2525 4053 2830 4125 Perpendat
2864 4058 3090 4114 sollicite
3126 4061 3217 4115 ubi
3248 4069 3411 4131 caput
3430 4078 3681 4132 'praaees-

2105 4143 2193 4199 sit.
2228 4144 2296 4199 Et
2327 4161 2448 4215 quae
2482 4144 2552 4201 ad
2598 4146 2883 4203 vivendum
2920 4151 3204 4220 praeceptis
3244 4154 3580 4225 astringitur,
3610 4156 3685 4211 ad

2107 4235 2431 4302 sperandum
2485 4236 2747 4306 exemplis
2804 4239 3108 4296 roboretur.
3179 4241 3457 4311 Conﬂdat,
3513 4247 3682 4303 celos

437 4337 491 4384 et
542 4328 587 4383 si
626 4343 733 4382 non
773 4327 1041 4383 habebant
1085 4325 1292 4398 culpam
1319 4344 1490 4395 suam,
1522 4339 1707 4388 tamen
1745 4337 1863 4404 pro‘
1887 4334 2003 4406 ipso
2031 4342 2083 4406 υ
2106 4334 2311 4394 δρέπει»
2362 4342 2652 4397 supernam
2692 4328 2952 4398 Damam,
3005 4332 3317 4403 anﬁelomm
3361 4350 3422 4391 se
3471 4337 3684 4392 δοάιηιι

440 4419 656 4474 homine
684 4427 866 4474 vetere
910 4418 965 4473 in
1012 4418 1222 4475 inferno
1268 4424 1608 4479 tenebantur.
1662 4422 1799 4492 Quia
1825 4427 2006 4482 nullus
2110 4415 2263 4481 δείδι’
2291 4424 2451 4487 atque
2481 4419 2537 4473 in
2565 4434 2664 4475 δυο
2693 4419 2868 4491 capite
2887 4420 3170 4491 ["351an
3193 4438 3253 4478 se
3281 4424 3445 4480 θιίιω
3473 4426 3683 4497 θηεειίε

440 4523 626 4563 eorum
653 4523 751 4579 per
786 4524 845 4564 se
884 4517 1097 4578 poterat
1122 4511 1324 4581 egredi,
1374 4511 1479 4567 nisi
1528 4512 1594 4568 de
1640 4514 1776 4569 coelo
1818 4532 2013 4572 secun-

444 4601 543 4655 dus
594 4598 762 4652 Adam
811 4614 981 4653 novus
1023 4614 1122 4668 pro
1171 4599 1279 4655 illis
1312 4601 1679 4658 descenderet.
1722 4602 1860 4671 Quia
1903 4616 2010 4662 tam

445 4687 687 4743 liciuines
726 4685 799 4741 illi
828 4702 962 4756 quos
986 4702 1016 4741 a
1047 4696 1313 4757 potestate
1342 4690 1537 4745 diaboli
1561 4682 1846 4758 liberavit,
1875 4710 2013 4764 quos

444 4791 626 4832 secum
675 4775 742 4829 ad
789 4777 982 4840 cmlos,
1034 4778 1176 4832 unde
1222 4780 1336 4833 sine
1379 4780 1594 4835 homine
1644 4782 2011 4853 descenderat,

444 4882 540 4936 per
586 4881 781 4921 novum
824 4866 1094 4921 hominem
1144 4869 1394 4934 reduxit,
1449 4885 1609 4939 quam
1649 4873 1809 4927 etiam
1845 4885 1899 4929 et
1936 4877 2015 4931 illi

446 4959 535 5029 qui
578 4968 698 5029 post
728 4958 1097 5014 ascensionem
1139 4958 1255 5028 ejus
1293 4961 1341 5013 ei
1371 4958 1670 5032 junguntur
1701 4980 1798 5035 per
1831 4966 2013 5034 ﬁdem,

447 5065 568 5104 eum
614 5052 864 5105 omnibus
905 5050 990 5105 his
1042 5065 1213 5106 novus
1256 5052 1430 5108 Adam
1479 5055 1711 5121 dicitur,
1769 5065 1825 5111 et
1875 5074 2018 5113 unus

448 5145 609 5198 homo
650 5142 863 5198 dicitur.
930 5142 1043 5200 Hoc
1096 5158 1202 5198 non
1248 5155 1333 5200 est
1377 5147 1667 5202 carnaliter
1720 5148 2020 5220 intelligen-

448 5233 595 5288 dum.
633 5233 767 5289 Cum
814 5233 1079 5288 rationem
1107 5234 1325 5305 quaeris,
1372 5236 1509 5290 ratio
1538 5236 1627 5292 hic
1668 5253 1773 5291 non
1816 5238 2013 5303 carnis,

451 5324 545 5378 sed
582 5323 909 5394 operationis
956 5331 1039 5379 est
1082 5323 1339 5379 intuenda
1362 5363 1377 5387 ,
1408 5339 1568 5395 quam
1598 5324 1883 5395 Apostolus
1910 5342 2018 5383 non

354 5435 361 5439 ·
453 5414 703 5469 humanis
728 5413 978 5469 sensibus
1006 5414 1311 5483 explicavit.
1344 5414 1479 5468 Dum
1512 5424 1569 5469 et
1589 5414 1853 5471 Adamum
1872 5426 2021 5472 vete—

455 5517 571 5559 rem
600 5513 654 5559 et
688 5505 971 5560 Dominum
1018 5512 1261 5561 nostrum
1288 5502 1471 5559 Iesum
1509 5504 1784 5561 Christum
1820 5507 1888 5562 ad
1912 5507 2022 5577 pri-

458 5594 639 5651 mitias
667 5610 847 5650 rcrum
881 5596 1146 5653 malarum
1184 5597 1552 5667 bonarumque
1587 5608 1804 5656 revocat
1848 5614 1913 5655 ac
1938 5613 2023 5655 rc-

2110 4507 2355 4576 gaudeat.
2385 4506 2577 4564 Amen.

2181 4596 2360 4652 XCIII.
2397 4597 2481 4652 Ad
2522 4607 2761 4656 veterem
2806 4602 3003 4673 quippe
3054 4604 3225 4659 Adam
3272 4605 3507 4676 pertinet
3548 4621 3689 4676 prte-

2114 4695 2321 4741 sentem
2367 4688 2624 4744 mundum
2670 4705 2937 4759 quaerere,
2971 4694 3278 4748 transitoria
3324 4710 3393 4749 ex
3435 4698 3691 4766 concupi-

2114 4776 2317 4830 scentia
2366 4791 2585 4843 amare,
2653 4787 2890 4834 mentem
2954 4780 3011 4835 in
3066 4784 3370 4853 superbiam
3438 4785 3695 4854 erigere,

2113 4864 2428 4934 patientiam
2490 4880 2596 4920 non
2656 4866 2858 4922 habere
2885 4907 2902 4932 ,
2966 4883 3032 4923 ex
3092 4870 3277 4927 dolore
3338 4872 3560 4928 malitia:
3621 4875 3697 4931 de

2119 4954 2345 5025 proximi
2367 4955 2583 5011 laesione
2604 4956 2863 5024 cogitare,
2889 4972 2987 5012 sua
3015 4957 3378 5028 indigentibus
3400 4976 3509 5015 non
3534 4962 3689 5027 dare,

2118 5044 2186 5098 ad
2210 5043 2610 5114 multiplicanda
2635 5045 2786 5101 lucra
2826 5055 3057 5111 terrena,
3087 5047 3263 5102 aliena
3291 5062 3553 5119 qurerere,
3573 5051 3697 5105 nul-

2117 5134 2228 5189 lum
2252 5143 2450 5205 praeter
2475 5150 2533 5190 se
2554 5135 2793 5205 diligere,
2826 5135 3139 5193 inimicitias
3166 5138 3401 5195 inimicis
3438 5142 3686 5209 reddere,

2119 5226 2185 5281 de
2208 5225 2492 5282 alﬂictione
2510 5227 2741 5298 proximi
2764 5228 3018 5297 gaudere,
3054 5228 3120 5283 de
3154 5236 3329 5284 morte
3363 5230 3568 5288 inimici
3595 5246 3696 5287 ex-

2120 5319 2338 5375 sultare.
2378 5317 2582 5375 Cuncta
2615 5319 2733 5374 hzec
2757 5326 2970 5374 vetusta
2998 5327 3143 5387 sunt,
3172 5321 3512 5392 hominisque
3537 5322 3693 5378 vide-

2121 5409 2249 5465 licet
2291 5410 2356 5465 de
2399 5410 2579 5465 radice
2617 5410 2785 5465 trahit
2821 5411 3241 5480 corruptionem.
3276 5410 3506 5469 Interest
3536 5423 3696 5471 vetus

2122 5503 2311 5565 Adam,
2349 5500 2442 5571 qui
2468 5501 2524 5555 in
2542 5499 2838 5572 Scripturis
2861 5503 3030 5558 sacris
3064 5511 3311 5561 terrenus
3330 5503 3546 5559 dicitur.
3588 5505 3697 5560 Iste

2124 5605 2337 5662 semper
2384 5590 2697 5649 adversatur
2746 5592 3001 5649 Ecclesize
3057 5593 3279 5650 Christi.
3336 5592 3442 5650 Iste
3482 5610 3699 5667 semper
