3992 6176
295 429 434 484 1025

928 427 1206 507 ΗΕΤΕΒῌ
1246 427 1335 483 ΕΤ
1378 427 1435 482 S.
1478 425 1679 481 BEATI
1717 425 1812 480 AD
1850 423 2242 480 ELIPANDUM
2280 422 2494 479 EPIST.
2533 452 2606 465 -—
2640 424 2765 479 LIB.
2805 423 2867 478 Il.

3400 425 3533 482 ιθξσ

289 546 518 612 generat
562 538 631 594 ad
680 546 925 594 mortem.
994 537 1118 592 Haec
1174 553 1298 608 pars
1344 553 1466 607 qua:
1516 544 1741 608 generat
1793 534 1861 589 ad
1890 537 2089 596 Acum
2121 536 2302 591 verbis
2344 537 2505 591 corda
2541 537 2806 599 inﬁciunt,
2860 535 2913 589 in
2957 548 3123 603 opere
3173 531 3534 594 innocentiam

296 635 561 691 inertem,
621 641 728 681 nox
778 627 992 689 dicitur.
1045 626 1205 679 Fiunt
1259 633 1315 680 et
1366 627 1452 680 hie
1497 626 1761 694 baptisma
1811 632 1869 678 et

282 718 476 774 noninia
524 716 888 772 ecclesiastica
931 724 1302 782 sacramenta;
1360 717 1452 771 sed
1495 716 1621 786 quia
1659 723 1714 770 et
1760 716 1870 769 bte-

296 806 447 861 retici
491 806 669 869 ﬁdem,
711 814 767 859 et
817 804 1016 860 subditi
1045 820 1254 869 eorum,
1298 819 1433 873 quos
1467 811 1677 873 regunt,
1704 816 1869 872 opere

292 912 329 953 ο
353 911 414 952 se
437 895 679 950 dividunt
710 893 1006 959 Christum,
1038 902 1094 948 et
1119 910 1284 948 unum
1310 892 1560 947 videntur
1588 892 1867 947 nobiscum

296 999 582 1044 commune
633 984 833 1038 habere
879 983 1067 1055 altare.
1114 982 1186 1036 Et
1229 983 1354 1038 inde
1396 997 1592 1037 nomen
1633 982 1869 1051 paterni-

297 1077 426 1131 tatis
465 1080 761 1137 assumunt,
807 1087 904 1142 per
944 1088 1107 1142 quam
1136 1074 1211 1126 'et
1243 1080 1575 1126 sacramenta
1617 1071 1868 1126 Ecclesia:

295 1178 559 1233 usurpare
594 1172 943 1232 praasumunt.
975 1161 1247 1217 Generant
1286 1161 1503 1231 quidem
1548 1160 1718 1224 ﬁlios,
1773 1159 1867 1213 sed

295 1246 425 1323 quia
463 1253 631 1306 Adam
675 1259 825 1307 vetus
868 1260 967 1316 est,
999 1267 1107 1306 non
1150 1250 1217 1304 ad
1257 1251 1422 1303 vitam
1457 1257 1732 1320 generant,
1772 1250 1867 1304 sed

296 1343 367 1397 ad
392 1349 620 1396 mortem
649 1356 666 1394 :
710 1349 892 1410 patres
925 1341 992 1395 ab
1026 1339 1288 1409 imperitis
1325 1347 1610 1402 vocantur,
1649 1338 1742 1392 sed
1770 1351 1868 1406 pro

297 1446 365 1485 eo
387 1430 529 1500 quod
554 1438 699 1484 recta
722 1446 827 1485 non
855 1430 1164 1500 loquuntur,
1191 1444 1352 1484 canes
1376 1429 1510 1483 muti
1541 1444 1571 1482 a
1604 1428 1864 1497 propheta

297 1530 688 1590 nuneupantur,
734 1522 827 1592 qui
875 1522 952 1575 ait
994 1535 1011 1575 :
1061 1519 1229 1575 Canes
1278 1520 1447 1584 muti,
1494 1536 1598 1573 non
1637 1518 1865 1573 valentes

296 1609 515 1663 latrare.

368 1698 551 1755 XCIV.
590 1699 778 1755 Patres
804 1713 931 1753 vero
959 1698 1337 1753 haereticorum
1370 1697 1600 1753 dicimus
1627 1710 1741 1760 eos,
1785 1696 1867 1751 vi-

296 1789 511 1855 delicet,
566 1784 702 1858 quos
749 1788 1135 1843 haeresiarchas
1187 1802 1461 1842 vocamus.
1507 1786 1584 1841 De
1632 1801 1863 1854 quorum

1934 623 2275 680 .ostendunt.
2303 625 2487 693 Neque
2513 625 2660 677 enim
2693 624 2760 678 ad
2788 638 2847 678 se
2875 624 3046 678 bonos
3067 625 3417 692 persuasione
3436 643 3536 683 sua

1967 711 2260 776 traherent,
2283 713 2328 767 si
2352 727 2411 768 se
2430 712 2553 766 etin
2564 711 2867 766 actionibus
2884 724 3170 781 perversos
3190 713 3533 771 exhiberent.

2038 799 2237 858 XCVII.
2279 801 2384 858 Sed
2405 802 2529 871 quia
2568 809 2732 857 testes
2757 799 2915 869 hujus
2940 801 3181 870 perplexi
3216 803 3408 858 nervis
3427 803 3533 857 illi-

1967 900 2183 963 gantur,
2207 900 2261 947 et
2288 899 2462 947 rectos
2484 905 2543 946 se
2568 899 2846 946 ostentant
2857 901 2918 946 ut
2940 891 3173 957 lateant,
3199 901 3253 947 et
3281 907 3536 962 perversa

1965 983 2260 1051 corripiant
2290 990 2348 1037 ut
2395 991 2771 1051 corrumpant,
2822 982 2995 1051 ipsum
3040 982 3160 1038 sine
3192 983 3354 1038 dubio
3378 999 3535 1039 suum

1966 1078 2127 1140 caput
2167 1071 2461 1137 imitantes,
2492 1074 2583 1140 qui
2623 1071 2779 1141 quasi
2824 1071 2908 1125 leo
2936 1071 3089 1126 sedet
3129 1072 3185 1127 in
3223 1072 3452 1139 insidiis,
3481 1081 3537 1128 et

1965 1161 2118 1217 saevit
2160 1175 2257 1229 per
2277 1161 2574 1229 potentiam
2622 1161 2823 1215 terreni
2854 1160 3122 1225 culminis,
3162 1168 3219 1215 et
3260 1161 3536 1216 blanditur

1965 1264 2062 1319 per
2106 1250 2342 1318 speciem
2389 1250 2714 1305 sanctitatis.
2764 1249 2871 1305 Sed
2922 1250 3286 1306 Antichristus
3327 1251 3533 1307 utinam

1967 1348 2097 1394 tunc
2125 1338 2295 1393 solum
2326 1337 2453 1392 talia
2499 1346 2685 1409 ageret
2727 1353 2825 1393 suo
2868 1346 3131 1409 tempore,
3161 1347 3216 1395 et
3244 1355 3386 1394 nunc
3406 1355 3536 1408 quo-

1966 1443 2071 1498 que
2100 1429 2169 1483 ad
2193 1428 2639 1495 corrumpendum
2664 1427 2823 1483 ﬁdem
2850 1437 2907 1483 et
2931 1428 3168 1484 lidelium
3196 1429 3407 1484 viscera
3435 1430 3536 1484 hos

1965 1519 2247 1574 haereticos
2279 1518 2503 1573 luxuriae
2530 1518 2807 1573 testiculos
2833 1534 2937 1573 non
2966 1518 3188 1572 haberet
3212 1519 3225 1571 !

2036 1610 2257 1666 XCVIII.
2294 1609 2476 1679 Neque
2507 1610 2651 1663 enim
2686 1609 2884 1663 malum
2915 1608 3027 1663 sola
3057 1608 3285 1663 lectione
3307 1608 3417 1664 oris
3447 1607 3521 1662 in-

1965 1699 2226 1766 funditur,
2250 1701 2343 1755 sed
2367 1698 2520 1770 pejus
2547 1708 2603 1754 et
2632 1716 2663 1754 a
2684 1700 2929 1770 pluribus
2950 1700 3131 1768 operis
3151 1699 3394 1768 exempla
3415 1713 3535 1767 pro-

1965 1793 2202 1863 pinatur.
2235 1791 2407 1859 Quam
2448 1791 2603 1846 multi
2643 1791 2785 1847 enim
2827 1790 3219 1846 Antichristum
3254 1806 3361 1845 non
3389 1792 3536 1846 vide-

296 1889 551 1946 perversa
575 1875 983 1947 praedicatione,
1014 1876 1067 1930 id
1095 1883 1179 1930 est
1202 1876 1486 1930 locutionis
1521 1875 1744 1940 semine.
1783 1890 1863 1930 εθ-
1897 1883 1938 1943 Β
1966 1891 2123 1950 runt,
2151 1883 2246 1939 sed
2270 1892 2450 1937 tamen
2472 1881 2707 1938 testiculi
2727 1881 2846 1948 ejus
2871 1891 3014 1943 sunt,
3040 1882 3166 1950 quia
3189 1881 3351 1936 corda
3375 1881 3533 1934 inno-

299 1976 525 2037 quentes
552 1976 676 2022 sunt
699 1967 881 2038 populi
910 1967 967 2022 in
992 1981 1178 2023 errore
1204 1967 1463 2038 generati.
1496 1966 1694 2021 Sancta
1732 1980 1863 2020 vero

300 2058 543 2114 Ecclesia
569 2074 691 2113 cum
716 2059 941 2113 canibus
961 2056 1161 2129 gregis,
1198 2057 1291 2126 qui
1333 2066 1459 2111 sunt
1486 2056 1865 2111 hzereticorum

299 2156 517 2219 patres,
559 2161 763 2217 ponere
810 2146 1160 2217 dedignatur,
1201 2145 1326 2214 quia
1366 2145 1672 2199 inventores
1708 2159 1865 2199 erro—

302 2254 423 2293 rum
436 2238 730 2309 judicando
780 2238 1003 2307 respuit,
1044 2251 1244 2306 eosque
1292 2236 1435 2290 inter
1470 2250 1630 2290 veros
1674 2234 1867 2290 Patres

301 2344 588 2384 numerare
613 2328 928 2383 contemnit.
956 2326 1060 2382 Pro
1091 2342 1154 2382 eo
1182 2335 1361 2381 tamen
1381 2326 1524 2395 quod
1551 2325 1618 2380 de
1643 2325 1868 2380 Domino

302 2427 491 2475 nostro
512 2417 642 2473 Jesu
671 2416 888 2473 Christo
921 2433 1029 2472 non
1056 2423 1202 2470 recta
1230 2416 1489 2479 sentiunt,
1515 2421 1610 2470 eos
1632 2430 1755 2469 eum
1778 2428 1870 2468 ea-

303 2510 463 2564 nibus
509 2508 689 2578 gregis
723 2506 805 2561 sui
839 2522 945 2561 non
994 2514 1185 2576 ponet,
1235 2504 1361 2574 quia
1405 2519 1499 2559 eos
1547 2519 1671 2559 cum
1708 2502 1871 2557 rectis

302 2600 747 2672 praedicatoribus
792 2614 899 2652 non
956 2598 1195 2651 ascribit.
1248 2596 1476 2665 Liquido
1526 2596 1672 2649 enim
1722 2602 1872 2664 patet

305 2689 448 2761 quod
476 2690 656 2754 Arius,
689 2688 965 2753 Photinus,
996 2687 1253 2750 Bonosus,
1285 2685 1647 2748 Macedonius,
1683 2684 1873 2739 Nesto-

306 2783 437 2846 rins,
483 2781 798 2851 Eutychius,
845 2779 1152 2840 Dioscorus,
1184 2776 1435 2842 Severus,
1473 2787 1528 2832 et
1558 2776 1646 2831 hic
1672 2774 1872 2830 nostris

308 2874 469 2929 modo
498 2872 833 2943 temporibus
856 2871 1170 2940 Elipandus,
1216 2869 1477 2938 multique
1501 2869 1694 2924 horum
1723 2867 1874 2922 simi-

308 2964 409 3028 les,
469 2962 713 3019 docendo
752 2969 914 3030 atque
963 2959 1237 3014 suadendo
1292 2958 1469 3013 conati
1511 2966 1635 3013 sunt
1690 2956 1875 3012 Eccle—

309 3055 447 3109 siam
493 3053 718 3108 illudere
751 3060 807 3107 et
839 3058 1020 3121 patres
1057 3049 1249 3105 videri.
1304 3048 1502 3104 Sancta
1554 3046 1875 3105 universalis

309 3145 546 3202 Ecclesia
577 3143 822 3199 districta
852 3142 1080 3197 veritate
1118 3140 1448 3209 dijudicans,
1476 3154 1571 3196 eos
1603 3140 1743 3194 inter
1780 3154 1876 3193 cu-

309 3234 491 3291 stodes
519 3234 695 3305 gregis
718 3233 801 3289 sui
828 3247 933 3287 non
957 3238 1236 3297 numerat,
1265 3246 1401 3301 quos
1427 3229 1664 3299 ejusdem
1697 3230 1874 3300 gregis

308 3329 570 3383 unitatem
597 3325 917 3396 dissipantes
938 3324 1177 3380 damnat.
1217 3323 1294 3379 De
1321 3322 1515 3392 quibus
1565 3336 1696 3377 voce
1721 3319 1873 3375 Pauli

311 3418 558 3489 Ephesiis
599 3416 794 3473 dicitur
833 3433 847 3470 :
891 3414 1016 3471 Scio
1059 3415 1184 3486 quia
1208 3423 1321 3485 post
1366 3413 1649 3468 discessum
1699 3426 1872 3465 meum

308 3508 662 3578 iugredientur
690 3506 758 3560 ad
784 3523 869 3561 vos
900 3505 1009 3577 lupi
1036 3521 1216 3576 graves
1245 3521 1348 3559 non
1374 3512 1639 3575 parcentes
1662 3502 1824 3572 gregi.

382 3597 539 3653 XCV.
580 3598 647 3652 Et
684 3597 810 3668 quia
861 3597 1147 3666 aliquando
1194 3595 1434 3650 hmretiei
1462 3601 1663 3663 quanto
1703 3590 1876 3661 magis

310 3686 366 3742 in
398 3685 634 3757 perﬁdia:
666 3701 851 3740 errore
886 3684 1250 3747 blandiuntur,
1290 3688 1439 3737 tanto
1472 3682 1644 3751 magis
1677 3682 1877 3735 sancti-

311 3761 484 3832 tatem
507 3775 794 3840 simulant;
823 3784 878 3830 et
903 3776 1054 3844 quasi
1081 3782 1231 3828 tanta
1259 3774 1486 3842 amplius
1511 3773 1566 3827 in
1590 3772 1877 3830 exterioris

309 3879 435 3919 esse
458 3863 787 3933 operatione,
818 3861 892 3915 ita
923 3872 981 3915 ut
1002 3875 1161 3932 agere
1184 3876 1297 3931 pra:
1326 3862 1539 3916 caeteris
1567 3875 1758 3931 magna
1794 3861 1876 3914 vi-

310 3957 530 4012 dentur.
580 3953 782 4009 Sancta
819 3952 1138 4008 universalis
1180 3951 1421 4007 Ecclesia
1460 3958 1654 4006 cuncta
1688 3965 1876 4006 eorum

309 4059 476 4115 opera
510 4043 754 4113 despicit,
787 4042 911 4114 quia
932 4061 994 4100 ea
1008 4043 1407 4103 exauctoritate
1432 4052 1592 4098 rectae
1622 4042 1744 4098 ﬁdei
1767 4058 1877 4099 non

312 4135 529 4206 prodire
554 4134 844 4204 cognoscit.
866 4133 971 4188 Per
990 4134 1090 4188 hos
1112 4132 1479 4188 Antichristus
1499 4133 1603 4188 sibi
1626 4133 1765 4188 ﬁlios
1785 4148 1878 4203 ge-

312 4232 489 4290 nerat,
521 4240 656 4294 quos
688 4225 743 4280 in
772 4225 1004 4281 adventu
1033 4239 1131 4279 suo
1156 4222 1454 4279 foedissimo
1479 4231 1644 4281 testes
1670 4225 1726 4279 in
1767 4223 1873 4279 Ec-

311 4312 478 4369 clesia
507 4314 720 4369 habeat.

387 4421 565 4478 XCVI.
594 4422 661 4478 Hi
690 4404 1426 4491 testiculiAntichristisunt,
1452 4424 1519 4482 de
1539 4430 1771 4497 quorum
1793 4413 1876 4483 se-

314 4512 467 4605 mine
484 4527 735 4605 perversa
753 4514 930 4583 proles
953 4514 1205 4585 gignitur,
1223 4531 1343 4585 quae
1367 4515 1420 4570 in
1438 4515 1759 4574 Antichristi
1778 4533 1874 4573 ore
1904 4542 1959 4605 υ

314 4600 615 4669 copulatur.
648 4600 800 4657 Unde
832 4609 884 4657 et
905 4618 1002 4672 per
1026 4602 1125 4659 Job
1149 4620 1219 4660 ex
1242 4620 1372 4660 voce
1399 4604 1721 4662 Antichristi
1746 4608 1879 4662 dici-

316 4698 443 4743 tur:
480 4687 641 4744 Nervi
670 4689 1022 4745 testiculorum
1072 4693 1185 4763 ejus
1217 4693 1447 4764 perplexi
1473 4705 1594 4748 sunt
1617 4694 1761 4767 (Job.
1788 4711 1877 4763 XL,

316 4783 427 4853 12).
460 4782 662 4839 Tantos
704 4784 807 4839 iste
832 4782 1196 4840 Antichristus
1234 4794 1401 4841 testes
1438 4786 1618 4851 habet,
1648 4793 1883 4856 quantos

316 4875 615 4944 iniquitatis
642 4889 751 4929 sua:
778 4874 1157 4944 praedicatores
1177 4873 1434 4945 possidet.
1460 4876 1543 4930 An
1570 4875 1687 4944 ejus
1714 4885 1884 4934 testes

317 4979 423 5020 non
449 4973 594 5030 sunt,
622 4964 712 5034 qui
742 4965 923 5033 pravis
950 4966 1389 5035 persuasionibus
1411 4966 1575 5020 corda
1605 4967 1883 5023 hominum

316 5054 581 5108 virulenta
595 5055 798 5109 erroris
825 5055 1028 5109 semina
1056 5053 1325 5109 fundendo
1338 5058 1724 5125 corrumpunt?
1746 5058 1884 5128 Apte

314 5151 495 5199 autem
524 5144 721 5199 dicitur
756 5145 897 5215 quod
924 5143 1283 5199 testiculorum
1321 5145 1436 5216 ejus
1479 5148 1619 5200 nervi
1655 5147 1884 5219 perplexi

314 5242 453 5298 sunt,
480 5235 605 5304 quia
648 5235 894 5289 videlicet
928 5233 1343 5303 praedicatorum
1381 5233 1524 5289 illius
1570 5244 1886 5307 argumenta

315 5325 516 5381 dolosis
549 5325 934 5379 assertionibus
976 5324 1324 5393 innodantur,
1361 5332 1422 5382 ut
1457 5337 1605 5382 recta
1656 5343 1775 5382 esse
1813 5328 1888 5382 si-

316 5417 523 5472 mulent
552 5433 671 5486 quae
719 5431 973 5486 perversa
1019 5419 1384 5488 persuadent;
1415 5429 1474 5474 ut
1515 5421 1885 5490 alligationnm

317 5508 641 5578 implicatio,
683 5508 837 5577 quasi
876 5523 1163 5563 nervorum
1207 5509 1474 5579 plexibus,
1518 5519 1577 5565 ut
1624 5511 1669 5565 si
1713 5511 1886 5566 videri

315 5597 503 5667 possit,
541 5597 676 5652 solvi
725 5611 831 5650 non
871 5596 1060 5667 possit.
1091 5596 1164 5651 De
1192 5612 1291 5651 suo
1331 5596 1451 5665 ejus
1499 5597 1732 5653 testiculi
1761 5614 1886 5667 per-

315 5689 502 5757 plexos
525 5689 742 5753 habent,
762 5687 885 5757 quia
913 5687 1160 5741 acumine
1185 5687 1595 5756 praadicatorum
1624 5688 1764 5743 illius
1786 5689 1887 5744 sub

318 5780 648 5852 argumentis
690 5779 991 5852 duplicibus
1040 5779 1225 5836 latent.
1282 5777 1608 5849 Plerumque
1672 5789 1882 5848 autem,

1966 1975 2204 2030 centium
2242 1972 2472 2028 actionis
2517 1987 2629 2027 suae
2671 1972 2918 2041 exemplo
2946 1972 3336 2040 corrumpunt?
3378 1970 3536 2037 Quis-

1966 2067 2089 2136 quis
2123 2080 2354 2134 namque
2382 2064 2439 2118 in
2466 2063 2773 2132 superbiam
2797 2062 3094 2127 extollitur,
3138 2062 3383 2131 quisquis
3411 2077 3538 2115 ava-

1967 2157 2105 2211 ritiae
2154 2154 2421 2211 desiderio
2469 2153 2742 2209 cruciatur
2768 2192 2784 2217 ,
2845 2153 3088 2222 quisquis
3147 2152 3374 2207 luxuria:
3434 2167 3533 2206 vo-

1964 2246 2256 2316 luptatibus
2297 2244 2552 2308 solvitur,
2596 2245 2840 2312 quisquis
2878 2242 3089 2311 injustte
3151 2252 3206 2297 et
3261 2242 3530 2296 immode-

1967 2344 2098 2390 rata;
2123 2335 2217 2389 ira:
2242 2333 2422 2403 ﬂagris
2464 2332 2730 2397 innititur,
2758 2333 2885 2400 quid
2905 2332 3051 2386 aliud
3085 2331 3190 2386 nisi
3209 2330 3536 2385 AntichriSti

1966 2429 2121 2483 testis
2147 2428 2261 2483 est?
2292 2427 2385 2496 qui
2409 2428 2534 2482 dum
2556 2442 2616 2482 se
2654 2427 2883 2481 libenter
2925 2426 3041 2495 ejus
3062 2426 3249 2481 usibus
3273 2426 3531 2496 implicat,

1968 2518 2215 2587 exemplo
2246 2533 2344 2572 suo
2369 2517 2490 2572 aliis
2514 2517 2717 2572 erroris
2741 2515 2883 2571 fetus
2909 2517 3198 2572 ministrat.
3236 2517 3329 2571 Ille
3367 2534 3533 2587 prava

1969 2608 2109 2676 agit,
2136 2607 2227 2661 ille
2252 2622 2416 2676 prava
2443 2606 2724 2675 agentibus
2765 2607 2919 2661 adest
2940 2616 2994 2661 et
3022 2608 3281 2662 adhaaret.
3332 2608 3398 2661 Et
3432 2623 3539 2663 non

1970 2696 2143 2751 solum
2181 2712 2289 2751 non
2333 2696 2594 2764 increpat,
2642 2696 2737 2750 sed
2789 2696 2954 2751 etiam
2997 2695 3160 2752 favet.
3223 2696 3362 2763 Quid
3411 2712 3542 2768 ergo

1971 2785 2118 2840 aliud
2142 2801 2303 2854 quam
2331 2784 2651 2840 Antichristi
2678 2798 2866 2839 servus
2889 2792 3001 2850 est,
3048 2786 3141 2853 qui
3173 2784 3405 2854 perdidit
3443 2784 3549 2838 an!

1971 2878 2277 2934 etoritatem
2306 2876 2586 2946 promissae
2626 2876 2735 2930 Deo
2766 2875 2890 2931 ﬁdei
2936 2876 3259 2930 testimoniis
3290 2876 3542 2931 erroris?

1973 2966 2119 3034 Quos
2145 2975 2324 3021 tamen
2366 2966 2410 3020 si
2440 2965 2560 3034 quis
2602 2965 2863 3033 increpet,
2911 2980 3037 3019 mox
3065 2978 3126 3019 se
3174 2966 3276 3020 sub
3305 2965 3539 3038 quodam

1973 3055 2238 3110 velamine
2256 3052 2582 3109 defensionis
2602 3054 2896 3109 occultant.
2919 3052 3056 3120 Quia
3080 3054 3330 3110 videlicet
3351 3069 3540 3111 eormn

1976 3147 2126 3201 nervi
2141 3145 2380 3216 perplexi
2405 3153 2550 3209 sunt,
2576 3153 2631 3200 et
2647 3145 2783 3199 male
2807 3146 3070 3215 impliciti,
3087 3146 3178 3215 qui
3199 3148 3543 3217 corruptione

1977 3234 2110 3290 solvi
2135 3249 2471 3304 nequaquam
2497 3235 2723 3303 possint.
2760 3235 2829 3290 Et
2855 3218 3086 3303 apparet.
3104 3238 3358 3305 quiddam
3380 3239 3434 3292 in
3462 3240 3543 3294 eis

1974 3324 2118 3395 quod
2154 3323 2351 3387 doleat,
2387 3324 2481 3378 sed
2508 3324 2640 3378 latet
2659 3323 2803 3393 quod
2827 3332 3052 3393 pungat.
3092 3323 3309 3379 Amaris
3330 3324 3539 3393 dulcia,

1975 3415 2153 3471 noxiis
2182 3414 2375 3469 blanda
2419 3414 2776 3484 permiscent;
2815 3422 2870 3467 et
2901 3421 3170 3480 potestate
3194 3414 3407 3482 quidem
3449 3417 3546 3483 ad—

1974 3502 2206 3557 mirandi
2236 3502 2406 3556 videri
2435 3508 2712 3569 appetunt,
2758 3503 2853 3556 sed
2882 3502 3068 3557 fallent
3093 3512 3229 3567 arte,
3265 3507 3542 3572 praemissa

1975 3591 2240 3660 colloquia
2269 3590 2516 3644 similiter
2542 3591 2987 3656 substernuntur,
3018 3599 3073 3646 et
3099 3608 3196 3663 per
3237 3608 3541 3648 sermonem

1975 3681 2045 3736 de
2065 3696 2125 3735 se
2151 3680 2424 3734 insinuant
2449 3679 2591 3749 quod
2611 3694 2711 3749 per
2733 3681 3122 3736 exhibitionem
3145 3690 3360 3751 negant.
3392 3683 3547 3739 Unde

1974 3784 2030 3832 et
2052 3784 2197 3831 recte
2224 3776 2364 3830 idem
2393 3774 2765 3829 sanctissimus
2791 3774 2920 3830 dicit
2942 3789 2958 3829 :
2989 3773 3123 3829 Ossa
3141 3775 3256 3845 ejus
3273 3815 3290 3839 ,
3316 3774 3449 3829 velut
3479 3776 3545 3843 [i-

1974 3869 2127 3926 stula:
2168 3869 2288 3923 aeris
2319 3867 2484 3940 (Ibid.
2530 3884 2661 3922 vers.
2710 3866 2818 3937 l3).
2863 3866 2998 3922 Ossa
3040 3864 3156 3935 ejus
3192 3861 3318 3922 aeris
3353 3867 3545 3924 ﬁstula:

1976 3970 2374 4033 comparantur,
2406 3960 2533 4029 quia
2560 3959 2813 4013 nimirum
2839 3974 2989 4013 more
3017 3959 3294 4014 mramenti
3318 3959 3544 4016 insensie

1974 4053 2100 4110 bilis
2126 4068 2317 4108 sonum
2347 4052 2485 4107 bene
2509 4050 2761 4121 loquendi
2781 4049 3003 4115 habent,
3032 4050 3129 4104 sed
3153 4064 3373 4104 sensum
3398 4049 3549 4105 intel-

1975 4143 2173 4215 ligendi
2210 4159 2318 4198 non
2358 4141 2575 4197 habent.
2622 4140 2738 4195 Hoc
2789 4154 3021 4209 namque
3070 4138 3221 4207 quasi
3271 4138 3547 4194 humiliter

1975 4240 2225 4289 asserunt
2241 4233 2386 4302 quod
2418 4231 2557 4287 elate
2588 4229 2815 4285 vivendo
2844 4237 3214 4285 contemnunt.
3242 4228 3393 4284 Unde
3407 4230 3542 4283 bene

1974 4336 2073 4392 per
2116 4312 2341 4375 Paulum
2370 4321 2570 4374 dicitur
2606 4336 2619 4372 :
2655 4319 2717 4375 Si
2738 4319 2932 4388 linguis
2976 4318 3241 4371 hominum
3273 4316 3459 4387 loquar
3494 4325 3545 4369 et

1976 4410 2302 4482 angelorum,
2322 4410 2629 4463 charitatem
2652 4418 2827 4462 autem
2852 4424 2955 4462 non
2977 4408 3215 4471 habeam,
3233 4406 3406 4476 factus
3430 4422 3549 4461 sum

1978 4482 2111 4556 velut
2134 4507 2472 4553 (crumentum
2489 4513 2681 4551 sonans
2695 4506 2793 4550 aut
2815 4495 3109 4566 cymbalum
3133 4496 3379 4550 tinniens.
3393 4496 3543 4552 Bona

1982 4590 2179 4661 quippe
2222 4589 2468 4657 loquens,
2515 4586 2609 4640 sed
2637 4600 2734 4654 per
2768 4600 3007 4641 amorem
3030 4584 3219 4639 eadem
3259 4585 3402 4641 bona
3443 4603 3550 4642 non

1983 4696 2231 4752 sequens.
2263 4678 2420 4735 Velut
2461 4692 2535 4731 aes
2577 4684 2670 4731 aut
2709 4676 3015 4747 cymbalum
3063 4677 3298 4732 sonitum
3344 4680 3550 4744 reddit,

1984 4774 2110 4846 quia
2139 4774 2252 4842 ipse
2279 4786 2384 4826 non
2410 4770 2573 4824 sentit
2599 4769 2761 4823 verba
2790 4782 2911 4837 quae
2940 4767 3056 4836 ipse
3081 4767 3231 4822 dicit.

2053 4863 2237 4921 XCIX.
2273 4863 2356 4917 An
2387 4877 2494 4916 non
2538 4861 2825 4932 Elipandus
2855 4873 3003 4915 more
3031 4857 3263 4929 cymbali
3307 4872 3339 4911 a
3365 4856 3553 4913 Toleto

1984 4959 2219 5014 sonitum
2242 4956 2407 5010 mittit
2432 4962 2486 5009 et
2512 4954 2816 5008 insensatus
2841 4961 2945 5014 est,
2973 4951 3097 5019 quia
3122 4950 3234 5018 ipse
3261 4964 3367 5003 non
3388 4948 3553 5002 sentit

1985 5048 2147 5102 verba
2186 5062 2324 5101 nova
2350 5061 2471 5114 qua:
2511 5044 2673 5100 dicit?
2706 5041 2774 5098 Ut
2818 5042 2961 5095 enim
2989 5040 3119 5094 ﬁdes
3151 5039 3308 5093 ﬁrma
3333 5038 3553 5093 daretur

1985 5136 2252 5200 Ecclesiae,
2291 5134 2569 5189 duodecim
2619 5131 2846 5201 apostoli
2876 5138 3001 5185 sunt
3045 5144 3076 5182 a
3101 5127 3317 5183 Christo
3350 5126 3548 5182 electi:

1986 5241 2212 5298 quorum
2239 5226 2457 5287 Petrus,
2487 5238 2612 5279 cum
2634 5229 2777 5278 esset
2804 5235 2991 5275 eorum
3016 5219 3254 5289 primus,
3280 5216 3428 5272 solus
3446 5231 3554 5270 non

1985 5328 2069 5374 est
2117 5332 2280 5372 ausus
2324 5328 2647 5384 componere
2696 5309 3038 5382 Symbolum,
3084 5309 3181 5364 sed
3221 5305 3551 5363 duodenario

1986 5425 2211 5465 numeso
2256 5407 2616 5477 apostolorum
2646 5418 2766 5457 cum
2814 5415 3004 5469 magna
3029 5409 3111 5454 est
3142 5397 3350 5453 cautela
3377 5395 3544 5451 colle-

1986 5490 2132 5557 ctum
2186 5509 2241 5555 et
2282 5496 2626 5553 credentibus
2667 5492 3020 5561 assignatum.
3069 5489 3298 5557 ideoque
3346 5487 3437 5557 qui
3494 5487 3547 5539 in

1988 5592 2079 5645 tali
2124 5588 2459 5644 confessione
2499 5583 2887 5655 permanserit,
2941 5597 2974 5635 a
3012 5578 3424 5650 superveniente
3471 5579 3552 5635 ira

1987 5683 2180 5736 timere
2206 5694 2312 5733 non
2348 5677 2565 5747 poterit.
2607 5673 2897 5731 Duodecim
2923 5670 3133 5725 fuerunt
3171 5668 3373 5723 Christi
3398 5668 3545 5723 disci-

1985 5773 2096 5846 puli
2125 5771 2507 5846 praedicatores
2528 5767 2652 5825 ﬁdei
2677 5774 2729 5823 et
2756 5766 3004 5824 doctores
3027 5762 3285 5830 gentium.
3310 5760 3410 5826 Qui
3434 5774 3556 5813 cum
