3992 6176
453 401 590 459 [0‘27

1257 395 1660 462 ELIPANDUS,
1699 395 1933 460 FELIX,
1972 391 2319 449 HETERIUS
2354 392 2442 446 ET
2479 392 2537 447 S.
2585 391 2878 449 BEATUS.

3553 389 3696 445 1023

450 529 640 572 omnes
687 525 855 566 unum
900 516 1103 574 essent,
1155 523 1319 562 unum
1368 509 1533 562 etiam
1590 511 2011 576 composuerunt
2039 503 2092 562 Δ
2115 502 2330 571 quidem
2359 502 2529 557 forma
2554 503 2787 569 videtur,
2816 502 2912 559 sed
2938 499 3117 555 verbis
3147 498 3261 556 suis
3285 498 3424 554 ultra
3446 499 3700 558 homines

453 603 809 672 communiter
853 600 1194 672 Symbolum;
1227 600 1321 668 qui
1364 599 1559 669 singuli
1605 597 1812 668 singula
1854 596 2039 650 verba.

455 698 705 752 dixerunt
729 695 889 748 unius
915 692 1037 746 ﬁdei
1062 692 1288 747 invicem
1315 692 1696 746 concordantia
1736 690 1858 752 sibi,
1897 703 2017 757 quae

412 837 414 840 ,
454 795 664 841 tantum
708 784 988 840 duodecim
1034 790 1159 837 sunt
1195 784 1379 836 verba.
1415 780 1710 848 Elipandns
1755 779 1927 833 solum
1965 779 2020 832 in

457 895 556 934 sua
600 878 701 933 ﬁde
731 876 977 931 undecim
1020 875 1227 944 posuit,
1259 873 1384 942 quia
1423 881 1476 927 et
1503 872 1706 927 denarii
1735 885 1901 924 unum
1927 885 2025 923 nu-

458 983 667 1025 merum
701 965 947 1029 excessit,
978 974 1032 1019 et
1057 965 1123 1018 ad
1154 964 1481 1032 duplicatum
1509 970 1568 1015 ut
1597 960 1854 1015 tredecim
1877 967 2021 1014 esset

457 1075 565 1114 non
589 1056 850 1128 pervenit.
889 1053 1019 1121 Quae
1044 1053 1206 1107 verba
1250 1053 1529 1121 aequaliter
1551 1051 1740 1122 divisa,
1771 1050 2020 1103 undecim

459 1157 516 1202 et
563 1145 808 1200 undecim
852 1143 1005 1207 ﬁunt,
1050 1151 1111 1198 ut
1153 1150 1338 1212 aperte
1382 1142 1602 1195 daretur
1639 1139 1865 1207 intelligi
1910 1139 2026 1208 ipse

459 1236 666 1306 primus
692 1233 906 1305 Spanize
927 1233 1277 1302 praeﬁgurans
1299 1247 1357 1286 se
1382 1231 1792 1285 Antichristum.
1819 1229 2027 1284 Extulit

462 1327 608 1382 solus
634 1333 799 1379 totam
839 1324 1065 1393 gratiam
1102 1323 1301 1376 habere
1343 1321 1726 1390 apostolorum,
1760 1320 1850 1390 qui
1880 1319 2028 1374 solus

465 1417 584 1471 sine
623 1414 907 1470 collatione
935 1412 1163 1468 fratrum
1200 1411 1499 1481 composuit
1532 1425 1684 1465 nova:
1707 1410 1831 1465 ﬁdei
1858 1410 2028 1464 docu-

469 1513 730 1560 mentum.
1461 1517 1466 1524 ν

528 1596 589 1652 C.
631 1595 800 1650 Nimis
834 1595 937 1650 iste
959 1600 1182 1663 apparet
1209 1593 1440 1648 elatione
1483 1593 1772 1661 superbus,
1808 1589 1900 1660 qui
1943 1603 2031 1644 se-

467 1686 758 1755 metipsum
801 1698 926 1738 cum
980 1682 1194 1738 Christo
1239 1680 1549 1749 praedicavit
1593 1681 1877 1734 Christum.
1940 1677 2034 1732 Sic

467 1774 612 1829 enim
651 1773 718 1828 de
737 1773 830 1827 illo
859 1787 1017 1840 quem
1039 1769 1400 1839 praeﬁguravit
1421 1783 1515 1836 per
1545 1767 1768 1822 Paulum
1792 1769 1990 1822 dicitur
2015 1784 2028 1821 :

2121 591 2380 645 elevatur.

2192 681 2275 737 Cl.
2317 683 2456 737 Ecce
2502 697 2646 736 nunc
2687 682 2802 751 jam
2841 690 3026 751 aperte
3051 682 3158 737 vidi
3189 699 3384 753 purum
3421 681 3700 736 hominem

2123 768 2473 838 Elipandum,
2506 778 2560 825 et
2587 778 2736 824 tanta
2761 772 2994 826 elatione
3029 773 3352 840 superbum,
3389 785 3549 839 super
3582 787 3704 823 om-

2124 875 2247 914 nem
2275 875 2334 915 se
2372 860 2666 916 Ecclesiam
2695 862 2932 927 elevare,
2961 871 3019 915 ut
3043 877 3230 916 omnes
3263 873 3517 929 tanquam
3541 862 3704 915 bruta

2127 951 2377 1006 animalia
2425 959 2576 1020 putet
2621 967 2759 1006 esse.
2792 953 2966 1007 Verba
2993 953 3158 1008 etiam
3189 952 3310 1007 ﬁdei
3338 969 3449 1007 sua:
3484 968 3605 1021 qua:
3649 953 3705 1007 in

2127 1042 2240 1095 suis
2269 1041 2494 1095 inseruit
2524 1043 2784 1111 epistolis,
2817 1043 2873 1096 in
2903 1052 3112 1098 tantum
3137 1052 3263 1098 sunt
3293 1043 3417 1097 ﬁdei
3445 1046 3698 1112 apostoli-

2129 1147 2207 1186 ca:
2236 1133 2538 1198 contraria,
2575 1144 2835 1202 quantum
2871 1142 2926 1186 et
2962 1135 3103 1187 inter
3130 1149 3189 1188 se
3222 1134 3607 1188 discordantia.

2201 1222 2306 1278 Cll.
2347 1223 2476 1291 Quae
2509 1225 2671 1278 verba
2696 1223 2986 1294 dupliciter
3020 1226 3265 1280 undecim
3296 1226 3462 1288 ﬁunt,
3511 1234 3572 1278 ut
3614 1227 3713 1278 du-

2130 1314 2344 1382 pliciter
2377 1329 2434 1369 se
2471 1313 2526 1368 in
2562 1323 2772 1370 tantum
2813 1315 3080 1380 elevaret,
3136 1323 3195 1369 ut
3231 1317 3286 1370 in
3326 1324 3435 1370 tota
3471 1316 3710 1372 Ecclesia

2131 1405 2306 1459 solum
2334 1420 2495 1474 super
2521 1421 2642 1460 eum
2679 1407 3017 1462 descendisse
3055 1406 3289 1476 Spiritus
3326 1416 3545 1462 sanctus
3602 1407 3711 1479 [VL

2134 1495 2393 1568 deretur],
2425 1496 2564 1550 sicut
2593 1495 2747 1550 ﬁnxit
2773 1496 3086 1562 Montanus,
3130 1504 3185 1550 et
3210 1496 3328 1551 dum
3358 1498 3716 1567 pr0phetissre

2135 1586 2334 1654 ipsius,
2367 1585 2549 1640 Prisca
2590 1594 2644 1640 et
2674 1586 2958 1641 Maximilla
2979 1627 2994 1651 ,
3026 1586 3118 1656 qui
3144 1587 3427 1641 adventum
3473 1587 3716 1656 Spiritus

2137 1677 2308 1731 sancti
2337 1678 2662 1746 promissum
2711 1693 2743 1731 a
2775 1678 3000 1749 Domino
3031 1678 3084 1731 in
3132 1693 3190 1732 se
3230 1677 3404 1748 potius
3441 1693 3606 1746 quam
3651 1678 3714 1730 in

2141 1770 2399 1838 apostolis
2427 1769 2592 1824 fuisse
2617 1770 2861 1824 credunt.
2892 1770 2962 1825 Ut
2985 1770 3061 1824 illi
3092 1770 3364 1834 Ecclesiae,
3389 1786 3507 1838 qua:
3530 1769 3717 1824 adhuc

470 1864 559 1920 Ita
589 1874 644 1917 ut
673 1865 728 1918 in
752 1837 940 1933 templo
967 1837 1061 1915 Dei
1085 1837 1282 1923 sedeat,
1311 1861 1581 1914 ostendens
1606 1877 1659 1916 se
1699 1871 1946 1930 tanquam
1968 1861 2035 1914 sit
2065 1837 2113 1896 Β
2143 1837 2196 1911 in
2231 1858 2369 1913 lacte
2403 1865 2506 1923 est,
2550 1874 2672 1913 cum
2701 1859 2824 1913 talis
2847 1860 3018 1928 surgit
3057 1859 3108 1912 in
3135 1837 3517 1928 praedicatione
3537 1859 3718 1928 qualis

469 1955 630 2010 Deus.
669 1955 735 2010 Et
761 1968 977 2008 rursum
1001 1967 1098 2021 per
1119 1953 1366 2007 eumdem
1393 1952 1626 2008 dicitur:
1656 1952 1758 2018 Qui
1780 1961 2035 2019 versatur,

469 2056 519 2100 et
547 2044 830 2109 extollitur,
854 2053 900 2098 et
929 2043 1118 2097 colitur
1137 2060 1297 2110 supra
1321 2060 1471 2097 omne
1496 2044 1634 2114 quod
1657 2044 1849 2097 dicitur
1877 2043 2036 2110 Deus,

471 2146 562 2191 aut
587 2135 795 2190 colitur.
829 2135 1040 2190 Etenim
1069 2136 1241 2189 sancti
1262 2135 1332 2205 pii
1375 2135 1646 2199 dicuntur,
1681 2135 1775 2190 sed
1801 2151 1908 2189 non
1949 2151 2040 2190 co—

474 2227 677 2283 luntur.
703 2225 862 2280 Solus
880 2225 1127 2280 Christus
1148 2225 1344 2280 dicitur
1364 2225 1506 2280 Deus
1531 2233 1586 2280 et
1612 2226 1804 2281 colitur
1833 2244 1845 2279 :
1881 2241 2042 2297 super

471 2332 634 2385 quem
689 2315 1057 2372 Antichristus
1105 2331 1165 2371 se
1210 2317 1460 2382 elevavit,
1516 2317 1668 2386 cujus
1723 2319 2041 2390 mysterium

473 2420 618 2460 nunc
661 2405 927 2460 videmus.
984 2405 1120 2472 Quia
1164 2420 1351 2460 omnes
1376 2407 1469 2477 qui
1512 2416 1698 2462 contra
1745 2407 2040 2462 Ecclesiam

473 2506 620 2561 sunt,
664 2496 720 2550 in
747 2497 1065 2552 Antichristi
1095 2512 1321 2567 corpore
1361 2507 1518 2565 sunt,
1545 2497 1698 2568 cujus
1733 2513 1894 2570 supra
1935 2513 2042 2553 una

473 2588 648 2643 bestia
696 2589 1023 2643 mentionem
1084 2587 1330 2644 fecimus.
1388 2590 1464 2644 De
1521 2604 1626 2660 qua
1688 2589 1872 2643 Daniel
1919 2604 2042 2643 cum

473 2687 723 2748 quartam
773 2679 1001 2734 bestiam
1049 2679 1251 2734 diceret
1307 2680 1495 2734 decem
1539 2679 1793 2734 cornibus
1834 2679 2040 2743 fultam,

472 2770 720 2840 protinus
741 2769 1002 2840 adiunxit,
1038 2770 1224 2826 dicens
1249 2789 1260 2825 :
1290 2770 1696 2826 Considerabam
1714 2788 1950 2840 cornua:
1974 2771 2043 2825 Et

473 2839 591 2916 ecce
610 2877 774 2916 cornu
808 2839 958 2916 aliud
983 2860 1255 2932 parvulum
1283 2871 1454 2915 ortum
1470 2871 1543 2916 est
1565 2861 1628 2916 de
1648 2862 1818 2915 medio
1841 2839 2039 2914 eorum.

474 2957 543 3012 Et
567 2959 671 3011 tria
689 2957 754 3010 de
775 2955 1016 3010 cornibus
1043 2956 1225 3026 primis
1250 2953 1425 3009 evulsa
1448 2965 1569 3008 sunt
1597 2973 1630 3008 a
1655 2954 1788 3024 facie
1816 2954 1950 3026 ejus.
1975 2952 2046 3006 Et

473 3048 612 3103 oculi
646 3047 795 3119 quasi
835 3045 974 3100 oculi
996 3045 1222 3098 hominis
1247 3053 1392 3098 erant
1420 3046 1476 3100 in
1517 3045 1757 3108 circuitu,
1789 3054 1836 3099 et
1868 3062 1925 3098 os
1968 3044 2049 3098 lo—

472 3155 633 3209 quens
676 3137 906 3208 ingentia
940 3134 1101 3206 (Dan.
1133 3135 1316 3232 vin-8,
1469 3133 1818 3189 Undecimum
1847 3137 2042 3232 quippe
2068 3169 2115 3232 ο

474 3226 635 3295 hujus
654 3225 842 3280 bestia:
864 3239 1033 3280 cornu
1075 3237 1195 3278 esse
1219 3223 1562 3288 describitur,
1593 3225 1720 3292 quia
1746 3225 1894 3293 regni
1929 3223 2046 3293 ejus

473 3317 714 3390 potentia
741 3318 795 3371 in
837 3315 1118 3385 iniquitate
1148 3316 1453 3369 roboratur.
1483 3313 1607 3368 Sive
1634 3314 1759 3384 quia
1789 3315 1929 3369 inter
1954 3316 2046 3369 de-

475 3423 590 3464 cem
631 3422 788 3478 reges
815 3406 1178 3462 Romanorum
1222 3406 1340 3475 ipse
1364 3406 1468 3460 erit
1506 3407 1843 3461 undecimus.
1875 3406 2046 3462 Omne

476 3501 621 3556 enim
661 3507 942 3570 peccatum
991 3497 1344 3552 undenarium
1372 3505 1452 3551 est
1488 3496 1712 3561 dictum,
1755 3498 1881 3566 quia
1919 3498 2046 3552 dum

475 3592 686 3646 diversa
724 3589 852 3659 agit,
885 3588 1136 3657 praecepti
1163 3587 1477 3658 decalogum
1511 3589 1722 3643 transit.
1748 3589 1812 3642 Et
1839 3589 1964 3660 quia
1990 3589 2045 3642 in

475 3681 653 3738 cilicio
681 3688 958 3750 peccatum
983 3677 1272 3748 plangitur,
1317 3679 1444 3733 hinc
1480 3688 1562 3733 est
1587 3680 1729 3749 quod
1774 3681 1829 3733 in
1869 3680 2047 3734 taber-

477 3775 670 3830 naculo
707 3773 852 3829 velut
900 3773 1112 3828 cilicina
1149 3773 1398 3827 undecim
1456 3772 1608 3826 ﬁunt.
1649 3772 1786 3828 Hinc
1815 3788 1913 3842 per
1949 3789 2049 3827 un-

477 3867 748 3922 decimum
816 3863 1082 3933 psalmum
1143 3863 1343 3918 dicitur
1390 3879 1407 3918 :
1489 3862 1709 3919 Saluum
1773 3881 1855 3918 me
1917 3865 2043 3935 fac,

474 3956 716 4018 Domine,
776 3953 1024 4022 quoniam
1087 3952 1272 4020 defecit
1343 3950 1571 4006 Sanctus
1614 3967 1634 4006 :
1691 3953 1937 4022 quoniam
1963 3953 2048 4006 di-

475 4045 691 4098 minuta!
774 4050 894 4096 sunt
951 4042 1189 4095 veritates
1252 4058 1286 4094 α
1349 4041 1475 4110 ﬁliis
1539 4041 1827 4096 hominum.
1903 4041 2049 4097 Vana

477 4133 639 4186 locuti
684 4139 806 4186 sunt
843 4133 1196 4202 unusquisque
1233 4131 1302 4184 ad
1339 4132 1634 4201 proximum
1668 4148 1840 4186 suum.
1883 4133 2048 4188 Labia

476 4224 658 4278 dolosa
681 4239 700 4278 :
729 4224 785 4278 in
808 4223 962 4276 corde
983 4233 1031 4276 et
1060 4222 1216 4279 corde
1243 4223 1403 4278 locuti
1431 4232 1552 4278 sunt
1581 4223 1743 4280 mala.
1768 4223 2048 4296 Disperdat

479 4315 734 4369 Dominus
763 4316 1003 4368 uniuersa
1049 4312 1192 4370 labia
1215 4312 1398 4368 dolosa
1435 4323 1484 4368 et
1521 4314 1753 4385 linguam
1791 4316 2049 4386 magnilo-

473 4420 652 4476 quam.
697 4402 1034 4473 Magniloqua
1081 4402 1261 4471 lingua
1296 4411 1398 4466 est,
1424 4418 1547 4458 cum
1574 4418 1634 4458 se
1671 4418 1833 4474 super
1856 4419 2046 4461 omnes

2140 1949 2434 2019 Elipaudus
2483 1948 2736 2003 surrexit.
2770 1949 3070 2003 Moriuntur
3108 1947 3370 2012 infantes,
3407 1965 3500 2017 qut
3541 1949 3718 2004 adhuc

2139 2055 2238 2111 per
2273 2051 2484 2109 tempus
2530 2048 2775 2110 poterant
2818 2041 2884 2094 ad
2915 2040 3145 2095 solidum
3190 2043 3479 2110 pervenire
3511 2041 3713 2095 cibum.

2143 2129 2250 2184 Sed
2296 2138 2425 2184 tunc
2469 2130 2791 2194 moriuntur,
2837 2129 3056 2199 quando
3107 2130 3469 2198 decipiuntur.
3507 2130 3585 2183 De
3617 2130 3716 2182 hoc

2142 2220 2403 2276 Dominus
2433 2220 2690 2290 praescius
2711 2219 3042 2286 futurorum,
3073 2220 3365 2289 discipulos
3393 2221 3450 2274 in
3479 2220 3719 2290 Evange-

2127 2305 2216 2370 ‘lio
2231 2312 2499 2377 admonet,
2518 2313 2701 2368 dicens
2721 2327 2735 2367 :
2778 2310 2868 2366 Va:
2889 2313 3275 2382 praegnantibus
3297 2322 3345 2368 et
3372 2315 3719 2367 nutrientibus

2147 2407 2205 2459 in
2233 2404 2340 2459 illis
2377 2405 2576 2458 diebus.
2611 2403 2680 2457 Et
2705 2413 2851 2456 orate
2877 2419 2940 2458 ne
2965 2403 3058 2472 fiat
3091 2402 3217 2473 fuga
3251 2413 3416 2457 uestra
3443 2403 3615 2456 hieme
3648 2403 3720 2457 rel

2141 2494 2534 2561 sabbato.Quod
2547 2509 2614 2548 ex
2631 2493 2998 2563 superioribus
3013 2491 3354 2548 manifestum
3369 2501 3452 2546 est
3463 2493 3718 2562 pendere.

2144 2585 2275 2640 Cum
2303 2587 2440 2641 enim
2481 2584 2823 2654 Evangelium
2859 2583 3054 2638 Christi
3081 2584 3279 2637 cunctis
3303 2584 3541 2653 gentibus
3565 2584 3721 2652 fuerit

2142 2677 2503 2748 prcdicatum,
2535 2686 2581 2730 et
2613 2677 2804 2731 venerit
2837 2678 3234 2741 consummatio,
3263 2677 3492 2729 viderent
3523 2675 3723 2728 abomi-

2144 2769 2409 2823 nationem
2455 2765 2814 2833 desolationis,
2841 2783 2958 2838 qua:
2985 2767 3126 2820 dicta
3153 2775 3229 2820 est
3263 2784 3296 2820 a
3341 2765 3562 2818 Daniele
3598 2782 3716 2834 pro.

2143 2859 2316 2930 pheta,
2343 2867 2565 2912 stantem
2584 2859 2639 2914 in
2667 2857 2779 2911 loco
2809 2868 2988 2912 sancto
3003 2875 3022 2923 ;
3052 2866 3176 2911 tunc
3199 2857 3508 2928 praecipitur
3530 2857 3615 2909 Itis
3637 2858 3723 2926 qui

2144 2951 2201 3006 in
2226 2951 2417 3005 Judara
2438 2961 2578 3016 sunt,
2607 2959 2663 3004 ut
2688 2951 2891 3022 fugiant
2918 2951 2988 3006 ad
3017 2961 3236 3005 montes.
3269 2950 3338 3005 Et
3358 2953 3448 3022 qui
3476 2952 3532 3004 in
3569 2961 3724 3014 tecto,

2149 3058 2254 3097 non
2279 3041 2592 3096 descendant
2634 3041 2813 3095 tollere
2838 3041 3036 3113 aliquid
3067 3041 3130 3095 de
3154 3041 3309 3094 domo
3337 3058 3456 3094 sua.
3500 3040 3725 3094 Statim-

2149 3147 2254 3203 que
2278 3132 2621 3203 conjungitur
2644 3148 2659 3185 :
2700 3130 2790 3186 Va:
2817 3132 3207 3202 prcrgnantibus
3232 3142 3279 3185 et
3305 3132 3656 3186 nutrientibus
3673 3132 3734 3192 in

2145 3225 2252 3281 illis
2265 3224 2463 3278 diebus.
2483 3225 2538 3277 lu
2559 3223 2754 3293 quibus
2769 3222 2982 3278 diebus?
2995 3223 3218 3291 Quando
3232 3223 3565 3278 abominatio
3578 3222 3727 3275 deso-

2146 3312 2362 3367 lationis
2382 3313 2593 3366 steterit
2609 3311 2794 3366 inloco
2821 3321 3026 3366 sancto.
3043 3312 3245 3381 thuid
3268 3313 3370 3366 erit
3391 3312 3728 3366 abominatio

2147 3405 2510 3468 desolationis,
2540 3405 2644 3460 nisi
2679 3412 2738 3459 ut
2767 3405 2972 3475 integer
2995 3404 3240 3464 Christus
3254 3403 3427 3468 Iesus,
3458 3406 3726 3474 quodnon

2147 3496 2218 3550 sit
2247 3495 2414 3550 Filius
2435 3496 2529 3550 Dei
2556 3503 2610 3550 et
2634 3512 2793 3551 verus
2823 3497 2984 3559 Deus,
3009 3497 3096 3550 ille
3114 3497 3204 3569 qui
3231 3497 3298 3551 de
3321 3497 3544 3565 Virgine
3569 3505 3728 3550 natus

2146 3594 2258 3648 est,
2289 3601 2448 3658 quem
2482 3585 2653 3641 .lndtei
2679 3587 3081 3642 cruciﬁxerunt.
3118 3587 3466 3642 Abominatio
3504 3588 3609 3641 erit
3635 3588 3728 3641 dab

2148 3676 2448 3741 solatiouis,
2480 3677 2694 3744 quando
2726 3685 2911 3746 aperte
2939 3691 3036 3745 pro
3062 3675 3276 3731 Christo
3300 3677 3595 3746 suscipitur
3614 3677 3727 3731 An-

2147 3765 2426 3821 tichristus
2461 3772 2516 3818 et
2549 3765 2832 3830 adoratnr,
2881 3773 2936 3819 et
2960 3765 3208 3821 Christus
3232 3767 3374 3821 Deus
3407 3781 3526 3822 esse
3561 3783 3726 3836 nega-

2148 3861 2254 3908 tur.
2292 3851 2410 3907 Jam
2438 3853 2595 3924 longe
2619 3841 2984 3908 Antichristus
3014 3869 3120 3908 non
3155 3864 3258 3919 est,
3289 3855 3415 3926 quia
3433 3855 3547 3924 jam
3571 3856 3726 3909 Chri—

2147 3949 2264 3998 stus
2285 3943 2423 3998 Deus
2446 3956 2565 3998 esse
2590 3952 2834 4012 negatur.
2860 3925 3014 4011 Quod
3032 3945 3265 4015 quidem,
3288 3925 3444 4016 juxta
3463 3948 3722 4011 litteram,

2149 4034 2215 4088 de
2245 4033 2476 4088 adventu
2515 4034 2832 4090 Antichristi
2860 4036 2990 4090 nulli
3012 4036 3234 4092 dubium
3257 4045 3360 4102 est,
3394 4053 3556 4107 quam
3602 4051 3728 4108 pcr-

2147 4127 2440 4182 secutionis
2476 4129 2791 4198 magnitudo
2822 4130 3096 4200 compellit
3117 4130 3333 4202 fugere;
3370 4141 3424 4185 et
3455 4147 3619 4202 grave
3641 4141 3726 4187 est

2148 4216 2290 4272 ferre
2315 4217 2587 4288 parvulos,
2616 4220 2707 4288 qui
2735 4219 2998 4275 lactantes
3022 4219 3202 4292 fugam
3230 4223 3526 4278 retardant.
3572 4224 3725 4278 Licet

2147 4308 2365 4376 quidam
2390 4308 2498 4364 Titi
2523 4316 2577 4363 et
2601 4309 2914 4378 Vespasiani
2941 4312 3201 4367 adversus
3219 4311 3430 4368 Judzeos
3455 4323 3509 4368 et
3531 4316 3726 4384 ιιπεί-

2145 4413 2252 4471 pue
2299 4397 2597 4456 Jerusalem
2647 4402 2980 4458 obsidionem
3034 4419 3376 4475 pugnamque
3430 4406 3722 4476 signiﬁcari

474 4492 704 4558 extollit,
737 4499 792 4544 et
812 4491 915 4550 sibi
945 4506 1172 4562 magnus
1204 4490 1434 4549 videtur.
1464 4491 1600 4546 Hinc
1629 4491 1840 4559 Petrus,
1884 4509 1952 4548 ne
1988 4496 2044 4553 in
2075 4514 2127 4575 ι)
2147 4495 2344 4562 velint;
2391 4495 2623 4552 hiemem
2669 4511 2882 4569 quoque
2918 4505 2973 4552 et
3012 4499 3294 4554 sabbatum
3343 4501 3421 4555 sic
3451 4501 3720 4569 interpre-

476 4583 771 4640 undenario
819 4595 1044 4640 numero
1083 4590 1409 4650 remaneret,
1443 4583 1714 4652 apostolos
1765 4593 2043 4651 metuens,

475 4672 729 4731 Mathiam
772 4671 1148 4732 duodecimum
1195 4680 1340 4728 sorte
1385 4673 1550 4728 missa
1593 4675 1892 4746 requisivit.
1948 4677 2047 4733 llic

475 4764 580 4823 nisi
625 4762 771 4818 enim
810 4763 1011 4833 signari
1037 4764 1249 4838 culpam
1293 4779 1390 4834 per
1426 4767 1777 4821 undenarium
1806 4767 2044 4834 videret,

474 4855 698 4927 implere
712 4855 1074 4928 apostolorum
1101 4871 1382 4910 numerum
1408 4865 1520 4912 tota
1539 4855 1881 4915 festinatione
1909 4862 2047 4916 duo-

472 4949 752 5005 denarium
796 4965 903 5004 non
936 4955 1170 5004 curaret.
1206 4949 1341 5014 Quia
1379 4965 1509 5020 ergo
1553 4966 1650 5020 per
1691 4951 2046 5008 undenarium

474 5061 754 5101 numerum
771 5045 1127 5116 transgressio
1142 5045 1480 5119 exprimitur,
1495 5045 1654 5115 hujus
1679 5048 1864 5103 bestiae
1878 5065 2046 5105 cornu

474 5139 814 5194 undecimum
861 5140 976 5208 ipse
1032 5147 1222 5198 auctor
1261 5139 1704 5209 transgressionis
1753 5139 2040 5196 indicatur.

473 5228 628 5297 Quod
667 5228 915 5284 videlicet
939 5230 1192 5298 parvulus
1232 5231 1493 5294 nascitur,
1527 5229 1651 5297 quia
1680 5244 1848 5300 purus
1883 5231 2043 5286 homo

473 5327 780 5390 generatur.
813 5319 919 5374 Sed
944 5320 1253 5374 immaniter
1278 5321 1496 5390 grandis
1533 5321 1751 5385 crescit,
1779 5322 1904 5390 quia
1948 5338 2042 5376 us-

473 5426 579 5482 que
607 5413 674 5467 ad
703 5411 1044 5481 conjunctam
1071 5411 1171 5467 sibi
1197 5413 1448 5477 virtutem
1482 5415 1688 5484 angelis
1712 5413 2045 5470 fortitudinis

474 5501 722 5574 profecit.
749 5501 902 5570 Quod
926 5504 1031 5558 tria
1077 5519 1276 5559 cornua
1304 5519 1423 5574 qua:
1459 5505 1508 5558 ei
1551 5514 1675 5560 ante
1699 5504 1892 5560 faciem
1918 5511 2045 5559 sunt

475 5593 673 5655 evellit,
715 5593 842 5660 quia
883 5594 1102 5649 ditionis
1141 5610 1252 5649 suae
1283 5609 1444 5664 regna
1491 5597 1746 5663 totidem,
1792 5613 1910 5667 quae
1939 5600 2042 5656 sibi

478 5681 655 5738 vicina
683 5687 857 5746 erant,
885 5682 1132 5750 subjecit.
1169 5681 1334 5749 Cujus
1357 5683 1497 5737 oculi
1540 5694 1664 5738 sunt
1693 5695 1752 5739 ut
1777 5687 1917 5742 oculi
1946 5690 2043 5743 lto-

481 5771 678 5830 minis:
717 5770 809 5824 sed
839 5783 900 5823 os
925 5769 1157 5838 ingentia
1185 5769 1440 5837 loquitur,
1466 5771 1592 5837 quia
1618 5773 1674 5827 in
1699 5774 1791 5829 illo
1811 5776 2042 5834 humana

2151 4596 2353 4653 tantur,
2382 4603 2451 4644 ne
2475 4602 2540 4644 eo
2568 4597 2810 4659 tempore
2836 4590 3018 4661 fugere
3059 4591 3470 4663 compellantur,
3503 4594 3722 4661 quando

2148 4681 2346 4735 duritia
2383 4679 2602 4751 frigoris
2626 4681 2679 4734 in
2705 4681 2853 4751 agris
2877 4689 2932 4735 et
2958 4681 3011 4736 in
3039 4682 3265 4737 desertis
3299 4682 3428 4736 locis
3452 4682 3724 4753 fugientes

2147 4769 2317 4825 latere
2352 4786 2459 4825 non
2487 4772 2709 4840 patitur,
2745 4780 2799 4826 ει
2823 4773 3130 4826 observatio
3173 4772 3416 4837 sabbati,
3452 4784 3544 4826 aut
3583 4789 3723 4842 prx-

2147 4864 2476 4918 varicatores
2498 4865 2645 4929 facit,
2673 4865 2716 4918 si
2746 4863 2976 4934 fugiunt,
3005 4873 3096 4918 aut
3116 4865 3349 4920 hostium
3374 4866 3568 4936 gladiis
3590 4867 3721 4920 sub-

2141 4949 2342 5022 jacere,
2381 4952 2427 5007 si
2459 4953 2675 5008 sabbati
2700 4955 2870 5008 otium
2898 4962 2953 5007 et
2988 4963 3255 5024 pnecepta
3289 4956 3717 5010 observaverunt.

2147 5044 2255 5100 Sed
2280 5060 2386 5102 non
2413 5053 2494 5100 est
2521 5053 2764 5116 tempore
2793 5046 3104 5116 Vespasiani
3146 5047 3470 5115 completum
3507 5055 3562 5101 et
3589 5047 3696 5103 Titi

2144 5137 2240 5192 sed
2273 5153 2416 5193 nunc
2446 5137 2500 5194 in
2539 5138 2770 5193 adventu
2797 5136 3133 5192 Antichristi.
3161 5137 3271 5193 Nos
3288 5145 3466 5192 autem
3493 5138 3721 5193 audien-

2145 5240 2228 5286 tes
2254 5233 2537 5289 Dominum
2570 5231 2938 5295 Salvatorem,
2974 5239 3034 5284 ut
3069 5230 3237 5300 quiin
3275 5229 3456 5286 Judzna
3487 5240 3614 5286 sunt
3650 5233 3722 5287 ad

2144 5331 2398 5380 montana
2429 5322 2771 5393 confugiant;
2809 5323 2863 5377 id
2897 5329 2999 5386 est,
3028 5321 3119 5390 qui
3147 5321 3484 5377 confessores
3506 5329 3631 5376 sunt
3650 5322 3724 5375 ad

2144 5413 2304 5468 ﬁdem
2364 5422 2418 5470 et
2465 5414 2767 5468 doctrinam
2815 5413 3166 5484 apostolicam
3223 5413 3554 5483 confugiant.
3614 5413 3718 5482 Ipsi

2143 5520 2358 5577 quoque
2397 5505 2582 5561 oculos
2621 5505 2861 5560 levamus
2889 5505 2957 5560 ad
2984 5513 3194 5560 montes
3255 5507 3322 5561 de
3358 5507 3554 5576 quibus
3585 5505 3715 5560 scri-

2141 5608 2295 5670 ptum
2322 5607 2404 5654 est
2427 5613 2441 5652 :
2471 5597 2656 5652 Levavi
2679 5597 2855 5652 oculos
2880 5615 3020 5652 meos
3049 5599 3117 5652 ad
3145 5609 3363 5663 montes,
3390 5597 3526 5652 unde
3552 5597 3719 5649 veniet

2144 5690 2400 5745 auxilium
2445 5690 2593 5743 mihi.
2633 5690 2699 5743 Et
2740 5689 2793 5742 in
2839 5689 2946 5744 alio
2971 5689 3090 5744 loco
3133 5704 3148 5742 :
3193 5687 3559 5742 Fundamenta
3600 5686 3717 5755 ejus

2142 5783 2197 5836 in
2243 5780 2504 5836 montibus
2529 5781 2743 5836 sanctis.
2794 5779 2879 5848 Et,
2907 5791 3103 5836 montes
3150 5783 3202 5836 in
3247 5780 3467 5835 circuitu
3507 5778 3642 5848 ejus,
3664 5793 3715 5838 et
