3992 6176
318 375 438 434 l0‘29
1033 373 1416 431 INSCIUPTIO
1447 373 1710 430 CODIGIS
1741 373 1914 431 CON'I

1990 374 2195 430 ’ENTIS
2236 374 2573 443 CANONES,
2611 377 2759 435 ETC.
3391 381 3530 438 {050

316 490 552 546 Dominus
572 490 628 545 in
649 489 869 544 circuitu
894 489 1068 560 populi
1090 491 1193 544 sui.
1227 490 1312 554 Et,
1345 490 1468 544 Non
1491 497 1655 560 potest
1677 490 1859 545 civitas
1887 496 1931 550 Α
1961 488 2062 542 lios
2085 495 2451 556 procrearent.
2485 487 2650 543 Nobis
2671 489 2870 559 quippe
2896 489 3152 559 prodesse
3175 505 3282 547 non
3310 495 3531 561 poterit,

311 581 459 635 latere
482 595 639 649 super
658 594 881 632 montem
905 578 1092 649 posita.
1132 578 1200 632 Et
1221 578 1530 636 discalceati
1553 594 1651 634 nos
1670 580 1863 648 pedem
1963 583 2011 638 si
2044 583 2098 637 in
2129 597 2240 637 sua:
2263 583 2567 638 altitudinis
2589 586 2865 640 erectione
2884 586 3257 654 persisterent.
3294 586 3537 642 Moriun-

310 670 512 733 litteraz,
553 669 712 724 nudis
734 668 959 737 pedibus
981 683 1104 723 cum
1137 667 1320 739 Moyse
1338 670 1690 725 ascendentes
1711 685 1864 724 mon-
1966 682 2055 728 tur
2079 673 2284 728 semina
2312 673 2365 727 in
2394 682 2575 742 partu,
2603 675 2695 743 qui
2723 676 2951 730 necdum
2982 675 3199 730 formati
3238 675 3453 731 fuerant
3480 677 3537 733 in

312 769 410 816 tem
434 761 585 825 Sina,
615 762 854 816 dicamus
878 775 893 814 :
932 759 1212 816 Transiens
1241 762 1417 816 videbo
1442 762 1688 817 visionem
1729 762 1865 815 hanc
1966 762 2089 827 ﬁde,
2113 763 2239 817 dum
2267 762 2504 817 haeretici
2532 765 2796 824 cmoerint
2821 765 3055 820 haereses
3073 765 3390 835 praedicare.
3429 764 3538 836 Ipsi

311 868 580 923 magnam;
611 860 671 906 ut
707 866 993 922 possumus
1035 852 1331 922 intelligere
1371 861 1710 923 praegnantes
1749 854 1867 908 ani-
1966 854 2205 909 haeretici
2234 854 2521 923 discipulos
2550 853 2703 909 Pauli
2729 855 3069 919 occiderant,
3108 855 3233 924 quia
3260 854 3536 911 Christum

311 958 450 1007 mas,
478 957 598 1010 quae
624 941 690 997 de
719 942 923 997 semine
947 943 1315 998 doctrinarum
1337 952 1391 997 et
1411 945 1748 999 sermonibus
1772 944 1866 998 Dei
1968 945 2022 999 in
2051 953 2269 1014 pectore
2287 946 2498 1000 illorum
2519 946 2848 1001 occiderant.
2877 946 3022 1013 Quos
3048 955 3263 1002 revocat
3287 948 3356 1003 ad
3374 963 3537 1003 unam

310 1031 455 1086 initia
482 1030 605 1085 ﬁdei
630 1038 1010 1099 concepernnt,
1046 1039 1102 1085 et
1130 1032 1316 1087 dicunt
1340 1048 1461 1087 cum
1488 1033 1621 1088 Isaia
1644 1050 1678 1091 ,:
1723 1034 1767 1088 Α
1803 1034 1870 1087 ti—
1968 1034 2148 1098 ﬁdem,
2172 1035 2356 1089 dicens
2381 1050 2396 1088 :
2425 1033 2608 1088 Filioli
2634 1036 2757 1099 mei,
2781 1052 2912 1105 quos
2953 1036 3124 1089 adhuc
3145 1037 3412 1105 partus-io,
3436 1037 3535 1091 do-

310 1137 446 1176 mare
469 1131 578 1185 tuo,
606 1121 845 1185 Domine,
868 1122 1194 1192 concepimus
1216 1133 1263 1176 et
1294 1124 1682 1192 parturivimus,
1712 1124 1871 1193 spiri—
1970 1140 2062 1178 nec
2086 1123 2324 1179 Christus
2349 1125 2605 1194 formetur
2638 1125 2694 1179 in
2732 1126 2894 1179 vobis.
2927 1126 3036 1179 Has
3063 1140 3195 1195 ergo
3218 1126 3428 1182 animas
3452 1141 3541 1181 ar-

308 1218 414 1263 tum
445 1208 630 1262 salutis
654 1218 759 1262 tute
788 1208 1041 1279 faciemus
1070 1224 1225 1278 super
1249 1220 1462 1264 terram.

377 1295 502 1351 CIII.
541 1296 691 1352 Sicut
728 1298 873 1352 enim
916 1302 1121 1353 semina
1166 1300 1424 1368 paulatim
1468 1296 1771 1356 formantur
1814 1317 1871 1356 tn

311 1389 503 1452 uteris,
531 1397 587 1443 et
620 1389 805 1443 tandiu
835 1404 943 1443 non
973 1398 1288 1459 reputantur
1313 1392 1657 1447 homicidium
1704 1394 1875 1448 donec

312 1478 573 1533 elementa
614 1478 837 1534 confusa
868 1495 994 1535 suas
1019 1482 1279 1552 imagines
1323 1486 1670 1553 membraque
1704 1487 1876 1540 susci-

313 1571 475 1641 piant,
522 1572 596 1625 ita
629 1586 819 1627 sensus
860 1573 1071 1628 ratione
1117 1583 1438 1646 conceptus,
1478 1577 1581 1631 nisi
1624 1578 1678 1632 in
1712 1593 1874 1647 opera

312 1663 641 1730 prornperit,
679 1661 854 1716 adhuc
897 1673 1085 1717 ventre
1111 1665 1399 1732 retinetur,
1428 1675 1481 1722 et
1503 1668 1624 1723 cibo
1663 1668 1874 1723 abortio

312 1753 481 1822 perit,
514 1770 638 1808 cum
672 1753 817 1809 videt
855 1756 1308 1812 abominationem
1342 1758 1687 1815 desolationis
1730 1769 1876 1815 stan—

1970 1212 2160 1277 bitror,
2189 1212 2345 1280 juxta
2380 1214 2636 1283 mysticus
2663 1214 2984 1281 intellectus,
3021 1230 3139 1269 esse
3164 1215 3434 1271 mulieres.
3462 1215 3543 1271 De

1972 1304 2167 1372 quibus
2211 1304 2322 1373 ipse
2363 1303 2655 1373 Apostolus
2697 1304 2956 1373 scripsit:
3007 1304 3203 1358 Mulier
3231 1306 3443 1360 seducta
3484 1306 3542 1359 in

1971 1396 2381 1465 transgressione
2418 1395 2539 1465 fuit.
2570 1394 2874 1449 Saluabitur
2892 1404 3064 1448 autem
3087 1412 3179 1466 per
3198 1395 3429 1464 ﬁliorum
3450 1410 3542 1465 ge-

1973 1486 2314 1549 nerationem,
2374 1487 2419 1539 si
2468 1484 2815 1556 permanserit
2856 1485 2913 1538 in
2939 1484 3064 1553 ﬁde,
3110 1494 3158 1538 et
3187 1485 3458 1549 charitate,
3494 1492 3543 1537 et

1975 1580 2253 1631 sanctitate
2294 1595 2411 1632 cum
2453 1578 2729 1648 pudicitia.
2758 1576 2889 1643 Qum
2914 1577 2960 1631 si
2982 1576 3047 1632 de
3089 1592 3338 1631 sermone
3364 1575 3545 1631 divino

1977 1665 2263 1734 aliquando
2284 1666 2611 1735 generarint,
2636 1680 2856 1721 necesse
2875 1672 2976 1729 est,
2993 1680 3112 1734 qua:
3126 1671 3379 1734 generata
3397 1670 3542 1726 sunt,

1978 1770 2242 1821 crescere,
2287 1764 2341 1811 et
2366 1756 2601 1827 primum
2641 1758 2886 1825 accipere
2930 1755 3014 1809 lac
3060 1747 3328 1817 infantiae,
3377 1753 3548 1808 donec

313 1851 418 1899 tem
447 1844 498 1898 in
528 1844 799 1911 Ecclesia,
847 1854 902 1900 et
928 1846 1186 1902 Satanam
1228 1852 1603 1919 transﬁgurari
1632 1852 1686 1906 in
1719 1868 1880 1923 ange-
1911 1831 1956 1890 Β
1980 1847 2258 1917 perveniat
2281 1847 2347 1901 ad
2368 1846 2595 1900 solidum
2624 1847 2807 1902 cibum
2841 1853 2895 1901 et
2934 1846 3003 1902 ad
3041 1852 3308 1899 maturam
3332 1851 3547 1898 aetatem

315 1932 422 1988 lum
447 1934 612 1999 lucis,
645 1937 700 1991 id
736 1945 820 1995 est
863 1937 1196 1994 haereticum.
1225 1940 1292 1994 Et
1325 1942 1390 1996 de
1416 1943 1714 1998 istiusmodi
1746 1944 1884 1999 Pau-

315 2022 398 2078 lus
420 2023 632 2080 ﬁetibus
658 2026 899 2103 loquitur
926 2043 940 2082 :
966 2026 1148 2083 Filioli
1173 2031 1295 2096 mei,
1318 2048 1447 2101 quos
1467 2033 1656 2086 iterum
1699 2045 1884 2105 partu-

315 2112 414 2177 rio,
442 2113 606 2166 donec
627 2113 865 2169 Christus
887 2116 1197 2185 reformetur
1216 2119 1273 2172 in
1297 2119 1458 2173 vobis.
1500 2117 1688 2174 Vellem
1710 2131 1882 2176 autem

315 2218 427 2255 esse
447 2204 587 2273 apud
608 2220 695 2258 vos
716 2205 892 2271 modo,
918 2216 967 2260 et
993 2218 1196 2262 mutare
1235 2225 1403 2262 vocem
1427 2226 1615 2274 meam,
1637 2212 1883 2280 quoniam

319 2292 659 2361 confundara
683 2294 842 2350 vobis.
870 2296 1011 2352 Ecce
1034 2296 1235 2353 Paulus
1259 2306 1467 2354 mutare
1489 2299 1601 2354 vult
1623 2316 1807 2355 vocem
1831 2303 1883 2356 in

316 2390 475 2451 partu
509 2399 639 2450 suo,
676 2392 736 2439 ut
760 2386 1157 2454 praedicationis
1184 2403 1362 2443 sermo
1391 2389 1445 2443 in
1490 2389 1725 2459 rugitum
1765 2406 1887 2444 ver-

242 2474 251 2481 ’
321 2482 468 2529 tatur
507 2475 727 2531 doloris.
779 2476 985 2533 Mutare
1026 2479 1141 2534 vult
1185 2495 1403 2545 vocem,
1446 2480 1570 2549 quia
1605 2494 1740 2549 quos
1771 2479 1885 2548 jam

318 2568 662 2639 praedicando
704 2578 1018 2640 pepererat,
1047 2571 1388 2628 reformando
1421 2588 1640 2643 gemens
1689 2574 1885 2627 iterum

316 2659 672 2730 parturiebat.
734 2659 960 2727 Qualem
1018 2663 1254 2733 rngitum
1306 2664 1523 2731 pariens
1558 2664 1882 2727 emittebat,

317 2750 535 2821 quando
557 2749 759 2805 eisdem
786 2758 907 2820 post
935 2767 994 2807 se
1021 2753 1369 2807 rcdeuntibus
1393 2755 1696 2809 exclamare
1729 2769 1887 2825 coge-

321 2840 501 2904 batur,
530 2840 715 2895 dicens
741 2854 756 2893 :
796 2840 839 2895 0
867 2842 1117 2896 insensati
1146 2840 1388 2896 Galatia!
1407 2844 1496 2913 qui
1533 2860 1618 2902 nos
1652 2843 1885 2912 fascina—

324 2932 395 2987 vit
415 2932 443 2986 2
466 2931 535 2986 Et
564 2933 640 2987 sic
693 2931 841 2987 stulti
879 2933 1022 2998 estis,
1049 2943 1106 2987 ut
1134 2949 1251 2987 cum
1290 2934 1475 3003 spiritu
1521 2934 1883 3005 conceperitis,

321 3040 463 3079 nunc
498 3042 656 3079 carne
694 3025 1113 3080 consumamini?
1135 3025 1219 3081 vel
1243 3034 1390 3081 certe
1428 3027 1712 3081 currebatis
1742 3026 1885 3092 bene,

321 3115 440 3184 quis
461 3132 548 3169 vos
575 3116 837 3186 impedivit
864 3116 1065 3170 ueritati
1092 3133 1195 3170 non
1224 3116 1467 3171 obedire?
1491 3117 1674 3184 Qualis
1700 3119 1752 3171 in
1788 3119 1888 3172 bu-

320 3202 408 3275 ius
431 3218 588 3274 partu
617 3207 826 3277 rugitus
859 3206 988 3268 fuit,
1020 3208 1110 3276 qui
1144 3208 1312 3263 multo
1336 3215 1577 3278 tempore
1602 3219 1890 3279 conceptos

323 3294 465 3349 filios
507 3310 631 3349 cum
680 3298 844 3351 tantis
892 3296 1164 3355 laboribus
1205 3298 1432 3367 peperit,
1479 3306 1535 3352 et
1571 3297 1895 3368 quandoque

321 3395 511 3456 partos
536 3388 604 3441 ad
648 3386 867 3442 malitia:
891 3396 1103 3443 uterum
1132 3391 1354 3447 rediisse
1395 3390 1681 3459 cognovit?
1711 3388 1898 3444 Consi-

322 3477 576 3533 dercmus
618 3476 745 3547 quid
792 3478 994 3533 doloris
1019 3479 1300 3534 habuerit?
1341 3478 1478 3545 Quid
1513 3479 1747 3533 laboris?
1791 3478 1893 3543 Qui

321 3576 607 3636 postquam
655 3569 830 3638 potuit
874 3579 1133 3637 concepta
1158 3585 1225 3623 ex
1274 3578 1429 3624 utero
1465 3569 1655 3633 edere,
1695 3569 1895 3622 iterum

322 3656 633 3725 compulsus
659 3666 740 3711 est
772 3659 1036 3712 exstincta
1062 3659 1343 3712 suscitare.
1383 3657 1495 3712 Nisi
1520 3658 1662 3713 enim
1696 3659 1891 3726 praedi-

322 3756 542 3799 calores
576 3747 747 3799 sancti
782 3747 850 3801 ab
895 3746 984 3799 illa
1019 3747 1382 3801 immensitate
1430 3748 1896 3816 contemplationis

325 3832 555 3887 interna:
599 3834 891 3903 spiritualis
917 3836 1294 3904 conciperent,
1342 3843 1397 3890 et
1427 3837 1493 3890 ad
1529 3835 1895 3893 inﬁrmitatem

323 3931 572 3975 nostram
604 3923 900 3977 humillima
926 3923 1338 3994 praedicatione,
1365 3923 1518 3994 quasi
1544 3924 1772 3994 quadam
1809 3925 1896 3980 in-

321 4012 642 4068 curvatione
675 4012 1089 4077 descenderent,
1120 4028 1393 4084 nunquam
1418 4014 1602 4082 utique
1627 4014 1682 4068 in
1708 4013 1812 4069 ﬁde
1838 4015 1900 4068 ﬁ-

1914 3171 1961 3234 C

1981 1937 2327 2007 plenitudinis
2346 1936 2567 1991 Christi.
2595 1937 2782 1992 Omnis
2799 1936 2945 1990 enim
2966 1936 3057 2005 qui
3084 1935 3221 1989 lacte
3245 1934 3424 1999 alitur,
3452 1932 3550 1987 im-

1981 2027 2187 2096 peritus
2229 2036 2330 2089 est,
2372 2032 2428 2080 et
2457 2034 2637 2080 mente
2675 2026 2958 2095 parvulus,
2992 2026 3046 2079 in
3090 2025 3299 2079 ratione
3326 2022 3551 2093 iustitia:

1984 2115 2277 2170 infantulus
2300 2122 2402 2168 est.
2437 2114 2530 2169 Hac
2550 2115 2714 2184 igitur
2742 2115 2935 2169 anima:
2968 2128 3088 2183 qua:
3112 2114 3287 2169 adhuc
3312 2128 3419 2167 non
3458 2125 3552 2181 pe—

1983 2214 2262 2274 pererunt,
2290 2205 2404 2259 sive
2428 2220 2547 2273 qua:
2573 2204 2810 2259 nondum
2842 2212 3136 2274 potuerunt
3158 2218 3221 2257 ea
3249 2219 3370 2274 qum
3392 2216 3552 2273 gene-

1985 2305 2102 2350 rata
2132 2304 2257 2350 sunt
2281 2310 2521 2365 pascere,
2547 2310 2671 2349 cum
2697 2295 2966 2349 audierint
2991 2308 3297 2349 sermonem
3338 2293 3551 2348 haereti-

1985 2400 2106 2439 cum
2130 2392 2359 2439 stantem
2384 2384 2437 2438 in
2463 2383 2722 2454 bcclesia,
2752 2384 2860 2439 cito
2883 2383 3317 2438 scandalizantur
3336 2389 3391 2435 et
3425 2394 3551 2454 per-

1985 2485 2131 2541 cunt,
2159 2484 2214 2529 et
2244 2476 2298 2530 in
2325 2483 2640 2545 tempestate
2665 2483 2824 2546 atque
2854 2475 2910 2530 in
2940 2473 3403 2545 persccutionibus
3430 2487 3554 2541 per-

1984 2587 2207 2627 manere
2232 2588 2337 2627 non
2368 2580 2609 2641 possunt,
2640 2572 2938 2642 prscsertim
2978 2573 3026 2626 si
3061 2570 3231 2625 otium
3262 2567 3552 2622 habuerint

1985 2664 2248 2717 bonorum
2281 2677 2538 2732 operum,
2566 2669 2621 2716 et
2659 2677 2764 2716 non
2808 2659 3203 2717 ambulaverint
3230 2658 3284 2713 in
3310 2658 3396 2713 via
3435 2670 3556 2727 qua:

1987 2740 2235 2807 Christus
2255 2759 2354 2806 est.

2058 2842 2189 2898 CIV.
2229 2844 2305 2898 De
2355 2843 2459 2899 hac
2484 2842 2884 2898 abominatione
2909 2841 3160 2897 haeretica
3197 2853 3556 2910 perversaque
3604 2853 3608 2857 ‘

1989 2933 2231 2988 doctrina
2263 2933 2475 2988 dicebat
2508 2931 2796 3003 Apostolus
2825 2932 2969 3001 quod
2998 2931 3159 3004 bomp
3183 2929 3482 2999 iniquitatis
3503 2938 3560 2983 et

1990 3024 2331 3079 adversarius
2360 3023 2514 3078 elevet
2560 3040 2615 3077 se
2659 3032 2839 3077 contra
2863 3040 3015 3076 autne
3041 3022 3179 3093 quod
3205 3021 3399 3076 dicitur
3418 3018 3559 3073 Deus

1991 3120 2046 3168 et
2070 3113 2256 3184 religio
2274 3153 2289 3178 ,
2319 3113 2395 3167 ita
2423 3123 2479 3166 ut
2497 3121 2779 3184 pra'sumat
2822 3122 2960 3166 stare
2984 3112 3039 3165 in
3067 3110 3254 3181 templo
3278 3108 3375 3163 Dei
3399 3117 3448 3162 et
3473 3124 3558 3163 os-

1993 3203 2202 3258 tendere
2221 3203 2358 3275 quod
2378 3204 2486 3273 ipse
2510 3203 2580 3256 sit
2594 3202 2671 3255 De
2712 3218 2757 3255 s.
2779 3198 2944 3269 Cujus
2965 3200 3249 3253 adventum
3265 3196 3559 3252 secundum

1994 3294 2361 3364 operationem
2388 3293 2632 3356 Satanae,
2666 3298 2721 3344 et
2748 3303 2810 3343 ea
2849 3302 2969 3357 qua:
2997 3293 3257 3355 concepta
3282 3294 3410 3339 sunt
3431 3282 3562 3339 facit

1993 3383 2170 3454 perire
2192 3381 2496 3445 abortione,
2521 3387 2576 3433 et
2598 3394 2664 3433 ea
2686 3392 2805 3446 qua:
2839 3384 2962 3429 nata
2995 3382 3152 3440 sunt,
3187 3373 3255 3428 ad
3274 3371 3563 3442 pueritiam

1995 3483 2051 3527 et
2076 3473 2142 3527 ad
2170 3469 2464 3541 perfectam
2486 3475 2700 3523 aetatem
2724 3465 3009 3536 pervenire
3031 3481 3137 3519 non
3161 3478 3339 3534 posse.
3363 3463 3565 3529 Quam-

1994 3563 2180 3616 obrem
2204 3558 2441 3614 orandus
2471 3564 2554 3611 est
2586 3555 2863 3619 Dominus,
2901 3570 2969 3609 ne
3010 3554 3064 3608 in
3088 3553 3311 3609 exordio
3337 3551 3460 3606 ﬁdei
3508 3558 3565 3607 et

1996 3650 2293 3708 crescentis
2314 3649 2488 3705 aetatis
2514 3647 2721 3703 oriatur
2747 3645 2922 3700 hiems
2953 3643 3197 3713 frigoris,
3228 3643 3281 3697 id
3304 3649 3418 3707 est,
3454 3643 3566 3696 hae-

1998 3742 2290 3797 reticorum
2335 3737 2647 3811 praedicatio
2684 3736 2913 3792 novella.
2960 3736 3036 3791 De
3080 3749 3186 3804 qua
3217 3734 3399 3789 hieme
3439 3733 3568 3788 scri-

1998 3840 2153 3903 ptum
2172 3838 2256 3885 cst
2293 3845 2359 3885 ex
2393 3844 2525 3884 voce
2561 3828 2744 3899 sponsi
2775 3827 2936 3882 :Jam
2957 3826 3122 3881 hiems
3150 3824 3380 3889 transiit,
3405 3822 3570 3877 imber

2001 3923 2128 3979 abiit
2168 3931 2217 3977 et
2246 3921 2472 3979 recessit.

2260 4011 2463 4067 Cretera
2497 4010 2865 4065 desiderantur
2891 4009 2949 4064 in
2971 4007 3312 4079 autographa.

327 4143 3529 4197 ΞΜ

1478 4272 1649 4319 ΛιιΝο
1690 4274 1921 4319 DOMINI
1962 4275 2209 4319 DCCLXI
2220 4276 2400 4320 XVIII.

1065 4415 1887 4579 “EAG

2021 4412 2704 4575 ΗΙΟ

1423 4659 1974 4719 ARGENTINENSIS
2014 4658 2408 4716 EPISCOPUS.

1555 4878 2002 4940 INSCRIPTIO
2043 4876 2356 4939 CODlCIS

327 5018 756 5065 CONTINENTIS
800 5014 1089 5063 CANONES
1131 5014 1565 5059 CONCILIORUM
1607 5017 1689 5057 ΕΤ
1729 5016 2012 5058 DECRETA
2058 4980 2447 5059 PONTIFICIlM
2478 5040 2496 5070 ,
2566 5012 2742 5066 QUEM
2811 5011 3089 5057 CODICEM
3131 5011 3331 5056 SCRIBI
3371 5008 3580 5059 JUSSIT

1137 5076 1444 5137 BACHIO
1488 5092 1824 5137 nrrscorus
1873 5091 2373 5137 snenurrnsnsrs
2414 5091 2585 5135 anno
2626 5073 2765 5136 788.

1296 5186 1395 5253 [Ex
1421 5197 1733 5259 Grandidler,
1757 5196 1884 5248 Hist.
1907 5196 1973 5246 de
1995 5194 2192 5257 l‘église
2214 5194 2279 5245 de
2294 5193 2637 5258 St‘rasbourg.)

403 5374 465 5430 In
492 5374 708 5430 nomine
730 5385 914 5429 sancte
943 5377 999 5424 et
1028 5365 1541 5438 unique'l‘rinitatis,
1558 5364 1612 5419 in
1626 5377 1768 5419 anno
1781 5361 1904 5428 788,
1935 5363 1985 5422 D
2009 5359 2066 5415 di
2087 5358 2233 5415 nasci
2253 5359 2504 5431 dignatus
2521 5365 2626 5423 est;
2657 5364 2712 5412 et
2748 5355 2803 5413 in
2833 5370 2975 5413 anno
3004 5354 3071 5410 i9
3109 5360 3365 5425 regnante
3386 5350 3582 5407 domno

323 5478 445 5538 quo
469 5464 726 5519 Dominus
743 5470 928 5518 noster
954 5458 1151 5515 Jhesus
1160 5459 1407 5514 Christus
1427 5472 1529 5528 pro
1557 5454 1730 5511 salute
1748 5469 1908 5508 mun-

408 5613 435 5642 α
471 5599 599 5654 Haec
628 5582 902 5666 inscriptio
929 5595 1154 5650 multum
1202 5595 1410 5666 redolet
1447 5591 1907 5666 ignorantiam_et

326 5669 642 5728 barbariem
672 5660 850 5722 saeculi
870 5666 1066 5730 octavi,
1083 5674 1144 5719 ut
1163 5664 1347 5721 videre
1366 5673 1449 5719 est
1468 5660 1567 5732 per
1590 5663 1738 5731 ipsos
1756 5660 1909 5732 solae-

329 5740 538 5799 cismos
555 5738 751 5810 quibus
773 5745 961 5795 scatet.
994 5735 1319 5794 Consulatur
1350 5730 1689 5802 Can‘giusﬁn
1714 5730 1911 5800 praefa-

2011 5458 2199 5506 nostro
2240 5449 2647 5522 gloriosissimo,
2681 5447 2856 5518 adque
2896 5442 3345 5503 excellentissimo
3387 5438 3584 5496 Karolo

2010 5587 2156 5641 tione
2181 5587 2247 5642 ad
2269 5584 2601 5642 Glossarium
2624 5583 2848 5638 latinum
2875 5583 2944 5638 de
2991 5581 3167 5637 causis
3188 5584 3453 5647 corruptae
3504 5573 3584 5627 la-

2010 5656 2259 5738 tinitatis,
2285 5671 2401 5738 qua
2434 5655 2618 5738 videre
2638 5661 2722 5709 est
2766 5649 3582 5738 psqneqnonLatinLlingflaM?

2012 5726 2185 5796 prima
2207 5722 2441 5798 puritate
2462 5723 2805 5795 degeneravit
2821 5724 2920 5780 sub
2958 5722 3170 5793 regibus
3187 5722 3375 5792 prima:
3395 5723 3450 5770 et
3496 5724 3583 5766 se.
