3992 6176
505 265 527 316 i
539 261 639 317 αδδ
1525 257 1974 315 ANGELRAMNI
2021 243 2358 312 METENSIS
2403 255 2705 312 EPISCOPI
3572 265 3676 319 I036

582 368 662 422 VI.
695 366 764 423 Ut
787 368 1068 438 presbyter
1091 382 1314 422 uxorem
1340 382 1492 422 suam
1521 383 1550 421 a
1577 366 1963 436 gubernatione
1984 380 2078 420 sua
2110 367 2152 422 Λ
2185 362 2318 430 lens,
2349 365 2866 419 excommunicetur.
2899 364 3030 419 Item
3071 365 3263 431 clerici,
3291 367 3332 421 si
3356 370 3574 439 populum
3597 390 3686 430 non

505 474 612 513 non
634 458 872 528 abjiciat,
901 459 994 514 sed
1023 466 1171 514 caste
1197 465 1367 529 regat.
2182 455 2514 520 erudierunt,
2541 463 2600 508 ut
2634 455 2873 523 legitimo
2899 455 3150 525 episcopo
3173 457 3427 521 obediant,
3453 459 3493 513 si
3519 461 3574 514 ad
3590 462 3684 519 illos

574 548 683 603 VII.
715 547 957 604 Ordinati
987 547 1334 603 saecularibus
1368 546 1516 602 curis
1553 544 1714 601 dediti
1738 542 2077 612 dejiciantur.
2182 545 2365 599 venire
2389 546 2696 612 noluerint;
2735 555 2790 602 et
2820 547 2904 602 bis
2951 548 3007 602 in
3045 561 3184 601 anno
3215 549 3426 604 concilia
3460 553 3688 623 episcopo-

573 639 704 695 VIII.
735 637 804 695 Ut
850 637 1055 694 Pascha
1101 647 1226 694 ante
1273 637 1657 708 aequinoctium
1703 634 1921 689 vernale
1973 649 2080 688 non
2183 650 2299 688 rum
2336 635 2694 690 celebrentur.

505 732 821 787 celebretur.
2253 729 2469 784 XXXV.
2503 729 2572 784 Ut
2597 732 2882 800 episcopus
2903 747 3090 786 omnes
3117 732 3489 790 ecclesiasticas
3513 752 3584 792 res
3606 739 3690 794 dis-

573 823 664 879 IX.
712 822 782 878 Ut
824 821 1058 877 ministri
1107 821 1297 875 altaris
1344 819 1483 875 facta
1531 817 1802 874 oblatione
1843 831 2084 871 commu-
2179 828 2398 890 penset,
2441 836 2541 874 nec
2569 821 2691 875 inde
2720 821 2924 890 aliquid
2949 823 3060 877 suis
3096 824 3397 892 parentibus
3422 841 3513 878 non
3535 841 3690 897 paupe-

504 916 705 970 niccnt.
857 917 862 921 ’
2183 911 2332 965 ribus
2358 911 2756 965 subministrari
2788 912 3044 981 patiatur.

575 1005 644 1060 X.
673 1005 742 1060 Ut
765 1013 820 1060 et
846 1003 968 1059 laici
992 1004 1278 1059 ecclesiam
1306 1002 1531 1072 ingressi
1558 1001 1974 1056 communicent.
2253 997 2491 1056 XXXVI.
2520 997 2590 1058 Ut
2626 1002 2930 1072 presbyteri
2959 1010 3013 1057 et
3038 1003 3286 1058 diaconos
3319 1012 3496 1073 przeter
3531 1005 3692 1077 episco—

572 1096 664 1151 XI.
696 1095 752 1150 Si
796 1095 916 1164 quis
951 1109 1072 1150 cum
1110 1093 1580 1149 excommunicato
1606 1092 1796 1147 saltem
1832 1092 1885 1145 in
1923 1091 2085 1146 domo
2181 1107 2310 1162 pum
2337 1093 2467 1148 nihil
2497 1101 2697 1163 agant:
2737 1093 2820 1147 sin
2857 1102 3037 1148 autem
3067 1095 3360 1150 abinvicem
3388 1107 3692 1166 separatum

503 1186 759 1251 oraverit,
789 1184 1310 1240 excommunicetur.
2182 1184 2564 1240 ecclesiastica:
2590 1194 2644 1238 et
2677 1199 2766 1239 res
2791 1184 3026 1255 episcopi
3056 1186 3306 1255 proprim,
3348 1201 3472 1256 quas
3502 1188 3576 1242 ille
3596 1190 3693 1245 dam

573 1277 685 1332 XII.
717 1276 775 1332 Si
801 1278 924 1347 quis
956 1292 1078 1332 cum
1109 1277 1365 1331 damnato
1390 1274 1587 1330 clerico
1615 1272 1780 1328 veluti
1825 1285 1950 1326 cum
1975 1269 2084 1326 cle-
2182 1276 2562 1347 possitquibus
2581 1277 2830 1342 voluerit,
2856 1293 2943 1343 ne,
2964 1291 3028 1332 eo
3052 1278 3331 1345 moriente,
3347 1280 3590 1352 propinqui
3607 1282 3694 1352 ejus

504 1369 618 1424 rico
642 1369 898 1431 oraverit,
930 1367 1236 1422 damnetur.
2183 1368 2591 1438 proseribantur
2625 1369 2726 1424 sub
2751 1369 2975 1424 obtentu
3008 1369 3272 1424 ecclesiae.

573 1460 708 1515 XIII.
734 1459 806 1516 Ut
826 1457 1002 1514 nullus
1023 1466 1222 1527 praeter
1243 1457 1711 1512 commendatitias
1732 1456 1941 1511 litteras
1967 1469 2086 1509 sus-
2253 1456 2517 1512 XXXVII.
2549 1456 2754 1513 Omnes
2776 1473 2867 1512 res
2894 1458 3138 1514 ecclesiae
3165 1460 3219 1514 in
3244 1469 3492 1531 potestate
3512 1463 3694 1535 sintrpi-

503 1550 754 1621 ἀμίδων,
1479 1607 1484 1612 δ
2184 1547 2334 1618 secpi
2368 1548 2435 1602 ad
2465 1548 2919 1618 dispensationem
2949 1564 3269 1620 pauperum.
3312 1551 3577 1623 Episcopus,
3598 1569 3696 1626 pre-

578 1639 712 1694 XIV.
753 1638 832 1693 Ne
859 1638 1094 1708 episcopi
1119 1637 1351 1691 alienam
1383 1637 1696 1709 parochiam
1720 1635 1992 1691 invadant.
2185 1638 2391 1708 sbyter,
2439 1637 2700 1692 diaconus
2741 1637 2947 1693 aleator
2975 1647 3069 1694 aut
3107 1640 3369 1706 ebriosus,
3399 1651 3478 1695 aut
3511 1642 3689 1710 desinat,

575 1729 694 1786 XV.
726 1729 804 1784 Ne
833 1729 1016 1784 clerici
1055 1744 1210 1783 suam
1237 1728 1520 1783 ecclesiam
1565 1729 1868 1797 relinquant
1891 1734 2088 1797 printer
2120 1714 2164 1774 Β
2191 1737 2284 1784 aut
2309 1729 2627 1795 damnetur;
2667 1729 3041 1800 delinquentes
3069 1731 3278 1798 clerici,
3303 1733 3410 1788 sive
3429 1733 3524 1788 laici
3541 1736 3690 1790 eadem

505 1820 743 1890 episcopi
770 1819 1066 1874 licentiam.
2190 1817 2470 1884 facientes,
2498 1819 3055 1874 excommunicentur.

579 1908 715 1963 XVI.
743 1907 813 1963 Ut
835 1907 1115 1978 episcopus
1141 1905 1421 1976 fugitivum
1452 1905 1677 1962 alterius
1711 1905 1948 1974 episcopi
1978 1904 2088 1961 cle—
2261 1910 2544 1967 XXXVIII.
2593 1910 2909 1983 Episcopus,
2955 1913 3275 1984 presbyter,
3319 1913 3568 1981 diaconus,
3601 1930 3698 1971 nsu-

508 2002 681 2056 ricum
706 2002 944 2054 retinens
969 1999 1486 2053 excommunicetur.
2191 2001 2344 2064 rarii,
2373 2008 2467 2055 aut
2495 2000 2762 2066 desinant,
2791 2010 2885 2055 aut
2905 2001 3234 2058 damnentur

578 2090 738 2146 XVII.
768 2089 844 2144 Ne
886 2090 1149 2159 bigamus,
1178 2088 1260 2144 vel
1290 2088 1646 2143 concubinam
1686 2088 1910 2152 habens,
1947 2085 2092 2142 ordi-
2264 2091 2504 2146 XXXIX.
2543 2092 2858 2163 Episcopus,
2889 2095 3200 2164 presbyter,
3228 2095 3484 2162 diaconus,
3503 2111 3604 2151 cum
3623 2096 3700 2151 ha:-

509 2194 686 2240 netur.
1579 2189 1584 2202 ‘
2194 2183 2384 2238 reticis.
2399 2191 2604 2237 tantum
2632 2193 2871 2248 orantes,
2899 2185 3444 2240 excommunicentur.

577 2277 758 2334 XVIII.
789 2276 868 2330 Ne
894 2283 1272 2346 corruptarum
1307 2274 1488 2329 mariti
1514 2275 1854 2329 ordinentur.
2265 2273 2376 2328 XL.
2408 2272 2464 2327 Si
2493 2289 2620 2328 vero
2645 2289 2738 2329 eos
2764 2273 2830 2328 ad
2870 2274 3125 2331 clericale
3166 2275 3395 2332 officium
3430 2277 3598 2332 hortati
3620 2274 3699 2331 fue-

576 2367 720 2422 XIX.
769 2365 840 2422 Ut
875 2366 1082 2422 duabus
1112 2365 1407 2428 sororibus,
1455 2363 1540 2418 vel
1585 2364 1708 2419 filia:
1747 2362 1929 2418 fratris
1973 2376 2092 2417 cor-
2195 2366 2323 2430 rint,
2352 2366 2697 2421 damnentur.

509 2474 724 2529 rup.....
751 2458 820 2523 ad
843 2457 1053 2517 sclerum
1077 2471 1184 2511 non
1214 2455 1531 2511 admittatur
1552 2467 1602 2515 μ.
2266 2455 2399 2510 XLI.
2430 2457 2743 2526 Episcopus,
2777 2458 3083 2530 presbyter,
3116 2459 3380 2528 baptisma
3403 2459 3699 2514 haereticorum

579 2545 701 2606 XX.
730 2548 973 2604 Clericus
995 2546 1281 2616 fidejussor
1305 2544 1608 2614 abjiciatur.
2195 2563 2301 2602 non
2332 2535 2384 2602 in
2425 2549 2640 2604 nomine
2689 2548 2972 2604 Trinitatis
3012 2550 3398 2620 baptizantium
3443 2533 3708 2620 suscipiens;

580 2642 721 2697 XXI.
753 2640 858 2697 Per
887 2640 993 2694 vim
1019 2640 1406 2696 eunucbizatus
1434 2640 1603 2710 possit
1641 2637 1756 2694 fieri
1786 2638 2088 2709 episcopus.
2196 2638 2534 2692 damnentur.
2876 2679 2881 2684 .

510 2733 578 2788 Et
603 2733 693 2802 qui
721 2730 1185 2795 eunucbizaverit,
1221 2747 1328 2786 non
1353 2730 1658 2786 ordinetur.
1691 2728 1748 2784 Si
1775 2729 2006 2785 clericus
2033 2743 2092 2784 se
2265 2726 2422 2782 XLII.
2455 2727 2768 2800 Episcopus,
2797 2730 3102 2800 presbyter,
3137 2732 3230 2800 qui
3273 2741 3411 2788 recte
3451 2732 3700 2803 baptizatum

510 2823 971 2889 eunucbizaverit,
998 2823 1316 2893 deponatur.
2196 2817 2629 2887 rebaptizavcrit,
2661 2817 2741 2870 vel
2777 2832 2882 2872 non
2926 2825 3076 2874 recte
3112 2821 3434 2892 baptizatum
3463 2836 3551 2876 non
3579 2818 3702 2889 bapti-

579 2914 743 2971 XXII.
774 2916 969 2970 Laicus
995 2915 1340 2985 semetipsum
1379 2913 1700 2986 abscindens
1725 2915 1899 2969 tribus
1935 2913 2094 2970 annis
2197 2907 2420 2973 zaverit,
2447 2909 2763 2978 deponatur.
3015 2957 3023 2966 .
3315 2955 3322 2961 .
3499 2972 3506 2980 _

511 3005 1027 3064 excommunicctur.
2127 3067 2164 3076 _
2267 2999 2445 3054 XLIII.
2474 2999 2532 3055 Si
2558 3000 2725 3055 laicus
2764 3018 2987 3057 uxorem
3024 3018 3185 3059 suam
3210 3006 3426 3076 pellens,
3449 3005 3631 3060 alteram
3647 2999 3704 3057 vel

581 3096 769 3151 XXIII.
799 3094 1114 3165 Episcopus,
1159 3095 1243 3150 vel
1269 3096 1572 3167 presbyter,
1619 3095 1702 3150 vel
1747 3095 2004 3152 diaconus
2037 3095 2092 3150 in
2119 3067 2166 3132 ο
2199 3091 2268 3146 ab
2292 3089 2400 3144 alio
2422 3091 2699 3146 dimissam
2721 3093 2954 3156 duxerit,
2983 3067 3495 3151 excommunicetur.

513 3185 889 3250 fornicatione,
919 3181 1176 3255 periurio,
1220 3185 1305 3240 vel
1343 3183 1486 3241 furto
1531 3185 1704 3257 capti,
1735 3185 2092 3256 deponantur,
2267 3182 2449 3237 XLIV.
2483 3182 2539 3237 Si
2568 3183 2688 3253 quis
2716 3185 2999 3255 episcopus
3027 3187 3116 3242 vel
3152 3190 3426 3260 presbyter
3463 3204 3554 3244 non
3581 3184 3706 3256 bapti-

513 3293 619 3335 i:on
650 3287 828 3332 tamen
854 3277 1404 3333 excommunicentur.
2197 3273 2403 3328 zaverit
2429 3273 2484 3327 in
2503 3275 2722 3330 nomine
2744 3287 2946 3332 sancta:
2973 3278 3284 3344 Trinitatis,
3316 3278 3585 3349 abjieiatnr.

583 3365 774 3424 XXIV.
801 3367 1062 3424 Similiter
1090 3367 1282 3440 reliqui
1311 3370 1491 3425 clerici
1513 3369 1840 3438 iudicentur.
2267 3366 2429 3423 XLV.
2459 3365 2515 3422 Si
2542 3369 2662 3438 quis
2688 3369 2973 3438 episcopus
2993 3369 3079 3425 vel
3115 3371 3400 3442 presbyter
3433 3385 3526 3425 non
3547 3365 3705 3440 pertri-

583 3461 750 3516 XXV.
776 3459 932 3528 Quod
965 3459 1254 3516 lectoribus
1277 3468 1484 3516 tantum
1505 3460 1665 3516 liceat
1693 3462 2096 3518 matrimonium
2197 3474 2322 3514 nam
2359 3460 2681 3516 mersionem
2708 3461 3088 3531 baptizaverit,
3119 3463 3434 3534 deponatur.

513 3551 855 3610 contrahere.
899 3549 1051 3616 Quod
1093 3549 1404 3620 episcopus,
1444 3552 1760 3622 presbyter,
1807 3553 2094 3617 diaconus,

516 3651 803 3712 peccantes
833 3639 1017 3697 fideles
1045 3642 1330 3696 verberare
1356 3657 1462 3697 non
1490 3641 1740 3697 debeant.

2199 3632 2414 3712 Regula:
2425 3631 2696 3712 ἐρευνᾳηὶ
2725 3632 2934 3712 concilii
2960 3648 3332 3712 numerosum
3356 3649 3534 3704 prtem
3554 3628 3705 3712 quidem

693 3731 775 3825 VI.
806 3731 877 3825 Ut
913 3730 1169 3825 damnati
1196 3729 1483 3825 pristinum
1513 3731 1746 3787 cilicium
1778 3743 2099 3806 usurpantes
2693 3701 2948 3825 εςθξιέέξς

591 3780 677 3786 ’“”
711 3780 774 3787 ’⁷⁷
811 3780 874 3834 ζ’
916 3780 1150 3833 ’”ζ’“““”
1199 3780 1483 3833 ¹“,“’“’“’“
1782 3780 2098 3806 “’”“’τ“”⁷”’
2267 3781 2478 3844 propter
2503 3780 2670 3824 sancti
2693 3781 2740 3825 et
2761 3780 2938 3841 magni
2965 3780 3180 3828 concilii
3205 3780 3544 3828 auctoritatem
3564 3780 3707 3823 ινκιι

517 3821 1097 3912 do:_§cel_e31:i_penitus
1123 3821 1528 3912 abscmdantur.
2272 3842 2590 3912 congregati.

588 3907 800 3962 XXVII.
840 3909 1158 3976 Episcopus,
1187 3911 1486 3978 presbyter,
1521 3912 1777 3967 diaconus
1818 3927 1915 3981 per
1939 3928 2101 3982 pecu-

518 3999 662 4052 niam
692 3998 989 4062 ordinatus,
1031 4011 1154 4051 cum
1199 3998 1505 4055 ordinatore
1541 4015 1640 4055 suo
1685 4002 1997 4071 deponatur,
2047 4012 2102 4057 et
2269 3995 2311 4050 Ι.
2342 3995 2410 4052 Ut
2436 3995 2738 4066 presbyteri
2762 3996 2853 4066 qui
2881 3996 3302 4054 immolaverunt
3322 3994 3488 4058 inviti,
3508 3995 3707 4062 etposlel

517 4088 1016 4143 excommunicetur
1042 4095 1102 4142 ut
1129 4089 1316 4143 Simon
1342 4091 1528 4162 Magos
1555 4107 1584 4145 a
1612 4091 1792 4147 Petro.
1842 4137 1853 4177 ἁ
2199 4088 2421 4158 paganis
2458 4087 2707 4142 reluctati
2735 4096 2882 4153 sunt,
2920 4087 3169 4157 deposito
3199 4088 3412 4160 quidem
3441 4084 3608 4147 cilicio,
3642 4080 3708 4134 h0-

591 4176 822 4232 XXVIII.
879 4177 950 4233 Ut
980 4179 1265 4248 episcopus
1305 4178 1446 4253 [per]
1491 4183 1774 4238 saeculares
1808 4176 2102 4254 potestates
2201 4191 2386 4234 norem
2413 4177 2646 4249 propria:
2671 4179 2813 4233 sedis
2845 4180 3131 4234 retineant.

516 4269 800 4326 ecclesiam
825 4270 1074 4326 obtinens
1099 4274 1414 4342 deponatur.
2271 4268 2333 4323 II.
2357 4267 2490 4323 Item
2517 4269 2581 4325 de
2603 4269 2920 4324 diaconibus
2947 4269 3059 4335 fiat,
3087 4272 3133 4326 si
3161 4270 3406 4326 similiter
3420 4259 3705 4338 peccaverint.

590 4358 780 4414 XXIX.
813 4359 882 4415 Ut
914 4361 1198 4432 presbyter
1238 4363 1327 4432 qui
1358 4373 1664 4436 contempto
1704 4368 1955 4440 episcopo
2003 4387 2099 4427 suo
2127 4369 2174 4440 ,λ
2204 4358 2284 4414 sic
2315 4367 2375 4413 ut
2401 4359 2558 4429 digne
2583 4360 2970 4429 paenitentibus
3003 4376 3231 4431 parcere
3258 4360 3472 4432 possint.

519 4462 764 4504 seorsum
795 4419 1097 4505 conventus
1120 4419 1326 4517 fecerit,
1358 4419 1674 4524 deponaiur,
1736 4419 1762 4438 τ
1885 4419 1914 4440 r
2125 4419 2176 4478 θ
2271 4450 2356 4504 III.
2391 4419 2487 4506 Utv
2512 4419 2707 4520 lii-qui
2750 4451 2818 4505 ad
2868 4419 3284 4506 sacrificandum
3330 4450 3477 4505 idolis
3510 4443 3708 4500 violenter

589 4535 760 4591 XXX.
805 4537 958 4604 Quod
985 4536 1168 4594 clerici
1212 4540 1280 4594 ab
1306 4541 1557 4613 episcopo
1584 4561 1684 4602 suo
1729 4548 1998 4616 damnati,
2029 4551 2098 4606 ab
2202 4543 2416 4598 attracti
2451 4550 2593 4606 sunt,
2627 4557 2657 4596 a
2684 4543 3059 4598 communione
3098 4559 3206 4598 non
3235 4549 3549 4613 separentur,
3581 4529 3708 4604 quiin

519 4627 642 4682 aliis
671 4643 778 4681 non
816 4629 1044 4683 debeant
1068 4630 1254 4701 recipi.
2203 4635 2428 4690 arbitrio
2453 4641 2631 4688 tamen
2655 4633 3031 4704 episcoporum
3057 4634 3299 4690 ordinari
3326 4637 3548 4700 possunt.

592 4715 782 4771 XXXI.
812 4717 1080 4788 Episcopi,
1110 4722 1428 4793 presbyteri,
1458 4724 1688 4790 diaconi,
1717 4728 1984 4799 peregrini
2002 4746 2098 4799 per
2271 4729 2360 4786 IV.
2397 4729 2470 4786 Ut
2493 4730 2548 4785 bi
2569 4729 2662 4799 qui
2689 4743 3021 4799 paganorum
3047 4729 3186 4780 ritus
3211 4724 3362 4780 inviti
3386 4722 3611 4780 feceram.
3629 4721 3711 4766 m‘

521 4805 670 4880 [Leg.
709 4815 930 4879 praeter.
955 4807 1154 4882 ﬂant]
1191 4814 1656 4882 commendatitias
1692 4817 1900 4873 litteras
1929 4821 2099 4876 susci-
2203 4821 2294 4878 diu
2323 4837 2381 4877 se
2407 4821 2724 4890 pgnniteant,
2757 4819 2992 4890 quandiu
3029 4833 3086 4874 se
3112 4817 3563 4887 paganizaverunt.

519 4899 739 4969 piantur
763 4898 1016 4968 hospitio,
1040 4881 1151 4955 non
1171 4899 1239 4954 ad
1267 4905 1716 4960 communionem.
2037 4897 2042 4902 ’

2261 4901 2341 4968 Ἴ.
2368 4881 2516 4968 Uﬁii
2542 4911 2634 4981 qui
2664 4881 3082 4965 non-tormentis
3112 4881 3340 4963 summis
3369 4898 3712 4958 sacriﬁcaret»-

592 4987 804 5044 XXXII.
834 4988 899 5045 Ut
925 4989 1162 5059 episcopi
1189 4991 1306 5047 sine
1334 4993 1565 5062 primate
1599 5010 1713 5060 suo,
1752 4998 1954 5067 primas
1979 5002 2104 5058 abs—
2201 5002 2307 5057 acti
2331 5009 2477 5067 sunt,
2505 5000 2646 5056 inter
2688 4985 2972 5055 audientes
3012 5011 3185 5068 usque
3231 4996 3298 5051 ad
3341 5004 3572 5063 magnum
3606 4981 3740 5036 diem-

521 5092 626 5148 que
655 5078 768 5133 suis
793 5079 1159 5149 suﬂ'raganeis,
1192 5081 1266 5136 nil
1292 5082 1595 5154 disponant,
1628 5101 1728 5142 nec
1769 5089 1824 5143 in
1867 5093 2103 5163 propriis
2200 5093 2380 5150 Cinna:
2413 5092 2626 5148 Domini
2675 5090 3057 5161 suscipiantur,
3105 5086 3301 5143 deinde
3340 5099 3431 5140 sex
3462 5077 3598 5136 annis
3623 5083 3708 5141 ρωο

522 5167 671 5240 [ιιρ.
697 5169 799 5224 nisi
829 5170 883 5224 in
912 5171 1163 5240 propriis.
1205 5171 1404 5245 ﬂant]
1430 5175 1721 5244 parochiis.
2202 5186 2430 5242 niteant.
3502 5232 3508 5238 .

591 5253 827 5315 XXXIII.
860 5260 930 5316 Ut
963 5263 1246 5332 episcopus
1271 5264 1363 5334 qui
1389 5264 1444 5321 in
1473 5266 1646 5322 aliena
1669 5269 1924 5338 parochia
1951 5271 2102 5326 cleri—
2274 5275 2362 5332 VI.
2388 5275 2459 5331 Ut
2479 5275 2534 5331 bi
2555 5274 2643 5345 qui
2675 5274 2728 5328 in
2756 5273 2889 5329 locis
2913 5271 3177 5328 idolorum
3199 5265 3438 5339 proprios
3457 5259 3710 5316 cibos!!!”

523 5367 620 5408 eos
645 5353 918 5410 nesciente
947 5369 1134 5410 eorum
1155 5356 1408 5428 episcopo
1428 5359 1774 5426 ordinavcrit,
1808 5363 2105 5433 deponatur
2203 5369 2554 5432 ducaverunt,
2579 5365 2800 5422 biennio
2826 5365 3144 5434 pteniteant.

523 5458 649 5497 cum
683 5443 770 5501 bis
793 5459 929 5514 quos
951 5445 1240 5502 ordinavit.

2279 5459 2382 5514 Vll.
2415 5459 2485 5514 Ut
2512 5457 2601 5528 qui
2635 5457 2948 5526 frequenter
2978 5452 3150 5512 coacti
3185 5460 3312 5508 sunt
3345 5441 3628 5505 sacriﬁcam
3641 5443 3706 5487 κ·

582 5534 819 5591 XXXIV.
850 5537 920 5593 Ut
945 5539 1228 5608 episcopus
1252 5556 1438 5597 curam
1482 5545 1663 5614 populi
1702 5549 1974 5619 suscipere
2009 5566 2105 5605 no-
2204 5549 2425 5620 ptenuio
2448 5548 2763 5618 pmniteant.

600 5661 624 5689 ιι
657 5647 762 5715 Qui
787 5651 918 5706 duas
938 5665 1150 5708 sorores
1167 5653 1319 5707 duxit
1343 5665 1437 5711 aut
1456 5661 2098 5729 consobrinam,clericus
2134 5680 2253 5723 esse
2284 5681 2391 5718 non
2420 5670 2612 5733 potest.
