3992 6176
330 278 354 330 I
365 277 467 334 03⁸1

1573 269 1951 328 αοιιεοίἰο
1989 269 2263 330 CANONU
2273 274 2320 330 Μ

3439 289 3461 342 I
3470 291 3572 347 058

397 391 527 448 VIII.
557 388 626 447 Ut
653 388 743 458 qui
789 395 846 443 et
877 385 1013 444 alios
1036 384 1343 443 sacriﬁcam
1384 384 1773 456 compulerunt,
1805 385 1897 440 de-
1923 387 1977 448 Α
2002 383 2163 438 talem
2223 384 2469 454 copulam
2524 399 2631 441 non
2683 389 2996 447 iteraturam
3049 393 3092 448 si
3149 391 3255 450 vita
3310 403 3575 454 conceda-

320 481 517 541 cennio
552 479 867 551 poenitcant.
1498 521 1500 523 ›

389 573 485 630 IX.
514 572 585 628 Ut
609 571 820 627 diaconi
847 569 1239 624 incontinentes
1269 567 1621 637 deponantur.

390 663 461 719 X.
497 663 566 720 Ut
590 678 800 732 sponsa:
829 678 860 716 a
888 661 1214 730 raptoribus,
1253 659 1381 713 licet
1409 658 1574 712 etiam
1608 663 1895 725 corruptae,

320 754 536 827 sponsis
556 754 669 809 suis
694 753 1067 808 restituantur.

389 845 480 900 XI.
507 844 659 911 Quod
686 841 998 898 ordinandis
1023 856 1130 896 non
1153 847 1344 894 noceat
1370 839 1516 912 quod
1550 845 1675 893 ante
1700 837 1900 907 baptis-

318 952 466 993 mum
493 935 950 991 sacriﬁcaverunt.

388 1029 502 1082 XII.
549 1027 620 1083 Ut
666 1025 899 1096 correpti
945 1021 1362 1096 [chorepiscopi]
1411 1022 1782 1093 presbyterum
1813 1021 1895 1076 vel

317 1121 603 1174 diaconum
631 1133 736 1172 non
759 1117 1038 1180 ordinent,
1080 1130 1177 1170 nec
1201 1115 1486 1185 presbyter
1527 1113 1732 1183 aliquid
1771 1121 1898 1184 agat

317 1211 371 1266 in
397 1211 652 1282 parochia
683 1209 798 1264 sine
825 1216 1095 1277 praueepto
1120 1206 1377 1276 episcopi.

386 1300 522 1355 XIII.
563 1299 632 1355 Ut
653 1297 835 1354 clerici
857 1311 1011 1352 esum
1041 1296 1287 1351 carnium
1327 1295 1700 1350 abominantes
1736 1295 1895 1365 depo-

553 1481 622 1536 Et
657 1479 900 1536 ecclesiae
933 1477 1250 1535 restituatur
1289 1474 1547 1546 quidquid
1589 1475 1889 1545 presbyteri

314 1573 382 1631 de
412 1575 571 1630 rebus
595 1572 978 1629 ecclesiasticis
1007 1571 1209 1640 absque
1243 1569 1493 1639 episcopo
1514 1569 1886 1623 vendiderunt.

383 1663 498 1720 XV.
555 1663 622 1720 Ut
669 1661 1028 1718 masculorum
1081 1670 1136 1717 et
1177 1676 1430 1732 pecorum
1481 1660 1883 1724 concubitores,

1999 481 2109 528 tur.

2067 567 2154 622 IV.
2185 567 2338 634 Quod
2363 569 2648 627 multinubi
2671 574 2931 642 pmnitere
2956 567 3209 634 debeant.

2067 659 2132 739 Υ.
2168 660 2238 716 Ut
2266 663 2453 731 gratim
2478 662 2672 719 divina:
2700 681 2806 720 non
2837 667 3150 737 imputetur,
3191 673 3238 726 si
3269 672 3572 741 desiderata

1996 748 2163 805 libido
2191 766 2298 805 non
2325 752 2622 822 perficitur.

2066 839 2154 895 VI.
2184 841 2256 898 Ut
2281 845 2701 901 catechumenus
2739 847 3058 917 expellatur,
3105 852 3152 907 si
3177 862 3300 923 post
3325 856 3573 914 admoni-

1995 930 2197 985 tionem
2231 946 2462 1000 peccans
2484 933 2634 1002 jussa
2663 938 3070 1005 praevaricatum

2064 1022 2174 1077 VII.
2204 1022 2274 1078 Ut
2299 1025 2517 1094 gravida
2545 1029 2929 1082 catechumena
2962 1030 3282 1099 baptizetur.

2063 1111 2195 1166 VIII.
2226 1112 2304 1167 Ne
2327 1115 2625 1184 presbyteri
2665 1112 2866 1185 nuptiis
2891 1117 3091 1187 bigami
3137 1120 3407 1191 intersint,
3443 1128 3568 1196 quia

1991 1200 2225 1270 bigamia
2247 1211 2368 1273 eget
2391 1205 2726 1272 pmnitentia.

2060 1290 2151 1346 IX.
2183 1292 2254 1348 Ut
2279 1293 2448 1348 laicus
2474 1293 2626 1362 cujus
2650 1309 2788 1350 uxor
2816 1295 3117 1352 adulterata
3139 1308 3242 1365 est,
3285 1318 3390 1358 non
3417 1306 3566 1361 ordi-

1990 1389 2169 1436 netur.
2201 1381 2269 1436 Et
2297 1383 2526 1439 clericus
2569 1400 2693 1440 cum
2735 1387 2978 1442 adultera
3021 1405 3188 1446 uxore
3228 1394 3411 1450 vivens
3438 1398 3571 1466 deji-

1989 1472 2181 1526 ciatur.

2058 1561 2127 1615 X.
2157 1561 2444 1634 Presbyter
2484 1566 2764 1625 confessus
2809 1585 2868 1626 se
2904 1583 3031 1630 ante
3071 1577 3317 1634 ordinem
3359 1581 3564 1638 crimen

1987 1662 2327 1725 perpetrasse
2350 1693 2365 1721 ,
2415 1659 2595 1713 oblata
2630 1677 2736 1716 non
2770 1675 3052 1723 consecret
3072 1710 3086 1734 ,
3123 1669 3177 1724 in
3209 1671 3430 1742 reliquis
3456 1690 3567 1729 ma-

311 1755 547 1810 nondum
573 1755 844 1818 vicennes,
873 1761 996 1822 post
1041 1767 1112 1806 xv
1148 1767 1317 1808 annos
1361 1752 1412 1806 in
1451 1751 1765 1821 panitemia
1793 1767 1888 1806 ex-
1919 1732 1963 1792 Β
1989 1760 2122 1800 nens
2149 1744 2356 1802 ciliciis.
2401 1748 2516 1804 Non
2543 1751 2823 1809 confessus
2851 1764 3052 1824 autem,
3084 1759 3130 1814 si
3164 1761 3412 1817 convinci
3457 1779 3564 1820 non

311 1855 488 1908 actos,
539 1845 843 1900 orationum
874 1842 1305 1898 communionem
1355 1842 1636 1910 recipiant.
1683 1842 1886 1896 Deinde

308 1943 432 2004 post
452 1933 874 2004 quinquennium
898 1931 1328 1987 communionem
1355 1930 1543 1985 altaris
1568 1931 1882 2001 percipiant.

310 2025 516 2092 Quibus
544 2025 705 2079 etiam
728 2023 984 2094 prolixius
1011 2027 1225 2091 tempus
1249 2022 1602 2092 adagendam
1622 2023 1887 2092 paeniten-

310 2112 442 2166 tiam
469 2112 848 2182 imponendum
873 2117 975 2175 est,
1004 2111 1049 2165 si
1072 2109 1177 2164 tale
1212 2108 1386 2164 scelus
1408 2109 1882 2178 frequentaverint.

309 2203 414 2270 Qui
442 2211 619 2258 autem
640 2199 753 2270 jam
781 2199 1078 2255 vicennarii
1108 2207 1163 2254 et
1192 2199 1403 2255 uxorati
1430 2199 1504 2254 ita
1524 2200 1882 2270 peccaverint,

309 2309 436 2349 xxvt
482 2296 637 2347 annis
676 2292 995 2362 paenitentia
1039 2291 1248 2346 exactis
1295 2291 1508 2347 tandem
1544 2292 1600 2346 in
1643 2293 1886 2348 oratione

311 2383 726 2447 communicent,
755 2382 946 2438 deinde
990 2389 1112 2452 post
1148 2383 1570 2452 quinquennium
1599 2383 1886 2439 oblationis

280 2483 644 2542 .sacramenta
677 2474 996 2544 percipiant.
1041 2474 1142 2542 Qui
1188 2490 1318 2529 vero
1359 2476 1803 2546 quinquagenarii
1832 2485 1887 2530 et

307 2565 520 2620 uxorati
568 2565 641 2618 ita
687 2569 1072 2633 peceaverunt,
1127 2565 1343 2620 tandem
1391 2565 1458 2620 ad
1507 2567 1710 2621 exitum
1761 2565 1886 2620 vita:

308 2657 737 2712 communionem
772 2657 1051 2726 recipiant.
1704 2667 1710 2672 '

378 2743 514 2804 XVI.
563 2747 630 2804 Ut
672 2749 1032 2803 masculorum
1058 2749 1144 2805 vel
1186 2765 1441 2820 pecorum
1485 2751 1881 2820 concubitores,

307 2839 449 2894 inter
477 2838 835 2894 dmmoniacos
863 2847 1070 2892 tantum
1097 2850 1272 2895 orent.
1517 2848 1520 2851 '

376 2928 533 2983 XVII.
565 2927 622 2983 Si
658 2928 894 2999 episcopi
929 2930 1182 2996 ordinati,
1220 2945 1320 2986 nec
1360 2931 1581 3001 recepti,
1624 2930 1746 2986 aliis
1777 2933 1885 3003 epi-

304 3021 480 3090 scopis
503 3021 613 3075 vim
648 3021 925 3076 seditionis
954 3021 1200 3087 inferant,
1228 3022 1568 3092 abjiciantur.

376 3115 556 3172 XVIII.
588 3115 656 3171 Ut
681 3116 957 3186 virginalis
985 3117 1242 3186 propositi
1267 3120 1711 3187 prmvaricatores
1735 3119 1878 3175 inter

303 3205 545 3277 bigamos
574 3213 974 3276 computentur,
1013 3215 1069 3261 et
1102 3222 1168 3262 ne
1211 3209 1447 3279 virgines
1477 3210 1722 3266 habitent
1756 3227 1880 3268 cum

303 3297 569 3366 aliquibus
591 3298 744 3366 quasi
772 3313 1008 3353 sorores.

372 3390 511 3445 XIX.
543 3390 600 3445 Si
629 3389 780 3459 cujus
806 3407 946 3448 uxor
967 3393 1208 3450 adultera
1234 3393 1416 3462 fuerit,
1444 3397 1527 3451 vel
1557 3398 1603 3452 si
1626 3397 1710 3451 vir
1730 3396 1881 3452 adul-

305 3482 498 3536 terium
527 3483 879 3550 commiserit,
907 3487 1186 3553 septennio
1215 3489 1493 3556 pmniteat.

371 3568 488 3625 XX.
522 3572 590 3626 Ut
623 3572 834 3628 femina:
867 3590 987 3643 quae
1022 3585 1212 3644 partus
1254 3592 1379 3632 suos
1422 3592 1489 3632 ex
1529 3577 1880 3631 fornicatione

301 3671 518 3724 necant,
539 3661 801 3717 decennio
823 3664 1140 3731 pmniteant.

371 3749 510 3803 XXI.
543 3750 612 3804 Ut
638 3752 916 3820 spontanei
948 3753 1232 3808 homicida:
1268 3763 1389 3822 post
1407 3754 1586 3825 jugem
1610 3755 1878 3825 pmniten—

303 3839 431 3892 tiam
461 3840 514 3892 in
539 3840 684 3894 exitu
718 3841 842 3896 vita:
875 3844 1306 3898 communionem
1329 3845 1610 3915 recipiant.

371 3927 533 3984 XXII.
572 3929 639 3986 Ut
679 3945 786 3986 non
811 3939 1161 4000 spontaneum
1204 3934 1550 3991 homicidium
1597 3938 1878 4006 septennia

299 4017 382 4071 vel
410 4019 775 4088 quinquennio
800 4022 1138 4078 emendetur.

367 4109 552 4163 XXIII.
583 4110 683 4177 Qui
711 4112 1070 4169 divinationes
1102 4122 1358 4184 expetunt
1397 4130 1548 4172 more
1576 4117 1872 4188 gentilium,

300 4199 534 4269 quinque
559 4203 714 4256 annis
740 4203 1056 4272 poeniteant.

368 4289 558 4347 XXIV.
590 4291 817 4360 Quidam
849 4311 1058 4366 sponsa:
1088 4313 1199 4354 suae
1223 4313 1466 4354 sororem
1497 4299 1869 4369 ingravidavit.

1983 1835 2199 1904 poterit,
2226 1851 2324 1891 suo
2345 1836 2551 1905 judicio
2575 1841 2931 1912 relinquatur.

2055 1925 2145 1979 XI.
2172 1927 2441 1982 Diaconos
2469 1929 2630 1984 simili
2659 1934 2818 1987 modo
2847 1935 3027 2004 lapsus
3053 1938 3373 2007 deponatur.

2054 2014 2166 2069 XII.
2195 2014 2486 2087 Presbyter
2511 2027 2637 2073 ante
2664 2036 2769 2074 xxx
2794 2038 2965 2079 annos
2984 2041 3088 2081 non
3113 2030 3410 2086 ordinetur.

2054 2104 2190 2159 XIII.
2242 2106 2310 2160 Ut
2338 2109 2392 2160 in
2426 2106 3081 2183 :cgritudine‘baptizatus
3124 2122 3410 2192 presbyter
3456 2140 3563 2181 non

1987 2196 2100 2261 Iiat,
2129 2198 2234 2251 nisi
2263 2200 2607 2254 necessitate.
3192 2233 3202 2243 -

2054 2286 2194 2342 XIV.
2242 2287 2319 2342 Ne
2343 2292 2648 2362 presbyteri
2692 2296 2836 2350 ruris
2876 2298 2929 2352 in
2975 2299 3194 2356 civitate
3236 2318 3420 2358 coram
3450 2307 3566 2375 epi-

1985 2391 2148 2446 scopo
2194 2378 2277 2432 vel
2303 2382 2636 2452 presbyteris
2673 2385 2824 2440 urbis
2856 2386 3116 2458 oil'erant,
3162 2391 3266 2448 nisi
3292 2393 3431 2450 forte
3458 2396 3564 2450 illis

1985 2468 2298 2523 absentibus
2330 2469 2678 2526 advocentur.
3319 2501 3325 2506 ν

2054 2556 2170 2611 XV.
2202 2557 2270 2612 Ut
2301 2558 2356 2611 in
2389 2560 2611 2616 civitate
2633 2578 2708 2617 vn
2751 2565 2859 2621 sint
2887 2567 3120 2635 diaconi,
3153 2571 3293 2628 sicut
3327 2573 3561 2632 Actuum

1985 2650 2350 2719 apostolorum
2377 2651 2514 2706 liber
2537 2649 2802 2725 praecipit.

2055 2739 2123 2793 Et
2155 2741 2609 2810 subscripserunt,
2644 2746 2836 2802 Vitalis
2873 2750 3227 2819 Salaminius,
3272 2749 3576 2827 Amphion:

1984 2836 2040 2884 et
2065 2830 2272 2901 reliqui,
2322 2834 2413 2902 qui
2450 2835 2504 2888 in
2537 2835 2781 2892 Caesarea
2824 2838 2998 2912 [Leg.,
3035 2843 3404 2922 Neocmsarca]
3435 2866 3565 2905 con-

1984 2928 2246 2975 venerunt
2267 2938 2360 2976 xrx
2387 2924 2644 2995 episcopi.

1903 3066 1950 3129 Β
1989 3073 2182 3147 Viginti
2210 3095 2435 3134 canones
2472 3079 2790 3157 Gangrensis
2833 3089 3072 3153 concilii,
3129 3102 3247 3157 post
3285 3093 3563 3150 Nicwnnm

2504 3156 2782 3209 concilium
2811 3161 3052 3228 expositi.

2049 3301 2088 3356 I.
2129 3302 2187 3358 Si
2215 3305 2336 3375 quis
2361 3306 2667 3380 coniugium
2697 3325 2797 3379 pro
2826 3313 3049 3368 crimine
3076 3316 3394 3387 detestatur,
3434 3337 3564 3377 ana-

1979 3391 2159 3447 thema
2185 3395 2273 3448 sit.

2048 3483 2110 3536 II.
2137 3482 2196 3537 Si
2239 3485 2362 3553 quis
2406 3486 2654 3558 religiose
2698 3507 2891 3548 carnes
2928 3495 3172 3551 edentem
3219 3513 3554 3572 exsecratur,

1979 3574 2264 3628 anathema
2289 3578 2380 3631 sit.

2048 3663 2130 3718 Ill.
2164 3665 2220 3720 Si
2249 3669 2369 3737 quis
2412 3685 2625 3726 servum
2662 3689 2762 3744 pro
2804 3677 3062 3749 religione
3097 3682 3374 3742 dominum
3401 3705 3558 3748 suum

1978 3763 2323 3810 contemnere
2350 3760 2525 3827 docet,
2553 3765 2835 3821 anathema
2864 3769 2953 3822 sit.

2044 3847 2135 3943 IV.
2167 3847 2225 3903 Si
2263 3853 2384 3943 quis
2418 3857 2623 3924 spernit
2653 3861 3024 3931 presbyterum
3061 3880 3126 3920 eo
3152 3869 3294 3936 quod
3322 3869 3560 3943 legitime

1977 3935 2293 4010 coniugatus
2319 3942 2500 4010 fuerit,
2533 3950 2817 4005 anathema
2839 3952 2928 4006 sit.

2053 4031 2111 4084 V.
2147 4030 2204 4084 Si
2228 4033 2349 4102 quis
2370 4035 2586 4091 domum
2613 4039 2707 4094 Dei
2733 4045 3193 4114 contemptibilem
3223 4051 3398 4120 docet,
3430 4069 3561 4109 ana-

1977 4121 2158 4176 thema
2189 4123 2279 4177 sit.

2046 4212 2134 4267 VI.
2161 4211 2218 4267 Si
2241 4215 2363 4284 quis
2384 4217 2756 4277 ecclesiastica
2776 4224 3075 4284 ministeria
3094 4239 3248 4286 extra
3271 4235 3556 4292 ecclesiam

1978 4310 2180 4356 temere
2203 4309 2562 4374 usurpaverit,
2590 4314 2876 4369 anathema
2903 4318 2992 4370 sit.

300 4383 500 4440 Deinde
535 4402 749 4456 sponsa,
780 4391 848 4445 ab
879 4385 943 4445 (ξο
973 4392 1024 4446 in
1061 4410 1284 4450 uxorem
1330 4395 1510 4459 ducta,
1557 4413 1714 4452 soror
1756 4397 1873 4467 ejus
1901 4409 1952 4468 υ
2047 4393 2154 4447 VII.
2187 4394 2256 4449 Ut
2282 4397 2460 4452 nullus
2479 4400 2780 4459 oblationes
2810 4407 3050 4464 ecclesia:
3072 4419 3221 4468 extra
3246 4416 3554 4486 ecclesiam,

299 4485 582 4545 corrupta,
612 4477 806 4548 laqueo
849 4496 906 4536 se
951 4486 1245 4553 suspendit.
1280 4485 1345 4541 Ili
1381 4487 1473 4556 qui
1499 4487 1716 4543 fuerunt
1741 4503 1873 4543 con-

301 4566 416 4631 scii,
443 4567 700 4624 decennio
729 4574 1044 4640 pmniteant.

369 4657 434 4712 Et
470 4659 901 4732 subScripserunt
948 4683 1079 4722 xvnr
1133 4669 1406 4739 episcopi:
1449 4671 1639 4729 Vitalis
1685 4671 1874 4727 Antio-

298 4749 520 4815 chenus,
555 4751 834 4809 Marcellus
853 4748 1194 4828 'Aneyranus,
1223 4759 1540 4829 Agricoiaus
1575 4761 1875 4817 Caesarien-

298 4841 392 4905 sis,
423 4848 476 4895 et
501 4842 690 4914 reliqui
720 4860 786 4898 xv
811 4846 1066 4916 episcopi.

300 4948 511 5029 Regule:
539 4953 595 5005 in
640 4953 1049 5029 Neocmsariensi
1091 4959 1289 5027 synodo
1329 4959 1547 5029 prolata:
1593 4961 1873 5016 Anciram's

367 5020 575 5100 quidem
619 5021 696 5100 vel
724 5020 1158 5100 Cwsarrrensibu's
1189 5020 1504 5099 temporibus
1537 5033 1868 5100 posteriores.

365 5090 457 5144 sed
489 5090 732 5146 Nicwnt's
753 5096 1058 5150 anteriores.
1129 5147 1134 5152 .

363 5199 405 5254 Ι.
433 5199 719 5274 Presbyter
767 5207 812 5259 si
873 5195 1098 5262 uxorem
1141 5209 1392 5276 duxerit,
1437 5211 1771 5282 deponatur;
1826 5216 1872 5271 si

297 5301 426 5343 Vero
474 5290 527 5345 in
579 5292 931 5350 fornicatione
974 5297 1055 5352 vel
1104 5300 1370 5356 adulterio
1410 5305 1714 5372 peccaverit
1738 5345 1752 5368 ,
1805 5307 1874 5361 ad

298 5380 558 5435 acriorem
585 5384 955 5452 pmnitentiam
991 5391 1360 5459 compellatur.

367 5468 428 5523 ll.
467 5470 537 5526 Ut
571 5473 763 5527 mulier
803 5475 1010 5532 duobus
1043 5476 1299 5537 fratribus
1335 5494 1497 5554 nupta
1521 5527 1534 5550 ,
1588 5503 1758 5558 usque
1805 5492 1872 5545 ad

297 5567 525 5614 mortem
555 5559 855 5628 abjiciatur.

367 5651 452 5706 III.
496 5653 690 5708 Verum
727 5657 779 5710 in
822 5657 969 5712 exitu
1007 5661 1360 5730 suscipiatur,
1406 5667 1450 5721 si
1476 5671 1786 5736 promiserit
1812 5687 1869 5726 se

1975 4495 2171 4556 prteter
2195 4490 2580 4548 conscientiam
2622 4497 2856 4568 episcopi
2886 4500 2970 4555 vel
2997 4502 3186 4558 vicarii
3223 4505 3340 4576 eius
3385 4513 3557 4568 susci—

1977 4577 2110 4648 piat.

2048 4667 2179 4722 VIII.
2209 4668 2280 4724 Ut
2314 4671 2492 4727 nullus
2536 4675 2766 4747 accipiat
2811 4681 2896 4735 vel
2923 4683 3211 4744 distribuat
3254 4690 3557 4750 oblationes

1976 4752 2324 4831 pauperibus,
2353 4758 2550 4835 praeter
2579 4773 2889 4844 episcopum
2915 4779 2999 4833 vel
3023 4778 3140 4848 ejus
3165 4785 3442 4842 vicarium.

2048 4853 2136 4909 IX.
2171 4852 2240 4912 Ut
2267 4856 2445 4914 nullus
2473 4877 2570 4932 pro
2599 4864 2907 4934 virginitate
2941 4883 3253 4932 exsecretur
3281 4881 3514 4950 nuptias.

2049 4948 2115 5002 X.
2177 4950 2246 5006 Ut
2291 4953 2470 5010 nullus
2522 4957 2884 5029 virginitatem
2938 4967 3246 5024 custodiens
3296 4948 3557 5028 adversus

1976 5038 2288 5110 conjugatos
2321 5047 2615 5113 superbiat.
3535 5117 3538 5120 ,

2047 5130 2136 5185 XI.
2165 5132 2233 5188 Ut
2280 5134 2456 5189 nullus
2500 5148 2784 5201 exercetur
2810 5156 3009 5212 agapas
3032 5184 3047 5200 .
3091 5145 3146 5202 id
3179 5156 3262 5205 est
3305 5153 3553 5210 convivia

1976 5223 2299 5290 pauperibus
2327 5225 2587 5280 exhibita.
3225 5280 3236 5293 .

2047 5310 2160 5364 XII.
2192 5311 2261 5367 Ut
2278 5313 2452 5391 nullus
2477 5315 2716 5372 virorum
2747 5319 2800 5390 in
2829 5321 3041 5392 signum
3065 5327 3413 5387 continentia:
3437 5332 3552 5401 pai-

1976 5400 2048 5455 iio
2071 5411 2285 5469 utatur,
2339 5405 2637 5475 deSpiciens
2663 5423 2756 5465 eos
2789 5413 2879 5483 qui
2920 5415 3092 5472 solitis
3128 5421 3366 5478 vestibus
3392 5400 3554 5480 utun-

1975 5501 2082 5545 tur.

2046 5581 2178 5635 XIII.
2215 5583 2283 5638 Ut
2306 5585 2446 5640 nulla
2474 5586 2671 5644 femina
2695 5593 2903 5650 virilem
2932 5597 3171 5655 habitum
3199 5607 3550 5676 sumatquasi

1975 5687 2074 5742 pro
2103 5674 2450 5730 continentia.
