3992 6176
379 303 516 358 N39
1393 289 1834 346 ANGEIJiAMNl
1873 288 2210 345 METENSIS
2248 283 2553 343 EPISCOPI
3491 281 3635 336 I050

446 409 582 467 XIV.
614 408 682 464 Ut
708 405 850 462 nulla
877 404 1072 459 femina
1095 402 1266 457 virum
1289 402 1554 471 relinquat
1577 417 1674 472 pro
1697 416 1945 456 exsecra-
1977 409 2022 465 Α
2049 403 2194 458 tione
2238 403 2397 457 unius
2441 397 2843 462 mnsenserint,
2877 395 3020 453 hunc
3047 393 3188 465 apud
3226 391 3364 449 alios
3383 394 3648 464 judicare

377 507 524 562 tione
557 499 888 570 nuptiarum.
2054 509 2160 548 non
2186 491 2474 562 oportebit.

447 593 563 653 XV.
592 591 664 648 Ut
704 587 882 656 nullus
905 585 1044 642 ﬁlios
1069 599 1198 642 suos
1219 582 1450 654 negligat
1476 598 1575 653 per
1612 583 1956 640 occasionem
2122 585 2238 640 XV.
2271 583 2610 638 Desideratur
2629 597 2649 635 :

376 681 744 742 continentia.
2124 677 2260 734 XVI.
2297 677 2367 734 Ut
2389 676 2671 746 episcOpus
2703 672 2946 728 vacantis
2979 670 3226 727 ecclesiae
3269 673 3488 727 invasor
3510 669 3648 739 abii-

448 773 588 831 XVI.
641 771 718 826 Ne
755 770 849 827 ﬁlii
893 776 1145 840 parentes
1194 767 1480 824 occasione
1528 765 1960 821 Christianitatis
2056 768 2250 824 ciatur.

336 821 348 896 ι
380 821 714 936 ᾶθῷἆωὲίιν
893 821 977 840 Γῇ
1000 821 1035 823 Γ
1206 821 1213 822 7
1242 821 1283 823 ἡ
1355 821 1395 824 ρ
2066 821 2080 824 ἡ
2127 852 2286 910 XVII.
2313 852 2372 909 Si
2399 853 2522 923 quis
2551 860 2866 922 susceptum
2897 851 3270 921 episcopatum
3296 852 3448 908 adire
3470 859 3527 906 et
3551 866 3652 923 gu-

454 955 613 1013 XVII.
645 952 722 1007 Ne
754 951 1005 1006 mulieres
1039 948 1190 1020 quasi
1221 963 1320 1018 pro
1363 949 1546 1004 divino
1590 946 1737 1003 cultu
1779 954 1964 1001 atton-
2056 950 2285 1005 bernare
2313 945 2716 1015 contempserit,
2745 945 3264 998 excommunicetur.

385 1048 631 1103 dca‘ntur.
1711 1039 1714 1042 ’
2128 1037 2309 1094 XVIII.
2340 1037 2398 1091 Si
2420 1036 2542 1106 quis
2567 1043 2874 1104 susceptum
2897 1035 3270 1104 episcopatum
3297 1050 3406 1090 non
3425 1051 3528 1092 suo
3555 1039 3653 1093 sed

455 1135 638 1192 XVIII.
669 1133 745 1188 Ne
768 1132 890 1202 quis
932 1130 987 1185 in
1027 1130 1114 1186 die
1158 1130 1436 1186 Dominica
1473 1128 1629 1199 quasi
1658 1142 1755 1198 pro
1787 1127 1966 1182 eonti-
2061 1131 2290 1186 aliorum
2314 1127 2445 1182 vitio
2464 1125 2800 1191 devitaverit,
2833 1127 3090 1180 honorem
3115 1140 3275 1180 suum
3297 1126 3540 1184 retinere
3559 1129 3658 1183 de-

387 1229 567 1284 ncntia
587 1226 816 1296 jejunet.
2062 1221 2228 1276 bcbit.

459 1317 599 1373 XIX.
628 1316 698 1372 Ut
721 1314 894 1370 nullus
914 1311 1279 1368 ecclesiastica
1305 1309 1512 1381 jejunia
1548 1310 1750 1379 absque
1775 1323 1964 1365 neces-
2133 1311 2275 1365 XIX.
2307 1309 2379 1366 Ut
2402 1308 2843 1380 metropolitanus
2869 1307 3098 1362 nonnisi
3119 1321 3246 1362 eum
3273 1307 3519 1378 pluribus
3538 1311 3656 1380 epi-

391 1411 549 1464 sitate
587 1405 865 1462 dissolvat.
2065 1402 2243 1471 scopis
2268 1401 2479 1456 ordinet
2503 1401 2803 1470 episcopos.

464 1499 582 1553 XX.
633 1496 702 1552 Ut
742 1495 920 1550 nullus
968 1493 1222 1549 collectas
1261 1499 1573 1546 exsecretur
1601 1506 1720 1560 quae
1756 1498 1881 1546 sunt
1909 1489 1965 1543 in
2137 1491 2256 1546 XX.
2290 1491 2360 1546 Ut
2385 1490 2441 1544 in
2475 1490 2751 1559 provincia
2778 1489 3154 1559 episcoporum
3189 1490 3418 1545 concilia
3469 1491 3554 1547 bis
3595 1493 3652 1547 in

395 1588 909 1647 commemoratione
930 1594 1252 1655 martyrum.
2069 1595 2210 1634 anno
2237 1579 2387 1632 ﬁant.

468 1685 534 1740 Et
575 1682 1046 1752 subscripserunt,
1088 1677 1374 1740 Ailianus,
1407 1674 1687 1739 Eusebius,
1718 1671 1968 1736 Basilius,
2002 1750 2029 1752 Ᾱ
2140 1671 2282 1727 XXI.
2320 1669 2390 1726 Ut
2428 1671 2711 1740 episcopus
2754 1669 2822 1725 de
2871 1685 2969 1725 sua
3020 1670 3281 1740 parochia
3322 1672 3374 1727 in
3414 1673 3648 1728 alienam

398 1776 577 1840 Osius,
605 1750 912 1841 Gregorius,
949 1777 1004 1824 et
1033 1767 1224 1836 reliqui
1249 1765 1485 1835 episcOpi
1522 1778 1746 1818 numero
1772 1779 1826 1816 χ.
2000 1750 2050 1812 Β
2075 1763 2217 1818 nullo
2242 1764 2399 1818 modo
2426 1763 2798 1833 transmigret.

2142 1855 2306 1910 XXII.
2333 1853 2483 1922 Quod
2521 1854 2671 1908 irrita
2699 1853 2772 1908 sit
2793 1854 3059 1909 ordinatio
3092 1869 3254 1924 quam
3281 1855 3564 1927 episcopus
3597 1857 3662 1912 in

2075 1945 2246 2000 aliena
2269 1945 2524 2014 parochia
2553 1944 2606 1998 in
2631 1943 2822 1999 alienis
2848 1944 3062 2000 clericis
3087 1948 3452 2016 usurpaverit.

2146 2034 2332 2090 XXIII.
2363 2034 2433 2090 Ut
2471 2034 2687 2088 irritum
2721 2034 2810 2100 sit,
2859 2034 2904 2089 si
2931 2035 3214 2106 episcopus
3246 2037 3350 2093 sibi
3377 2053 3668 2095 successo-

473 2124 513 2178 l.
541 2124 857 2192 Quicunque
894 2135 1017 2177 cum
1055 2118 1258 2175 Iudaeis
1299 2126 1487 2174 contra
1532 2124 1734 2172 statuta
1775 2116 1978 2171 Nicazni
2077 2139 2191 2180 ι-εηι
2214 2124 2453 2193 elegerit.

403 2216 615 2272 concilii
669 2213 875 2269 Pascha
935 2210 1288 2268 celebraverit
1338 2210 1852 2270 excomtnunicetur.
1914 2209 1981 2262 Et
2148 2214 2338 2270 XXIV.
2368 2215 2438 2270 Ut
2465 2229 2551 2270 res
2579 2214 2819 2270 ecclesia;
2839 2212 3046 2281 judicio
3070 2215 3307 2286 episcopi
3347 2217 3672 2287 dispenso..-

407 2311 692 2364 damnatus
737 2305 967 2360 clericus
1013 2302 1160 2356 omni
1208 2314 1422 2370 quoque
1473 2301 1675 2355 honore
1714 2299 2016 2354 extrinse--
2082 2315 2190 2371 tur,
2231 2313 2490 2376 separatae
2529 2305 2750 2374 quidem
2792 2307 2860 2360 ab
2887 2303 3004 2373 ejus
3036 2307 3272 2376 propriis
3299 2308 3484 2374 rebus,
3531 2323 3671 2377 quas

407 2415 520 2462 cus,
558 2410 717 2466 quem
746 2400 930 2450 sancta
961 2390 1142 2464 regula
1168 2389 1250 2445 vel
1272 2388 1628 2446 sacerdotium
1665 2387 1981 2459 promeruit,
2082 2399 2173 2455 ille
2205 2399 2334 2454 dare
2368 2399 2540 2468 possit,
2566 2399 2761 2467 quibus
2789 2397 3036 2463 voluerit,
3063 2412 3155 2462 ne,
3179 2413 3244 2455 ρο
3267 2400 3560 2480 πιοιιίθιιιιιξν
3587 2401 3674 2454 in-

411 1925 604 1995 Viginti
632 1924 857 1996 quinque
887 1919 1079 1991 regula:
1106 1917 1246 1999 apud
1273 1916 1601 1971 Antiochiam
1646 1918 1703 1972 in
1727 1917 1971 1971 encaeniis

1054 1997 1322 2059 exposita’.

409 2489 669 2559 privetur.
2084 2491 2346 2546 vadantur
2373 2503 2460 2545 res
2482 2489 2600 2558 ejus
2624 2489 2856 2560 propria:
2885 2503 3010 2544 cum
3035 2490 3198 2546 rebus
3225 2490 3488 2546 ecclesia.
3697 2535 3708 2544 .

481 2578 542 2633 II.
590 2576 661 2634 Ut
703 2577 1012 2648 quicunque
1051 2588 1110 2630 se
1149 2589 1180 2628 a
1231 2581 1418 2628 sancta
1473 2569 1849 2628 communione
1886 2582 1971 2639 ρι’(

2155 2581 2321 2638 XXV.
2365 2581 2519 2649 Quod
2559 2582 2845 2652 episcopus
2885 2578 3286 2638 ecclesiasticas
3329 2597 3417 2637 res
3461 2583 3568 2638 sibi
3614 2591 3674 2637 et

413 2671 640 2738 quadam
671 2668 1087 2738 intemperantia
1123 2665 1420 2735 suspendit,
1462 2663 1547 2716 vel
1571 2662 1662 2731 qui
1683 2675 1992 2716 exeommu-
2089 2671 2208 2726 aliis
2234 2671 2544 2742 dispensare
2572 2673 2762 2740 possit,
2795 2687 2900 2726 non
2930 2679 3110 2728 tamen
3132 2673 3200 2727 ad
3221 2671 3671 2742 superﬂuitatem,

413 2764 593 2818 nicato
621 2759 1122 2825 communicavcrit,
1150 2757 1667 2814 excommunicetur.
2091 2763 2184 2819 sed
2204 2761 2268 2816 ad
2293 2762 2647 2833 indigentium
2665 2763 3066 2819 necessitatem,

484 2852 569 2905 IlI.
611 2850 681 2906 Ut
705 2849 936 2904 clericus
963 2849 1056 2918 qui
1082 2848 1148 2902 ad
1172 2847 1447 2916 propriam
1474 2844 1786 2916 parochiam
1818 2841 1971 2898 redin

2162 2851 2230 2906 Et
2269 2853 2706 2921 subscripserunt
2745 2867 2895 2906 xu:
2936 2852 3203 2907 Eusebius
3247 2853 3675 2920 Palaestinensis,

415 2941 821 3010 contempserit,
851 2939 1194 3010 degradetur.
2095 2941 2402 2999 Theodotus
2433 2943 2951 3013 Mesopotamiensis,
2983 2944 3302 3001 Theodorus
3330 2945 3677 3014 Isauriensis,

511 3033 575 3087 V.
614 3030 684 3087 Ut
707 3031 1010 3100 episcopus,
1055 3030 1356 3099 presbyter,
1399 3026 1659 3082 diaconus
1689 3025 1971 3080 damnatus

2144 3045 2153 3090 ι
2177 3035 2393 3105 reliqui.

418 3125 463 3179 si
489 3086 777 3194 pristinum
803 3086 1041 3224 olli-ciunt
1065 3086 1422 3224 usurpaverit,
1451 3134 1726 3224 nunquam
1748 3117 1996 3172 restitua-
2019 3086 2070 3150 ο
2101 3086 2554 3218 δαηααιδυηοάηδ
2578 3166 2694 3220 qua,
2713 3151 2855 3219 apud
2887 3149 3201 3206 Laodiceam
3224 3151 3464 3207 Paean-(2
3488 3153 3687 3224 [μαση-

421 3222 526 3275 tur,
556 3220 612 3267 et
642 3226 830 3266 omnes
855 3210 906 3265 ei
928 3216 1048 3280 post
1073 3207 1468 3264 damnationem
1495 3207 1728 3264 scienter
1754 3220 1971 3261 commu

2167 3207 2618 3290 (iantefPhrygiti:
2638 3207 2892 3286 conticuit,
2921 3222 3125 3291 regulas
3142 3238 3232 3276 ι,ιι
3243 3225 3481 3294 exposuit
3489 3207 3686 3279 ἳιψωτ

423 3304 683 3364 nicantes,
710 3301 1263 3356 excommunicentur.
2169 3305 2420 3342 annexus.

493 3396 559 3451 V.
593 3393 650 3450 Si
705 3393 934 3449 clericus
974 3392 1250 3462 proprium
1301 3391 1610 3461 episcopum
1651 3394 1967 3443 contemncn

2171 3397 2213 3452 Ι.
2247 3397 2304 3453 Si
2341 3399 2434 3468 qui
2469 3403 2704 3456 secundo
2730 3401 2968 3472 legitime
2995 3412 3331 3472 nupserunt,
3375 3414 3493 3474 post
3521 3404 3684 3478 {Lege

424 3486 651 3541 seorsim
689 3483 913 3552 colligit,
963 3481 1384 3536 irrevocabiliter
1422 3479 1724 3534 damnetur.
1775 3475 1917 3529 Idem
1953 3473 1998 3529 si
2100 3486 2459 3559 postquehui
2493 3503 2660 3558 parvo
2685 3500 2922 3559 tempore
2942 3499 3212 3548 transacto
3229 3473 3572 3550 mamma
3598 3473 3688 3548 ᾖ.

426 3576 706 3632 ecclesiam
739 3574 959 3628 turbare
979 3588 1083 3627 non
1105 3571 1321 3639 desinit,
1347 3585 1443 3640 per
1464 3576 1692 3624 eteteras
1709 3573 2002 3637 potestates
2103 3576 2369 3642 caverint,
2399 3576 2467 3630 ad
2495 3579 2922 3634 communionem
2957 3581 3309 3650 recipiantur.

426 3667 785 3739 opprimatur.
2173 3665 2236 3722 II.
2285 3667 2356 3724 Ut
2392 3666 2626 3739 perfecte
2664 3670 3050 3739 paenitentibus
3086 3673 3394 3728 communio
3422 3673 3687 3729 conceda-

504 3757 588 3815 γι.
620 3757 692 3813 Ut
723 3755 1222 3812 excommunicatus
1257 3771 1288 3810 a
1319 3769 1416 3809 suo
1444 3752 1695 3823 episcopo
1734 3766 1839 3805 non
1871 3749 2007 3804 reci-
2110 3767 2218 3813 ιιιιι,

431 3852 628 3923 piatur.
2178 3848 2261 3904 III.
2297 3848 2366 3904 Ut
2395 3849 2602 3905 noviter
2627 3849 2883 3918 haptizati
2912 3867 3017 3907 non
3049 3852 3182 3908 ﬁant
3208 3851 3415 3909 clerici.

502 3940 612 3993 VII.
650 3937 715 3993 Ut
753 3935 1020 4005 peregrini
1061 3935 1178 3989 sine
1205 3933 1659 3990 commendatitiis
1684 3931 1880 3987 litteris
1899 3945 2008 3986 non
2179 3939 2266 3995 1v.
2300 3939 2378 3995 Ne
2404 3940 2772 3997 ordinationes
2813 3941 2945 3996 ﬁam
2979 3943 3080 3999 sub
3128 3955 3424 4014 ωηενοαυ
3466 3942 3690 3999 πάλαι.

434 4028 796 4096 suscipiantur
823 4027 891 4078 ab
913 4025 1040 4079 alio.
2113 4027 2263 4092 tium,
2297 4029 2348 4084 id
2377 4037 2457 4084 est
2483 4030 3012 4088 catechumenorum.

503 4117 636 4174 VIII.
671 4113 981 4184 Presbyteri
1015 4127 1268 4182 agrorum
1297 4127 1405 4166 non
1431 4119 1656 4182 possunt
1698 4113 1829 4166 dare
1855 4124 2014 4165 cano-
2182 4118 2248 4174 v.
2279 4118 2360 4174 Ne
2381 4120 2561 4176 clerici
2587 4121 2770 4191 aliquo
2798 4123 2958 4178 modo
2984 4123 3094 4178 sim
3119 4123 3376 4178 usuram,

437 4209 588 4264 nicas
615 4204 892 4276 θρίειοιίιεο
920 4201 1012 4258 εθά
1041 4200 1431 4271 οιιοτθρὶεοορίο
2183 4207 2270 4262 Vl.
2321 4207 2399 4264 Nc
2425 4220 2799 4280 permanentes
2838 4211 2893 4266 in
2944 4213 3137 4268 haeresi
3183 4215 3572 4282 permittantur
3616 4215 3696 4269 in-

507 4296 596 4353 IX.
647 4293 718 4352 Ut
766 4292 1248 4364 metropolitanus,
1297 4291 1425 4346 licet
1474 4289 2015 4362 comprovincialibus
2116 4305 2262 4353 iram
2280 4298 2500 4354 domum
2530 4299 2645 4354 Dei,

438 4390 704 4463 episcopis
734 4387 1025 4460 praelatus,
1061 4385 1137 4440 nil
1177 4394 1355 4440 tamen
1396 4393 1594 4456 przeter
1632 4383 1753 4440 illos
1775 4423 1790 4451 ,
1825 4383 1932 4440 nisi
1961 4384 2012 4438 in
2045 4432 2096 4494 Β
2188 4387 2300 4444 VII.
2331 4388 2402 4445 Ut
2434 4388 2719 4446 Novatiani
2763 4399 2817 4446 et
2845 4391 3467 4458 Tessares’credecatitae,
3511 4403 3566 4449 et
3595 4395 3698 4450 So-

440 4483 655 4555 propria
691 4480 972 4552 parochia,
998 4478 1289 4550 dispenset.
2046 4478 2094 4494 ⁷
2122 4483 2253 4540 tiani
2281 4481 2467 4556 [Forte
2492 4482 2818 4556 Photiniani]
2850 4484 2919 4540 ad
2945 4485 3239 4542 Ecclesiam
3265 4487 3552 4543 redeuntes
3574 4496 3700 4557 post

512 4573 580 4627 Χ.
621 4570 774 4639 Quod
811 4567 1178 4638 chorepisc0pi
1200 4567 1416 4623 ordines
1452 4567 1734 4622 inferiores
1760 4579 1929 4637 usque
1950 4565 2018 4620 ad
2119 4572 2510 4641 ahjurationem
2537 4574 2758 4630 haeresis
2782 4589 2880 4644 per
2919 4577 3225 4632 unctionem
3253 4577 3564 4632 chrismatis
3609 4592 3702 4632 re-

443 4661 886 4717 sulr:diaronatum
914 4659 1042 4712 dare
1090 4673 1198 4712 non
1225 4665 1468 4728 possunt.
1517 4657 1586 4710 Et
1611 4655 1878 4720 clericus,
1927 4655 2018 4724 qui
2119 4665 2492 4720 conciliemur,

442 4762 640 4824 praeter
678 4751 888 4805 litteras
915 4749 1446 4819 comprovincialium
1488 4747 1882 4817 episcoporum,
1921 4760 2021 4816 pro
2195 4756 2325 4812 v11],
2362 4756 2432 4813 υι
2468 4772 2534 4812 εχ
2581 4757 2774 4813 hat-esi
2820 4757 3282 4832 ωωρδηεεηω
3323 4759 3574 4816 conveni
3606 4759 3708 4813 ιη,

447 4840 800 4916 querimoniis
822 4840 1016 4895 adierit
1047 4840 1449 4908 imperatorem,
1479 4838 1683 4892 honore
1707 4845 1761 4892 et
1784 4851 2024 4892 commu-
2121 4850 2414 4920 ριίιρηιωι,

451 4937 609 4991 uione
633 4932 893 5004 privetur.
2193 4939 2285 4994 IX.
2310 4939 2382 4996 Ut
2405 4938 2656 4994 catholici
2699 4938 2767 4994 ad
2815 4940 3193 4996 hzereticorum
3241 4940 3552 4998 coemeteria
3579 4956 3706 4996 ora-

521 5025 611 5080 XI.
644 5023 714 5079 Ut
757 5019 938 5077 clerici
978 5018 1238 5085 damnati,
1285 5017 1332 5073 si
1374 5017 1752 5088 imperatorem
1777 5016 1971 5072 adicrin

2144 5047 2241 5086 .um
2265 5037 2454 5085 euntes
2479 5030 3032 5084 excommuniccntur.

456 5132 726 5188 nunquam
765 5113 1136 5170 restituamur-
2201 5123 2267 5177 Χ.
2296 5121 2374 5176 Ne
2413 5121 2660 5176 catholici
2697 5136 2821 5176 cum
2861 5121 3130 5178 haereticis
3168 5122 3537 5178 indili'erenter
3579 5134 3708 5174 con-

525 5209 637 5263 XII.
670 5207 738 5263 Ut
761 5206 976 5261 irritum
1019 5204 1092 5259 sit
1125 5202 1385 5274 quidquid
1416 5202 1832 5274 episcopusvnon
1879 5216 2032 5273 roga-
2126 5213 2335 5285 jnginm
2375 5216 2573 5269 ίηεοιιι,

458 5316 544 5361 tus
570 5305 624 5359 in
651 5301 824 5359 aliena
850 5301 1104 5374 parochia
1129 5298 1478 5356 ordinaverit.
2204 5305 2292 5359 xl.
2323 5306 2394 5362 Ut
2420 5305 2522 5361 illa;
2545 5322 2665 5376 qua:
2702 5307 2953 5362 dicuntur
2979 5307 3324 5376 presbyterio,
3356 5304 3707 5373 prmsidenles

527 5395 662 5453 XIII.
693 5393 752 5449 Si
795 5395 848 5448 in
889 5392 1230 5447 damnatione
1257 5391 1492 5462 cpisc0pi
1527 5389 1881 5460 provinciales
1924 5390 2035 5472 epi-
2136 5396 2188 5448 in
2221 5394 2464 5450 ecclesiis
2491 5411 2596 5450 non
2627 5396 2965 5458 ordinentur,

461 5488 612 5556 scopi
638 5485 989 5542 dissenserint
1012 5501 1042 5539 a
1077 5485 1506 5555 metropolitano,
1558 5484 1744 5538 vicinis
1771 5483 2037 5552 episcopis
2205 5486 2320 5542 XII.
2356 5487 2427 5543 Ut
2461 5485 2695 5556 episcopi
2720 5501 2843 5542 cum
2856 5485 3060 5554 judicio
3081 5483 3474 5555 metropolitani
3498 5490 3553 5538 et
3572 5480 3705 5536 alio—

462 5577 755 5640 advocatis,
787 5591 946 5631 causa
979 5575 1311 5630 terminctur.
2138 5594 2258 5633 rum
2282 5580 2650 5647 episcoporum
2671 5578 3054 5648 provehantur.

539 5665 674 5718 XIV.
709 5663 770 5717 Si
812 5680 998 5718 omnes
1041 5665 1396 5732 provinciales
1438 5666 1673 5732 episcopi
1720 5665 1770 5719 in
1817 5665 2038 5720 (lanula—
2210 5667 2343 5723 XIII.
2373 5667 2448 5723 Ne
2470 5666 2672 5735 judicio
2701 5667 3054 5723 multitudinis
3076 5665 3438 5721 ordinationes
3465 5663 3620 5717 ﬁant.
