3992 6176
277 437 410 497 “Ml

1493 428 1872 488 COLLECTIO
1911 421 2267 484 CANONUM.

3399 419 3540 476 1042

347 552 487 610 XIV.
519 550 599 609 Ne
619 533 864 622 eulogia,
887 551 940 607 id
967 557 1051 606 est
1072 547 1281 613 oblatae,
1315 548 1382 603 ad
1409 544 1544 602 alias
1568 543 1855 617 parochias
1882 547 1934 604 Α
2031 539 2271 596 XXXIX.
2312 536 2391 594 Ne
2433 535 2670 607 episcopi
2711 536 2887 592 vocati
2930 535 2998 591 ad
3041 537 3308 608 synodum
3354 537 3541 594 venite

275 645 636 702 destinentur.

347 735 464 791 XV.
495 733 569 790 Ut
593 733 770 788 nullus
789 740 986 802 praeter
1006 729 1281 800 regulares
1309 736 1558 783 cantores
1584 725 1637 780 in
1652 723 1860 794 pulpito

276 830 477 879 cantet.

347 911 488 967 XVI.
517 911 590 967 Ut
619 911 673 965 in
707 911 930 965 sabbato
957 907 1231 980 evangelia
1260 922 1382 963 cum
1410 905 1528 962 aliis
1565 905 1861 977 Seripturis

279 1003 548 1073 legantur.

347 1093 508 1150 XVII.
537 1093 615 1150 Ne
640 1094 695 1148 in
723 1093 950 1150 ecclesia
977 1093 1169 1166 psalmi
1197 1093 1597 1160 continuentur,
1627 1092 1722 1148 sed
1765 1107 1862 1163 per

277 1187 515 1257 singulos
540 1186 773 1256 psalmos
797 1187 1056 1242 lectiones
1077 1195 1482 1242 recenseantur.

347 1275 532 1331 XVIII.
567 1274 638 1332 Ut
656 1274 887 1346 idipsum
915 1275 1149 1330 oﬂicium
1179 1291 1418 1347 precum,
1446 1284 1503 1333 et
1527 1292 1668 1334 nona
1697 1285 1754 1331 et
1776 1291 1865 1333 ve-

280 1383 437 1438 spera
465 1366 824 1423 celebrentur.

351 1480 494 1536 XIX.
522 1479 595 1536 Ut
614 1489 735 1551 post
755 1480 1190 1551 praedicationem
1212 1482 1608 1552 episcoporum,
1632 1483 1727 1538 ﬁat
1745 1498 1864 1538 ora-

283 1571 362 1624 tio
389 1585 552 1640 super
575 1570 990 1626 catechumenos
1016 1589 1028 1624 :
1063 1572 1257 1640 quibus
1290 1574 1543 1642 egressis,
1571 1574 1746 1629 oratio
1772 1574 1866 1628 ﬁat

279 1675 444 1730 super
471 1660 792 1730 pcenitentes
840 1671 966 1718 tunc
1011 1663 1080 1717 ad
1117 1678 1335 1717 manum
1386 1664 1686 1720 sacerdotis
1711 1680 1866 1721 acce-

280 1753 488 1807 dentes.
537 1750 634 1805 Ilis
673 1751 1070 1807 discedentibus
1089 1792 1104 1816 ,
1130 1761 1569 1808 consummantur
1591 1762 1705 1809 tres
1742 1769 1867 1809 ora-

281 1842 457 1897 tiones
482 1839 738 1896 ﬁdelium.
787 1841 970 1896 Prima
997 1843 1216 1912 quidem
1242 1844 1341 1898 sub
1373 1844 1605 1910 silentio,
1629 1844 1862 1900 secunda

279 1948 412 1988 vero
436 1941 491 1988 et
519 1935 676 1988 tertia
706 1949 804 2004 per
829 1934 1014 1990 solitas
1031 1935 1470 1992 exclamationes.
1495 1937 1563 1993 Et
1583 1952 1716 2006 pace
1738 1938 1862 1993 data

281 2025 588 2080 celebretur
614 2025 833 2081 oblatio.
870 2025 1011 2080 Solis
1031 2034 1210 2080 autem
1232 2027 1402 2082 sacris
1423 2027 1686 2083 ministris
1708 2028 1865 2099 juxta

284 2113 455 2170 altare
484 2115 644 2170 liceat
676 2117 1103 2171 communicare.
1792 2111 1798 2116 ’

357 2227 476 2283 XX.
515 2226 596 2282 Ne
626 2227 840 2284 diaconi
888 2243 1072 2283 coram
1112 2227 1434 2298 presbytero
1473 2226 1713 2293 sedeant,
1761 2228 1868 2282 nisi

284 2335 354 2376 eo
375 2318 618 2388 iubente.
657 2301 925 2392 Similiter
967 2303 1180 2373 diactini
1222 2317 1291 2372 ab
1328 2315 1673 2373 inferioribus
1699 2318 1870 2372 hono-

286 2417 495 2463 rentur.

359 2499 502 2554 XXI.
556 2498 627 2555 Ut
655 2498 968 2555 subdiaconi
995 2498 1190 2554 remoti
1214 2498 1324 2553 sint
1354 2514 1384 2552 a
1410 2498 1681 2563 diaeonio,
1710 2496 1764 2552 id
1788 2506 1873 2553 est

288 2591 604 2657 secretario,
639 2606 740 2645 nec
769 2590 1050 2646 Dominica
1081 2605 1211 2644 vasa
1248 2591 1586 2659 contingant.

359 2682 523 2738 XXII.
587 2682 669 2739 Ne
699 2681 1062 2737 subdiaconus
1109 2682 1291 2736 orario
1339 2690 1550 2747 utatur,
1589 2695 1694 2736 nec
1734 2680 1874 2736 ostia

293 2775 584 2844 relinquat.

363 2882 549 2940 XXIII.
590 2883 667 2938 Ne
689 2883 919 2939 lectores
943 2883 1025 2938 vel
1050 2892 1302 2938 cantores
1327 2898 1450 2938 cum
1475 2884 1671 2956 orariis
1695 2885 1876 2956 legant

291 2974 379 3030 vel
402 2973 652 3043 psallant.
1525 2953 1537 2968 ’

365 3062 554 3118 XXIV.
594 3062 674 3118 Ne
715 3062 918 3129 clerici,
966 3063 1052 3118 vel
1097 3063 1455 3128 continentes,
1502 3063 1588 3119 vel
1624 3065 1874 3121 monachi

293 3155 582 3210 comedam
606 3155 662 3210 in
693 3155 953 3210 tabernis.

1959 639 2322 688 contemnant.

2029 723 2141 779 XL.
2183 722 2262 777 Ne
2287 721 2409 792 quis
2431 718 2662 776 clericus
2688 719 2804 776 sine
2830 720 3104 776 canonicis
3133 719 3352 786 litteris,
3379 718 3435 776 id
3457 729 3544 776 est

1961 808 2206 871 formatis
2239 811 2633 883 proﬁciscatur.

2031 907 2166 962 XLI.
2206 906 2283 961 Ne
2321 902 2634 960 subdiaconi
2667 903 2749 958 vel
2774 900 3258 975 paululumjanuas
3299 900 3542 957 ecclesiae

1961 1000 2230 1055 deserant.
2763 1015 2765 1017 ‘

2033 1091 2189 1146 XLII.
2238 1089 2316 1145 Ne
2355 1088 2540 1145 clerici
2601 1087 2718 1142 sine
2761 1083 3006 1154 iussione
3045 1083 3284 1155 episcopi
3329 1081 3545 1152 proﬁci-

1963 1189 2202 1238 scantur.

2033 1272 2212 1328 XLIII.
2252 1271 2331 1326 Ne
2362 1270 2575 1326 feminae
2599 1267 2973 1340 ingrediantur
2995 1267 3063 1322 ad
3093 1267 3283 1322 altare.

2031 1363 2215 1418 XLIV.
2259 1360 2329 1418 Ut
2357 1359 2533 1414 nullus
2556 1368 2678 1429 post
2710 1358 2844 1414 duas
2880 1357 3305 1428 quadragesima:
3337 1354 3545 1411 hebdo-

1963 1454 2152 1508 madas
2181 1452 2508 1522 baptizetur.

2033 1544 2195 1599 XLV.
2240 1542 2311 1598 Ut
2337 1540 2643 1611 baptizandi
2684 1539 2990 1611 symbolum
3030 1539 3263 1602 discant,
3305 1537 3447 1608 quod
3492 1537 3546 1591 In

1964 1637 2151 1706 quinta
2185 1633 2319 1690 feria
2348 1632 2568 1702 majoris
2595 1632 2906 1701 septimana:
2934 1629 3185 1701 episc0po
3211 1627 3295 1682 vel
3323 1628 3548 1698 presby-

1965 1736 2082 1782 tero
2106 1727 2347 1781 reddant.

2035 1816 2220 1874 XLVI.
2261 1816 2332 1872 Ut
2360 1816 2412 1869 in
2444 1812 2762 1885 aegritudine
2783 1811 3038 1882 baptizati
3063 1810 3222 1866 ﬁdem
3246 1819 3433 1881 postea
3455 1809 3550 1866 ade

1899 1898 1940 1956 B
1968 1913 2197 1968 discant.

2038 1980 2244 2036 XLVII.
2286 1979 2356 2035 Ut
2383 1977 2642 2048 baptizati
2671 1975 2964 2030 chrismate
2990 1976 3402 2030 conﬁrmentur.

2038 2073 2266 2129 XLVIII.
2308 2071 2378 2127 Ut
2405 2071 2560 2140 panis
2593 2067 2984 2124 benedictionis
3027 2067 3082 2121 in
3135 2065 3545 2136 quadragesima

1969 2179 2073 2220 non
2097 2163 2373 2225 oﬁ'eratur,
2401 2160 2505 2213 nisi
2530 2161 2586 2214 in
2608 2159 2832 2213 sabbato
2853 2157 2938 2212 vel
2964 2157 3262 2211 Dominica.

2038 2253 2227 2309 XLIX.
2270 2251 2339 2309 Ut
2369 2251 2548 2306 nullus
2597 2251 2652 2305 in
2689 2247 2855 2305 Coena
2897 2248 3107 2304 Domini
3128 2247 3391 2318 jejunium
3419 2260 3551 2317 qua-

1969 2342 2322 2414 diagesimale
2353 2341 2544 2397 solvat.

2042 2433 2103 2486 L.
2140 2431 2220 2487 Ne
2261 2429 2460 2485 natalia
2503 2437 2806 2500 martyrum
2858 2429 2913 2482 in
2961 2428 3373 2500 quadragesima
3419 2427 3556 2482 cele-

1971 2525 2216 2587 brentur,
2259 2522 2354 2577 sed
2394 2536 2582 2576 eorum
2631 2520 3077 2576 commemoratio
3113 2521 3166 2575 in
3203 2518 3442 2575 sabbatis
3471 2517 3556 2572 vel

1971 2614 2264 2670 Dominicis
2290 2611 2404 2668 ﬁat.

2042 2708 2128 2764 LI.
2178 2708 2258 2763 Ne
2289 2707 2490 2779 nuptias
2518 2707 2603 2763 vel
2628 2708 2909 2762 hominum
2944 2705 3190 2762 natalitia
3216 2705 3560 2761 celebrentur

1974 2798 2029 2852 in
2051 2797 2483 2867 quadragesima.

2045 2886 2152 2942 LII.
2187 2885 2265 2941 Ne
2289 2884 2581 2941 Christiani
2606 2885 2808 2954 nuptiis
2827 2883 3086 2955 plaudant
3112 2882 3196 2938 vel
3216 2881 3434 2948 saltent,
3462 2880 3560 2938 sed

1975 2975 2359 3034 venerabiliter
2383 2985 2622 3032 canent.

2046 3068 2176 3124 LIII.
2213 3068 2289 3122 Ne
2309 3066 2492 3123 clerici
2515 3066 2736 3121 ludicris
2755 3065 3076 3135 spectaculis
3100 3063 3352 3119 intersint
3371 3062 3428 3118 in
3452 3075 3558 3119 cae-

1980 3162 2066 3217 nis
2090 3161 2174 3216 vel
2199 3161 2417 3231 nuptiis,
2473 3161 2567 3216 sed
2594 3167 2719 3213 ante
2761 3158 3038 3213 discedant
3081 3171 3244 3225 quam
3286 3153 3560 3225 thymelici

368 3244 534 3300 XXV.
575 3243 653 3300 Ne
683 3245 996 3302 subdiaconi
1029 3261 1224 3317 panem
1256 3246 1386 3303 dent
1416 3248 1500 3304 vel
1530 3248 1751 3304 calicem
1777 3250 1872 3305 be-
1901 3243 1946 3306 C
1978 3252 2214 3306 veniant.

295 3335 569 3391 nedicant.

371 3426 560 3482 XXVI.
598 3427 754 3495 Quod
774 3443 1038 3499 nusquam
1061 3430 1371 3486 exomizare
1391 3431 1599 3500 possint
1619 3432 1674 3487 hi
1695 3434 1788 3503 qui
1811 3433 1877 3489 ab

295 3514 550 3585 episeopo
571 3517 642 3571 ad
663 3517 767 3572 hoc
793 3532 899 3571 non
921 3525 1048 3572 sunt
1071 3519 1326 3573 ordinati.

371 3605 583 3661 XXVII.
623 3606 704 3661 Ne
729 3607 911 3663 clerici
937 3609 1007 3663 ad
1034 3623 1238 3678 agapen
1275 3610 1450 3664 vocati
1485 3620 1670 3681 partes
1707 3611 1880 3668 eccle-

294 3697 501 3753 siarum
530 3697 835 3766 aceipiant._

369 3806 606 3861 XXVIII.
646 3806 798 3874 Quod
827 3824 934 3864 non
959 3809 1122 3864 liceat
1152 3811 1206 3866 in
1238 3813 1484 3869 ecclesiis
1513 3829 1718 3885 agapen
1746 3815 1878 3882 ﬁeri,

299 3899 388 3955 vel
423 3900 762 3964 manducavi,
789 3901 872 3954 vel
903 3903 1185 3958 accubitus
1215 3905 1405 3960 sterni.

374 3991 565 4046 XXIX.
602 3991 674 4048 Ut
704 3992 882 4048 nullus
906 3994 959 4048 in
985 3995 1212 4051 sabbato
1230 3994 1558 4066 judaizando
1589 3999 1808 4055 otietur.

374 4083 546 4140 XXX.
589 4084 660 4141 Ut
683 4085 786 4139 viri
809 4103 933 4141 eum
964 4088 1284 4146 mulieribus
1312 4106 1416 4145 non
1440 4091 1708 4146 laventur.

375 4176 567 4232 XXXI.
610 4176 688 4233 Ne
726 4179 976 4234 catholici
1013 4179 1155 4237 ﬁlios
1187 4196 1314 4237 suos
1344 4183 1426 4238 vel
1453 4183 1592 4239 ﬁlias
1617 4183 1886 4240 haereticis

303 4264 435 4322 dent
461 4267 513 4321 in
542 4266 871 4338 conjugium,
921 4271 1016 4324 sed
1063 4272 1235 4341 magis
1285 4273 1572 4344 accipiant,
1614 4274 1661 4330 si
1708 4283 1886 4329 tamen

305 4358 384 4414 Illi
411 4373 468 4412 se
492 4360 789 4415 catholicos
816 4359 934 4415 ﬁeri
961 4363 1298 4430 promittant.

381 4449 592 4505 XXXII.
635 4449 713 4505 Nc
757 4451 880 4521 quis
924 4452 1164 4524 eulogias
1208 4455 1275 4509 ab
1314 4454 1583 4510 bmreticis
1609 4455 1886 4530 suscipiat,

309 4557 433 4610 quae
461 4558 565 4596 non
598 4543 1002 4601 benedictioues
1027 4554 1152 4600 sunt
1178 4546 1271 4602 sed
1301 4547 1725 4602 maledictiones.

383 4633 618 4689 XXXIII.
656 4633 734 4690 Ne
774 4635 896 4705 quis
937 4651 1059 4692 cum
1108 4637 1377 4693 haereticis
1409 4639 1493 4693 vel
1531 4636 1890 4693 schismaticis

310 4732 448 4777 oret.

384 4815 623 4872 XXXIV.
660 4817 814 4884 Quod
856 4819 1144 4874 anathema
1185 4820 1294 4873 sint
1332 4820 1660 4888 quicunque,
1686 4819 1755 4874 ad
1786 4820 1896 4875 lue-

317 4906 605 4962 reticorum
634 4916 901 4980 martyres
925 4910 1273 4964 accesserint.

388 4993 606 5050 XXXV.
653 4995 721 5052 Ut
741 4997 1026 5051 anathema
1057 4998 1147 5063 sit,
1177 4998 1484 5067 quicunque
1517 4997 1702 5052 relicta
1727 4999 1899 5054 eccle-

315 5085 417 5153 sia,
449 5087 666 5156 angelos
703 5088 909 5152 colere,
951 5087 1035 5143 vel
1061 5090 1512 5160 congregationes
1548 5088 1726 5145 facere
1762 5106 1899 5160 prte-

245 5238 248 5239 .
315 5180 628 5248 sumpserit.
656 5179 726 5236 Ut
751 5181 931 5236 clerici
961 5181 1418 5237 incantationibus
1445 5181 1524 5236 vel
1553 5182 1902 5254 pliylacteriis

315 5276 537 5324 utentes
563 5271 1120 5325 excommunicentur.

392 5362 632 5419 XXXVI.
675 5365 751 5420 Ne
779 5366 900 5436 quis
928 5380 956 5419 a
979 5365 1180 5423 Iudicis
1215 5367 1297 5424 vel
1340 5369 1408 5425 ab
1446 5367 1716 5424 haereticis
1762 5369 1900 5426 dona

322 5452 634 5510 festivitatis
655 5471 840 5511 eorum
871 5458 1154 5526 suscipiat.

395 5547 655 5603 XXXVII.
696 5548 773 5603 Ne
799 5549 917 5618 quis
947 5564 1139 5617 azyma
1165 5550 1422 5620 suscipiat
1448 5567 1476 5605 a
1504 5549 1724 5607 ludatis.

394 5635 678 5692 XXXVIII.
718 5637 794 5693 Ne
819 5639 940 5708 quis
973 5654 1096 5694 cum
1133 5641 1422 5712 gentilibus
1465 5640 1602 5697 festa
1643 5642 1901 5698 celebret.

1921 4590 1968 4647 υ

2046 3343 2178 3400 LIV.
2224 3343 2293 3400 Ut
2334 3342 2512 3398 nullus
2545 3359 2611 3396 ex
2638 3380 2652 3394 .
2684 3379 2697 3393 .
2728 3379 2741 3392 .
2767 3339 2849 3392 vel
2893 3335 3363 3394 comissationibus
3410 3333 3565 3407 [col-

1975 3437 2104 3491 latis
2127 3436 2212 3490 vel
2252 3433 2651 3498 commissaliis,
2699 3431 2802 3486 hoc
2841 3438 2924 3486 est
2964 3444 3030 3484 ex
3065 3425 3350 3500 symbolis]
3380 3424 3566 3483 convi-

1977 3524 2066 3577 via
2090 3522 2348 3577 celebret.

2048 3612 2159 3668 LV.
2201 3607 2278 3666 Ne
2317 3610 2619 3680 presbyteri
2659 3617 2784 3664 ante
2814 3609 3124 3678 episcopum
3149 3607 3350 3662 intrent
3381 3620 3562 3662 sacra-

1981 3705 2122 3760 rium
2149 3711 2202 3757 et
2229 3703 2469 3764 sedeant,
2507 3701 2600 3756 sed
2628 3715 2750 3756 cum
2789 3699 2924 3770 ipso.

2052 3792 2184 3849 LVI.
2229 3792 2300 3848 Ut
2323 3794 2376 3847 in
2409 3791 2549 3847 villis
2571 3791 2656 3847 vel
2679 3793 2731 3847 in
2765 3791 2911 3862 agris
2937 3805 3041 3844 non
3069 3787 3329 3858 episcopi,
3360 3784 3453 3842 sed
3483 3785 3562 3840 vi-

1983 3886 2234 3940 sitatorcs
2259 3885 2677 3940 constituantur.

2054 3979 2210 4035 LVII.
2250 3979 2320 4036 Ut
2364 3979 2418 4033 in
2460 3979 2710 4035 domibus
2751 3977 2952 4035 oblatio
3000 3992 3103 4032 non
3147 3975 3455 4032 celebretur
3494 3975 3563 4031 ab

1985 4071 2236 4142 episcopo
2255 4071 2336 4125 vel
2366 4072 2699 4141 presbytero.

2055 4160 2231 4217 LVIII.
2286 4161 2363 4216 Ne
2403 4161 2596 4230 pleteii
2637 4160 2828 4231 psalmi
2878 4161 2932 4215 in
2977 4160 3206 4216 ecclesia
3248 4164 3560 4224 cantentur;

1987 4267 2087 4307 nec
2131 4251 2221 4305 alii
2256 4251 2398 4316 libri,
2453 4251 2558 4305 nisi
2593 4250 2724 4305 Novi
2755 4258 2809 4302 et
2843 4251 3049 4304 Veteris
3091 4248 3422 4303 Testamenti
3450 4256 3570 4301 tan-

1990 4355 2103 4397 tum
2151 4343 2207 4396 in
2256 4341 2485 4397 ecclesia
2528 4340 2794 4410 legantur.
2853 4339 2921 4392 Et
2976 4338 3411 4408 subscripserunt
3460 4349 3574 4393 nu

1989 4433 2200 4487 Patres.

1997 4542 2249 4612 Prwfatio
2278 4557 2536 4595 canonum
2560 4538 2955 4612 Samia-emittm
2980 4539 3127 4611 [Ms.,
3158 4537 3574 4610 Serdicctm'unt]

2522 4611 2627 4664 sive
2659 4610 3029 4680 Africanorum

2069 4727 2206 4782 Sunt
2237 4726 2398 4781 etiam
2431 4724 2617 4796 viginti
2641 4723 2839 4796 regulis
2876 4741 2997 4796 quae
3026 4740 3124 4796 per
3152 4723 3336 4782 Osium
3371 4723 3576 4781 Cordu-

1996 4820 2218 4875 bensem
2241 4817 2550 4887 episcopum
2576 4823 2822 4887 currunt,
2853 4831 2973 4885 quae
3005 4815 3291 4871 titulantur
3323 4825 3577 4884 tanquam

2002 4926 2025 4954 ο
2059 4928 2128 4967 x1.
2169 4910 2544 4981 episcOporum
2587 4908 2727 4979 apud
2774 4907 3072 4973 Serdicam,
3109 4923 3230 4977 qua:
3257 4915 3436 4962 tamen
3470 4921 3578 4960 non

2000 5003 2142 5072 apud
2164 5002 2402 5067 Graecos,
2445 5001 2539 5057 sed
2577 5001 2748 5071 magis
2784 5001 2924 5070 apud
2963 4999 3185 5055 Latinos
3211 4999 3576 5055 inveniuntur.

2002 5092 2292 5148 Sciendum
2327 5099 2408 5146 est
2441 5100 2618 5144 autem
2652 5091 2795 5144 hunc
2823 5089 3010 5146 Osium
3044 5091 3186 5144 inter
3215 5103 3446 5144 cccxvut
3482 5087 3584 5144 Pa-

2004 5196 2114 5241 tres
2161 5184 2362 5241 Nicaani
2407 5182 2618 5239 concilii
2666 5181 3035 5237 honorabilem
3065 5180 3253 5247 fuisse,
3304 5189 3466 5250 atque
3511 5180 3581 5236 ab

2001 5277 2295 5347 apostoiica
2325 5276 2450 5332 sede
2476 5289 2599 5330 cum
2634 5273 2850 5328 Victore
2878 5279 2932 5328 et
2951 5272 3232 5328 Vincentio
3249 5271 3584 5344 presbyteris

2005 5371 2351 5433 destinatum,
2385 5367 2474 5437 qui
2513 5373 2568 5421 ct
2605 5365 2876 5434 Hispanus
2905 5381 3076 5435 usque
3103 5365 3170 5420 ad
3198 5372 3412 5436 tempus
3435 5363 3582 5421 Con-

2006 5459 2189 5514 stantii
2228 5457 2486 5529 principis
2514 5457 2566 5510 in
2594 5471 2820 5527 corpore
2855 5456 3051 5528 legitur
3075 5456 3455 5527 permansisse.
3484 5455 3586 5512 IIic

2008 5557 2190 5606 tamen
2222 5549 2274 5602 in
2309 5547 2568 5602 extremis
2613 5547 2726 5601 suis
2766 5547 2896 5602 satis
2931 5548 3210 5619 pueriliter
3244 5547 3491 5618 desipuit,
3526 5555 3586 5601 ut

2011 5633 2243 5693 Severus
2289 5637 2558 5708 Sulpicius
2594 5637 2645 5692 in
2681 5636 2963 5694 Chi-unicis
2996 5639 3108 5696 suis
3140 5648 3388 5705 testatur,
3439 5652 3588 5693 assc—

399 5804 422 5832 ο
461 5791 602 5864 Lege
649 5811 748 5859 ις,
797 5803 852 5851 ut
900 5795 1036 5851 infra
1082 5804 1202 5866 post
1256 5797 1354 5852 hos
1398 5810 1633 5852 canones
1684 5795 1889 5852 Sardie.
1935 5794 2107 5852 Ilann.
