  <div class='ocr_page' id='page_1' title='image "/cluster/home/n/w/nwhite01/storage/ocr_20150623/96/hvd.32044052819901/527.png"; bbox 0 0 3992 6176; ppageno 0'>
   <div class='ocr_carea' id='block_1_1' title="bbox 478 429 614 484">
    <p class='ocr_par' dir='ltr' id='par_1_1' title="bbox 478 429 614 484">
     <span class='ocr_line' id='line_1_1' title="bbox 478 429 614 484; baseline -0.015 0"><span class='ocrx_word' id='word_1_1' title='bbox 478 429 614 484; x_wconf 62' lang='grc' dir='ltr'><strong>μηδ</strong></span> 
     </span>
    </p>
   </div>
   <div class='ocr_carea' id='block_1_2' title="bbox 1498 417 2668 482">
    <p class='ocr_par' dir='ltr' id='par_1_2' title="bbox 1498 417 2668 482">
     <span class='ocr_line' id='line_1_2' title="bbox 1498 417 2668 482; baseline -0.005 -2"><span class='ocrx_word' id='word_1_2' title='bbox 1498 424 1950 482; x_wconf 76' lang='lat' dir='ltr'><strong>ANGELRAMNI</strong></span> <span class='ocrx_word' id='word_1_3' title='bbox 1987 420 2329 478; x_wconf 76' lang='lat' dir='ltr'><strong>METENSIS</strong></span> <span class='ocrx_word' id='word_1_4' title='bbox 2365 417 2668 477; x_wconf 79' lang='lat' dir='ltr'><strong>EPlSCOPl</strong></span> 
     </span>
    </p>
   </div>
   <div class='ocr_carea' id='block_1_3' title="bbox 3592 417 3738 476">
    <p class='ocr_par' dir='ltr' id='par_1_3' title="bbox 3592 417 3738 476">
     <span class='ocr_line' id='line_1_3' title="bbox 3592 417 3738 476; baseline 0 -1"><span class='ocrx_word' id='word_1_5' title='bbox 3592 417 3738 476; x_wconf 68' lang='grc' dir='ltr'><strong>1ομ</strong></span> 
     </span>
    </p>
   </div>
   <div class='ocr_carea' id='block_1_4' title="bbox 476 529 3741 611">
    <p class='ocr_par' dir='ltr' id='par_1_4' title="bbox 476 529 3741 611">
     <span class='ocr_line' id='line_1_4' title="bbox 476 529 3741 611; baseline -0.003 -12"><span class='ocrx_word' id='word_1_6' title='bbox 476 558 598 599; x_wconf 83' lang='lat' dir='ltr'><strong>rens</strong></span> <span class='ocrx_word' id='word_1_7' title='bbox 631 541 774 611; x_wconf 90' lang='lat' dir='ltr'><strong>quod</strong></span> <span class='ocrx_word' id='word_1_8' title='bbox 817 539 1165 596; x_wconf 88' lang='lat' dir='ltr'><strong>Constantius</strong></span> <span class='ocrx_word' id='word_1_9' title='bbox 1212 539 1505 608; x_wconf 90' lang='lat' dir='ltr'><strong>imperator</strong></span> <span class='ocrx_word' id='word_1_10' title='bbox 1548 537 2049 594; x_wconf 90' lang='lat' dir='ltr'><strong>numerosissimum</strong></span> <span class='ocrx_word' id='word_1_11' title='bbox 2075 536 2130 594; x_wconf 73' lang='grc' dir='ltr'><strong>Δ</strong></span> <span class='ocrx_word' id='word_1_12' title='bbox 2154 533 2437 587; x_wconf 90' lang='lat' dir='ltr'><strong>anathema</strong></span> <span class='ocrx_word' id='word_1_13' title='bbox 2464 550 2476 585; x_wconf 94' lang='lat'>:</span> <span class='ocrx_word' id='word_1_14' title='bbox 2507 531 2652 601; x_wconf 89' lang='lat' dir='ltr'><strong>quod</strong></span> <span class='ocrx_word' id='word_1_15' title='bbox 2681 530 2727 588; x_wconf 88' lang='lat' dir='ltr'><strong>si</strong></span> <span class='ocrx_word' id='word_1_16' title='bbox 2756 529 2878 601; x_wconf 77' lang='lat' dir='ltr'><strong>quis</strong></span> <span class='ocrx_word' id='word_1_17' title='bbox 2923 529 3104 586; x_wconf 81' lang='lat' dir='ltr'><strong>dicere</strong></span> <span class='ocrx_word' id='word_1_18' title='bbox 3151 530 3466 602; x_wconf 80' lang='lat' dir='ltr'><strong>neglexerit.</strong></span> <span class='ocrx_word' id='word_1_19' title='bbox 3503 533 3741 588; x_wconf 78' lang='lat' dir='ltr'><strong>catholi-</strong></span> 
     </span>
    </p>
   </div>
   <div class='ocr_carea' id='block_1_5' title="bbox 472 628 2053 695">
    <p class='ocr_par' dir='ltr' id='par_1_5' title="bbox 472 628 2053 695">
     <span class='ocr_line' id='line_1_5' title="bbox 472 628 2053 695; baseline -0.003 -9"><span class='ocrx_word' id='word_1_20' title='bbox 472 633 811 686; x_wconf 66' lang='lat' dir='ltr'><strong>ariminense</strong></span> <span class='ocrx_word' id='word_1_21' title='bbox 834 628 1143 695; x_wconf 76' lang='lat' dir='ltr'><strong>concilium,</strong></span> <span class='ocrx_word' id='word_1_22' title='bbox 1163 631 1229 684; x_wconf 88' lang='lat' dir='ltr'><strong>ab</strong></span> <span class='ocrx_word' id='word_1_23' title='bbox 1248 645 1312 684; x_wconf 92' lang='lat' dir='ltr'><strong>eo</strong></span> <span class='ocrx_word' id='word_1_24' title='bbox 1333 638 1521 684; x_wconf 89' lang='lat' dir='ltr'><strong>contra</strong></span> <span class='ocrx_word' id='word_1_25' title='bbox 1545 629 1864 684; x_wconf 82' lang='lat' dir='ltr'><strong>catholicam</strong></span> <span class='ocrx_word' id='word_1_26' title='bbox 1892 628 2053 684; x_wconf 88' lang='lat' dir='ltr'><strong>ﬁdem</strong></span> 
     </span>
    </p>
   </div>
   <div class='ocr_carea' id='block_1_6' title="bbox 473 720 2052 796">
    <p class='ocr_par' dir='ltr' id='par_1_6' title="bbox 473 720 2052 796">
     <span class='ocr_line' id='line_1_6' title="bbox 473 720 2052 796; baseline -0.003 -17"><span class='ocrx_word' id='word_1_27' title='bbox 473 731 878 796; x_wconf 64' lang='lat' dir='ltr'><strong>congregatum,</strong></span> <span class='ocrx_word' id='word_1_28' title='bbox 912 722 1129 776; x_wconf 72' lang='lat' dir='ltr'><strong>Ariana:</strong></span> <span class='ocrx_word' id='word_1_29' title='bbox 1161 721 1356 776; x_wconf 73' lang='lat' dir='ltr'><strong>hmresi</strong></span> <span class='ocrx_word' id='word_1_30' title='bbox 1385 722 1722 777; x_wconf 83' lang='lat' dir='ltr'><strong>subscribere</strong></span> <span class='ocrx_word' id='word_1_31' title='bbox 1759 720 2052 791; x_wconf 89' lang='lat' dir='ltr'><strong>compulis—</strong></span> 
     </span>
    </p>
   </div>
   <div class='ocr_carea' id='block_1_7' title="bbox 474 813 2052 885">
    <p class='ocr_par' dir='ltr' id='par_1_7' title="bbox 474 813 2052 885">
     <span class='ocr_line' id='line_1_7' title="bbox 474 813 2052 885; baseline -0.003 -13"><span class='ocrx_word' id='word_1_32' title='bbox 474 826 577 872; x_wconf 87' lang='lat' dir='ltr'><strong>set.</strong></span> <span class='ocrx_word' id='word_1_33' title='bbox 611 815 762 872; x_wconf 89' lang='lat' dir='ltr'><strong>Unde</strong></span> <span class='ocrx_word' id='word_1_34' title='bbox 789 814 954 869; x_wconf 90' lang='lat' dir='ltr'><strong>etiam</strong></span> <span class='ocrx_word' id='word_1_35' title='bbox 996 813 1196 883; x_wconf 80' lang='lat' dir='ltr'><strong>placuit</strong></span> <span class='ocrx_word' id='word_1_36' title='bbox 1237 822 1315 876; x_wconf 91' lang='lat' dir='ltr'><strong>ut,</strong></span> <span class='ocrx_word' id='word_1_37' title='bbox 1359 814 1523 868; x_wconf 91' lang='lat' dir='ltr'><strong>missa</strong></span> <span class='ocrx_word' id='word_1_38' title='bbox 1567 813 1858 883; x_wconf 89' lang='lat' dir='ltr'><strong>apostolica</strong></span> <span class='ocrx_word' id='word_1_39' title='bbox 1904 815 2052 885; x_wconf 62' lang='lat' dir='ltr'><strong>legu—</strong></span> 
     </span>
    </p>
   </div>
   <div class='ocr_carea' id='block_1_8' title="bbox 476 904 2052 977">
    <p class='ocr_par' dir='ltr' id='par_1_8' title="bbox 476 904 2052 977">
     <span class='ocr_line' id='line_1_8' title="bbox 476 904 2052 977; baseline -0.003 -12"><span class='ocrx_word' id='word_1_40' title='bbox 476 910 641 974; x_wconf 85' lang='lat' dir='ltr'><strong>tione,</strong></span> <span class='ocrx_word' id='word_1_41' title='bbox 669 923 699 962; x_wconf 90' lang='lat' dir='ltr'><strong>a</strong></span> <span class='ocrx_word' id='word_1_42' title='bbox 729 907 986 976; x_wconf 68' lang='lat' dir='ltr'><strong>prmdicto</strong></span> <span class='ocrx_word' id='word_1_43' title='bbox 1006 905 1133 964; x_wconf 88' lang='lat' dir='ltr'><strong>Osio</strong></span> <span class='ocrx_word' id='word_1_44' title='bbox 1165 904 1570 976; x_wconf 90' lang='lat' dir='ltr'><strong>perquireretur</strong></span> <span class='ocrx_word' id='word_1_45' title='bbox 1594 923 1661 960; x_wconf 91' lang='lat' dir='ltr'><strong>an</strong></span> <span class='ocrx_word' id='word_1_46' title='bbox 1689 905 1903 962; x_wconf 70' lang='lat' dir='ltr'><strong>Nicaana</strong></span> <span class='ocrx_word' id='word_1_47' title='bbox 1926 922 2052 977; x_wconf 86' lang='lat' dir='ltr'><strong>syn-</strong></span> 
     </span>
    </p>
   </div>
   <div class='ocr_carea' id='block_1_9' title="bbox 474 995 2068 1074">
    <p class='ocr_par' dir='ltr' id='par_1_9' title="bbox 474 995 2068 1074">
     <span class='ocr_line' id='line_1_9' title="bbox 474 995 2068 1074; baseline -0.001 -21"><span class='ocrx_word' id='word_1_48' title='bbox 474 999 632 1064; x_wconf 84' lang='lat' dir='ltr'><strong>odus,</strong></span> <span class='ocrx_word' id='word_1_49' title='bbox 675 999 759 1054; x_wconf 92' lang='lat' dir='ltr'><strong>cui</strong></span> <span class='ocrx_word' id='word_1_50' title='bbox 797 997 885 1052; x_wconf 92' lang='lat' dir='ltr'><strong>ille</strong></span> <span class='ocrx_word' id='word_1_51' title='bbox 928 995 1208 1062; x_wconf 79' lang='lat' dir='ltr'><strong>interfuit,</strong></span> <span class='ocrx_word' id='word_1_52' title='bbox 1260 995 1456 1050; x_wconf 83' lang='lat' dir='ltr'><strong>Filium</strong></span> <span class='ocrx_word' id='word_1_53' title='bbox 1500 995 1646 1050; x_wconf 81' lang='lat' dir='ltr'><strong>Patri</strong></span> <span class='ocrx_word' id='word_1_54' title='bbox 1687 1000 2068 1074; x_wconf 43' lang='grc' dir='ltr'><strong>συνομούσιονη</strong></span> 
     </span>
    </p>
   </div>
   <div class='ocr_carea' id='block_1_10' title="bbox 474 1085 2056 1156">
    <p class='ocr_par' dir='ltr' id='par_1_10' title="bbox 474 1085 2056 1156">
     <span class='ocr_line' id='line_1_10' title="bbox 474 1085 2056 1156; baseline -0.001 -13"><span class='ocrx_word' id='word_1_55' title='bbox 474 1089 528 1143; x_wconf 92' lang='lat' dir='ltr'><strong>id</strong></span> <span class='ocrx_word' id='word_1_56' title='bbox 563 1096 645 1143; x_wconf 92' lang='lat' dir='ltr'><strong>est</strong></span> <span class='ocrx_word' id='word_1_57' title='bbox 670 1086 1206 1150; x_wconf 90' lang='lat' dir='ltr'><strong>consubstantialem,</strong></span> <span class='ocrx_word' id='word_1_58' title='bbox 1251 1087 1394 1156; x_wconf 91' lang='lat' dir='ltr'><strong>quod</strong></span> <span class='ocrx_word' id='word_1_59' title='bbox 1438 1085 1826 1141; x_wconf 89' lang='lat' dir='ltr'><strong>catholicorum</strong></span> <span class='ocrx_word' id='word_1_60' title='bbox 1854 1094 1956 1151; x_wconf 88' lang='lat' dir='ltr'><strong>est,</strong></span> <span class='ocrx_word' id='word_1_61' title='bbox 1986 1102 2056 1141; x_wconf 90' lang='lat' dir='ltr'><strong>an</strong></span> 
     </span>
    </p>
   </div>
   <div class='ocr_carea' id='block_1_11' title="bbox 474 1175 2056 1252">
    <p class='ocr_par' dir='ltr' id='par_1_11' title="bbox 474 1175 2056 1252">
     <span class='ocr_line' id='line_1_11' title="bbox 474 1175 2056 1252; baseline -0.001 -18"><span class='ocrx_word' id='word_1_62' title='bbox 474 1180 732 1252; x_wconf 80' lang='grc' dir='ltr'><strong>συνόμιον,</strong></span> <span class='ocrx_word' id='word_1_63' title='bbox 787 1179 842 1234; x_wconf 78' lang='lat' dir='ltr'><strong>id</strong></span> <span class='ocrx_word' id='word_1_64' title='bbox 871 1187 971 1241; x_wconf 89' lang='lat' dir='ltr'><strong>est,</strong></span> <span class='ocrx_word' id='word_1_65' title='bbox 1017 1177 1355 1233; x_wconf 87' lang='lat' dir='ltr'><strong>consimilem</strong></span> <span class='ocrx_word' id='word_1_66' title='bbox 1400 1185 1627 1242; x_wconf 87' lang='lat' dir='ltr'><strong>tantum,</strong></span> <span class='ocrx_word' id='word_1_67' title='bbox 1677 1178 1820 1247; x_wconf 85' lang='lat' dir='ltr'><strong>quod</strong></span> <span class='ocrx_word' id='word_1_68' title='bbox 1869 1175 2056 1233; x_wconf 75' lang='lat' dir='ltr'><strong>Ariani</strong></span> 
     </span>
    </p>
   </div>
   <div class='ocr_carea' id='block_1_12' title="bbox 475 1265 2056 1339">
    <p class='ocr_par' dir='ltr' id='par_1_12' title="bbox 475 1265 2056 1339">
     <span class='ocr_line' id='line_1_12' title="bbox 475 1265 2056 1339; baseline -0.001 -13"><span class='ocrx_word' id='word_1_69' title='bbox 475 1272 680 1336; x_wconf 89' lang='lat' dir='ltr'><strong>dicunt,</strong></span> <span class='ocrx_word' id='word_1_70' title='bbox 729 1270 1092 1326; x_wconf 78' lang='lat' dir='ltr'><strong>decrevissent</strong></span> <span class='ocrx_word' id='word_1_71' title='bbox 1133 1265 1519 1324; x_wconf 84' lang='lat' dir='ltr'><strong>conﬁtendum.</strong></span> <span class='ocrx_word' id='word_1_72' title='bbox 1567 1269 1674 1325; x_wconf 85' lang='lat' dir='ltr'><strong>Sed</strong></span> <span class='ocrx_word' id='word_1_73' title='bbox 1701 1269 1810 1334; x_wconf 90' lang='lat' dir='ltr'><strong>ille,</strong></span> <span class='ocrx_word' id='word_1_74' title='bbox 1840 1278 1933 1324; x_wconf 87' lang='lat' dir='ltr'><strong>aut</strong></span> <span class='ocrx_word' id='word_1_75' title='bbox 1957 1285 2056 1339; x_wconf 91' lang='lat' dir='ltr'><strong>pro</strong></span> 
     </span>
    </p>
   </div>
   <div class='ocr_carea' id='block_1_13' title="bbox 475 1360 2056 1434">
    <p class='ocr_par' dir='ltr' id='par_1_13' title="bbox 475 1360 2056 1434">
     <span class='ocr_line' id='line_1_13' title="bbox 475 1360 2056 1434; baseline -0.001 -18"><span class='ocrx_word' id='word_1_76' title='bbox 475 1361 635 1434; x_wconf 85' lang='lat' dir='ltr'><strong>longa</strong></span> <span class='ocrx_word' id='word_1_77' title='bbox 677 1369 837 1417; x_wconf 56' lang='lat' dir='ltr'><strong>aetate</strong></span> <span class='ocrx_word' id='word_1_78' title='bbox 887 1360 1191 1430; x_wconf 85' lang='lat' dir='ltr'><strong>desipiens,</strong></span> <span class='ocrx_word' id='word_1_79' title='bbox 1246 1368 1339 1418; x_wconf 87' lang='lat' dir='ltr'><strong>aut</strong></span> <span class='ocrx_word' id='word_1_80' title='bbox 1386 1360 1749 1414; x_wconf 89' lang='lat' dir='ltr'><strong>assentatione</strong></span> <span class='ocrx_word' id='word_1_81' title='bbox 1799 1360 2056 1430; x_wconf 83' lang='lat' dir='ltr'><strong>principis</strong></span> 
     </span>
    </p>
   </div>
   <div class='ocr_carea' id='block_1_14' title="bbox 475 1450 2057 1521">
    <p class='ocr_par' dir='ltr' id='par_1_14' title="bbox 475 1450 2057 1521">
     <span class='ocr_line' id='line_1_14' title="bbox 475 1450 2057 1521; baseline 0 -15"><span class='ocrx_word' id='word_1_82' title='bbox 475 1469 666 1509; x_wconf 88' lang='lat' dir='ltr'><strong>verum</strong></span> <span class='ocrx_word' id='word_1_83' title='bbox 693 1452 1056 1515; x_wconf 87' lang='lat' dir='ltr'><strong>dissimulans,</strong></span> <span class='ocrx_word' id='word_1_84' title='bbox 1105 1450 1448 1521; x_wconf 82' lang='lat' dir='ltr'><strong>respondisse</strong></span> <span class='ocrx_word' id='word_1_85' title='bbox 1473 1451 1807 1520; x_wconf 87' lang='lat' dir='ltr'><strong>perhibetur,</strong></span> <span class='ocrx_word' id='word_1_86' title='bbox 1852 1459 2057 1506; x_wconf 82' lang='lat' dir='ltr'><strong>utram-</strong></span> 
     </span>
    </p>
   </div>
   <div class='ocr_carea' id='block_1_15' title="bbox 476 1541 2058 1614">
    <p class='ocr_par' dir='ltr' id='par_1_15' title="bbox 476 1541 2058 1614">
     <span class='ocr_line' id='line_1_15' title="bbox 476 1541 2058 1614; baseline -0.001 -15"><span class='ocrx_word' id='word_1_87' title='bbox 476 1561 582 1614; x_wconf 87' lang='lat' dir='ltr'><strong>que</strong></span> <span class='ocrx_word' id='word_1_88' title='bbox 609 1551 817 1614; x_wconf 86' lang='lat' dir='ltr'><strong>partem</strong></span> <span class='ocrx_word' id='word_1_89' title='bbox 855 1550 1002 1600; x_wconf 90' lang='lat' dir='ltr'><strong>recte</strong></span> <span class='ocrx_word' id='word_1_90' title='bbox 1027 1541 1307 1607; x_wconf 89' lang='lat' dir='ltr'><strong>conﬁteri,</strong></span> <span class='ocrx_word' id='word_1_91' title='bbox 1359 1542 1470 1598; x_wconf 90' lang='lat' dir='ltr'><strong>sive</strong></span> <span class='ocrx_word' id='word_1_92' title='bbox 1515 1545 1890 1612; x_wconf 82' lang='grc' dir='ltr'><strong>συνομούσιον,</strong></span> <span class='ocrx_word' id='word_1_93' title='bbox 1945 1543 2058 1598; x_wconf 91' lang='lat' dir='ltr'><strong>sive</strong></span> 
     </span>
    </p>
   </div>
   <div class='ocr_carea' id='block_1_16' title="bbox 480 1637 2058 1712">
    <p class='ocr_par' dir='ltr' id='par_1_16' title="bbox 480 1637 2058 1712">
     <span class='ocr_line' id='line_1_16' title="bbox 480 1637 2058 1712; baseline -0.004 -14"><span class='ocrx_word' id='word_1_94' title='bbox 480 1641 738 1712; x_wconf 82' lang='grc' dir='ltr'><strong>συνόμιον.</strong></span> <span class='ocrx_word' id='word_1_95' title='bbox 769 1637 919 1705; x_wconf 82' lang='lat' dir='ltr'><strong>Quod</strong></span> <span class='ocrx_word' id='word_1_96' title='bbox 951 1653 1266 1707; x_wconf 87' lang='lat' dir='ltr'><strong>responsum</strong></span> <span class='ocrx_word' id='word_1_97' title='bbox 1299 1646 1406 1690; x_wconf 88' lang='lat' dir='ltr'><strong>tam</strong></span> <span class='ocrx_word' id='word_1_98' title='bbox 1440 1652 1470 1690; x_wconf 92' lang='lat' dir='ltr'><strong>a</strong></span> <span class='ocrx_word' id='word_1_99' title='bbox 1499 1637 1777 1691; x_wconf 90' lang='lat' dir='ltr'><strong>catholicis</strong></span> <span class='ocrx_word' id='word_1_100' title='bbox 1803 1653 1963 1706; x_wconf 90' lang='lat' dir='ltr'><strong>quam</strong></span> <span class='ocrx_word' id='word_1_101' title='bbox 1990 1637 2058 1691; x_wconf 89' lang='lat' dir='ltr'><strong>ab</strong></span> 
     </span>
    </p>
   </div>
   <div class='ocr_carea' id='block_1_17' title="bbox 477 1727 2061 1798">
    <p class='ocr_par' dir='ltr' id='par_1_17' title="bbox 477 1727 2061 1798">
     <span class='ocr_line' id='line_1_17' title="bbox 477 1727 2061 1798; baseline -0.004 -10"><span class='ocrx_word' id='word_1_102' title='bbox 477 1733 698 1789; x_wconf 82' lang='lat' dir='ltr'><strong>Arianls</strong></span> <span class='ocrx_word' id='word_1_103' title='bbox 726 1747 835 1785; x_wconf 89' lang='lat' dir='ltr'><strong>uno</strong></span> <span class='ocrx_word' id='word_1_104' title='bbox 860 1746 955 1784; x_wconf 91' lang='lat' dir='ltr'><strong>ore</strong></span> <span class='ocrx_word' id='word_1_105' title='bbox 983 1730 1204 1784; x_wconf 89' lang='lat' dir='ltr'><strong>irrisum</strong></span> <span class='ocrx_word' id='word_1_106' title='bbox 1239 1737 1323 1783; x_wconf 89' lang='lat' dir='ltr'><strong>est</strong></span> <span class='ocrx_word' id='word_1_107' title='bbox 1356 1739 1519 1798; x_wconf 89' lang='lat' dir='ltr'><strong>atque</strong></span> <span class='ocrx_word' id='word_1_108' title='bbox 1554 1727 1866 1784; x_wconf 79' lang='lat' dir='ltr'><strong>refutatum.</strong></span> <span class='ocrx_word' id='word_1_109' title='bbox 1901 1728 2061 1783; x_wconf 89' lang='lat' dir='ltr'><strong>Deni-</strong></span> 
     </span>
    </p>
   </div>
   <div class='ocr_carea' id='block_1_18' title="bbox 479 1818 2058 1894">
    <p class='ocr_par' dir='ltr' id='par_1_18' title="bbox 479 1818 2058 1894">
     <span class='ocr_line' id='line_1_18' title="bbox 479 1818 2058 1894; baseline -0.004 -16"><span class='ocrx_word' id='word_1_110' title='bbox 479 1839 584 1894; x_wconf 91' lang='lat' dir='ltr'><strong>que</strong></span> <span class='ocrx_word' id='word_1_111' title='bbox 606 1830 726 1894; x_wconf 92' lang='lat' dir='ltr'><strong>post</strong></span> <span class='ocrx_word' id='word_1_112' title='bbox 749 1825 850 1876; x_wconf 90' lang='lat' dir='ltr'><strong>hoc</strong></span> <span class='ocrx_word' id='word_1_113' title='bbox 882 1836 1217 1889; x_wconf 85' lang='lat' dir='ltr'><strong>responsum,</strong></span> <span class='ocrx_word' id='word_1_114' title='bbox 1244 1819 1300 1874; x_wconf 91' lang='lat' dir='ltr'><strong>in</strong></span> <span class='ocrx_word' id='word_1_115' title='bbox 1335 1820 1554 1874; x_wconf 88' lang='lat' dir='ltr'><strong>civitate</strong></span> <span class='ocrx_word' id='word_1_116' title='bbox 1585 1835 1682 1875; x_wconf 92' lang='lat' dir='ltr'><strong>sua</strong></span> <span class='ocrx_word' id='word_1_117' title='bbox 1713 1819 1978 1882; x_wconf 86' lang='lat' dir='ltr'><strong>Corduba,</strong></span> <span class='ocrx_word' id='word_1_118' title='bbox 2005 1818 2058 1872; x_wconf 94' lang='lat' dir='ltr'><strong>in</strong></span> 
     </span>
    </p>
   </div>
   <div class='ocr_carea' id='block_1_19' title="bbox 459 1911 2060 1986">
    <p class='ocr_par' dir='ltr' id='par_1_19' title="bbox 459 1911 2060 1986">
     <span class='ocr_line' id='line_1_19' title="bbox 459 1911 2060 1986; baseline -0.001 -18"><span class='ocrx_word' id='word_1_119' title='bbox 459 1913 588 1986; x_wconf 79' lang='lat' dir='ltr'><strong>qua</strong></span> <span class='ocrx_word' id='word_1_120' title='bbox 627 1914 911 1984; x_wconf 90' lang='lat' dir='ltr'><strong>episcopus</strong></span> <span class='ocrx_word' id='word_1_121' title='bbox 945 1911 1065 1976; x_wconf 87' lang='lat' dir='ltr'><strong>fuit,</strong></span> <span class='ocrx_word' id='word_1_122' title='bbox 1101 1927 1297 1969; x_wconf 87' lang='lat' dir='ltr'><strong>nomen</strong></span> <span class='ocrx_word' id='word_1_123' title='bbox 1338 1913 1479 1967; x_wconf 88' lang='lat' dir='ltr'><strong>inter</strong></span> <span class='ocrx_word' id='word_1_124' title='bbox 1523 1912 1818 1967; x_wconf 90' lang='lat' dir='ltr'><strong>catholicos</strong></span> <span class='ocrx_word' id='word_1_125' title='bbox 1853 1912 2060 1982; x_wconf 90' lang='lat' dir='ltr'><strong>episco-</strong></span> 
     </span>
    </p>
   </div>
   <div class='ocr_carea' id='block_1_20' title="bbox 479 2003 1953 2075">
    <p class='ocr_par' dir='ltr' id='par_1_20' title="bbox 479 2003 1953 2075">
     <span class='ocr_line' id='line_1_20' title="bbox 479 2003 1953 2075; baseline -0.004 -16"><span class='ocrx_word' id='word_1_126' title='bbox 479 2021 578 2075; x_wconf 87' lang='lat' dir='ltr'><strong>pos</strong></span> <span class='ocrx_word' id='word_1_127' title='bbox 608 2005 828 2060; x_wconf 89' lang='lat' dir='ltr'><strong>minime</strong></span> <span class='ocrx_word' id='word_1_128' title='bbox 876 2003 1162 2058; x_wconf 87' lang='lat' dir='ltr'><strong>recitatum</strong></span> <span class='ocrx_word' id='word_1_129' title='bbox 1192 2011 1294 2061; x_wconf 84' lang='lat' dir='ltr'><strong>est.</strong></span> <span class='ocrx_word' id='word_1_130' title='bbox 1951 2022 1953 2024; x_wconf 90' lang='grc'>·</span> 
     </span>
    </p>
   </div>
   <div class='ocr_carea' id='block_1_21' title="bbox 555 2089 2061 2164">
    <p class='ocr_par' dir='ltr' id='par_1_21' title="bbox 555 2089 2061 2164">
     <span class='ocr_line' id='line_1_21' title="bbox 555 2089 2061 2164; baseline -0.001 -15"><span class='ocrx_word' id='word_1_131' title='bbox 555 2095 692 2151; x_wconf 88' lang='lat' dir='ltr'><strong>Sunt</strong></span> <span class='ocrx_word' id='word_1_132' title='bbox 717 2095 880 2151; x_wconf 89' lang='lat' dir='ltr'><strong>etiam</strong></span> <span class='ocrx_word' id='word_1_133' title='bbox 904 2093 1284 2150; x_wconf 71' lang='lat' dir='ltr'><strong>ecclesiastica:</strong></span> <span class='ocrx_word' id='word_1_134' title='bbox 1313 2093 1532 2164; x_wconf 67' lang='lat' dir='ltr'><strong>regulaa,</strong></span> <span class='ocrx_word' id='word_1_135' title='bbox 1563 2107 1682 2162; x_wconf 73' lang='lat' dir='ltr'><strong>quae</strong></span> <span class='ocrx_word' id='word_1_136' title='bbox 1711 2091 1765 2146; x_wconf 89' lang='lat' dir='ltr'><strong>in</strong></span> <span class='ocrx_word' id='word_1_137' title='bbox 1787 2089 2061 2148; x_wconf 79' lang='lat' dir='ltr'><strong>Africanis</strong></span> 
     </span>
    </p>
   </div>
   <div class='ocr_carea' id='block_1_22' title="bbox 483 2183 2062 2256">
    <p class='ocr_par' dir='ltr' id='par_1_22' title="bbox 483 2183 2062 2256">
     <span class='ocr_line' id='line_1_22' title="bbox 483 2183 2062 2256; baseline 0 -16"><span class='ocrx_word' id='word_1_138' title='bbox 483 2186 795 2256; x_wconf 76' lang='lat' dir='ltr'><strong>regionibus</strong></span> <span class='ocrx_word' id='word_1_139' title='bbox 855 2184 1292 2253; x_wconf 85' lang='lat' dir='ltr'><strong>frequentissime</strong></span> <span class='ocrx_word' id='word_1_140' title='bbox 1348 2183 1591 2254; x_wconf 83' lang='lat' dir='ltr'><strong>synodali</strong></span> <span class='ocrx_word' id='word_1_141' title='bbox 1649 2183 1878 2238; x_wconf 86' lang='lat' dir='ltr'><strong>concilio</strong></span> <span class='ocrx_word' id='word_1_142' title='bbox 1932 2199 2062 2240; x_wconf 87' lang='lat' dir='ltr'><strong>con-</strong></span> 
     </span>
    </p>
   </div>
   <div class='ocr_carea' id='block_1_23' title="bbox 482 2275 2062 2348">
    <p class='ocr_par' dir='ltr' id='par_1_23' title="bbox 482 2275 2062 2348">
     <span class='ocr_line' id='line_1_23' title="bbox 482 2275 2062 2348; baseline -0.004 -12"><span class='ocrx_word' id='word_1_143' title='bbox 482 2279 699 2348; x_wconf 83' lang='lat' dir='ltr'><strong>script-.e</strong></span> <span class='ocrx_word' id='word_1_144' title='bbox 738 2285 882 2334; x_wconf 87' lang='lat' dir='ltr'><strong>sunt.</strong></span> <span class='ocrx_word' id='word_1_145' title='bbox 927 2275 1032 2331; x_wconf 87' lang='lat' dir='ltr'><strong>Sed</strong></span> <span class='ocrx_word' id='word_1_146' title='bbox 1063 2275 1119 2343; x_wconf 84' lang='lat' dir='ltr'><strong>in</strong></span> <span class='ocrx_word' id='word_1_147' title='bbox 1154 2276 1238 2330; x_wconf 74' lang='lat' dir='ltr'><strong>his</strong></span> <span class='ocrx_word' id='word_1_148' title='bbox 1274 2276 1524 2330; x_wconf 91' lang='lat' dir='ltr'><strong>omnibus</strong></span> <span class='ocrx_word' id='word_1_149' title='bbox 1571 2275 1659 2330; x_wconf 87' lang='lat' dir='ltr'><strong>illa</strong></span> <span class='ocrx_word' id='word_1_150' title='bbox 1700 2275 1851 2344; x_wconf 85' lang='lat' dir='ltr'><strong>sequi</strong></span> <span class='ocrx_word' id='word_1_151' title='bbox 1897 2275 2062 2330; x_wconf 87' lang='lat' dir='ltr'><strong>debe-</strong></span> 
     </span>
    </p>
   </div>
   <div class='ocr_carea' id='block_1_24' title="bbox 484 2364 2061 2438">
    <p class='ocr_par' dir='ltr' id='par_1_24' title="bbox 484 2364 2061 2438">
     <span class='ocr_line' id='line_1_24' title="bbox 484 2364 2061 2438; baseline -0.001 -16"><span class='ocrx_word' id='word_1_152' title='bbox 484 2385 608 2423; x_wconf 88' lang='lat' dir='ltr'><strong>mus</strong></span> <span class='ocrx_word' id='word_1_153' title='bbox 665 2382 999 2438; x_wconf 76' lang='lat' dir='ltr'><strong>qua:cunque</strong></span> <span class='ocrx_word' id='word_1_154' title='bbox 1055 2381 1086 2420; x_wconf 90' lang='lat' dir='ltr'><strong>a</strong></span> <span class='ocrx_word' id='word_1_155' title='bbox 1134 2364 1351 2421; x_wconf 73' lang='lat' dir='ltr'><strong>Nicazno</strong></span> <span class='ocrx_word' id='word_1_156' title='bbox 1407 2365 1636 2420; x_wconf 91' lang='lat' dir='ltr'><strong>concilio</strong></span> <span class='ocrx_word' id='word_1_157' title='bbox 1687 2372 1741 2419; x_wconf 89' lang='lat' dir='ltr'><strong>et</strong></span> <span class='ocrx_word' id='word_1_158' title='bbox 1789 2381 1822 2419; x_wconf 91' lang='lat' dir='ltr'><strong>a</strong></span> <span class='ocrx_word' id='word_1_159' title='bbox 1877 2373 2061 2420; x_wconf 89' lang='lat' dir='ltr'><strong>sancta</strong></span> 
     </span>
    </p>
   </div>
   <div class='ocr_carea' id='block_1_25' title="bbox 487 2455 2062 2529">
    <p class='ocr_par' dir='ltr' id='par_1_25' title="bbox 487 2455 2062 2529">
     <span class='ocr_line' id='line_1_25' title="bbox 487 2455 2062 2529; baseline -0.001 -17"><span class='ocrx_word' id='word_1_160' title='bbox 487 2469 652 2528; x_wconf 88' lang='lat' dir='ltr'><strong>atque</strong></span> <span class='ocrx_word' id='word_1_161' title='bbox 675 2457 970 2529; x_wconf 89' lang='lat' dir='ltr'><strong>apostolica</strong></span> <span class='ocrx_word' id='word_1_162' title='bbox 985 2457 1227 2514; x_wconf 85' lang='lat' dir='ltr'><strong>Ecclesia</strong></span> <span class='ocrx_word' id='word_1_163' title='bbox 1250 2456 1492 2512; x_wconf 73' lang='lat' dir='ltr'><strong>Romana</strong></span> <span class='ocrx_word' id='word_1_164' title='bbox 1518 2470 1626 2511; x_wconf 89' lang='lat' dir='ltr'><strong>non</strong></span> <span class='ocrx_word' id='word_1_165' title='bbox 1652 2455 1959 2526; x_wconf 83' lang='lat' dir='ltr'><strong>discrepare</strong></span> <span class='ocrx_word' id='word_1_166' title='bbox 1981 2456 2062 2510; x_wconf 84' lang='lat' dir='ltr'><strong>vi-</strong></span> 
     </span>
    </p>
   </div>
   <div class='ocr_carea' id='block_1_26' title="bbox 469 2549 696 2604">
    <p class='ocr_par' dir='ltr' id='par_1_26' title="bbox 469 2549 696 2604">
     <span class='ocr_line' id='line_1_26' title="bbox 469 2549 696 2604; baseline -0.009 0"><span class='ocrx_word' id='word_1_167' title='bbox 469 2549 696 2604; x_wconf 70' lang='lat' dir='ltr'><strong>&#39;demtts.</strong></span> 
     </span>
    </p>
   </div>
   <div class='ocr_carea' id='block_1_27' title="bbox 487 2675 2066 2749">
    <p class='ocr_par' dir='ltr' id='par_1_27' title="bbox 487 2675 2066 2749">
     <span class='ocr_line' id='line_1_27' title="bbox 487 2675 2066 2749; baseline -0.001 -16"><span class='ocrx_word' id='word_1_168' title='bbox 487 2677 644 2733; x_wconf 82' lang='lat' dir='ltr'><strong>Hanc</strong></span> <span class='ocrx_word' id='word_1_169' title='bbox 667 2680 1028 2749; x_wconf 65' lang='lat' dir='ltr'><strong>praefationem</strong></span> <span class='ocrx_word' id='word_1_170' title='bbox 1064 2679 1222 2733; x_wconf 78' lang='lat' dir='ltr'><strong>latius</strong></span> <span class='ocrx_word' id='word_1_171' title='bbox 1259 2679 1568 2749; x_wconf 73' lang='lat' dir='ltr'><strong>explicatam</strong></span> <span class='ocrx_word' id='word_1_172' title='bbox 1597 2695 1625 2732; x_wconf 87' lang='lat' dir='ltr'><strong>e</strong></span> <span class='ocrx_word' id='word_1_173' title='bbox 1643 2694 1741 2733; x_wconf 89' lang='lat' dir='ltr'><strong>ms.</strong></span> <span class='ocrx_word' id='word_1_174' title='bbox 1766 2678 1882 2732; x_wconf 81' lang='lat' dir='ltr'><strong>cod.</strong></span> <span class='ocrx_word' id='word_1_175' title='bbox 1920 2675 2066 2732; x_wconf 79' lang='lat' dir='ltr'><strong>Vati-</strong></span> 
     </span>
    </p>
   </div>
   <div class='ocr_carea' id='block_1_28' title="bbox 559 2748 2067 2818">
    <p class='ocr_par' dir='ltr' id='par_1_28' title="bbox 559 2748 2067 2818">
     <span class='ocr_line' id='line_1_28' title="bbox 559 2748 2067 2818; baseline 0 -18"><span class='ocrx_word' id='word_1_176' title='bbox 559 2748 691 2818; x_wconf 73' lang='lat' dir='ltr'><strong>cano</strong></span> <span class='ocrx_word' id='word_1_177' title='bbox 725 2767 868 2803; x_wconf 86' lang='lat' dir='ltr'><strong>num.</strong></span> <span class='ocrx_word' id='word_1_178' title='bbox 898 2749 1299 2818; x_wconf 11' lang='lat' dir='ltr'><strong>133,7,exltibent</strong></span> <span class='ocrx_word' id='word_1_179' title='bbox 1326 2748 1602 2802; x_wconf 81' lang='lat' dir='ltr'><strong>Ballerim&#39;i</strong></span> <span class='ocrx_word' id='word_1_180' title='bbox 1625 2749 1681 2818; x_wconf 72' lang='lat' dir='ltr'><strong>in</strong></span> <span class='ocrx_word' id='word_1_181' title='bbox 1705 2750 1910 2818; x_wconf 77' lang='lat' dir='ltr'><strong>dissert.</strong></span> <span class='ocrx_word' id='word_1_182' title='bbox 1935 2764 2067 2818; x_wconf 78' lang='lat' dir='ltr'><strong>pra:-</strong></span> 
     </span>
    </p>
   </div>
   <div class='ocr_carea' id='block_1_29' title="bbox 560 2816 2063 2889">
    <p class='ocr_par' dir='ltr' id='par_1_29' title="bbox 560 2816 2063 2889">
     <span class='ocr_line' id='line_1_29' title="bbox 560 2816 2063 2889; baseline 0.002 -20"><span class='ocrx_word' id='word_1_183' title='bbox 560 2816 672 2870; x_wconf 87' lang='lat' dir='ltr'><strong>lim.</strong></span> <span class='ocrx_word' id='word_1_184' title='bbox 717 2817 1093 2889; x_wconf 51' lang='lat' dir='ltr'><strong>aa_to§n:_1ll</strong></span> <span class='ocrx_word' id='word_1_185' title='bbox 1137 2818 1364 2889; x_wconf 75' lang='lat' dir='ltr'><strong>Operam</strong></span> <span class='ocrx_word' id='word_1_186' title='bbox 1393 2820 1572 2889; x_wconf 71' lang='lat' dir='ltr'><strong>sancti</strong></span> <span class='ocrx_word' id='word_1_187' title='bbox 1620 2817 1807 2889; x_wconf 73' lang='lat' dir='ltr'><strong>Leonis</strong></span> <span class='ocrx_word' id='word_1_188' title='bbox 1839 2816 2063 2889; x_wconf 49' lang='lat' dir='ltr'><strong>ﬂagiti,</strong></span> 
     </span>
    </p>
   </div>
   <div class='ocr_carea' id='block_1_30' title="bbox 560 2885 2064 2959">
    <p class='ocr_par' dir='ltr' id='par_1_30' title="bbox 560 2885 2064 2959">
     <span class='ocr_line' id='line_1_30' title="bbox 560 2885 2064 2959; baseline 0.001 -21"><span class='ocrx_word' id='word_1_189' title='bbox 560 2903 682 2958; x_wconf 83' lang='lat' dir='ltr'><strong>pag.</strong></span> <span class='ocrx_word' id='word_1_190' title='bbox 723 2885 967 2940; x_wconf 80' lang='lat' dir='ltr'><em>CLXXX</em></span> <span class='ocrx_word' id='word_1_191' title='bbox 987 2885 1090 2940; x_wconf 76' lang='lat' dir='ltr'><strong>VII</strong></span> <span class='ocrx_word' id='word_1_192' title='bbox 1121 2885 1264 2953; x_wconf 33' lang='lat' dir='ltr'><strong>apex</strong></span> <span class='ocrx_word' id='word_1_193' title='bbox 1292 2887 1477 2959; x_wconf 81' lang='lat' dir='ltr'><strong>quibus</strong></span> <span class='ocrx_word' id='word_1_194' title='bbox 1503 2888 1588 2940; x_wconf 85' lang='lat' dir='ltr'><strong>hic</strong></span> <span class='ocrx_word' id='word_1_195' title='bbox 1615 2886 1793 2940; x_wconf 83' lang='lat' dir='ltr'><strong>datur.</strong></span> <span class='ocrx_word' id='word_1_196' title='bbox 1826 2885 2064 2959; x_wconf 63' lang='grc' dir='ltr'><strong>(Μλιίεει.)</strong></span> 
     </span>
    </p>
   </div>
   <div class='ocr_carea' id='block_1_31' title="bbox 559 2997 2070 3068">
    <p class='ocr_par' dir='ltr' id='par_1_31' title="bbox 559 2997 2070 3068">
     <span class='ocr_line' id='line_1_31' title="bbox 559 2997 2070 3068; baseline 0.001 -16"><span class='ocrx_word' id='word_1_197' title='bbox 559 2998 829 3052; x_wconf 49' lang='lat' dir='ltr'><strong>Praeterea</strong></span> <span class='ocrx_word' id='word_1_198' title='bbox 853 3006 978 3052; x_wconf 88' lang='lat' dir='ltr'><strong>suat</strong></span> <span class='ocrx_word' id='word_1_199' title='bbox 999 2997 1117 3050; x_wconf 76' lang='lat' dir='ltr'><strong>alia:</strong></span> <span class='ocrx_word' id='word_1_200' title='bbox 1135 3013 1184 3051; x_wconf 69' lang='grc' dir='ltr'>χι</span> <span class='ocrx_word' id='word_1_201' title='bbox 1205 2997 1399 3067; x_wconf 82' lang='lat' dir='ltr'><strong>regulae</strong></span> <span class='ocrx_word' id='word_1_202' title='bbox 1421 3013 1542 3066; x_wconf 80' lang='lat' dir='ltr'><strong>quae</strong></span> <span class='ocrx_word' id='word_1_203' title='bbox 1555 3013 1652 3066; x_wconf 88' lang='lat' dir='ltr'><strong>per</strong></span> <span class='ocrx_word' id='word_1_204' title='bbox 1667 2997 1850 3052; x_wconf 90' lang='lat' dir='ltr'><strong>Osium</strong></span> <span class='ocrx_word' id='word_1_205' title='bbox 1867 2999 2070 3068; x_wconf 88' lang='lat' dir='ltr'><strong>episco-</strong></span> 
     </span>
    </p>
   </div>
   <div class='ocr_carea' id='block_1_32' title="bbox 491 3087 2069 3161">
    <p class='ocr_par' dir='ltr' id='par_1_32' title="bbox 491 3087 2069 3161">
     <span class='ocr_line' id='line_1_32' title="bbox 491 3087 2069 3161; baseline 0.001 -19"><span class='ocrx_word' id='word_1_206' title='bbox 491 3104 617 3161; x_wconf 85' lang='lat' dir='ltr'><strong>pum</strong></span> <span class='ocrx_word' id='word_1_207' title='bbox 630 3087 1028 3144; x_wconf 89' lang='lat' dir='ltr'><strong>Cordubensem</strong></span> <span class='ocrx_word' id='word_1_208' title='bbox 1044 3097 1285 3152; x_wconf 89' lang='lat' dir='ltr'><strong>currunt,</strong></span> <span class='ocrx_word' id='word_1_209' title='bbox 1303 3104 1421 3158; x_wconf 75' lang='lat' dir='ltr'><strong>qua:</strong></span> <span class='ocrx_word' id='word_1_210' title='bbox 1436 3088 1716 3142; x_wconf 89' lang='lat' dir='ltr'><strong>titulantur</strong></span> <span class='ocrx_word' id='word_1_211' title='bbox 1730 3101 1983 3158; x_wconf 89' lang='lat' dir='ltr'><strong>tanquam</strong></span> <span class='ocrx_word' id='word_1_212' title='bbox 1999 3105 2069 3144; x_wconf 78' lang='lat' dir='ltr'><strong>xx</strong></span> 
     </span>
    </p>
   </div>
   <div class='ocr_carea' id='block_1_33' title="bbox 2155 621 3748 693">
    <p class='ocr_par' dir='ltr' id='par_1_33' title="bbox 2155 621 3748 693">
     <span class='ocr_line' id='line_1_33' title="bbox 2155 621 3748 693; baseline 0.001 -16"><span class='ocrx_word' id='word_1_213' title='bbox 2155 638 2252 678; x_wconf 90' lang='lat' dir='ltr'><strong>cus</strong></span> <span class='ocrx_word' id='word_1_214' title='bbox 2280 638 2386 676; x_wconf 89' lang='lat' dir='ltr'><strong>non</strong></span> <span class='ocrx_word' id='word_1_215' title='bbox 2416 630 2518 676; x_wconf 90' lang='lat' dir='ltr'><strong>est.</strong></span> <span class='ocrx_word' id='word_1_216' title='bbox 2544 621 2698 677; x_wconf 82' lang='lat' dir='ltr'><strong>Hunc</strong></span> <span class='ocrx_word' id='word_1_217' title='bbox 2723 637 2851 691; x_wconf 84' lang='lat' dir='ltr'><strong>ergo</strong></span> <span class='ocrx_word' id='word_1_218' title='bbox 2877 621 3084 687; x_wconf 87' lang='lat' dir='ltr'><strong>Osium,</strong></span> <span class='ocrx_word' id='word_1_219' title='bbox 3124 623 3264 678; x_wconf 87' lang='lat' dir='ltr'><strong>sicut</strong></span> <span class='ocrx_word' id='word_1_220' title='bbox 3292 624 3587 693; x_wconf 69' lang='lat' dir='ltr'><strong>praedictus</strong></span> <span class='ocrx_word' id='word_1_221' title='bbox 3617 624 3748 680; x_wconf 85' lang='lat' dir='ltr'><strong>Sul-</strong></span> 
     </span>
    </p>
   </div>
   <div class='ocr_carea' id='block_1_34' title="bbox 2155 712 3750 787">
    <p class='ocr_par' dir='ltr' id='par_1_34' title="bbox 2155 712 3750 787">
     <span class='ocr_line' id='line_1_34' title="bbox 2155 712 3750 787; baseline 0.003 -20"><span class='ocrx_word' id='word_1_222' title='bbox 2155 713 2331 784; x_wconf 91' lang='lat' dir='ltr'><strong>picius</strong></span> <span class='ocrx_word' id='word_1_223' title='bbox 2362 713 2390 752; x_wconf 77' lang='lat' dir='ltr'><strong>b</strong></span> <span class='ocrx_word' id='word_1_224' title='bbox 2414 712 2597 776; x_wconf 82' lang='lat' dir='ltr'><strong>refert,</strong></span> <span class='ocrx_word' id='word_1_225' title='bbox 2638 712 2692 766; x_wconf 92' lang='lat' dir='ltr'><strong>in</strong></span> <span class='ocrx_word' id='word_1_226' title='bbox 2717 712 2876 784; x_wconf 81' lang='lat' dir='ltr'><strong>longa</strong></span> <span class='ocrx_word' id='word_1_227' title='bbox 2917 714 3108 784; x_wconf 85' lang='lat' dir='ltr'><strong>synodi</strong></span> <span class='ocrx_word' id='word_1_228' title='bbox 3153 714 3559 786; x_wconf 79' lang='lat' dir='ltr'><strong>disceptatione,</strong></span> <span class='ocrx_word' id='word_1_229' title='bbox 3609 733 3750 787; x_wconf 76' lang='lat' dir='ltr'><strong>quo-</strong></span> 
     </span>
    </p>
   </div>
   <div class='ocr_carea' id='block_1_35' title="bbox 2157 805 3746 874">
    <p class='ocr_par' dir='ltr' id='par_1_35' title="bbox 2157 805 3746 874">
     <span class='ocr_line' id='line_1_35' title="bbox 2157 805 3746 874; baseline 0.003 -16"><span class='ocrx_word' id='word_1_230' title='bbox 2157 805 2323 868; x_wconf 89' lang='lat' dir='ltr'><strong>niam,</strong></span> <span class='ocrx_word' id='word_1_231' title='bbox 2368 811 2427 859; x_wconf 91' lang='lat' dir='ltr'><strong>ut</strong></span> <span class='ocrx_word' id='word_1_232' title='bbox 2465 819 2625 874; x_wconf 91' lang='lat' dir='ltr'><strong>supra</strong></span> <span class='ocrx_word' id='word_1_233' title='bbox 2664 815 3024 859; x_wconf 88' lang='lat' dir='ltr'><strong>memoratum</strong></span> <span class='ocrx_word' id='word_1_234' title='bbox 3071 815 3173 870; x_wconf 84' lang='lat' dir='ltr'><strong>est,</strong></span> <span class='ocrx_word' id='word_1_235' title='bbox 3223 807 3400 861; x_wconf 90' lang='lat' dir='ltr'><strong>adhuc</strong></span> <span class='ocrx_word' id='word_1_236' title='bbox 3438 807 3746 863; x_wconf 84' lang='lat' dir='ltr'><strong>Constantii</strong></span> 
     </span>
    </p>
   </div>
   <div class='ocr_carea' id='block_1_36' title="bbox 2155 895 3746 968">
    <p class='ocr_par' dir='ltr' id='par_1_36' title="bbox 2155 895 3746 968">
     <span class='ocr_line' id='line_1_36' title="bbox 2155 895 3746 968; baseline 0.003 -19"><span class='ocrx_word' id='word_1_237' title='bbox 2155 895 2489 966; x_wconf 88' lang='lat' dir='ltr'><strong>temporibus</strong></span> <span class='ocrx_word' id='word_1_238' title='bbox 2509 903 2628 950; x_wconf 90' lang='lat' dir='ltr'><strong>erat</strong></span> <span class='ocrx_word' id='word_1_239' title='bbox 2662 896 2718 950; x_wconf 90' lang='lat' dir='ltr'><strong>in</strong></span> <span class='ocrx_word' id='word_1_240' title='bbox 2749 912 2994 966; x_wconf 90' lang='lat' dir='ltr'><strong>corpore,</strong></span> <span class='ocrx_word' id='word_1_241' title='bbox 3034 897 3236 967; x_wconf 84' lang='lat' dir='ltr'><strong>placuit</strong></span> <span class='ocrx_word' id='word_1_242' title='bbox 3254 897 3420 952; x_wconf 86' lang='lat' dir='ltr'><strong>missa</strong></span> <span class='ocrx_word' id='word_1_243' title='bbox 3446 898 3746 968; x_wconf 84' lang='lat' dir='ltr'><strong>episcopali</strong></span> 
     </span>
    </p>
   </div>
   <div class='ocr_carea' id='block_1_37' title="bbox 2154 989 3747 1060">
    <p class='ocr_par' dir='ltr' id='par_1_37' title="bbox 2154 989 3747 1060">
     <span class='ocr_line' id='line_1_37' title="bbox 2154 989 3747 1060; baseline 0.001 -16"><span class='ocrx_word' id='word_1_244' title='bbox 2154 990 2422 1058; x_wconf 78' lang='lat' dir='ltr'><strong>legatione</strong></span> <span class='ocrx_word' id='word_1_245' title='bbox 2459 989 2653 1044; x_wconf 89' lang='lat' dir='ltr'><strong>debere</strong></span> <span class='ocrx_word' id='word_1_246' title='bbox 2688 989 2946 1060; x_wconf 88' lang='lat' dir='ltr'><strong>perquiri,</strong></span> <span class='ocrx_word' id='word_1_247' title='bbox 2994 999 3173 1044; x_wconf 89' lang='lat' dir='ltr'><strong>utrum</strong></span> <span class='ocrx_word' id='word_1_248' title='bbox 3205 990 3258 1043; x_wconf 91' lang='lat' dir='ltr'><strong>in</strong></span> <span class='ocrx_word' id='word_1_249' title='bbox 3287 998 3474 1044; x_wconf 89' lang='lat' dir='ltr'><strong>sancta</strong></span> <span class='ocrx_word' id='word_1_250' title='bbox 3497 998 3553 1045; x_wconf 90' lang='lat' dir='ltr'><strong>et</strong></span> <span class='ocrx_word' id='word_1_251' title='bbox 3582 1005 3747 1045; x_wconf 79' lang='lat' dir='ltr'><strong>vene-</strong></span> 
     </span>
    </p>
   </div>
   <div class='ocr_carea' id='block_1_38' title="bbox 2129 1078 3744 1150">
    <p class='ocr_par' dir='ltr' id='par_1_38' title="bbox 2129 1078 3744 1150">
     <span class='ocr_line' id='line_1_38' title="bbox 2129 1078 3744 1150; baseline -0.002 -15"><span class='ocrx_word' id='word_1_252' title='bbox 2129 1102 2131 1104; x_wconf 89' lang='grc'>·</span> <span class='ocrx_word' id='word_1_253' title='bbox 2156 1080 2312 1135; x_wconf 89' lang='lat' dir='ltr'><strong>rabili</strong></span> <span class='ocrx_word' id='word_1_254' title='bbox 2355 1079 2571 1134; x_wconf 61' lang='lat' dir='ltr'><strong>Nicatna</strong></span> <span class='ocrx_word' id='word_1_255' title='bbox 2599 1079 3031 1150; x_wconf 78' lang='lat' dir='ltr'><strong>congregatione,</strong></span> <span class='ocrx_word' id='word_1_256' title='bbox 3064 1079 3119 1133; x_wconf 91' lang='lat' dir='ltr'><strong>in</strong></span> <span class='ocrx_word' id='word_1_257' title='bbox 3145 1094 3249 1148; x_wconf 90' lang='lat' dir='ltr'><strong>qua</strong></span> <span class='ocrx_word' id='word_1_258' title='bbox 3273 1093 3516 1149; x_wconf 76' lang='lat' dir='ltr'><strong>praesens</strong></span> <span class='ocrx_word' id='word_1_259' title='bbox 3544 1078 3744 1143; x_wconf 82' lang='lat' dir='ltr'><strong>fuerat,</strong></span> 
     </span>
    </p>
   </div>
   <div class='ocr_carea' id='block_1_39' title="bbox 2156 1167 3747 1236">
    <p class='ocr_par' dir='ltr' id='par_1_39' title="bbox 2156 1167 3747 1236">
     <span class='ocr_line' id='line_1_39' title="bbox 2156 1167 3747 1236; baseline -0.001 -12"><span class='ocrx_word' id='word_1_260' title='bbox 2156 1172 2449 1236; x_wconf 86' lang='lat' dir='ltr'><strong>omousion,</strong></span> <span class='ocrx_word' id='word_1_261' title='bbox 2497 1169 2636 1224; x_wconf 90' lang='lat' dir='ltr'><strong>sicut</strong></span> <span class='ocrx_word' id='word_1_262' title='bbox 2666 1184 2765 1224; x_wconf 91' lang='lat' dir='ltr'><strong>nos</strong></span> <span class='ocrx_word' id='word_1_263' title='bbox 2805 1167 3057 1224; x_wconf 87' lang='lat' dir='ltr'><strong>catholici</strong></span> <span class='ocrx_word' id='word_1_264' title='bbox 3099 1176 3244 1223; x_wconf 89' lang='lat' dir='ltr'><strong>recte</strong></span> <span class='ocrx_word' id='word_1_265' title='bbox 3293 1167 3640 1231; x_wconf 87' lang='lat' dir='ltr'><strong>conﬁtemur,</strong></span> <span class='ocrx_word' id='word_1_266' title='bbox 3689 1169 3747 1223; x_wconf 88' lang='lat' dir='ltr'><strong>id</strong></span> 
     </span>
    </p>
   </div>
   <div class='ocr_carea' id='block_1_40' title="bbox 2159 1253 3744 1320">
    <p class='ocr_par' dir='ltr' id='par_1_40' title="bbox 2159 1253 3744 1320">
     <span class='ocr_line' id='line_1_40' title="bbox 2159 1253 3744 1320; baseline -0.002 -9"><span class='ocrx_word' id='word_1_267' title='bbox 2159 1265 2241 1312; x_wconf 89' lang='lat' dir='ltr'><strong>est</strong></span> <span class='ocrx_word' id='word_1_268' title='bbox 2277 1257 2434 1311; x_wconf 88' lang='lat' dir='ltr'><strong>unius</strong></span> <span class='ocrx_word' id='word_1_269' title='bbox 2471 1253 2594 1311; x_wconf 85' lang='lat' dir='ltr'><strong>eum</strong></span> <span class='ocrx_word' id='word_1_270' title='bbox 2634 1254 2797 1310; x_wconf 86' lang='lat' dir='ltr'><strong>Patre</strong></span> <span class='ocrx_word' id='word_1_271' title='bbox 2847 1255 3162 1310; x_wconf 79' lang='lat' dir='ltr'><strong>substantia:</strong></span> <span class='ocrx_word' id='word_1_272' title='bbox 3206 1255 3423 1320; x_wconf 88' lang='lat' dir='ltr'><strong>Filium,</strong></span> <span class='ocrx_word' id='word_1_273' title='bbox 3466 1271 3536 1309; x_wconf 90' lang='lat' dir='ltr'><strong>an</strong></span> <span class='ocrx_word' id='word_1_274' title='bbox 3573 1265 3744 1320; x_wconf 86' lang='lat' dir='ltr'><strong>certe,</strong></span> 
     </span>
    </p>
   </div>
   <div class='ocr_carea' id='block_1_41' title="bbox 2157 1344 3749 1422">
    <p class='ocr_par' dir='ltr' id='par_1_41' title="bbox 2157 1344 3749 1422">
     <span class='ocr_line' id='line_1_41' title="bbox 2157 1344 3749 1422; baseline -0.003 -19"><span class='ocrx_word' id='word_1_275' title='bbox 2157 1348 2296 1403; x_wconf 90' lang='lat' dir='ltr'><strong>sicut</strong></span> <span class='ocrx_word' id='word_1_276' title='bbox 2314 1347 2499 1401; x_wconf 74' lang='lat' dir='ltr'><strong>Ariani</strong></span> <span class='ocrx_word' id='word_1_277' title='bbox 2534 1345 2884 1409; x_wconf 87' lang='lat' dir='ltr'><strong>contendunt,</strong></span> <span class='ocrx_word' id='word_1_278' title='bbox 2909 1345 3238 1422; x_wconf 84' lang='lat' dir='ltr'><strong>omoeusion,</strong></span> <span class='ocrx_word' id='word_1_279' title='bbox 3271 1344 3414 1414; x_wconf 90' lang='lat' dir='ltr'><strong>quod</strong></span> <span class='ocrx_word' id='word_1_280' title='bbox 3442 1353 3528 1398; x_wconf 87' lang='lat' dir='ltr'><strong>est</strong></span> <span class='ocrx_word' id='word_1_281' title='bbox 3549 1345 3749 1400; x_wconf 82' lang='lat' dir='ltr'><strong>similis</strong></span> 
     </span>
    </p>
   </div>
   <div class='ocr_carea' id='block_1_42' title="bbox 2159 1435 3746 1505">
    <p class='ocr_par' dir='ltr' id='par_1_42' title="bbox 2159 1435 3746 1505">
     <span class='ocr_line' id='line_1_42' title="bbox 2159 1435 3746 1505; baseline -0.003 -11"><span class='ocrx_word' id='word_1_282' title='bbox 2159 1455 2282 1494; x_wconf 91' lang='lat' dir='ltr'><strong>cum</strong></span> <span class='ocrx_word' id='word_1_283' title='bbox 2302 1439 2463 1494; x_wconf 87' lang='lat' dir='ltr'><strong>Patre</strong></span> <span class='ocrx_word' id='word_1_284' title='bbox 2483 1439 2796 1493; x_wconf 66' lang='lat' dir='ltr'><strong>substantia:</strong></span> <span class='ocrx_word' id='word_1_285' title='bbox 2809 1435 3028 1500; x_wconf 86' lang='lat' dir='ltr'><strong>Filium,</strong></span> <span class='ocrx_word' id='word_1_286' title='bbox 3053 1437 3193 1505; x_wconf 85' lang='lat' dir='ltr'><strong>quod</strong></span> <span class='ocrx_word' id='word_1_287' title='bbox 3217 1436 3488 1488; x_wconf 79' lang='lat' dir='ltr'><strong>omousion</strong></span> <span class='ocrx_word' id='word_1_288' title='bbox 3505 1451 3746 1492; x_wconf 75' lang='lat' dir='ltr'><strong>cccxvm</strong></span> 
     </span>
    </p>
   </div>
   <div class='ocr_carea' id='block_1_43' title="bbox 2155 1524 3752 1600">
    <p class='ocr_par' dir='ltr' id='par_1_43' title="bbox 2155 1524 3752 1600">
     <span class='ocr_line' id='line_1_43' title="bbox 2155 1524 3752 1600; baseline -0.003 -16"><span class='ocrx_word' id='word_1_289' title='bbox 2155 1540 2342 1600; x_wconf 89' lang='lat' dir='ltr'><strong>patres</strong></span> <span class='ocrx_word' id='word_1_290' title='bbox 2390 1529 2558 1584; x_wconf 86' lang='lat' dir='ltr'><strong>nostri</strong></span> <span class='ocrx_word' id='word_1_291' title='bbox 2599 1528 2844 1584; x_wconf 76' lang='lat' dir='ltr'><strong>conﬁteri</strong></span> <span class='ocrx_word' id='word_1_292' title='bbox 2886 1527 3270 1581; x_wconf 79' lang='lat' dir='ltr'><strong>decrevissent.</strong></span> <span class='ocrx_word' id='word_1_293' title='bbox 3321 1524 3442 1592; x_wconf 87' lang='lat' dir='ltr'><strong>Qui,</strong></span> <span class='ocrx_word' id='word_1_294' title='bbox 3491 1527 3604 1581; x_wconf 92' lang='lat' dir='ltr'><strong>sive</strong></span> <span class='ocrx_word' id='word_1_295' title='bbox 3647 1542 3752 1597; x_wconf 85' lang='lat' dir='ltr'><strong>per</strong></span> 
     </span>
    </p>
   </div>
   <div class='ocr_carea' id='block_1_44' title="bbox 2157 1617 3749 1691">
    <p class='ocr_par' dir='ltr' id='par_1_44' title="bbox 2157 1617 3749 1691">
     <span class='ocr_line' id='line_1_44' title="bbox 2157 1617 3749 1691; baseline -0.003 -16"><span class='ocrx_word' id='word_1_296' title='bbox 2157 1622 2368 1691; x_wconf 80' lang='lat' dir='ltr'><strong>longam</strong></span> <span class='ocrx_word' id='word_1_297' title='bbox 2416 1630 2632 1676; x_wconf 65' lang='lat' dir='ltr'><strong>tentem</strong></span> <span class='ocrx_word' id='word_1_298' title='bbox 2684 1618 2972 1687; x_wconf 90' lang='lat' dir='ltr'><strong>desipiens,</strong></span> <span class='ocrx_word' id='word_1_299' title='bbox 3017 1617 3129 1670; x_wconf 88' lang='lat' dir='ltr'><strong>sive</strong></span> <span class='ocrx_word' id='word_1_300' title='bbox 3174 1625 3324 1670; x_wconf 89' lang='lat' dir='ltr'><strong>certe</strong></span> <span class='ocrx_word' id='word_1_301' title='bbox 3363 1631 3457 1685; x_wconf 87' lang='lat' dir='ltr'><strong>per</strong></span> <span class='ocrx_word' id='word_1_302' title='bbox 3490 1626 3749 1670; x_wconf 84' lang='lat' dir='ltr'><strong>assenta-</strong></span> 
     </span>
    </p>
   </div>
   <div class='ocr_carea' id='block_1_45' title="bbox 2159 1705 3750 1780">
    <p class='ocr_par' dir='ltr' id='par_1_45' title="bbox 2159 1705 3750 1780">
     <span class='ocr_line' id='line_1_45' title="bbox 2159 1705 3750 1780; baseline -0.001 -17"><span class='ocrx_word' id='word_1_303' title='bbox 2159 1711 2358 1764; x_wconf 90' lang='lat' dir='ltr'><strong>tionem</strong></span> <span class='ocrx_word' id='word_1_304' title='bbox 2401 1709 2658 1780; x_wconf 86' lang='lat' dir='ltr'><strong>principis</strong></span> <span class='ocrx_word' id='word_1_305' title='bbox 2691 1705 2997 1776; x_wconf 91' lang='lat' dir='ltr'><strong>hujusmodi</strong></span> <span class='ocrx_word' id='word_1_306' title='bbox 3034 1718 3352 1777; x_wconf 74' lang='lat' dir='ltr'><strong>responsoin</strong></span> <span class='ocrx_word' id='word_1_307' title='bbox 3380 1706 3587 1761; x_wconf 89' lang='lat' dir='ltr'><strong>dedisse</strong></span> <span class='ocrx_word' id='word_1_308' title='bbox 3615 1723 3750 1777; x_wconf 86' lang='lat' dir='ltr'><strong>per-</strong></span> 
     </span>
    </p>
   </div>
   <div class='ocr_carea' id='block_1_46' title="bbox 2162 1791 3752 1868">
    <p class='ocr_par' dir='ltr' id='par_1_46' title="bbox 2162 1791 3752 1868">
     <span class='ocr_line' id='line_1_46' title="bbox 2162 1791 3752 1868; baseline 0 -14"><span class='ocrx_word' id='word_1_309' title='bbox 2162 1791 2412 1864; x_wconf 83' lang='lat' dir='ltr'><strong>hibetur,</strong></span> <span class='ocrx_word' id='word_1_310' title='bbox 2462 1807 2747 1868; x_wconf 89' lang='lat' dir='ltr'><strong>utramque</strong></span> <span class='ocrx_word' id='word_1_311' title='bbox 2803 1807 3011 1868; x_wconf 87' lang='lat' dir='ltr'><strong>partem</strong></span> <span class='ocrx_word' id='word_1_312' title='bbox 3061 1806 3209 1855; x_wconf 90' lang='lat' dir='ltr'><strong>recte</strong></span> <span class='ocrx_word' id='word_1_313' title='bbox 3265 1798 3560 1862; x_wconf 87' lang='lat' dir='ltr'><strong>intendere,</strong></span> <span class='ocrx_word' id='word_1_314' title='bbox 3624 1799 3752 1854; x_wconf 82' lang='lat' dir='ltr'><strong>sive</strong></span> 
     </span>
    </p>
   </div>
   <div class='ocr_carea' id='block_1_47' title="bbox 2164 1888 3752 1958">
    <p class='ocr_par' dir='ltr' id='par_1_47' title="bbox 2164 1888 3752 1958">
     <span class='ocr_line' id='line_1_47' title="bbox 2164 1888 3752 1958; baseline 0.002 -16"><span class='ocrx_word' id='word_1_315' title='bbox 2164 1891 2455 1955; x_wconf 85' lang='lat' dir='ltr'><strong>omousion,</strong></span> <span class='ocrx_word' id='word_1_316' title='bbox 2493 1889 2606 1945; x_wconf 89' lang='lat' dir='ltr'><strong>sive</strong></span> <span class='ocrx_word' id='word_1_317' title='bbox 2640 1891 2959 1943; x_wconf 82' lang='lat' dir='ltr'><strong>omoeusion.</strong></span> <span class='ocrx_word' id='word_1_318' title='bbox 2989 1888 3152 1958; x_wconf 84' lang='lat' dir='ltr'><strong>Cujus</strong></span> <span class='ocrx_word' id='word_1_319' title='bbox 3189 1889 3454 1945; x_wconf 84' lang='lat' dir='ltr'><strong>sententia</strong></span> <span class='ocrx_word' id='word_1_320' title='bbox 3486 1889 3752 1958; x_wconf 87' lang='lat' dir='ltr'><strong>quoniam</strong></span> 
     </span>
    </p>
   </div>
   <div class='ocr_carea' id='block_1_48' title="bbox 2163 1980 3752 2051">
    <p class='ocr_par' dir='ltr' id='par_1_48' title="bbox 2163 1980 3752 2051">
     <span class='ocr_line' id='line_1_48' title="bbox 2163 1980 3752 2051; baseline 0.003 -16"><span class='ocrx_word' id='word_1_321' title='bbox 2163 1981 2328 2035; x_wconf 87' lang='lat' dir='ltr'><strong>stulte</strong></span> <span class='ocrx_word' id='word_1_322' title='bbox 2366 1980 2572 2051; x_wconf 89' lang='lat' dir='ltr'><strong>prolata</strong></span> <span class='ocrx_word' id='word_1_323' title='bbox 2617 1986 2720 2044; x_wconf 88' lang='lat' dir='ltr'><strong>est,</strong></span> <span class='ocrx_word' id='word_1_324' title='bbox 2763 1981 2830 2034; x_wconf 91' lang='lat' dir='ltr'><strong>ab</strong></span> <span class='ocrx_word' id='word_1_325' title='bbox 2861 1980 3112 2035; x_wconf 90' lang='lat' dir='ltr'><strong>omnibus</strong></span> <span class='ocrx_word' id='word_1_326' title='bbox 3152 1981 3451 2046; x_wconf 86' lang='lat' dir='ltr'><strong>catholicis,</strong></span> <span class='ocrx_word' id='word_1_327' title='bbox 3481 1982 3648 2036; x_wconf 89' lang='lat' dir='ltr'><strong>etiam</strong></span> <span class='ocrx_word' id='word_1_328' title='bbox 3678 1983 3752 2040; x_wconf 82' lang='lat' dir='ltr'><strong>ab</strong></span> 
     </span>
    </p>
   </div>
   <div class='ocr_carea' id='block_1_49' title="bbox 2161 2072 3752 2142">
    <p class='ocr_par' dir='ltr' id='par_1_49' title="bbox 2161 2072 3752 2142">
     <span class='ocr_line' id='line_1_49' title="bbox 2161 2072 3752 2142; baseline 0.001 -15"><span class='ocrx_word' id='word_1_329' title='bbox 2161 2073 2396 2129; x_wconf 83' lang='lat' dir='ltr'><strong>Arianis.</strong></span> <span class='ocrx_word' id='word_1_330' title='bbox 2423 2089 2532 2127; x_wconf 87' lang='lat' dir='ltr'><strong>uno</strong></span> <span class='ocrx_word' id='word_1_331' title='bbox 2557 2087 2652 2127; x_wconf 91' lang='lat' dir='ltr'><strong>ore</strong></span> <span class='ocrx_word' id='word_1_332' title='bbox 2680 2072 2837 2126; x_wconf 88' lang='lat' dir='ltr'><strong>irrisa</strong></span> <span class='ocrx_word' id='word_1_333' title='bbox 2881 2082 3041 2142; x_wconf 88' lang='lat' dir='ltr'><strong>atque</strong></span> <span class='ocrx_word' id='word_1_334' title='bbox 3086 2072 3318 2129; x_wconf 77' lang='lat' dir='ltr'><strong>refutatu</strong></span> <span class='ocrx_word' id='word_1_335' title='bbox 3352 2083 3458 2130; x_wconf 86' lang='lat' dir='ltr'><strong>est.</strong></span> <span class='ocrx_word' id='word_1_336' title='bbox 3506 2072 3752 2142; x_wconf 87' lang='lat' dir='ltr'><strong>Denique</strong></span> 
     </span>
    </p>
   </div>
   <div class='ocr_carea' id='block_1_50' title="bbox 2164 2160 3752 2234">
    <p class='ocr_par' dir='ltr' id='par_1_50' title="bbox 2164 2160 3752 2234">
     <span class='ocr_line' id='line_1_50' title="bbox 2164 2160 3752 2234; baseline 0.001 -19"><span class='ocrx_word' id='word_1_337' title='bbox 2164 2161 2219 2215; x_wconf 89' lang='lat' dir='ltr'><strong>in</strong></span> <span class='ocrx_word' id='word_1_338' title='bbox 2249 2160 2464 2215; x_wconf 82' lang='lat' dir='ltr'><strong>civitate</strong></span> <span class='ocrx_word' id='word_1_339' title='bbox 2488 2160 2757 2224; x_wconf 87' lang='lat' dir='ltr'><strong>Corduba,</strong></span> <span class='ocrx_word' id='word_1_340' title='bbox 2795 2160 2850 2214; x_wconf 90' lang='lat' dir='ltr'><strong>in</strong></span> <span class='ocrx_word' id='word_1_341' title='bbox 2880 2176 2984 2229; x_wconf 92' lang='lat' dir='ltr'><strong>qua</strong></span> <span class='ocrx_word' id='word_1_342' title='bbox 3011 2161 3378 2230; x_wconf 87' lang='lat' dir='ltr'><strong>episcopatum</strong></span> <span class='ocrx_word' id='word_1_343' title='bbox 3405 2162 3601 2229; x_wconf 89' lang='lat' dir='ltr'><strong>tenuit,</strong></span> <span class='ocrx_word' id='word_1_344' title='bbox 3630 2172 3752 2234; x_wconf 78' lang='lat' dir='ltr'><strong>post</strong></span> 
     </span>
    </p>
   </div>
   <div class='ocr_carea' id='block_1_51' title="bbox 2166 2250 3753 2322">
    <p class='ocr_par' dir='ltr' id='par_1_51' title="bbox 2166 2250 3753 2322">
     <span class='ocr_line' id='line_1_51' title="bbox 2166 2250 3753 2322; baseline 0.002 -17"><span class='ocrx_word' id='word_1_345' title='bbox 2166 2251 2306 2306; x_wconf 88' lang='lat' dir='ltr'><strong>hanc</strong></span> <span class='ocrx_word' id='word_1_346' title='bbox 2349 2250 2816 2316; x_wconf 88' lang='lat' dir='ltr'><strong>consultationem,</strong></span> <span class='ocrx_word' id='word_1_347' title='bbox 2863 2253 2976 2305; x_wconf 86' lang='lat' dir='ltr'><strong>sive</strong></span> <span class='ocrx_word' id='word_1_348' title='bbox 3022 2266 3359 2322; x_wconf 86' lang='lat' dir='ltr'><strong>responsum,</strong></span> <span class='ocrx_word' id='word_1_349' title='bbox 3388 2267 3591 2308; x_wconf 89' lang='lat' dir='ltr'><strong>nomen</strong></span> <span class='ocrx_word' id='word_1_350' title='bbox 3634 2253 3753 2322; x_wconf 83' lang='lat' dir='ltr'><strong>ejus</strong></span> 
     </span>
    </p>
   </div>
   <div class='ocr_carea' id='block_1_52' title="bbox 2166 2342 3752 2412">
    <p class='ocr_par' dir='ltr' id='par_1_52' title="bbox 2166 2342 3752 2412">
     <span class='ocr_line' id='line_1_52' title="bbox 2166 2342 3752 2412; baseline 0.001 -14"><span class='ocrx_word' id='word_1_351' title='bbox 2166 2343 2306 2398; x_wconf 89' lang='lat' dir='ltr'><strong>inter</strong></span> <span class='ocrx_word' id='word_1_352' title='bbox 2329 2342 2622 2398; x_wconf 84' lang='lat' dir='ltr'><strong>catholicos</strong></span> <span class='ocrx_word' id='word_1_353' title='bbox 2647 2344 2926 2412; x_wconf 83' lang='lat' dir='ltr'><strong>episcopos</strong></span> <span class='ocrx_word' id='word_1_354' title='bbox 2954 2350 3345 2408; x_wconf 91' lang='lat' dir='ltr'><strong>antecessores,</strong></span> <span class='ocrx_word' id='word_1_355' title='bbox 3386 2343 3470 2398; x_wconf 86' lang='lat' dir='ltr'><strong>vel</strong></span> <span class='ocrx_word' id='word_1_356' title='bbox 3497 2344 3752 2400; x_wconf 72' lang='lat' dir='ltr'><strong>decesso~</strong></span> 
     </span>
    </p>
   </div>
   <div class='ocr_carea' id='block_1_53' title="bbox 2165 2433 2970 2503">
    <p class='ocr_par' dir='ltr' id='par_1_53' title="bbox 2165 2433 2970 2503">
     <span class='ocr_line' id='line_1_53' title="bbox 2165 2433 2970 2503; baseline -0.004 -13"><span class='ocrx_word' id='word_1_357' title='bbox 2165 2451 2254 2490; x_wconf 91' lang='lat' dir='ltr'><strong>res</strong></span> <span class='ocrx_word' id='word_1_358' title='bbox 2280 2433 2412 2503; x_wconf 89' lang='lat' dir='ltr'><strong>ejus,</strong></span> <span class='ocrx_word' id='word_1_359' title='bbox 2439 2435 2662 2489; x_wconf 90' lang='lat' dir='ltr'><strong>minime</strong></span> <span class='ocrx_word' id='word_1_360' title='bbox 2690 2434 2970 2489; x_wconf 90' lang='lat' dir='ltr'><strong>recitatur.</strong></span> 
     </span>
    </p>
   </div>
   <div class='ocr_carea' id='block_1_54' title="bbox 2237 2527 3756 2599">
    <p class='ocr_par' dir='ltr' id='par_1_54' title="bbox 2237 2527 3756 2599">
     <span class='ocr_line' id='line_1_54' title="bbox 2237 2527 3756 2599; baseline 0.001 -17"><span class='ocrx_word' id='word_1_361' title='bbox 2237 2527 2376 2582; x_wconf 87' lang='lat' dir='ltr'><strong>Sunt</strong></span> <span class='ocrx_word' id='word_1_362' title='bbox 2407 2528 2523 2582; x_wconf 72' lang='lat' dir='ltr'><strong>hmc</strong></span> <span class='ocrx_word' id='word_1_363' title='bbox 2564 2528 2782 2598; x_wconf 72' lang='lat' dir='ltr'><strong>regulze,</strong></span> <span class='ocrx_word' id='word_1_364' title='bbox 2816 2543 2934 2599; x_wconf 78' lang='lat' dir='ltr'><strong>qu:e</strong></span> <span class='ocrx_word' id='word_1_365' title='bbox 2956 2543 3054 2597; x_wconf 90' lang='lat' dir='ltr'><strong>per</strong></span> <span class='ocrx_word' id='word_1_366' title='bbox 3083 2528 3455 2598; x_wconf 82' lang='lat' dir='ltr'><strong>supradictum</strong></span> <span class='ocrx_word' id='word_1_367' title='bbox 3483 2527 3673 2583; x_wconf 85' lang='lat' dir='ltr'><strong>Osium</strong></span> <span class='ocrx_word' id='word_1_368' title='bbox 3699 2540 3756 2584; x_wconf 85' lang='lat' dir='ltr'><strong>et</strong></span> 
     </span>
    </p>
   </div>
   <div class='ocr_carea' id='block_1_55' title="bbox 2165 2616 3755 2690">
    <p class='ocr_par' dir='ltr' id='par_1_55' title="bbox 2165 2616 3755 2690">
     <span class='ocr_line' id='line_1_55' title="bbox 2165 2616 3755 2690; baseline 0.001 -20"><span class='ocrx_word' id='word_1_369' title='bbox 2165 2632 2236 2670; x_wconf 77' lang='lat' dir='ltr'><strong>xx</strong></span> <span class='ocrx_word' id='word_1_370' title='bbox 2263 2616 2542 2686; x_wconf 89' lang='lat' dir='ltr'><strong>episcopos</strong></span> <span class='ocrx_word' id='word_1_371' title='bbox 2580 2623 2824 2679; x_wconf 89' lang='lat' dir='ltr'><strong>currunt,</strong></span> <span class='ocrx_word' id='word_1_372' title='bbox 2869 2616 3013 2670; x_wconf 88' lang='lat' dir='ltr'><strong>salva</strong></span> <span class='ocrx_word' id='word_1_373' title='bbox 3045 2623 3099 2690; x_wconf 90' lang='lat' dir='ltr'><strong>et</strong></span> <span class='ocrx_word' id='word_1_374' title='bbox 3123 2616 3380 2671; x_wconf 90' lang='lat' dir='ltr'><strong>incolumi</strong></span> <span class='ocrx_word' id='word_1_375' title='bbox 3422 2616 3528 2671; x_wconf 84' lang='lat' dir='ltr'><strong>ﬁde</strong></span> <span class='ocrx_word' id='word_1_376' title='bbox 3561 2617 3755 2673; x_wconf 85' lang='lat' dir='ltr'><strong>catho-</strong></span> 
     </span>
    </p>
   </div>
   <div class='ocr_carea' id='block_1_56' title="bbox 2167 2705 3753 2777">
    <p class='ocr_par' dir='ltr' id='par_1_56' title="bbox 2167 2705 3753 2777">
     <span class='ocr_line' id='line_1_56' title="bbox 2167 2705 3753 2777; baseline 0.001 -16"><span class='ocrx_word' id='word_1_377' title='bbox 2167 2706 2290 2770; x_wconf 88' lang='lat' dir='ltr'><strong>lica,</strong></span> <span class='ocrx_word' id='word_1_378' title='bbox 2313 2721 2434 2776; x_wconf 77' lang='lat' dir='ltr'><strong>quae</strong></span> <span class='ocrx_word' id='word_1_379' title='bbox 2457 2706 2597 2774; x_wconf 88' lang='lat' dir='ltr'><strong>apud</strong></span> <span class='ocrx_word' id='word_1_380' title='bbox 2621 2705 2861 2760; x_wconf 88' lang='lat' dir='ltr'><strong>eamdem</strong></span> <span class='ocrx_word' id='word_1_381' title='bbox 2889 2705 3155 2759; x_wconf 67' lang='lat' dir='ltr'><strong>Nicaeaam</strong></span> <span class='ocrx_word' id='word_1_382' title='bbox 3181 2705 3443 2777; x_wconf 59' lang='lat' dir='ltr'><strong>Bithynia</strong></span> <span class='ocrx_word' id='word_1_383' title='bbox 3466 2723 3496 2761; x_wconf 91' lang='lat' dir='ltr'><strong>a</strong></span> <span class='ocrx_word' id='word_1_384' title='bbox 3519 2723 3753 2764; x_wconf 83' lang='lat' dir='ltr'><strong>cccxvm</strong></span> 
     </span>
    </p>
   </div>
   <div class='ocr_carea' id='block_1_57' title="bbox 2167 2798 3758 2868">
    <p class='ocr_par' dir='ltr' id='par_1_57' title="bbox 2167 2798 3758 2868">
     <span class='ocr_line' id='line_1_57' title="bbox 2167 2798 3758 2868; baseline 0.001 -16"><span class='ocrx_word' id='word_1_385' title='bbox 2167 2798 2418 2853; x_wconf 90' lang='lat' dir='ltr'><strong>Patribus</strong></span> <span class='ocrx_word' id='word_1_386' title='bbox 2447 2799 2691 2868; x_wconf 81' lang='lat' dir='ltr'><strong>exposita</strong></span> <span class='ocrx_word' id='word_1_387' title='bbox 2716 2806 2818 2862; x_wconf 92' lang='lat' dir='ltr'><strong>est,</strong></span> <span class='ocrx_word' id='word_1_388' title='bbox 2850 2807 2902 2851; x_wconf 89' lang='lat' dir='ltr'><strong>et</strong></span> <span class='ocrx_word' id='word_1_389' title='bbox 2938 2806 3058 2867; x_wconf 89' lang='lat' dir='ltr'><strong>post</strong></span> <span class='ocrx_word' id='word_1_390' title='bbox 3101 2799 3298 2852; x_wconf 84' lang='lat' dir='ltr'><strong>iterum</strong></span> <span class='ocrx_word' id='word_1_391' title='bbox 3330 2799 3384 2852; x_wconf 92' lang='lat' dir='ltr'><strong>in</strong></span> <span class='ocrx_word' id='word_1_392' title='bbox 3417 2801 3552 2854; x_wconf 89' lang='lat' dir='ltr'><strong>urbe</strong></span> <span class='ocrx_word' id='word_1_393' title='bbox 3581 2799 3758 2854; x_wconf 80' lang='lat' dir='ltr'><strong>Roma</strong></span> 
     </span>
    </p>
   </div>
   <div class='ocr_carea' id='block_1_58' title="bbox 2172 2890 3760 2961">
    <p class='ocr_par' dir='ltr' id='par_1_58' title="bbox 2172 2890 3760 2961">
     <span class='ocr_line' id='line_1_58' title="bbox 2172 2890 3760 2961; baseline 0.001 -15"><span class='ocrx_word' id='word_1_394' title='bbox 2172 2903 2193 2932; x_wconf 77' lang='grc' dir='ltr'><strong>ε</strong></span> <span class='ocrx_word' id='word_1_395' title='bbox 2223 2890 2482 2946; x_wconf 89' lang='lat' dir='ltr'><strong>Silvester</strong></span> <span class='ocrx_word' id='word_1_396' title='bbox 2509 2907 2645 2960; x_wconf 88' lang='lat' dir='ltr'><strong>papa</strong></span> <span class='ocrx_word' id='word_1_397' title='bbox 2672 2906 2700 2944; x_wconf 91' lang='lat' dir='ltr'><strong>a</strong></span> <span class='ocrx_word' id='word_1_398' title='bbox 2729 2891 2890 2946; x_wconf 90' lang='lat' dir='ltr'><strong>Petro</strong></span> <span class='ocrx_word' id='word_1_399' title='bbox 2918 2891 3228 2960; x_wconf 84' lang='lat' dir='ltr'><strong>trigesimus</strong></span> <span class='ocrx_word' id='word_1_400' title='bbox 3254 2900 3500 2961; x_wconf 86' lang='lat' dir='ltr'><strong>quartus,</strong></span> <span class='ocrx_word' id='word_1_401' title='bbox 3527 2908 3760 2961; x_wconf 80' lang='lat' dir='ltr'><strong>congre-</strong></span> 
     </span>
    </p>
   </div>
   <div class='ocr_carea' id='block_1_59' title="bbox 2170 2981 3757 3056">
    <p class='ocr_par' dir='ltr' id='par_1_59' title="bbox 2170 2981 3757 3056">
     <span class='ocr_line' id='line_1_59' title="bbox 2170 2981 3757 3056; baseline 0 -18"><span class='ocrx_word' id='word_1_402' title='bbox 2170 2983 2309 3056; x_wconf 79' lang='lat' dir='ltr'><strong>gatis</strong></span> <span class='ocrx_word' id='word_1_403' title='bbox 2331 2998 2451 3037; x_wconf 92' lang='lat' dir='ltr'><strong>cum</strong></span> <span class='ocrx_word' id='word_1_404' title='bbox 2478 2982 2702 3037; x_wconf 90' lang='lat' dir='ltr'><strong>consilio</strong></span> <span class='ocrx_word' id='word_1_405' title='bbox 2727 2981 3062 3037; x_wconf 85' lang='lat' dir='ltr'><strong>Constantini</strong></span> <span class='ocrx_word' id='word_1_406' title='bbox 3095 2981 3322 3052; x_wconf 80' lang='lat' dir='ltr'><strong>Augusti</strong></span> <span class='ocrx_word' id='word_1_407' title='bbox 3348 2983 3400 3036; x_wconf 90' lang='lat' dir='ltr'><strong>in</strong></span> <span class='ocrx_word' id='word_1_408' title='bbox 3423 2985 3559 3038; x_wconf 86' lang='lat' dir='ltr'><strong>urbe</strong></span> <span class='ocrx_word' id='word_1_409' title='bbox 3583 2984 3757 3038; x_wconf 82' lang='lat' dir='ltr'><strong>Roma</strong></span> 
     </span>
    </p>
   </div>
   <div class='ocr_carea' id='block_1_60' title="bbox 2168 3072 3760 3144">
    <p class='ocr_par' dir='ltr' id='par_1_60' title="bbox 2168 3072 3760 3144">
     <span class='ocr_line' id='line_1_60' title="bbox 2168 3072 3760 3144; baseline 0.001 -15"><span class='ocrx_word' id='word_1_410' title='bbox 2168 3074 2272 3129; x_wconf 66' lang='lat'><strong>277</strong></span> <span class='ocrx_word' id='word_1_411' title='bbox 2290 3073 2559 3137; x_wconf 89' lang='lat' dir='ltr'><strong>Patribus,</strong></span> <span class='ocrx_word' id='word_1_412' title='bbox 2587 3081 2708 3142; x_wconf 91' lang='lat' dir='ltr'><strong>post</strong></span> <span class='ocrx_word' id='word_1_413' title='bbox 2731 3072 3005 3128; x_wconf 68' lang='lat' dir='ltr'><strong>Nicmnam</strong></span> <span class='ocrx_word' id='word_1_414' title='bbox 3029 3074 3292 3144; x_wconf 86' lang='lat' dir='ltr'><strong>synodum</strong></span> <span class='ocrx_word' id='word_1_415' title='bbox 3319 3074 3598 3129; x_wconf 87' lang='lat' dir='ltr'><strong>damnavit</strong></span> <span class='ocrx_word' id='word_1_416' title='bbox 3628 3077 3760 3131; x_wconf 85' lang='lat' dir='ltr'><strong>item</strong></span> 
     </span>
    </p>
   </div>
   <div class='ocr_carea' id='block_1_61' title="bbox 491 3163 2070 3275">
    <p class='ocr_par' dir='ltr' id='par_1_61' title="bbox 491 3179 2070 3254">
     <span class='ocr_line' id='line_1_61' title="bbox 491 3179 2070 3254; baseline 0.001 -19"><span class='ocrx_word' id='word_1_417' title='bbox 491 3181 864 3254; x_wconf 87' lang='lat' dir='ltr'><strong>episcoporum</strong></span> <span class='ocrx_word' id='word_1_418' title='bbox 875 3181 1014 3250; x_wconf 89' lang='lat' dir='ltr'><strong>apud</strong></span> <span class='ocrx_word' id='word_1_419' title='bbox 1029 3179 1326 3243; x_wconf 87' lang='lat' dir='ltr'><strong>Sardicam,</strong></span> <span class='ocrx_word' id='word_1_420' title='bbox 1341 3196 1460 3252; x_wconf 74' lang='lat' dir='ltr'><strong>qua:</strong></span> <span class='ocrx_word' id='word_1_421' title='bbox 1473 3187 1649 3236; x_wconf 91' lang='lat' dir='ltr'><strong>tamen</strong></span> <span class='ocrx_word' id='word_1_422' title='bbox 1660 3197 1764 3236; x_wconf 92' lang='lat' dir='ltr'><strong>non</strong></span> <span class='ocrx_word' id='word_1_423' title='bbox 1777 3181 1917 3252; x_wconf 90' lang='lat' dir='ltr'><strong>apud</strong></span> <span class='ocrx_word' id='word_1_424' title='bbox 1930 3181 2070 3237; x_wconf 79' lang='lat' dir='ltr'><strong>Grae-</strong></span> 
     </span>
    </p>
   </div>
   <div class='ocr_carea' id='block_1_62' title="bbox 2171 3163 3764 3275">
    <p class='ocr_par' dir='ltr' id='par_1_62' title="bbox 2173 3163 3764 3232">
     <span class='ocr_line' id='line_1_62' title="bbox 2173 3163 3764 3232; baseline 0.001 -14"><span class='ocrx_word' id='word_1_425' title='bbox 2173 3163 2362 3218; x_wconf 82' lang='lat' dir='ltr'><strong>Arium</strong></span> <span class='ocrx_word' id='word_1_426' title='bbox 2400 3171 2455 3217; x_wconf 88' lang='lat' dir='ltr'><strong>et</strong></span> <span class='ocrx_word' id='word_1_427' title='bbox 2491 3171 2717 3217; x_wconf 79' lang='lat' dir='ltr'><strong>czeteros</strong></span> <span class='ocrx_word' id='word_1_428' title='bbox 2746 3163 3048 3227; x_wconf 78' lang='lat' dir='ltr'><strong>hzercticos,</strong></span> <span class='ocrx_word' id='word_1_429' title='bbox 3095 3169 3151 3216; x_wconf 90' lang='lat' dir='ltr'><strong>et</strong></span> <span class='ocrx_word' id='word_1_430' title='bbox 3191 3163 3609 3219; x_wconf 83' lang='lat' dir='ltr'><strong>constitutiones</strong></span> <span class='ocrx_word' id='word_1_431' title='bbox 3645 3164 3764 3232; x_wconf 84' lang='lat' dir='ltr'><strong>ple-</strong></span> 
     </span>
    </p>
   </div>
   <div class='ocr_carea' id='block_1_63' title="bbox 475 3269 2073 3351">
    <p class='ocr_par' dir='ltr' id='par_1_63' title="bbox 475 3269 2073 3351">
     <span class='ocr_line' id='line_1_63' title="bbox 475 3269 2073 3351; baseline 0 -25"><span class='ocrx_word' id='word_1_432' title='bbox 475 3269 606 3336; x_wconf 64' lang='lat' dir='ltr'><strong>&#39;cos,</strong></span> <span class='ocrx_word' id='word_1_433' title='bbox 623 3271 716 3325; x_wconf 89' lang='lat' dir='ltr'><strong>sed</strong></span> <span class='ocrx_word' id='word_1_434' title='bbox 734 3270 874 3351; x_wconf 83' lang='lat' dir='ltr'><strong>apud</strong></span> <span class='ocrx_word' id='word_1_435' title='bbox 887 3270 1108 3324; x_wconf 88' lang='lat' dir='ltr'><strong>Latinos</strong></span> <span class='ocrx_word' id='word_1_436' title='bbox 1125 3269 1294 3339; x_wconf 84' lang='lat' dir='ltr'><strong>magis</strong></span> <span class='ocrx_word' id='word_1_437' title='bbox 1309 3269 1675 3325; x_wconf 85' lang='lat' dir='ltr'><strong>inveniuntur.</strong></span> <span class='ocrx_word' id='word_1_438' title='bbox 1696 3271 1801 3325; x_wconf 86' lang='lat' dir='ltr'><strong>Sed</strong></span> <span class='ocrx_word' id='word_1_439' title='bbox 1818 3271 2073 3341; x_wconf 88' lang='lat' dir='ltr'><strong>quoniam</strong></span> 
     </span>
    </p>
   </div>
   <div class='ocr_carea' id='block_1_64' title="bbox 497 3359 2074 3432">
    <p class='ocr_par' dir='ltr' id='par_1_64' title="bbox 497 3359 2074 3432">
     <span class='ocr_line' id='line_1_64' title="bbox 497 3359 2074 3432; baseline -0.003 -12"><span class='ocrx_word' id='word_1_440' title='bbox 497 3364 610 3420; x_wconf 89' lang='lat' dir='ltr'><strong>Osii</strong></span> <span class='ocrx_word' id='word_1_441' title='bbox 631 3362 838 3432; x_wconf 63' lang='lat' dir='ltr'><strong>praefati</strong></span> <span class='ocrx_word' id='word_1_442' title='bbox 858 3361 1060 3416; x_wconf 88' lang='lat' dir='ltr'><strong>mentio</strong></span> <span class='ocrx_word' id='word_1_443' title='bbox 1079 3359 1223 3416; x_wconf 88' lang='lat' dir='ltr'><strong>facta</strong></span> <span class='ocrx_word' id='word_1_444' title='bbox 1243 3370 1346 3427; x_wconf 90' lang='lat' dir='ltr'><strong>est,</strong></span> <span class='ocrx_word' id='word_1_445' title='bbox 1375 3362 1681 3418; x_wconf 87' lang='lat' dir='ltr'><strong>necessarie</strong></span> <span class='ocrx_word' id='word_1_446' title='bbox 1715 3362 1965 3419; x_wconf 88' lang='lat' dir='ltr'><strong>omnibus</strong></span> <span class='ocrx_word' id='word_1_447' title='bbox 1985 3378 2074 3417; x_wconf 89' lang='lat' dir='ltr'><strong>ca-</strong></span> 
     </span>
    </p>
   </div>
   <div class='ocr_carea' id='block_1_65' title="bbox 496 3452 2073 3525">
    <p class='ocr_par' dir='ltr' id='par_1_65' title="bbox 496 3452 2073 3525">
     <span class='ocr_line' id='line_1_65' title="bbox 496 3452 2073 3525; baseline -0.001 -15"><span class='ocrx_word' id='word_1_448' title='bbox 496 3454 711 3510; x_wconf 82' lang='lat' dir='ltr'><strong>tholicis</strong></span> <span class='ocrx_word' id='word_1_449' title='bbox 741 3453 1098 3510; x_wconf 87' lang='lat' dir='ltr'><strong>intimandum</strong></span> <span class='ocrx_word' id='word_1_450' title='bbox 1125 3460 1210 3508; x_wconf 91' lang='lat' dir='ltr'><strong>est</strong></span> <span class='ocrx_word' id='word_1_451' title='bbox 1233 3453 1376 3509; x_wconf 90' lang='lat' dir='ltr'><strong>hunc</strong></span> <span class='ocrx_word' id='word_1_452' title='bbox 1396 3454 1642 3510; x_wconf 90' lang='lat' dir='ltr'><strong>eumdem</strong></span> <span class='ocrx_word' id='word_1_453' title='bbox 1671 3454 1813 3525; x_wconf 90' lang='lat' dir='ltr'><strong>apud</strong></span> <span class='ocrx_word' id='word_1_454' title='bbox 1837 3452 2073 3508; x_wconf 64' lang='lat' dir='ltr'><strong>Nicatam</strong></span> 
     </span>
    </p>
   </div>
   <div class='ocr_carea' id='block_1_66' title="bbox 477 3531 2074 3616">
    <p class='ocr_par' dir='ltr' id='par_1_66' title="bbox 477 3531 2074 3616">
     <span class='ocr_line' id='line_1_66' title="bbox 477 3531 2074 3616; baseline 0.001 -18"><span class='ocrx_word' id='word_1_455' title='bbox 477 3531 759 3614; x_wconf 65' lang='lat' dir='ltr'><strong>Bithynia:</strong></span> <span class='ocrx_word' id='word_1_456' title='bbox 804 3544 947 3602; x_wconf 87' lang='lat' dir='ltr'><strong>inter</strong></span> <span class='ocrx_word' id='word_1_457' title='bbox 993 3545 1366 3600; x_wconf 87' lang='lat' dir='ltr'><strong>sanctissimos</strong></span> <span class='ocrx_word' id='word_1_458' title='bbox 1409 3561 1638 3601; x_wconf 80' lang='lat' dir='ltr'><strong>cccxvtu</strong></span> <span class='ocrx_word' id='word_1_459' title='bbox 1686 3552 1866 3616; x_wconf 89' lang='lat' dir='ltr'><strong>patres</strong></span> <span class='ocrx_word' id='word_1_460' title='bbox 1908 3543 2074 3600; x_wconf 88' lang='lat' dir='ltr'><strong>fuisse</strong></span> 
     </span>
    </p>
   </div>
   <div class='ocr_carea' id='block_1_67' title="bbox 495 3633 2076 3704">
    <p class='ocr_par' dir='ltr' id='par_1_67' title="bbox 495 3633 2076 3704">
     <span class='ocr_line' id='line_1_67' title="bbox 495 3633 2076 3704; baseline -0.003 -12"><span class='ocrx_word' id='word_1_461' title='bbox 495 3635 886 3698; x_wconf 83' lang='lat' dir='ltr'><strong>honorabilem,</strong></span> <span class='ocrx_word' id='word_1_462' title='bbox 925 3644 1090 3704; x_wconf 88' lang='lat' dir='ltr'><strong>atque</strong></span> <span class='ocrx_word' id='word_1_463' title='bbox 1116 3636 1184 3690; x_wconf 90' lang='lat' dir='ltr'><strong>ab</strong></span> <span class='ocrx_word' id='word_1_464' title='bbox 1217 3635 1510 3704; x_wconf 86' lang='lat' dir='ltr'><strong>apostolica</strong></span> <span class='ocrx_word' id='word_1_465' title='bbox 1538 3634 1664 3690; x_wconf 91' lang='lat' dir='ltr'><strong>sede</strong></span> <span class='ocrx_word' id='word_1_466' title='bbox 1689 3649 1812 3689; x_wconf 89' lang='lat' dir='ltr'><strong>cum</strong></span> <span class='ocrx_word' id='word_1_467' title='bbox 1844 3633 2076 3688; x_wconf 80' lang='lat' dir='ltr'><strong>Vincen-</strong></span> 
     </span>
    </p>
   </div>
   <div class='ocr_carea' id='block_1_68' title="bbox 498 3724 2074 3796">
    <p class='ocr_par' dir='ltr' id='par_1_68' title="bbox 498 3724 2074 3796">
     <span class='ocr_line' id='line_1_68' title="bbox 498 3724 2074 3796; baseline -0.003 -14"><span class='ocrx_word' id='word_1_468' title='bbox 498 3728 573 3783; x_wconf 90' lang='lat' dir='ltr'><strong>tio</strong></span> <span class='ocrx_word' id='word_1_469' title='bbox 623 3735 676 3782; x_wconf 90' lang='lat' dir='ltr'><strong>et</strong></span> <span class='ocrx_word' id='word_1_470' title='bbox 722 3727 940 3782; x_wconf 76' lang='lat' dir='ltr'><strong>Victore</strong></span> <span class='ocrx_word' id='word_1_471' title='bbox 987 3727 1321 3796; x_wconf 87' lang='lat' dir='ltr'><strong>presbyteris</strong></span> <span class='ocrx_word' id='word_1_472' title='bbox 1371 3725 1718 3792; x_wconf 82' lang='lat' dir='ltr'><strong>destinatum,</strong></span> <span class='ocrx_word' id='word_1_473' title='bbox 1771 3726 1971 3796; x_wconf 90' lang='lat' dir='ltr'><strong>quique</strong></span> <span class='ocrx_word' id='word_1_474' title='bbox 2020 3724 2074 3779; x_wconf 90' lang='lat' dir='ltr'><strong>in</strong></span> 
     </span>
    </p>
   </div>
   <div class='ocr_carea' id='block_1_69' title="bbox 496 3813 2076 3885">
    <p class='ocr_par' dir='ltr' id='par_1_69' title="bbox 496 3813 2076 3885">
     <span class='ocr_line' id='line_1_69' title="bbox 496 3813 2076 3885; baseline -0.001 -15"><span class='ocrx_word' id='word_1_475' title='bbox 496 3816 771 3884; x_wconf 78' lang='lat' dir='ltr'><strong>Hispaniis</strong></span> <span class='ocrx_word' id='word_1_476' title='bbox 813 3830 983 3883; x_wconf 90' lang='lat' dir='ltr'><strong>usque</strong></span> <span class='ocrx_word' id='word_1_477' title='bbox 1025 3814 1094 3869; x_wconf 91' lang='lat' dir='ltr'><strong>ad</strong></span> <span class='ocrx_word' id='word_1_478' title='bbox 1132 3823 1342 3883; x_wconf 88' lang='lat' dir='ltr'><strong>tempus</strong></span> <span class='ocrx_word' id='word_1_479' title='bbox 1389 3813 1689 3869; x_wconf 88' lang='lat' dir='ltr'><strong>Constantii</strong></span> <span class='ocrx_word' id='word_1_480' title='bbox 1730 3814 1990 3885; x_wconf 85' lang='lat' dir='ltr'><strong>principis</strong></span> <span class='ocrx_word' id='word_1_481' title='bbox 2023 3814 2076 3868; x_wconf 94' lang='lat' dir='ltr'><strong>in</strong></span> 
     </span>
    </p>
   </div>
   <div class='ocr_carea' id='block_1_70' title="bbox 496 3901 2079 3975">
    <p class='ocr_par' dir='ltr' id='par_1_70' title="bbox 496 3901 2079 3975">
     <span class='ocr_line' id='line_1_70' title="bbox 496 3901 2079 3975; baseline 0.001 -19"><span class='ocrx_word' id='word_1_482' title='bbox 496 3917 724 3969; x_wconf 88' lang='lat' dir='ltr'><strong>corpore</strong></span> <span class='ocrx_word' id='word_1_483' title='bbox 762 3901 978 3955; x_wconf 89' lang='lat' dir='ltr'><strong>mansit.</strong></span> <span class='ocrx_word' id='word_1_484' title='bbox 1019 3901 1151 3954; x_wconf 86' lang='lat' dir='ltr'><strong>Nam</strong></span> <span class='ocrx_word' id='word_1_485' title='bbox 1181 3911 1513 3956; x_wconf 86' lang='lat' dir='ltr'><strong>memoratus</strong></span> <span class='ocrx_word' id='word_1_486' title='bbox 1541 3903 1890 3958; x_wconf 88' lang='lat' dir='ltr'><strong>Constantius</strong></span> <span class='ocrx_word' id='word_1_487' title='bbox 1917 3904 2079 3975; x_wconf 88' lang='lat' dir='ltr'><strong>(sicut</strong></span> 
     </span>
    </p>
   </div>
   <div class='ocr_carea' id='block_1_71' title="bbox 497 3989 2078 4058">
    <p class='ocr_par' dir='ltr' id='par_1_71' title="bbox 497 3989 2078 4058">
     <span class='ocr_line' id='line_1_71' title="bbox 497 3989 2078 4058; baseline 0.003 -15"><span class='ocrx_word' id='word_1_488' title='bbox 497 3990 581 4043; x_wconf 85' lang='lat' dir='ltr'><strong>vir</strong></span> <span class='ocrx_word' id='word_1_489' title='bbox 611 3989 1009 4044; x_wconf 85' lang='lat' dir='ltr'><strong>eruditissimus</strong></span> <span class='ocrx_word' id='word_1_490' title='bbox 1037 3989 1305 4058; x_wconf 89' lang='lat' dir='ltr'><strong>Sulpicius</strong></span> <span class='ocrx_word' id='word_1_491' title='bbox 1329 3990 1561 4046; x_wconf 89' lang='lat' dir='ltr'><strong>Severus</strong></span> <span class='ocrx_word' id='word_1_492' title='bbox 1585 3993 1637 4045; x_wconf 91' lang='lat' dir='ltr'><strong>in</strong></span> <span class='ocrx_word' id='word_1_493' title='bbox 1662 3992 1944 4048; x_wconf 88' lang='lat' dir='ltr'><strong>Chronicis</strong></span> <span class='ocrx_word' id='word_1_494' title='bbox 1965 3994 2078 4049; x_wconf 91' lang='lat' dir='ltr'><strong>suis</strong></span> 
     </span>
    </p>
   </div>
   <div class='ocr_carea' id='block_1_72' title="bbox 501 4079 2078 4150">
    <p class='ocr_par' dir='ltr' id='par_1_72' title="bbox 501 4079 2078 4150">
     <span class='ocr_line' id='line_1_72' title="bbox 501 4079 2078 4150; baseline 0.003 -15"><span class='ocrx_word' id='word_1_495' title='bbox 501 4080 706 4145; x_wconf 88' lang='lat' dir='ltr'><strong>refert,</strong></span> <span class='ocrx_word' id='word_1_496' title='bbox 761 4079 961 4149; x_wconf 85' lang='lat' dir='ltr'><strong>quique</strong></span> <span class='ocrx_word' id='word_1_497' title='bbox 1010 4079 1251 4150; x_wconf 83' lang='lat' dir='ltr'><strong>diligenti</strong></span> <span class='ocrx_word' id='word_1_498' title='bbox 1299 4096 1428 4134; x_wconf 90' lang='lat' dir='ltr'><strong>cura</strong></span> <span class='ocrx_word' id='word_1_499' title='bbox 1472 4082 1832 4150; x_wconf 89' lang='lat' dir='ltr'><strong>complectens</strong></span> <span class='ocrx_word' id='word_1_500' title='bbox 1881 4092 2078 4141; x_wconf 72' lang='lat' dir='ltr'><strong>nostra:</strong></span> 
     </span>
    </p>
   </div>
   <div class='ocr_carea' id='block_1_73' title="bbox 501 4161 2086 4240">
    <p class='ocr_par' dir='ltr' id='par_1_73' title="bbox 501 4161 2086 4240">
     <span class='ocr_line' id='line_1_73' title="bbox 501 4161 2086 4240; baseline 0.004 -16"><span class='ocrx_word' id='word_1_501' title='bbox 501 4169 776 4224; x_wconf 59' lang='lat' dir='ltr'><strong>memoriae</strong></span> <span class='ocrx_word' id='word_1_502' title='bbox 799 4169 1102 4240; x_wconf 80' lang='lat' dir='ltr'><strong>dereliquit)</strong></span> <span class='ocrx_word' id='word_1_503' title='bbox 1129 4170 1269 4238; x_wconf 88' lang='lat' dir='ltr'><strong>apud</strong></span> <span class='ocrx_word' id='word_1_504' title='bbox 1301 4168 1606 4224; x_wconf 85' lang='lat' dir='ltr'><strong>Ariminum</strong></span> <span class='ocrx_word' id='word_1_505' title='bbox 1635 4171 1798 4226; x_wconf 65' lang='lat' dir='ltr'><strong>ltalite</strong></span> <span class='ocrx_word' id='word_1_506' title='bbox 1823 4161 2086 4230; x_wconf 55' lang='lat' dir='ltr'><strong>numero?</strong></span> 
     </span>
    </p>
   </div>
   <div class='ocr_carea' id='block_1_74' title="bbox 499 4259 2081 4333">
    <p class='ocr_par' dir='ltr' id='par_1_74' title="bbox 499 4259 2081 4333">
     <span class='ocr_line' id='line_1_74' title="bbox 499 4259 2081 4333; baseline 0.002 -18"><span class='ocrx_word' id='word_1_507' title='bbox 499 4275 616 4316; x_wconf 86' lang='lat' dir='ltr'><strong>sam</strong></span> <span class='ocrx_word' id='word_1_508' title='bbox 639 4259 920 4328; x_wconf 85' lang='lat' dir='ltr'><strong>utriusque</strong></span> <span class='ocrx_word' id='word_1_509' title='bbox 939 4260 1088 4315; x_wconf 90' lang='lat' dir='ltr'><strong>orbis</strong></span> <span class='ocrx_word' id='word_1_510' title='bbox 1108 4260 1369 4331; x_wconf 89' lang='lat' dir='ltr'><strong>synodum</strong></span> <span class='ocrx_word' id='word_1_511' title='bbox 1392 4259 1746 4330; x_wconf 88' lang='lat' dir='ltr'><strong>episcopalem</strong></span> <span class='ocrx_word' id='word_1_512' title='bbox 1766 4262 2002 4333; x_wconf 76' lang='lat' dir='ltr'><strong>collegit,</strong></span> <span class='ocrx_word' id='word_1_513' title='bbox 2026 4272 2081 4318; x_wconf 78' lang='lat' dir='ltr'><strong>et</strong></span> 
     </span>
    </p>
   </div>
   <div class='ocr_carea' id='block_1_75' title="bbox 502 4342 2078 4420">
    <p class='ocr_par' dir='ltr' id='par_1_75' title="bbox 502 4342 2078 4420">
     <span class='ocr_line' id='line_1_75' title="bbox 502 4342 2078 4420; baseline 0.002 -13"><span class='ocrx_word' id='word_1_514' title='bbox 502 4353 760 4408; x_wconf 86' lang='lat' dir='ltr'><strong>adversus</strong></span> <span class='ocrx_word' id='word_1_515' title='bbox 785 4351 943 4407; x_wconf 89' lang='lat' dir='ltr'><strong>ﬁdem</strong></span> <span class='ocrx_word' id='word_1_516' title='bbox 978 4352 1321 4420; x_wconf 88' lang='lat' dir='ltr'><strong>catholicam,</strong></span> <span class='ocrx_word' id='word_1_517' title='bbox 1352 4352 1436 4409; x_wconf 88' lang='lat' dir='ltr'><strong>vel</strong></span> <span class='ocrx_word' id='word_1_518' title='bbox 1467 4342 1695 4410; x_wconf 71' lang='lat' dir='ltr'><strong>cecxvm</strong></span> <span class='ocrx_word' id='word_1_519' title='bbox 1721 4353 1942 4410; x_wconf 88' lang='lat' dir='ltr'><strong>Patrum</strong></span> <span class='ocrx_word' id='word_1_520' title='bbox 1973 4355 2054 4412; x_wconf 89' lang='lat' dir='ltr'><strong>dif</strong></span> <span class='ocrx_word' id='word_1_521' title='bbox 2066 4387 2078 4396; x_wconf 88' lang='lat'><strong>-</strong></span> 
     </span>
    </p>
   </div>
   <div class='ocr_carea' id='block_1_76' title="bbox 501 4443 2080 4516">
    <p class='ocr_par' dir='ltr' id='par_1_76' title="bbox 501 4443 2080 4516">
     <span class='ocr_line' id='line_1_76' title="bbox 501 4443 2080 4516; baseline 0.004 -18"><span class='ocrx_word' id='word_1_522' title='bbox 501 4444 796 4498; x_wconf 87' lang='lat' dir='ltr'><strong>ﬁuitionem</strong></span> <span class='ocrx_word' id='word_1_523' title='bbox 829 4443 942 4499; x_wconf 78' lang='lat' dir='ltr'><strong>Arii</strong></span> <span class='ocrx_word' id='word_1_524' title='bbox 968 4445 1191 4516; x_wconf 88' lang='lat' dir='ltr'><strong>cupiens</strong></span> <span class='ocrx_word' id='word_1_525' title='bbox 1215 4461 1420 4501; x_wconf 89' lang='lat' dir='ltr'><strong>venena</strong></span> <span class='ocrx_word' id='word_1_526' title='bbox 1459 4447 1748 4509; x_wconf 85' lang='lat' dir='ltr'><strong>revolvere,</strong></span> <span class='ocrx_word' id='word_1_527' title='bbox 1781 4448 2080 4504; x_wconf 79' lang='lat' dir='ltr'><strong>Ecclesium</strong></span> 
     </span>
    </p>
   </div>
   <div class='ocr_carea' id='block_1_77' title="bbox 503 4533 2078 4606">
    <p class='ocr_par' dir='ltr' id='par_1_77' title="bbox 503 4533 2078 4606">
     <span class='ocr_line' id='line_1_77' title="bbox 503 4533 2078 4606; baseline 0.004 -19"><span class='ocrx_word' id='word_1_528' title='bbox 503 4533 596 4588; x_wconf 88' lang='lat' dir='ltr'><strong>Dei</strong></span> <span class='ocrx_word' id='word_1_529' title='bbox 629 4534 908 4604; x_wconf 86' lang='lat' dir='ltr'><strong>tyrannica</strong></span> <span class='ocrx_word' id='word_1_530' title='bbox 943 4535 1292 4605; x_wconf 77' lang='lat' dir='ltr'><strong>usurpatione</strong></span> <span class='ocrx_word' id='word_1_531' title='bbox 1329 4535 1580 4590; x_wconf 88' lang='lat' dir='ltr'><strong>turbavit.</strong></span> <span class='ocrx_word' id='word_1_532' title='bbox 1630 4535 1869 4606; x_wconf 89' lang='lat' dir='ltr'><strong>Denique</strong></span> <span class='ocrx_word' id='word_1_533' title='bbox 1904 4539 2078 4593; x_wconf 88' lang='lat' dir='ltr'><strong>coacti</strong></span> 
     </span>
    </p>
   </div>
   <div class='ocr_carea' id='block_1_78' title="bbox 500 4625 2086 4695">
    <p class='ocr_par' dir='ltr' id='par_1_78' title="bbox 500 4625 2086 4695">
     <span class='ocr_line' id='line_1_78' title="bbox 500 4625 2086 4695; baseline 0.003 -17"><span class='ocrx_word' id='word_1_534' title='bbox 500 4627 587 4679; x_wconf 85' lang='lat' dir='ltr'><strong>vel</strong></span> <span class='ocrx_word' id='word_1_535' title='bbox 614 4633 759 4678; x_wconf 87' lang='lat' dir='ltr'><strong>metu</strong></span> <span class='ocrx_word' id='word_1_536' title='bbox 785 4626 1063 4695; x_wconf 87' lang='lat' dir='ltr'><strong>principis,</strong></span> <span class='ocrx_word' id='word_1_537' title='bbox 1095 4625 1178 4678; x_wconf 85' lang='lat' dir='ltr'><strong>vel</strong></span> <span class='ocrx_word' id='word_1_538' title='bbox 1211 4625 1372 4680; x_wconf 88' lang='lat' dir='ltr'><strong>Tauri</strong></span> <span class='ocrx_word' id='word_1_539' title='bbox 1396 4627 1703 4695; x_wconf 72' lang='lat' dir='ltr'><strong>prmsentia,</strong></span> <span class='ocrx_word' id='word_1_540' title='bbox 1741 4628 1825 4681; x_wconf 91' lang='lat' dir='ltr'><strong>cui</strong></span> <span class='ocrx_word' id='word_1_541' title='bbox 1863 4641 2086 4683; x_wconf 78' lang='lat' dir='ltr'><strong>exsecu-</strong></span> 
     </span>
    </p>
   </div>
   <div class='ocr_carea' id='block_1_79' title="bbox 504 4715 2082 4789">
    <p class='ocr_par' dir='ltr' id='par_1_79' title="bbox 504 4715 2082 4789">
     <span class='ocr_line' id='line_1_79' title="bbox 504 4715 2082 4789; baseline 0.005 -19"><span class='ocrx_word' id='word_1_542' title='bbox 504 4717 580 4772; x_wconf 92' lang='lat' dir='ltr'><strong>tio</strong></span> <span class='ocrx_word' id='word_1_543' title='bbox 614 4717 793 4772; x_wconf 89' lang='lat' dir='ltr'><strong>taliter</strong></span> <span class='ocrx_word' id='word_1_544' title='bbox 834 4715 1008 4772; x_wconf 84' lang='lat' dir='ltr'><strong>fuerat</strong></span> <span class='ocrx_word' id='word_1_545' title='bbox 1046 4719 1308 4788; x_wconf 84' lang='lat' dir='ltr'><strong>delegata,</strong></span> <span class='ocrx_word' id='word_1_546' title='bbox 1348 4729 1408 4772; x_wconf 89' lang='lat' dir='ltr'><strong>ut</strong></span> <span class='ocrx_word' id='word_1_547' title='bbox 1441 4719 1483 4772; x_wconf 92' lang='lat' dir='ltr'><strong>si</strong></span> <span class='ocrx_word' id='word_1_548' title='bbox 1515 4718 1687 4787; x_wconf 86' lang='lat' dir='ltr'><strong>major</strong></span> <span class='ocrx_word' id='word_1_549' title='bbox 1713 4735 1840 4789; x_wconf 76' lang='lat' dir='ltr'><strong>pars</strong></span> <span class='ocrx_word' id='word_1_550' title='bbox 1867 4723 2082 4778; x_wconf 89' lang='lat' dir='ltr'><strong>concilii</strong></span> 
     </span>
    </p>
   </div>
   <div class='ocr_carea' id='block_1_80' title="bbox 505 4806 2084 4878">
    <p class='ocr_par' dir='ltr' id='par_1_80' title="bbox 505 4806 2084 4878">
     <span class='ocr_line' id='line_1_80' title="bbox 505 4806 2084 4878; baseline 0.003 -16"><span class='ocrx_word' id='word_1_551' title='bbox 505 4807 558 4862; x_wconf 87' lang='lat' dir='ltr'><strong>in</strong></span> <span class='ocrx_word' id='word_1_552' title='bbox 587 4806 909 4861; x_wconf 77' lang='lat' dir='ltr'><strong>Arianorum</strong></span> <span class='ocrx_word' id='word_1_553' title='bbox 935 4807 1214 4876; x_wconf 83' lang='lat' dir='ltr'><strong>perﬁdiam</strong></span> <span class='ocrx_word' id='word_1_554' title='bbox 1248 4809 1600 4870; x_wconf 82' lang='lat' dir='ltr'><strong>consentiret,</strong></span> <span class='ocrx_word' id='word_1_555' title='bbox 1633 4810 1745 4878; x_wconf 88' lang='lat' dir='ltr'><strong>ipse</strong></span> <span class='ocrx_word' id='word_1_556' title='bbox 1772 4813 2084 4868; x_wconf 87' lang='lat' dir='ltr'><strong>consulatus</strong></span> 
     </span>
    </p>
   </div>
   <div class='ocr_carea' id='block_1_81' title="bbox 505 4897 2086 4967">
    <p class='ocr_par' dir='ltr' id='par_1_81' title="bbox 505 4897 2086 4967">
     <span class='ocr_line' id='line_1_81' title="bbox 505 4897 2086 4967; baseline 0.002 -15"><span class='ocrx_word' id='word_1_557' title='bbox 505 4897 735 4967; x_wconf 80' lang='lat' dir='ltr'><strong>insignia</strong></span> <span class='ocrx_word' id='word_1_558' title='bbox 775 4902 1091 4961; x_wconf 86' lang='lat' dir='ltr'><strong>mereretur,</strong></span> <span class='ocrx_word' id='word_1_559' title='bbox 1124 4911 1258 4966; x_wconf 89' lang='lat' dir='ltr'><strong>pene</strong></span> <span class='ocrx_word' id='word_1_560' title='bbox 1286 4913 1474 4951; x_wconf 91' lang='lat' dir='ltr'><strong>omnes</strong></span> <span class='ocrx_word' id='word_1_561' title='bbox 1503 4898 1594 4966; x_wconf 90' lang='lat' dir='ltr'><strong>qui</strong></span> <span class='ocrx_word' id='word_1_562' title='bbox 1625 4898 1822 4952; x_wconf 88' lang='lat' dir='ltr'><strong>ibidem</strong></span> <span class='ocrx_word' id='word_1_563' title='bbox 1868 4898 2086 4955; x_wconf 85' lang='lat' dir='ltr'><strong>fuerunt</strong></span> 
     </span>
    </p>
   </div>
   <div class='ocr_carea' id='block_1_82' title="bbox 503 4984 2085 5055">
    <p class='ocr_par' dir='ltr' id='par_1_82' title="bbox 503 4984 2085 5055">
     <span class='ocr_line' id='line_1_82' title="bbox 503 4984 2085 5055; baseline 0.004 -18"><span class='ocrx_word' id='word_1_564' title='bbox 503 4985 742 5055; x_wconf 74' lang='lat' dir='ltr'><strong>episcopi</strong></span> <span class='ocrx_word' id='word_1_565' title='bbox 780 4986 1235 5054; x_wconf 88' lang='lat' dir='ltr'><strong>subscripserunt.</strong></span> <span class='ocrx_word' id='word_1_566' title='bbox 1272 4984 1379 5040; x_wconf 83' lang='lat' dir='ltr'><strong>Sed</strong></span> <span class='ocrx_word' id='word_1_567' title='bbox 1416 4994 1601 5055; x_wconf 90' lang='lat' dir='ltr'><strong>postea</strong></span> <span class='ocrx_word' id='word_1_568' title='bbox 1641 4986 1858 5052; x_wconf 90' lang='lat' dir='ltr'><strong>iterum,</strong></span> <span class='ocrx_word' id='word_1_569' title='bbox 1906 4989 2085 5045; x_wconf 87' lang='lat' dir='ltr'><strong>divino</strong></span> 
     </span>
    </p>
   </div>
   <div class='ocr_carea' id='block_1_83' title="bbox 508 5075 2083 5149">
    <p class='ocr_par' dir='ltr' id='par_1_83' title="bbox 508 5075 2083 5149">
     <span class='ocr_line' id='line_1_83' title="bbox 508 5075 2083 5149; baseline 0.003 -21"><span class='ocrx_word' id='word_1_570' title='bbox 508 5075 800 5144; x_wconf 86' lang='lat' dir='ltr'><strong>inspirante</strong></span> <span class='ocrx_word' id='word_1_571' title='bbox 827 5076 1094 5146; x_wconf 80' lang='lat' dir='ltr'><strong>przesidin,</strong></span> <span class='ocrx_word' id='word_1_572' title='bbox 1125 5092 1282 5149; x_wconf 86' lang='lat' dir='ltr'><strong>quam</strong></span> <span class='ocrx_word' id='word_1_573' title='bbox 1313 5075 1529 5146; x_wconf 90' lang='lat' dir='ltr'><strong>plurimi</strong></span> <span class='ocrx_word' id='word_1_574' title='bbox 1559 5087 1779 5147; x_wconf 83' lang='lat' dir='ltr'><strong>agentes</strong></span> <span class='ocrx_word' id='word_1_575' title='bbox 1815 5080 2083 5147; x_wconf 56' lang='lat' dir='ltr'><strong>paeniten-</strong></span> 
     </span>
    </p>
   </div>
   <div class='ocr_carea' id='block_1_84' title="bbox 493 5166 2083 5236">
    <p class='ocr_par' dir='ltr' id='par_1_84' title="bbox 493 5166 2083 5236">
     <span class='ocr_line' id='line_1_84' title="bbox 493 5166 2083 5236; baseline 0.001 -14"><span class='ocrx_word' id='word_1_576' title='bbox 493 5168 659 5230; x_wconf 78' lang='lat' dir='ltr'><strong>tiam,</strong></span> <span class='ocrx_word' id='word_1_577' title='bbox 703 5167 844 5222; x_wconf 87' lang='lat' dir='ltr'><strong>datis</strong></span> <span class='ocrx_word' id='word_1_578' title='bbox 887 5181 1099 5236; x_wconf 89' lang='lat' dir='ltr'><strong>quoque</strong></span> <span class='ocrx_word' id='word_1_579' title='bbox 1145 5166 1338 5222; x_wconf 87' lang='lat' dir='ltr'><strong>libellis</strong></span> <span class='ocrx_word' id='word_1_580' title='bbox 1385 5167 1450 5221; x_wconf 89' lang='lat' dir='ltr'><strong>ad</strong></span> <span class='ocrx_word' id='word_1_581' title='bbox 1498 5174 1738 5221; x_wconf 87' lang='lat' dir='ltr'><strong>sanctam</strong></span> <span class='ocrx_word' id='word_1_582' title='bbox 1784 5167 2083 5224; x_wconf 83' lang='lat' dir='ltr'><strong>Ecclesium</strong></span> 
     </span>
    </p>
   </div>
   <div class='ocr_carea' id='block_1_85' title="bbox 505 5259 2093 5336">
    <p class='ocr_par' dir='ltr' id='par_1_85' title="bbox 505 5259 2093 5336">
     <span class='ocr_line' id='line_1_85' title="bbox 505 5259 2093 5336; baseline 0.003 -22"><span class='ocrx_word' id='word_1_583' title='bbox 505 5259 848 5324; x_wconf 86' lang='lat' dir='ltr'><strong>catholicam,</strong></span> <span class='ocrx_word' id='word_1_584' title='bbox 886 5259 952 5315; x_wconf 89' lang='lat' dir='ltr'><strong>de</strong></span> <span class='ocrx_word' id='word_1_585' title='bbox 977 5276 1080 5330; x_wconf 89' lang='lat' dir='ltr'><strong>qua</strong></span> <span class='ocrx_word' id='word_1_586' title='bbox 1117 5260 1235 5329; x_wconf 86' lang='lat' dir='ltr'><strong>plus</strong></span> <span class='ocrx_word' id='word_1_587' title='bbox 1269 5261 1590 5316; x_wconf 83' lang='lat' dir='ltr'><strong>necessitate</strong></span> <span class='ocrx_word' id='word_1_588' title='bbox 1619 5277 1780 5331; x_wconf 79' lang='lat' dir='ltr'><strong>quam</strong></span> <span class='ocrx_word' id='word_1_589' title='bbox 1811 5263 2093 5336; x_wconf 8' lang='lat' dir='ltr'><strong>voluntate,</strong></span> 
     </span>
    </p>
   </div>
   <div class='ocr_carea' id='block_1_86' title="bbox 506 5351 2087 5414">
    <p class='ocr_par' dir='ltr' id='par_1_86' title="bbox 506 5351 2087 5414">
     <span class='ocr_line' id='line_1_86' title="bbox 506 5351 2087 5414; baseline 0.001 -8"><span class='ocrx_word' id='word_1_590' title='bbox 506 5351 887 5414; x_wconf 84' lang='lat' dir='ltr'><strong>discesserant,</strong></span> <span class='ocrx_word' id='word_1_591' title='bbox 915 5351 1208 5405; x_wconf 86' lang='lat' dir='ltr'><strong>redierunt.</strong></span> <span class='ocrx_word' id='word_1_592' title='bbox 1252 5352 1402 5407; x_wconf 85' lang='lat' dir='ltr'><strong>Unde</strong></span> <span class='ocrx_word' id='word_1_593' title='bbox 1431 5360 1484 5406; x_wconf 85' lang='lat' dir='ltr'><strong>et</strong></span> <span class='ocrx_word' id='word_1_594' title='bbox 1509 5353 1560 5407; x_wconf 88' lang='lat' dir='ltr'><strong>in</strong></span> <span class='ocrx_word' id='word_1_595' title='bbox 1587 5361 1848 5406; x_wconf 65' lang='lat' dir='ltr'><strong>arternum</strong></span> <span class='ocrx_word' id='word_1_596' title='bbox 1880 5354 1948 5407; x_wconf 88' lang='lat' dir='ltr'><strong>ab</strong></span> <span class='ocrx_word' id='word_1_597' title='bbox 1975 5369 2087 5408; x_wconf 83' lang='lat' dir='ltr'><strong>om-</strong></span> 
     </span>
    </p>
   </div>
   <div class='ocr_carea' id='block_1_87' title="bbox 507 5444 2086 5501">
    <p class='ocr_par' dir='ltr' id='par_1_87' title="bbox 507 5444 2086 5501">
     <span class='ocr_line' id='line_1_87' title="bbox 507 5444 2086 5501; baseline 0 -3"><span class='ocrx_word' id='word_1_598' title='bbox 507 5445 668 5498; x_wconf 88' lang='lat' dir='ltr'><strong>nibus</strong></span> <span class='ocrx_word' id='word_1_599' title='bbox 709 5444 990 5499; x_wconf 89' lang='lat' dir='ltr'><strong>catholicis</strong></span> <span class='ocrx_word' id='word_1_600' title='bbox 1034 5444 1362 5500; x_wconf 79' lang='lat' dir='ltr'><strong>Ariminensi</strong></span> <span class='ocrx_word' id='word_1_601' title='bbox 1418 5445 1648 5499; x_wconf 88' lang='lat' dir='ltr'><strong>concilio</strong></span> <span class='ocrx_word' id='word_1_602' title='bbox 1697 5452 1840 5499; x_wconf 89' lang='lat' dir='ltr'><strong>recte</strong></span> <span class='ocrx_word' id='word_1_603' title='bbox 1890 5445 2086 5501; x_wconf 87' lang='lat' dir='ltr'><strong>dicitur</strong></span> 
     </span>
    </p>
   </div>
   <div class='ocr_carea' id='block_1_88' title="bbox 577 5552 1708 5620">
    <p class='ocr_par' dir='ltr' id='par_1_88' title="bbox 577 5552 1708 5620">
     <span class='ocr_line' id='line_1_88' title="bbox 577 5552 1708 5620; baseline 0.004 -15"><span class='ocrx_word' id='word_1_604' title='bbox 577 5565 603 5593; x_wconf 73' lang='grc' dir='ltr'>α</span> <span class='ocrx_word' id='word_1_605' title='bbox 630 5552 945 5620; x_wconf 75' lang='lat' dir='ltr'><strong>Patrologize</strong></span> <span class='ocrx_word' id='word_1_606' title='bbox 971 5561 1116 5608; x_wconf 88' lang='lat' dir='ltr'><strong>tomo</strong></span> <span class='ocrx_word' id='word_1_607' title='bbox 1148 5553 1280 5617; x_wconf 74' lang='lat' dir='ltr'><strong>LVI,</strong></span> <span class='ocrx_word' id='word_1_608' title='bbox 1308 5553 1410 5608; x_wconf 90' lang='lat' dir='ltr'><strong>col.</strong></span> <span class='ocrx_word' id='word_1_609' title='bbox 1442 5554 1522 5607; x_wconf 89' lang='lat' dir='ltr'><strong>ll.</strong></span> <span class='ocrx_word' id='word_1_610' title='bbox 1549 5553 1708 5610; x_wconf 80' lang='grc' dir='ltr'><strong>Ευιτ.</strong></span> 
     </span>
    </p>
   </div>
   <div class='ocr_carea' id='block_1_89' title="bbox 513 5622 2078 5688">
    <p class='ocr_par' dir='ltr' id='par_1_89' title="bbox 513 5622 2078 5688">
     <span class='ocr_line' id='line_1_89' title="bbox 513 5622 2078 5688; baseline 0.005 -17"><span class='ocrx_word' id='word_1_611' title='bbox 513 5659 516 5662; x_wconf 78' lang='lat'><strong>.</strong></span> <span class='ocrx_word' id='word_1_612' title='bbox 578 5622 607 5660; x_wconf 71' lang='grc' dir='ltr'><strong>ι’</strong></span> <span class='ocrx_word' id='word_1_613' title='bbox 643 5622 712 5672; x_wconf 74' lang='lat' dir='ltr'><strong>At</strong></span> <span class='ocrx_word' id='word_1_614' title='bbox 753 5622 1022 5688; x_wconf 84' lang='lat' dir='ltr'><strong>Sulpicius</strong></span> <span class='ocrx_word' id='word_1_615' title='bbox 1056 5624 1193 5677; x_wconf 87' lang='lat' dir='ltr'><strong>Hist.</strong></span> <span class='ocrx_word' id='word_1_616' title='bbox 1235 5625 1378 5678; x_wconf 59' lang='lat' dir='ltr'><strong>Eccl.</strong></span> <span class='ocrx_word' id='word_1_617' title='bbox 1413 5638 1517 5677; x_wconf 87' lang='lat' dir='ltr'><strong>non</strong></span> <span class='ocrx_word' id='word_1_618' title='bbox 1547 5624 1725 5676; x_wconf 89' lang='lat' dir='ltr'><strong>omnia</strong></span> <span class='ocrx_word' id='word_1_619' title='bbox 1751 5623 1867 5678; x_wconf 73' lang='lat' dir='ltr'><strong>hmc</strong></span> <span class='ocrx_word' id='word_1_620' title='bbox 1893 5623 2078 5680; x_wconf 88' lang='lat' dir='ltr'><strong>tradit.</strong></span> 
     </span>
    </p>
   </div>
   <div class='ocr_carea' id='block_1_90' title="bbox 581 5689 2081 5754">
    <p class='ocr_par' dir='ltr' id='par_1_90' title="bbox 581 5689 2081 5754">
     <span class='ocr_line' id='line_1_90' title="bbox 581 5689 2081 5754; baseline 0.006 -14"><span class='ocrx_word' id='word_1_621' title='bbox 581 5701 603 5726; x_wconf 64' lang='grc' dir='ltr'>ε</span> <span class='ocrx_word' id='word_1_622' title='bbox 647 5689 762 5742; x_wconf 88' lang='lat' dir='ltr'><strong>lluc</strong></span> <span class='ocrx_word' id='word_1_623' title='bbox 784 5704 950 5754; x_wconf 83' lang='lat' dir='ltr'><strong>usque</strong></span> <span class='ocrx_word' id='word_1_624' title='bbox 979 5693 1238 5746; x_wconf 75' lang='lat' dir='ltr'><strong>dederunt</strong></span> <span class='ocrx_word' id='word_1_625' title='bbox 1263 5692 1559 5751; x_wconf 72' lang='lat' dir='ltr'><strong>liallcrinii,</strong></span> <span class='ocrx_word' id='word_1_626' title='bbox 1583 5707 1649 5746; x_wconf 75' lang='lat' dir='ltr'><strong>ex</strong></span> <span class='ocrx_word' id='word_1_627' title='bbox 1685 5693 1943 5747; x_wconf 78' lang='lat' dir='ltr'><strong>Vaticano</strong></span> <span class='ocrx_word' id='word_1_628' title='bbox 1961 5697 2081 5749; x_wconf 85' lang='lat' dir='ltr'><strong>cod.</strong></span> 
     </span>
    </p>
   </div>
   <div class='ocr_carea' id='block_1_91' title="bbox 510 5757 2082 5833">
    <p class='ocr_par' dir='ltr' id='par_1_91' title="bbox 510 5757 2082 5833">
     <span class='ocr_line' id='line_1_91' title="bbox 510 5757 2082 5833; baseline 0.005 -22"><span class='ocrx_word' id='word_1_629' title='bbox 510 5757 1041 5833; x_wconf 72' lang='lat' dir='ltr'><strong>iudicantesreliqua</strong></span> <span class='ocrx_word' id='word_1_630' title='bbox 1086 5759 1246 5833; x_wconf 77' lang='lat' dir='ltr'><strong>etiam</strong></span> <span class='ocrx_word' id='word_1_631' title='bbox 1286 5777 1404 5828; x_wconf 69' lang='lat' dir='ltr'><strong>qua:</strong></span> <span class='ocrx_word' id='word_1_632' title='bbox 1451 5770 1758 5833; x_wconf 70' lang='lat' dir='ltr'><strong>sequuntur</strong></span> <span class='ocrx_word' id='word_1_633' title='bbox 1799 5762 1850 5816; x_wconf 88' lang='lat' dir='ltr'><strong>in</strong></span> <span class='ocrx_word' id='word_1_634' title='bbox 1894 5766 2082 5819; x_wconf 88' lang='lat' dir='ltr'><strong>eodem</strong></span> 
     </span>
    </p>
   </div>
   <div class='ocr_carea' id='block_1_92' title="bbox 509 5827 2083 5895">
    <p class='ocr_par' dir='ltr' id='par_1_92' title="bbox 509 5827 2083 5895">
     <span class='ocr_line' id='line_1_92' title="bbox 509 5827 2083 5895; baseline 0.003 -10"><span class='ocrx_word' id='word_1_635' title='bbox 509 5829 694 5886; x_wconf 73' lang='lat' dir='ltr'><strong>codice</strong></span> <span class='ocrx_word' id='word_1_636' title='bbox 719 5827 1043 5895; x_wconf 80' lang='lat' dir='ltr'><strong>continuari,</strong></span> <span class='ocrx_word' id='word_1_637' title='bbox 1072 5827 1319 5885; x_wconf 77' lang='lat' dir='ltr'><strong>omisisse</strong></span> <span class='ocrx_word' id='word_1_638' title='bbox 1347 5840 1524 5884; x_wconf 81' lang='lat' dir='ltr'><strong>tamen</strong></span> <span class='ocrx_word' id='word_1_639' title='bbox 1555 5847 1612 5884; x_wconf 80' lang='lat' dir='ltr'><strong>se</strong></span> <span class='ocrx_word' id='word_1_640' title='bbox 1638 5831 1704 5884; x_wconf 88' lang='lat' dir='ltr'><strong>ab</strong></span> <span class='ocrx_word' id='word_1_641' title='bbox 1728 5830 1793 5888; x_wconf 85' lang='lat' dir='ltr'><strong>iis</strong></span> <span class='ocrx_word' id='word_1_642' title='bbox 1821 5844 2083 5890; x_wconf 70' lang='lat' dir='ltr'><strong>annotan-</strong></span> 
     </span>
    </p>
   </div>
   <div class='ocr_carea' id='block_1_93' title="bbox 2178 3255 3766 3326">
    <p class='ocr_par' dir='ltr' id='par_1_93' title="bbox 2178 3255 3766 3326">
     <span class='ocr_line' id='line_1_93' title="bbox 2178 3255 3766 3326; baseline 0.002 -16"><span class='ocrx_word' id='word_1_643' title='bbox 2178 3271 2372 3326; x_wconf 86' lang='lat' dir='ltr'><strong>rasque</strong></span> <span class='ocrx_word' id='word_1_644' title='bbox 2394 3255 2649 3310; x_wconf 79' lang='lat' dir='ltr'><strong>Ecclesiae</strong></span> <span class='ocrx_word' id='word_1_645' title='bbox 2677 3255 3015 3310; x_wconf 86' lang='lat' dir='ltr'><strong>necessarias</strong></span> <span class='ocrx_word' id='word_1_646' title='bbox 3055 3256 3309 3311; x_wconf 87' lang='lat' dir='ltr'><strong>ordinare</strong></span> <span class='ocrx_word' id='word_1_647' title='bbox 3353 3257 3580 3311; x_wconf 89' lang='lat' dir='ltr'><strong>studuit.</strong></span> <span class='ocrx_word' id='word_1_648' title='bbox 3624 3257 3766 3313; x_wconf 91' lang='lat' dir='ltr'><strong>Siri-</strong></span> 
     </span>
    </p>
   </div>
   <div class='ocr_carea' id='block_1_94' title="bbox 2175 3349 3767 3421">
    <p class='ocr_par' dir='ltr' id='par_1_94' title="bbox 2175 3349 3767 3421">
     <span class='ocr_line' id='line_1_94' title="bbox 2175 3349 3767 3421; baseline 0 -16"><span class='ocrx_word' id='word_1_649' title='bbox 2175 3351 2309 3414; x_wconf 89' lang='lat' dir='ltr'><strong>cius,</strong></span> <span class='ocrx_word' id='word_1_650' title='bbox 2340 3365 2370 3402; x_wconf 90' lang='lat' dir='ltr'><strong>a</strong></span> <span class='ocrx_word' id='word_1_651' title='bbox 2393 3349 2554 3404; x_wconf 88' lang='lat' dir='ltr'><strong>Petro</strong></span> <span class='ocrx_word' id='word_1_652' title='bbox 2581 3349 3025 3420; x_wconf 87' lang='lat' dir='ltr'><strong>quadragesimus</strong></span> <span class='ocrx_word' id='word_1_653' title='bbox 3053 3349 3267 3419; x_wconf 89' lang='lat' dir='ltr'><strong>scripsit</strong></span> <span class='ocrx_word' id='word_1_654' title='bbox 3296 3349 3587 3404; x_wconf 74' lang='lat' dir='ltr'><strong>decretalia</strong></span> <span class='ocrx_word' id='word_1_655' title='bbox 3610 3351 3767 3421; x_wconf 82' lang='lat' dir='ltr'><strong>capi-</strong></span> 
     </span>
    </p>
   </div>
   <div class='ocr_carea' id='block_1_95' title="bbox 2177 3437 3765 3508">
    <p class='ocr_par' dir='ltr' id='par_1_95' title="bbox 2177 3437 3765 3508">
     <span class='ocr_line' id='line_1_95' title="bbox 2177 3437 3765 3508; baseline 0.001 -15"><span class='ocrx_word' id='word_1_656' title='bbox 2177 3439 2290 3494; x_wconf 89' lang='lat' dir='ltr'><strong>tula</strong></span> <span class='ocrx_word' id='word_1_657' title='bbox 2319 3437 2384 3492; x_wconf 71' lang='lat'><strong>15</strong></span> <span class='ocrx_word' id='word_1_658' title='bbox 2409 3447 2631 3508; x_wconf 87' lang='lat' dir='ltr'><strong>pr0pter</strong></span> <span class='ocrx_word' id='word_1_659' title='bbox 2656 3439 2916 3508; x_wconf 88' lang='lat' dir='ltr'><strong>quasdam</strong></span> <span class='ocrx_word' id='word_1_660' title='bbox 2955 3439 3328 3505; x_wconf 83' lang='lat' dir='ltr'><strong>necessitates,</strong></span> <span class='ocrx_word' id='word_1_661' title='bbox 3375 3438 3597 3495; x_wconf 90' lang='lat' dir='ltr'><strong>Omerio</strong></span> <span class='ocrx_word' id='word_1_662' title='bbox 3625 3439 3765 3495; x_wconf 80' lang='lat' dir='ltr'><strong>Tar-</strong></span> 
     </span>
    </p>
   </div>
   <div class='ocr_carea' id='block_1_96' title="bbox 2176 3530 3767 3600">
    <p class='ocr_par' dir='ltr' id='par_1_96' title="bbox 2176 3530 3767 3600">
     <span class='ocr_line' id='line_1_96' title="bbox 2176 3530 3767 3600; baseline 0.003 -15"><span class='ocrx_word' id='word_1_663' title='bbox 2176 3530 2461 3586; x_wconf 89' lang='lat' dir='ltr'><strong>raconensi</strong></span> <span class='ocrx_word' id='word_1_664' title='bbox 2506 3531 2760 3600; x_wconf 87' lang='lat' dir='ltr'><strong>episcopo</strong></span> <span class='ocrx_word' id='word_1_665' title='bbox 2788 3531 3121 3587; x_wconf 89' lang='lat' dir='ltr'><strong>consulente.</strong></span> <span class='ocrx_word' id='word_1_666' title='bbox 3161 3531 3513 3598; x_wconf 83' lang='lat' dir='ltr'><strong>lnnoeensus,</strong></span> <span class='ocrx_word' id='word_1_667' title='bbox 3537 3548 3570 3586; x_wconf 91' lang='lat' dir='ltr'><strong>a</strong></span> <span class='ocrx_word' id='word_1_668' title='bbox 3599 3534 3767 3589; x_wconf 81' lang='lat' dir='ltr'><strong>Petro</strong></span> 
     </span>
    </p>
   </div>
   <div class='ocr_carea' id='block_1_97' title="bbox 2177 3621 3770 3695">
    <p class='ocr_par' dir='ltr' id='par_1_97' title="bbox 2177 3621 3770 3695">
     <span class='ocr_line' id='line_1_97' title="bbox 2177 3621 3770 3695; baseline 0.003 -19"><span class='ocrx_word' id='word_1_669' title='bbox 2177 3621 2622 3694; x_wconf 85' lang='lat' dir='ltr'><strong>quadragesimus</strong></span> <span class='ocrx_word' id='word_1_670' title='bbox 2653 3623 2938 3689; x_wconf 89' lang='lat' dir='ltr'><strong>secundus,</strong></span> <span class='ocrx_word' id='word_1_671' title='bbox 2969 3623 3185 3694; x_wconf 89' lang='lat' dir='ltr'><strong>scripsit</strong></span> <span class='ocrx_word' id='word_1_672' title='bbox 3206 3625 3466 3693; x_wconf 90' lang='lat' dir='ltr'><strong>quasdam</strong></span> <span class='ocrx_word' id='word_1_673' title='bbox 3500 3626 3770 3695; x_wconf 83' lang='lat' dir='ltr'><strong>epistolas</strong></span> 
     </span>
    </p>
   </div>
   <div class='ocr_carea' id='block_1_98' title="bbox 2178 3712 3769 3784">
    <p class='ocr_par' dir='ltr' id='par_1_98' title="bbox 2178 3712 3769 3784">
     <span class='ocr_line' id='line_1_98' title="bbox 2178 3712 3769 3784; baseline 0.003 -18"><span class='ocrx_word' id='word_1_674' title='bbox 2178 3713 2247 3768; x_wconf 90' lang='lat' dir='ltr'><strong>ad</strong></span> <span class='ocrx_word' id='word_1_675' title='bbox 2287 3712 2568 3782; x_wconf 90' lang='lat' dir='ltr'><strong>episcopos</strong></span> <span class='ocrx_word' id='word_1_676' title='bbox 2615 3713 2951 3768; x_wconf 83' lang='lat' dir='ltr'><strong>diversarum</strong></span> <span class='ocrx_word' id='word_1_677' title='bbox 2994 3714 3428 3784; x_wconf 84' lang='lat' dir='ltr'><strong>provinciarum,</strong></span> <span class='ocrx_word' id='word_1_678' title='bbox 3470 3715 3524 3769; x_wconf 90' lang='lat' dir='ltr'><strong>in</strong></span> <span class='ocrx_word' id='word_1_679' title='bbox 3560 3716 3769 3784; x_wconf 84' lang='lat' dir='ltr'><strong>quibus</strong></span> 
     </span>
    </p>
   </div>
   <div class='ocr_carea' id='block_1_99' title="bbox 2178 3804 3768 3875">
    <p class='ocr_par' dir='ltr' id='par_1_99' title="bbox 2178 3804 3768 3875">
     <span class='ocr_line' id='line_1_99' title="bbox 2178 3804 3768 3875; baseline -0.001 -13"><span class='ocrx_word' id='word_1_680' title='bbox 2178 3807 2522 3862; x_wconf 90' lang='lat' dir='ltr'><strong>continentur</strong></span> <span class='ocrx_word' id='word_1_681' title='bbox 2551 3804 2780 3875; x_wconf 72' lang='lat' dir='ltr'><strong>capitula</strong></span> <span class='ocrx_word' id='word_1_682' title='bbox 2809 3804 3096 3860; x_wconf 89' lang='lat' dir='ltr'><strong>decretalia</strong></span> <span class='ocrx_word' id='word_1_683' title='bbox 3121 3804 3209 3859; x_wconf 82' lang='lat'><strong>56.</strong></span> <span class='ocrx_word' id='word_1_684' title='bbox 3236 3804 3506 3870; x_wconf 72' lang='lat' dir='ltr'><strong>Zosimus,</strong></span> <span class='ocrx_word' id='word_1_685' title='bbox 3535 3821 3567 3860; x_wconf 87' lang='lat' dir='ltr'><strong>a</strong></span> <span class='ocrx_word' id='word_1_686' title='bbox 3596 3804 3768 3861; x_wconf 83' lang='lat' dir='ltr'><strong>Petro</strong></span> 
     </span>
    </p>
   </div>
   <div class='ocr_carea' id='block_1_100' title="bbox 2179 3896 3769 3967">
    <p class='ocr_par' dir='ltr' id='par_1_100' title="bbox 2179 3896 3769 3967">
     <span class='ocr_line' id='line_1_100' title="bbox 2179 3896 3769 3967; baseline 0.002 -18"><span class='ocrx_word' id='word_1_687' title='bbox 2179 3897 2623 3967; x_wconf 86' lang='lat' dir='ltr'><strong>quadragesimus</strong></span> <span class='ocrx_word' id='word_1_688' title='bbox 2645 3896 2856 3960; x_wconf 90' lang='lat' dir='ltr'><strong>tertius,</strong></span> <span class='ocrx_word' id='word_1_689' title='bbox 2887 3896 3102 3966; x_wconf 90' lang='lat' dir='ltr'><strong>scripsit</strong></span> <span class='ocrx_word' id='word_1_690' title='bbox 3125 3896 3408 3964; x_wconf 87' lang='lat' dir='ltr'><strong>epistolam</strong></span> <span class='ocrx_word' id='word_1_691' title='bbox 3429 3896 3769 3952; x_wconf 78' lang='lat' dir='ltr'><strong>decretalen</strong></span> 
     </span>
    </p>
   </div>
   <div class='ocr_carea' id='block_1_101' title="bbox 2179 3985 3848 4056">
    <p class='ocr_par' dir='ltr' id='par_1_101' title="bbox 2179 3985 3848 4056">
     <span class='ocr_line' id='line_1_101' title="bbox 2179 3985 3848 4056; baseline 0.002 -16"><span class='ocrx_word' id='word_1_692' title='bbox 2179 3989 2247 4041; x_wconf 90' lang='lat' dir='ltr'><strong>ad</strong></span> <span class='ocrx_word' id='word_1_693' title='bbox 2277 3987 2550 4043; x_wconf 82' lang='lat' dir='ltr'><strong>Hesicium</strong></span> <span class='ocrx_word' id='word_1_694' title='bbox 2596 3985 2966 4041; x_wconf 89' lang='lat' dir='ltr'><strong>Salonitanum</strong></span> <span class='ocrx_word' id='word_1_695' title='bbox 3007 3987 3314 4056; x_wconf 90' lang='lat' dir='ltr'><strong>episcopum</strong></span> <span class='ocrx_word' id='word_1_696' title='bbox 3356 3987 3456 4041; x_wconf 88' lang='lat' dir='ltr'><strong>sub</strong></span> <span class='ocrx_word' id='word_1_697' title='bbox 3481 3987 3772 4044; x_wconf 75' lang='lat' dir='ltr'><strong>tribusca-</strong></span> <span class='ocrx_word' id='word_1_698' title='bbox 3845 4003 3848 4007; x_wconf 83' lang='lat'><em>‘</em></span> 
     </span>
    </p>
   </div>
   <div class='ocr_carea' id='block_1_102' title="bbox 2180 4075 3770 4150">
    <p class='ocr_par' dir='ltr' id='par_1_102' title="bbox 2180 4075 3770 4150">
     <span class='ocr_line' id='line_1_102' title="bbox 2180 4075 3770 4150; baseline 0.001 -19"><span class='ocrx_word' id='word_1_699' title='bbox 2180 4079 2365 4148; x_wconf 87' lang='lat' dir='ltr'><strong>pitulis</strong></span> <span class='ocrx_word' id='word_1_700' title='bbox 2393 4085 2763 4150; x_wconf 74' lang='lat' dir='ltr'><strong>prmnotatam.</strong></span> <span class='ocrx_word' id='word_1_701' title='bbox 2795 4075 3141 4142; x_wconf 57' lang='lat' dir='ltr'><strong>Caelestinus,</strong></span> <span class='ocrx_word' id='word_1_702' title='bbox 3165 4091 3196 4130; x_wconf 91' lang='lat' dir='ltr'><strong>a</strong></span> <span class='ocrx_word' id='word_1_703' title='bbox 3224 4077 3382 4132; x_wconf 87' lang='lat' dir='ltr'><strong>Petro</strong></span> <span class='ocrx_word' id='word_1_704' title='bbox 3405 4077 3770 4148; x_wconf 70' lang='lat' dir='ltr'><strong>quadragesi-</strong></span> 
     </span>
    </p>
   </div>
   <div class='ocr_carea' id='block_1_103' title="bbox 2180 4166 3772 4240">
    <p class='ocr_par' dir='ltr' id='par_1_103' title="bbox 2180 4166 3772 4240">
     <span class='ocr_line' id='line_1_103' title="bbox 2180 4166 3772 4240; baseline -0.002 -14"><span class='ocrx_word' id='word_1_705' title='bbox 2180 4186 2302 4226; x_wconf 85' lang='lat' dir='ltr'><strong>mus</strong></span> <span class='ocrx_word' id='word_1_706' title='bbox 2335 4170 2575 4240; x_wconf 91' lang='lat' dir='ltr'><strong>quintus,</strong></span> <span class='ocrx_word' id='word_1_707' title='bbox 2608 4168 2822 4237; x_wconf 87' lang='lat' dir='ltr'><strong>scripsit</strong></span> <span class='ocrx_word' id='word_1_708' title='bbox 2857 4167 3136 4238; x_wconf 89' lang='lat' dir='ltr'><strong>epistolam</strong></span> <span class='ocrx_word' id='word_1_709' title='bbox 3161 4166 3230 4221; x_wconf 88' lang='lat' dir='ltr'><strong>ad</strong></span> <span class='ocrx_word' id='word_1_710' title='bbox 3263 4167 3548 4223; x_wconf 77' lang='lat' dir='ltr'><strong>Venerium</strong></span> <span class='ocrx_word' id='word_1_711' title='bbox 3578 4177 3632 4222; x_wconf 87' lang='lat' dir='ltr'><strong>et</strong></span> <span class='ocrx_word' id='word_1_712' title='bbox 3655 4183 3772 4223; x_wconf 75' lang='lat' dir='ltr'><strong>ca:-</strong></span> 
     </span>
    </p>
   </div>
   <div class='ocr_carea' id='block_1_104' title="bbox 2181 4257 3775 4331">
    <p class='ocr_par' dir='ltr' id='par_1_104' title="bbox 2181 4257 3775 4331">
     <span class='ocr_line' id='line_1_104' title="bbox 2181 4257 3775 4331; baseline -0.002 -17"><span class='ocrx_word' id='word_1_713' title='bbox 2181 4270 2328 4316; x_wconf 89' lang='lat' dir='ltr'><strong>teros</strong></span> <span class='ocrx_word' id='word_1_714' title='bbox 2367 4261 2662 4317; x_wconf 87' lang='lat' dir='ltr'><strong>Galliarum</strong></span> <span class='ocrx_word' id='word_1_715' title='bbox 2703 4259 3002 4331; x_wconf 87' lang='lat' dir='ltr'><strong>episcopos,</strong></span> <span class='ocrx_word' id='word_1_716' title='bbox 3055 4257 3109 4312; x_wconf 93' lang='lat' dir='ltr'><strong>in</strong></span> <span class='ocrx_word' id='word_1_717' title='bbox 3157 4273 3264 4330; x_wconf 89' lang='lat' dir='ltr'><strong>qua</strong></span> <span class='ocrx_word' id='word_1_718' title='bbox 3311 4267 3565 4315; x_wconf 87' lang='lat' dir='ltr'><strong>tenentur</strong></span> <span class='ocrx_word' id='word_1_719' title='bbox 3615 4258 3775 4328; x_wconf 81' lang='lat' dir='ltr'><strong>capi-</strong></span> 
     </span>
    </p>
   </div>
   <div class='ocr_carea' id='block_1_105' title="bbox 2183 4347 3776 4420">
    <p class='ocr_par' dir='ltr' id='par_1_105' title="bbox 2183 4347 3776 4420">
     <span class='ocr_line' id='line_1_105' title="bbox 2183 4347 3776 4420; baseline -0.003 -12"><span class='ocrx_word' id='word_1_720' title='bbox 2183 4353 2295 4408; x_wconf 88' lang='lat' dir='ltr'><strong>tula</strong></span> <span class='ocrx_word' id='word_1_721' title='bbox 2321 4351 2401 4406; x_wconf 72' lang='lat'><strong>19..</strong></span> <span class='ocrx_word' id='word_1_722' title='bbox 2419 4351 2550 4416; x_wconf 87' lang='lat' dir='ltr'><strong>Leo,</strong></span> <span class='ocrx_word' id='word_1_723' title='bbox 2564 4367 2595 4406; x_wconf 90' lang='lat' dir='ltr'><strong>a</strong></span> <span class='ocrx_word' id='word_1_724' title='bbox 2609 4349 2770 4405; x_wconf 88' lang='lat' dir='ltr'><strong>Petro</strong></span> <span class='ocrx_word' id='word_1_725' title='bbox 2790 4347 3232 4420; x_wconf 81' lang='lat' dir='ltr'><strong>quadragesimus</strong></span> <span class='ocrx_word' id='word_1_726' title='bbox 3246 4349 3526 4420; x_wconf 83' lang='lat' dir='ltr'><strong>septimus,</strong></span> <span class='ocrx_word' id='word_1_727' title='bbox 3542 4348 3776 4417; x_wconf 76' lang='lat' dir='ltr'><strong>scripsit</strong></span> 
     </span>
    </p>
   </div>
   <div class='ocr_carea' id='block_1_106' title="bbox 2182 4439 3774 4518">
    <p class='ocr_par' dir='ltr' id='par_1_106' title="bbox 2182 4439 3774 4518">
     <span class='ocr_line' id='line_1_106' title="bbox 2182 4439 3774 4518; baseline -0.006 -17"><span class='ocrx_word' id='word_1_728' title='bbox 2182 4443 2444 4518; x_wconf 89' lang='lat' dir='ltr'><strong>quasdam</strong></span> <span class='ocrx_word' id='word_1_729' title='bbox 2479 4441 2735 4513; x_wconf 88' lang='lat' dir='ltr'><strong>epistolas</strong></span> <span class='ocrx_word' id='word_1_730' title='bbox 2753 4441 2819 4495; x_wconf 94' lang='lat' dir='ltr'><strong>ad</strong></span> <span class='ocrx_word' id='word_1_731' title='bbox 2841 4441 3175 4497; x_wconf 88' lang='lat' dir='ltr'><strong>diversarum</strong></span> <span class='ocrx_word' id='word_1_732' title='bbox 3209 4439 3611 4510; x_wconf 85' lang='lat' dir='ltr'><strong>provinciarum</strong></span> <span class='ocrx_word' id='word_1_733' title='bbox 3639 4439 3774 4508; x_wconf 81' lang='lat' dir='ltr'><strong>epi-</strong></span> 
     </span>
    </p>
   </div>
   <div class='ocr_carea' id='block_1_107' title="bbox 2106 4529 3770 4614">
    <p class='ocr_par' dir='ltr' id='par_1_107' title="bbox 2106 4529 3770 4614">
     <span class='ocr_line' id='line_1_107' title="bbox 2106 4529 3770 4614; baseline -0.008 -20"><span class='ocrx_word' id='word_1_734' title='bbox 2106 4555 2156 4614; x_wconf 82' lang='grc' dir='ltr'>υ</span> <span class='ocrx_word' id='word_1_735' title='bbox 2183 4552 2395 4607; x_wconf 91' lang='lat' dir='ltr'><strong>scopos,</strong></span> <span class='ocrx_word' id='word_1_736' title='bbox 2433 4537 2486 4590; x_wconf 90' lang='lat' dir='ltr'><strong>in</strong></span> <span class='ocrx_word' id='word_1_737' title='bbox 2531 4534 2728 4604; x_wconf 90' lang='lat' dir='ltr'><strong>quibus</strong></span> <span class='ocrx_word' id='word_1_738' title='bbox 2755 4532 3102 4609; x_wconf 85' lang='lat' dir='ltr'><strong>continentur</strong></span> <span class='ocrx_word' id='word_1_739' title='bbox 3127 4531 3358 4602; x_wconf 90' lang='lat' dir='ltr'><strong>capitula</strong></span> <span class='ocrx_word' id='word_1_740' title='bbox 3384 4529 3475 4586; x_wconf 72' lang='grc'><strong>29.</strong></span> <span class='ocrx_word' id='word_1_741' title='bbox 3501 4529 3770 4592; x_wconf 76' lang='lat' dir='ltr'><strong>Hilarius,</strong></span> 
     </span>
    </p>
   </div>
   <div class='ocr_carea' id='block_1_108' title="bbox 2187 4621 3776 4696">
    <p class='ocr_par' dir='ltr' id='par_1_108' title="bbox 2187 4621 3776 4696">
     <span class='ocr_line' id='line_1_108' title="bbox 2187 4621 3776 4696; baseline -0.004 -14"><span class='ocrx_word' id='word_1_742' title='bbox 2187 4645 2216 4682; x_wconf 89' lang='lat' dir='ltr'><strong>a</strong></span> <span class='ocrx_word' id='word_1_743' title='bbox 2253 4629 2410 4682; x_wconf 91' lang='lat' dir='ltr'><strong>Petro</strong></span> <span class='ocrx_word' id='word_1_744' title='bbox 2432 4622 2872 4696; x_wconf 73' lang='lat' dir='ltr'><strong>quadragesimus</strong></span> <span class='ocrx_word' id='word_1_745' title='bbox 2897 4629 3140 4688; x_wconf 86' lang='lat' dir='ltr'><strong>octavus,</strong></span> <span class='ocrx_word' id='word_1_746' title='bbox 3165 4621 3520 4692; x_wconf 64' lang='lat' dir='ltr'><strong>praesentibus</strong></span> <span class='ocrx_word' id='word_1_747' title='bbox 3549 4621 3776 4689; x_wconf 79' lang='lat' dir='ltr'><strong>episco-</strong></span> 
     </span>
    </p>
   </div>
   <div class='ocr_carea' id='block_1_109' title="bbox 2182 4712 3772 4787">
    <p class='ocr_par' dir='ltr' id='par_1_109' title="bbox 2182 4712 3772 4787">
     <span class='ocr_line' id='line_1_109' title="bbox 2182 4712 3772 4787; baseline -0.003 -16"><span class='ocrx_word' id='word_1_748' title='bbox 2182 4718 2265 4786; x_wconf 91' lang='lat' dir='ltr'><strong>pis</strong></span> <span class='ocrx_word' id='word_1_749' title='bbox 2312 4724 2368 4771; x_wconf 92' lang='lat' dir='ltr'><strong>et</strong></span> <span class='ocrx_word' id='word_1_750' title='bbox 2407 4715 2738 4787; x_wconf 87' lang='lat' dir='ltr'><strong>presbyteris</strong></span> <span class='ocrx_word' id='word_1_751' title='bbox 2784 4714 2876 4780; x_wconf 71' lang='grc'><strong>45,</strong></span> <span class='ocrx_word' id='word_1_752' title='bbox 2929 4713 3118 4769; x_wconf 88' lang='lat' dir='ltr'><strong>statuit</strong></span> <span class='ocrx_word' id='word_1_753' title='bbox 3163 4712 3395 4781; x_wconf 87' lang='lat' dir='ltr'><strong>capitula</strong></span> <span class='ocrx_word' id='word_1_754' title='bbox 3420 4712 3683 4781; x_wconf 71' lang='lat' dir='ltr'><strong>synodica</strong></span> <span class='ocrx_word' id='word_1_755' title='bbox 3713 4712 3772 4766; x_wconf 73' lang='grc'><strong>6.</strong></span> 
     </span>
    </p>
   </div>
   <div class='ocr_carea' id='block_1_110' title="bbox 2183 4802 3776 4875">
    <p class='ocr_par' dir='ltr' id='par_1_110' title="bbox 2183 4802 3776 4875">
     <span class='ocr_line' id='line_1_110' title="bbox 2183 4802 3776 4875; baseline -0.002 -15"><span class='ocrx_word' id='word_1_756' title='bbox 2183 4806 2354 4872; x_wconf 82' lang='lat' dir='ltr'><strong>Felix,</strong></span> <span class='ocrx_word' id='word_1_757' title='bbox 2379 4823 2411 4861; x_wconf 88' lang='lat' dir='ltr'><strong>a</strong></span> <span class='ocrx_word' id='word_1_758' title='bbox 2442 4805 2604 4861; x_wconf 89' lang='lat' dir='ltr'><strong>Petro</strong></span> <span class='ocrx_word' id='word_1_759' title='bbox 2641 4805 3139 4875; x_wconf 84' lang='lat' dir='ltr'><strong>quinquagesimus,</strong></span> <span class='ocrx_word' id='word_1_760' title='bbox 3167 4802 3523 4873; x_wconf 69' lang='lat' dir='ltr'><strong>pmscntibus</strong></span> <span class='ocrx_word' id='word_1_761' title='bbox 3546 4802 3776 4872; x_wconf 81' lang='lat' dir='ltr'><strong>episco-</strong></span> 
     </span>
    </p>
   </div>
   <div class='ocr_carea' id='block_1_111' title="bbox 2182 4892 3777 4965">
    <p class='ocr_par' dir='ltr' id='par_1_111' title="bbox 2182 4892 3777 4965">
     <span class='ocr_line' id='line_1_111' title="bbox 2182 4892 3777 4965; baseline -0.001 -17"><span class='ocrx_word' id='word_1_762' title='bbox 2182 4896 2287 4965; x_wconf 89' lang='lat' dir='ltr'><strong>pis,</strong></span> <span class='ocrx_word' id='word_1_763' title='bbox 2325 4904 2380 4950; x_wconf 93' lang='lat' dir='ltr'><strong>et</strong></span> <span class='ocrx_word' id='word_1_764' title='bbox 2401 4895 2737 4964; x_wconf 89' lang='lat' dir='ltr'><strong>presbyteris</strong></span> <span class='ocrx_word' id='word_1_765' title='bbox 2772 4893 2864 4960; x_wconf 72' lang='lat'><strong>81,</strong></span> <span class='ocrx_word' id='word_1_766' title='bbox 2902 4893 3136 4962; x_wconf 85' lang='lat' dir='ltr'><strong>capitula</strong></span> <span class='ocrx_word' id='word_1_767' title='bbox 3177 4907 3442 4948; x_wconf 89' lang='lat' dir='ltr'><strong>canonum</strong></span> <span class='ocrx_word' id='word_1_768' title='bbox 3483 4892 3777 4947; x_wconf 84' lang='lat' dir='ltr'><strong>constituit</strong></span> 
     </span>
    </p>
   </div>
   <div class='ocr_carea' id='block_1_112' title="bbox 2181 4983 3774 5057">
    <p class='ocr_par' dir='ltr' id='par_1_112' title="bbox 2181 4983 3774 5057">
     <span class='ocr_line' id='line_1_112' title="bbox 2181 4983 3774 5057; baseline -0.003 -15"><span class='ocrx_word' id='word_1_769' title='bbox 2181 4988 2249 5042; x_wconf 74' lang='lat'><strong>27</strong></span> <span class='ocrx_word' id='word_1_770' title='bbox 2274 5003 2373 5057; x_wconf 92' lang='lat' dir='ltr'><strong>pro</strong></span> <span class='ocrx_word' id='word_1_771' title='bbox 2402 4985 2750 5054; x_wconf 84' lang='lat' dir='ltr'><strong>rebaptizatis</strong></span> <span class='ocrx_word' id='word_1_772' title='bbox 2776 4984 2829 5039; x_wconf 92' lang='lat' dir='ltr'><strong>in</strong></span> <span class='ocrx_word' id='word_1_773' title='bbox 2857 4983 3041 5039; x_wconf 79' lang='lat' dir='ltr'><strong>Africa</strong></span> <span class='ocrx_word' id='word_1_774' title='bbox 3068 4983 3357 5056; x_wconf 52' lang='lat' dir='ltr'><strong>episcopis,</strong></span> <span class='ocrx_word' id='word_1_775' title='bbox 3411 4983 3774 5053; x_wconf 76' lang='lat' dir='ltr'><strong>presbyteris,</strong></span> 
     </span>
    </p>
   </div>
   <div class='ocr_carea' id='block_1_113' title="bbox 2182 5073 3778 5144">
    <p class='ocr_par' dir='ltr' id='par_1_113' title="bbox 2182 5073 3778 5144">
     <span class='ocr_line' id='line_1_113' title="bbox 2182 5073 3778 5144; baseline 0 -13"><span class='ocrx_word' id='word_1_776' title='bbox 2182 5086 2237 5132; x_wconf 91' lang='lat' dir='ltr'><strong>et</strong></span> <span class='ocrx_word' id='word_1_777' title='bbox 2277 5076 2610 5131; x_wconf 88' lang='lat' dir='ltr'><strong>diaconibus.</strong></span> <span class='ocrx_word' id='word_1_778' title='bbox 2643 5074 2908 5140; x_wconf 85' lang='lat' dir='ltr'><strong>Gelasius,</strong></span> <span class='ocrx_word' id='word_1_779' title='bbox 2940 5091 2971 5128; x_wconf 89' lang='lat' dir='ltr'><strong>a</strong></span> <span class='ocrx_word' id='word_1_780' title='bbox 3008 5075 3169 5130; x_wconf 89' lang='lat' dir='ltr'><strong>Petro</strong></span> <span class='ocrx_word' id='word_1_781' title='bbox 3212 5075 3301 5140; x_wconf 84' lang='lat' dir='ltr'><strong>l5,</strong></span> <span class='ocrx_word' id='word_1_782' title='bbox 3343 5073 3581 5144; x_wconf 87' lang='lat' dir='ltr'><strong>capitula</strong></span> <span class='ocrx_word' id='word_1_783' title='bbox 3607 5074 3678 5128; x_wconf 71' lang='grc'><strong>27</strong></span> <span class='ocrx_word' id='word_1_784' title='bbox 3706 5077 3778 5131; x_wconf 83' lang='lat' dir='ltr'><strong>de</strong></span> 
     </span>
    </p>
   </div>
   <div class='ocr_carea' id='block_1_114' title="bbox 2185 5163 3777 5234">
    <p class='ocr_par' dir='ltr' id='par_1_114' title="bbox 2185 5163 3777 5234">
     <span class='ocr_line' id='line_1_114' title="bbox 2185 5163 3777 5234; baseline -0.003 -11"><span class='ocrx_word' id='word_1_785' title='bbox 2185 5167 2444 5223; x_wconf 88' lang='lat' dir='ltr'><strong>institutis</strong></span> <span class='ocrx_word' id='word_1_786' title='bbox 2466 5165 2866 5221; x_wconf 88' lang='lat' dir='ltr'><strong>ecclesiasticis.</strong></span> <span class='ocrx_word' id='word_1_787' title='bbox 2888 5163 3226 5229; x_wconf 79' lang='lat' dir='ltr'><strong>Anastasius,</strong></span> <span class='ocrx_word' id='word_1_788' title='bbox 3249 5181 3281 5219; x_wconf 90' lang='lat' dir='ltr'><strong>a</strong></span> <span class='ocrx_word' id='word_1_789' title='bbox 3295 5165 3455 5220; x_wconf 88' lang='lat' dir='ltr'><strong>Petro</strong></span> <span class='ocrx_word' id='word_1_790' title='bbox 3468 5163 3562 5229; x_wconf 75' lang='lat'><strong>52,</strong></span> <span class='ocrx_word' id='word_1_791' title='bbox 3591 5166 3777 5234; x_wconf 82' lang='lat' dir='ltr'><strong>capita</strong></span> 
     </span>
    </p>
   </div>
   <div class='ocr_carea' id='block_1_115' title="bbox 2185 5249 3779 5326">
    <p class='ocr_par' dir='ltr' id='par_1_115' title="bbox 2185 5249 3779 5326">
     <span class='ocr_line' id='line_1_115' title="bbox 2185 5249 3779 5326; baseline -0.005 -9"><span class='ocrx_word' id='word_1_792' title='bbox 2185 5259 2475 5317; x_wconf 88' lang='lat' dir='ltr'><strong>decretalia</strong></span> <span class='ocrx_word' id='word_1_793' title='bbox 2519 5258 2555 5313; x_wconf 91' lang='lat'><strong>8</strong></span> <span class='ocrx_word' id='word_1_794' title='bbox 2604 5257 2671 5311; x_wconf 90' lang='lat' dir='ltr'><strong>ad</strong></span> <span class='ocrx_word' id='word_1_795' title='bbox 2691 5255 3036 5311; x_wconf 87' lang='lat' dir='ltr'><strong>Anastasium</strong></span> <span class='ocrx_word' id='word_1_796' title='bbox 3063 5254 3373 5326; x_wconf 76' lang='lat' dir='ltr'><strong>Augustum</strong></span> <span class='ocrx_word' id='word_1_797' title='bbox 3411 5269 3510 5323; x_wconf 88' lang='lat' dir='ltr'><strong>pro</strong></span> <span class='ocrx_word' id='word_1_798' title='bbox 3536 5249 3779 5309; x_wconf 71' lang='lat' dir='ltr'><strong>diversis</strong></span> 
     </span>
    </p>
   </div>
   <div class='ocr_carea' id='block_1_116' title="bbox 2185 5345 3780 5417">
    <p class='ocr_par' dir='ltr' id='par_1_116' title="bbox 2185 5345 3780 5417">
     <span class='ocr_line' id='line_1_116' title="bbox 2185 5345 3780 5417; baseline -0.006 -10"><span class='ocrx_word' id='word_1_799' title='bbox 2185 5350 2439 5406; x_wconf 74' lang='lat' dir='ltr'><strong>Ecclesiae</strong></span> <span class='ocrx_word' id='word_1_800' title='bbox 2483 5347 2681 5416; x_wconf 89' lang='lat' dir='ltr'><strong>causis.</strong></span> <span class='ocrx_word' id='word_1_801' title='bbox 2712 5346 3092 5417; x_wconf 86' lang='lat' dir='ltr'><strong>Symmachus,</strong></span> <span class='ocrx_word' id='word_1_802' title='bbox 3125 5362 3155 5400; x_wconf 89' lang='lat' dir='ltr'><strong>a</strong></span> <span class='ocrx_word' id='word_1_803' title='bbox 3182 5345 3344 5400; x_wconf 90' lang='lat' dir='ltr'><strong>Petro</strong></span> <span class='ocrx_word' id='word_1_804' title='bbox 3381 5345 3472 5410; x_wconf 79' lang='grc'><strong>55,</strong></span> <span class='ocrx_word' id='word_1_805' title='bbox 3512 5360 3622 5399; x_wconf 82' lang='lat' dir='ltr'><strong>una</strong></span> <span class='ocrx_word' id='word_1_806' title='bbox 3643 5359 3780 5400; x_wconf 82' lang='lat' dir='ltr'><strong>cum</strong></span> 
     </span>
    </p>
   </div>
   <div class='ocr_carea' id='block_1_117' title="bbox 2184 5435 3781 5514">
    <p class='ocr_par' dir='ltr' id='par_1_117' title="bbox 2184 5435 3781 5514">
     <span class='ocr_line' id='line_1_117' title="bbox 2184 5435 3781 5514; baseline -0.004 -14"><span class='ocrx_word' id='word_1_807' title='bbox 2184 5444 2468 5514; x_wconf 86' lang='lat' dir='ltr'><strong>episcopis,</strong></span> <span class='ocrx_word' id='word_1_808' title='bbox 2514 5439 2850 5511; x_wconf 90' lang='lat' dir='ltr'><strong>presbyteris</strong></span> <span class='ocrx_word' id='word_1_809' title='bbox 2889 5448 2944 5494; x_wconf 88' lang='lat' dir='ltr'><strong>et</strong></span> <span class='ocrx_word' id='word_1_810' title='bbox 2988 5439 3304 5494; x_wconf 89' lang='lat' dir='ltr'><strong>diacouibus</strong></span> <span class='ocrx_word' id='word_1_811' title='bbox 3351 5439 3540 5494; x_wconf 90' lang='lat' dir='ltr'><strong>statuit</strong></span> <span class='ocrx_word' id='word_1_812' title='bbox 3588 5435 3781 5506; x_wconf 75' lang='lat' dir='ltr'><strong>capita</strong></span> 
     </span>
    </p>
   </div>
   <div class='ocr_carea' id='block_1_118' title="bbox 2185 5550 3780 5626">
    <p class='ocr_par' dir='ltr' id='par_1_118' title="bbox 2185 5550 3780 5626">
     <span class='ocr_line' id='line_1_118' title="bbox 2185 5550 3780 5626; baseline -0.007 -13"><span class='ocrx_word' id='word_1_813' title='bbox 2185 5559 2290 5620; x_wconf 90' lang='lat' dir='ltr'><strong>dis,</strong></span> <span class='ocrx_word' id='word_1_814' title='bbox 2315 5572 2380 5612; x_wconf 91' lang='lat' dir='ltr'><strong>eo</strong></span> <span class='ocrx_word' id='word_1_815' title='bbox 2395 5557 2536 5626; x_wconf 92' lang='lat' dir='ltr'><strong>quod</strong></span> <span class='ocrx_word' id='word_1_816' title='bbox 2559 5569 2688 5624; x_wconf 90' lang='lat' dir='ltr'><strong>pars</strong></span> <span class='ocrx_word' id='word_1_817' title='bbox 2707 5568 2893 5626; x_wconf 80' lang='lat' dir='ltr'><strong>eorum</strong></span> <span class='ocrx_word' id='word_1_818' title='bbox 2915 5551 3197 5626; x_wconf 75' lang='lat' dir='ltr'><strong>vulgasset</strong></span> <span class='ocrx_word' id='word_1_819' title='bbox 3215 5550 3436 5626; x_wconf 70' lang='lat' dir='ltr'><strong>Salmgn</strong></span> <span class='ocrx_word' id='word_1_820' title='bbox 3458 5551 3512 5604; x_wconf 91' lang='lat' dir='ltr'><strong>in</strong></span> <span class='ocrx_word' id='word_1_821' title='bbox 3530 5559 3780 5603; x_wconf 78' lang='lat' dir='ltr'><strong>tractatu</strong></span> 
     </span>
    </p>
   </div>
   <div class='ocr_carea' id='block_1_119' title="bbox 2185 5621 3777 5692">
    <p class='ocr_par' dir='ltr' id='par_1_119' title="bbox 2185 5621 3777 5692">
     <span class='ocr_line' id='line_1_119' title="bbox 2185 5621 3777 5692; baseline -0.006 -10"><span class='ocrx_word' id='word_1_822' title='bbox 2185 5629 2247 5682; x_wconf 84' lang='lat' dir='ltr'><strong>de</strong></span> <span class='ocrx_word' id='word_1_823' title='bbox 2293 5621 2486 5681; x_wconf 49' lang='lat' dir='ltr'><strong>l’e’tu&#39;de</strong></span> <span class='ocrx_word' id='word_1_824' title='bbox 2520 5621 2610 5678; x_wconf 60' lang='lat' dir='ltr'><strong>das</strong></span> <span class='ocrx_word' id='word_1_825' title='bbox 2651 5621 2892 5686; x_wconf 74' lang='lat' dir='ltr'><strong>concites,</strong></span> <span class='ocrx_word' id='word_1_826' title='bbox 2937 5621 3062 5692; x_wconf 80' lang='lat' dir='ltr'><strong>pag.</strong></span> <span class='ocrx_word' id='word_1_827' title='bbox 3109 5623 3239 5676; x_wconf 90' lang='lat' dir='ltr'><strong>mihi</strong></span> <span class='ocrx_word' id='word_1_828' title='bbox 3290 5621 3426 5692; x_wconf 70' lang='grc'><strong>177,</strong></span> <span class='ocrx_word' id='word_1_829' title='bbox 3470 5635 3594 5690; x_wconf 79' lang='lat' dir='ltr'><strong>pars</strong></span> <span class='ocrx_word' id='word_1_830' title='bbox 3633 5632 3777 5692; x_wconf 62' lang='grc' dir='ltr'><strong>ξ’ςεο</strong></span> 
     </span>
    </p>
   </div>
   <div class='ocr_carea' id='block_1_120' title="bbox 2177 5687 3773 5766">
    <p class='ocr_par' dir='ltr' id='par_1_120' title="bbox 2177 5687 3773 5766">
     <span class='ocr_line' id='line_1_120' title="bbox 2177 5687 3773 5766; baseline -0.009 -14"><span class='ocrx_word' id='word_1_831' title='bbox 2177 5697 2289 5766; x_wconf 88' lang='lat' dir='ltr'><strong>jam</strong></span> <span class='ocrx_word' id='word_1_832' title='bbox 2314 5697 2544 5766; x_wconf 85' lang='lat' dir='ltr'><strong>dedisset</strong></span> <span class='ocrx_word' id='word_1_833' title='bbox 2569 5693 2868 5766; x_wconf 85' lang='lat' dir='ltr'><strong>Dachcrius</strong></span> <span class='ocrx_word' id='word_1_834' title='bbox 2891 5687 3225 5766; x_wconf 56' lang='lat' dir='ltr'><strong>in&#39;Spicileg.</strong></span> <span class='ocrx_word' id='word_1_835' title='bbox 3251 5700 3384 5745; x_wconf 90' lang='lat' dir='ltr'><strong>tom.</strong></span> <span class='ocrx_word' id='word_1_836' title='bbox 3411 5691 3449 5754; x_wconf 95' lang='lat' dir='ltr'><strong>l,</strong></span> <span class='ocrx_word' id='word_1_837' title='bbox 3472 5687 3598 5761; x_wconf 75' lang='lat' dir='ltr'><strong>pag.</strong></span> <span class='ocrx_word' id='word_1_838' title='bbox 3628 5687 3773 5753; x_wconf 82' lang='lat'><strong>507,</strong></span> 
     </span>
    </p>
   </div>
   <div class='ocr_carea' id='block_1_121' title="bbox 2187 5762 3410 5836">
    <p class='ocr_par' dir='ltr' id='par_1_121' title="bbox 2187 5762 3410 5836">
     <span class='ocr_line' id='line_1_121' title="bbox 2187 5762 3410 5836; baseline -0.008 -12"><span class='ocrx_word' id='word_1_839' title='bbox 2187 5762 2314 5830; x_wconf 76' lang='lat' dir='ltr'><strong>edit.</strong></span> <span class='ocrx_word' id='word_1_840' title='bbox 2355 5767 2408 5829; x_wconf 82' lang='lat' dir='ltr'><strong>in</strong></span> <span class='ocrx_word' id='word_1_841' title='bbox 2440 5765 2531 5823; x_wconf 80' lang='lat' dir='ltr'><strong>fol.</strong></span> <span class='ocrx_word' id='word_1_842' title='bbox 2566 5765 2644 5821; x_wconf 79' lang='lat' dir='ltr'><strong>Ex</strong></span> <span class='ocrx_word' id='word_1_843' title='bbox 2671 5772 2899 5836; x_wconf 83' lang='lat' dir='ltr'><strong>utroque</strong></span> <span class='ocrx_word' id='word_1_844' title='bbox 2926 5777 3052 5834; x_wconf 83' lang='lat' dir='ltr'><strong>ergo</strong></span> <span class='ocrx_word' id='word_1_845' title='bbox 3083 5762 3170 5819; x_wconf 88' lang='lat' dir='ltr'><strong>hic</strong></span> <span class='ocrx_word' id='word_1_846' title='bbox 3198 5763 3410 5818; x_wconf 83' lang='lat' dir='ltr'><strong>dantur.</strong></span> 
     </span>
    </p>
   </div>
  </div>
