3992 6176
482 377 549 433 γίο
565 376 621 433 't'i
1536 379 1979 435 ANCELRAMNI
2014 381 2355 438 BIETENSES
2388 384 2690 444 EPISCOPI
3592 388 3744 445 1048

695 491 937 546 Cauoucs
961 490 1289 546 Surdiccueis
1319 492 1545 556 concilii,
1571 511 1717 547 num.
1746 494 1836 548 2i.
2077 500 2128 554 Α
2227 497 2368 553 XXI.
2411 500 2479 556 Ut
2505 502 2742 572 episcopi
2784 519 2815 557 a
2861 504 2989 571 sede
3030 511 3130 560 sua
3409 519 3517 559 non
3554 505 3749 572 prohi-

552 607 592 660 l.
637 605 703 660 Ut
735 603 1015 672 episcopus
1038 603 1174 658 laica
1197 604 1576 660 communione
1601 606 1861 677 privetur,
1921 606 1968 661 si
1990 608 2056 662 de
2156 586 2385 642 manu"
2404 588 2461 643 in
2489 590 2661 644 aliena
2698 592 2938 649 είνίιεηθο

481 712 576 752 sua
606 696 822 751 civitate
849 694 903 749 in
929 694 1090 748 aliain
1143 676 1624 764 transmigravcrit.
1996 716 2005 726 ο
2116 736 2121 739 .
2226 676 2415 733 omnis
2451 682 2686 751 synodus
2716 682 2854 737 dixit
2884 701 2898 737 :
2933 683 3199 741 Uuiversa
3255 698 3381 753 qum
3438 685 3745 739 constituta

549 784 610 841 IL
653 784 723 841 Ut
779 784 1065 855 episcopus
1120 799 1218 840 nec
1272 784 1463 840 Iaicam
1510 786 1945 843 communionem
1996 785 2025 840 ii

2164 775 2279 822 sunt
2302 770 2565 829 catholica
2590 771 2828 828 Ecclesia
2871 773 2928 828 in
2970 780 3087 828 toto
3111 774 3246 828 orbe
3268 774 3556 828 custodiat.
3584 838 3587 839 γ

476 875 583 931 ﬁne
607 874 851 948 recipiat,
889 875 935 929 si
966 875 1145 929 sedem
1170 875 1458 929 mutaverit
1488 886 1584 945 per
1610 876 1978 931 ambitionem.

2220 856 2291 912 Et
2319 860 2750 929 subscripserunt
2772 863 3009 932 episcopi
3048 862 3393 918 diversarum
3429 863 3743 933 provincia-

547 966 632 1022 III.
676 964 746 1022 Ut
770 967 912 1021 inter
933 965 1211 1021 discordes
1245 966 1525 1035 episcopos
1567 965 2050 1037 comprovincialcs
2150 961 2270 1002 Tum
2288 963 2513 1005 ηυωθτο
2532 966 2619 1005 ιλιι

475 1057 711 1127 episcopi
741 1057 978 1111 audiant.
1007 1055 1159 1124 Quod
1182 1056 1230 1111 si
1252 1056 1536 1113 damnatus
1560 1057 1907 1129 appellaverit
1939 1058 2025 1114 Ro

2219 1037 2378 1129 gaius
2403 1055 2435 1094 a
2466 1038 2684 1109 Spania,
2714 1041 3094 1098 Cordubensis.

476 1126 693 1203 manum
724 1147 1058 1219 pontiﬁcem,
1107 1148 1162 1203 id
1199 1126 1715 1204 observandumvest
1764 1150 1907 1218 quod
1928 1149 2044 1219 ipse
2150 1216 2188 1219 __
2219 1126 2532 1219 “mnus
2579 1131 2647 1186 de
2693 1129 2898 1200 Capua:
2961 1131 3169 1202 legatus
3223 1138 3429 1187 δῧηοῑω
3474 1128 3744 1193 εἴσω-ε

473 1240 768 1296 censuerit.
2000 1252 2007 1265 ρ
2147 1216 2421 1273 Ecclesia.

542 1330 630 1386 IV.
674 1330 744 1387 Ut
791 1330 968 1386 nullus
1027 1329 1346 1400 appellantis
1386 1331 1622 1402 episcopi
1667 1332 1849 1387 sedem
1880 1346 2025 1387 usur-

2214 1307 2499 1364 Januarius
2522 1310 2594 1366 de
2614 1310 2991 1368 Beneventano
3013 1350 3030 1378 ,
3067 1311 3277 1382 legatus
3299 1319 3507 1368 sancta:
3528 1311 3745 1366 Roma—

2164 1413 2230 1451 ne
2250 1398 2525 1453 Ecclesiae.

2411 1415 2525 1455 sue.

472 1438 609 1549 "uie.
1186 1492 1277 1564 ubi
1314 1508 1454 1549 unus
1498 1501 1707 1548 tantum
1748 1494 2034 1564 episcopus
2214 1486 2523 1556 Calipodius
2557 1490 2961 1561 Neapolitanus,
3023 1493 3234 1565 legatus
3265 1502 3471 1551 sancta:
3498 1493 3743 1551 Itoma-

474 1585 814 1651 remanserit,
862 1598 962 1640 nec
1008 1584 1512 1655 comprovincialem
1570 1586 1675 1641 sibi
1726 1587 2025 1657 episcopum

2164 1592 2228 1632 tte
2250 1578 2523 1635 Ecclesiae.

469 1674 723 1730 ordinare
779 1674 1027 1741 voluerit,
1087 1674 1322 1744 episcopi
1383 1676 1607 1732 alterius
1661 1679 1953 1746 provinciae
2005 1693 2038 1733 a
2209 1668 2542 1728 Athanasius
2568 1673 2635 1728 de
2665 1673 3017 1733 Alexandria.

471 1765 803 1835 presbyteris
827 1765 1002 1821 vocati
1028 1765 1279 1820 ordinent
1308 1766 1643 1836 episcopum,
1698 1767 1911 1822 etiamsi
1940 1767 2030 1822 ille
2211 1758 2495 1817 Marcellus
2515 1777 2547 1816 a
2571 1762 2902 1832 Macedonia,
2925 1767 2997 1822 de
3026 1767 3264 1838 Ancyra.

469 1855 617 1911 solus
645 1856 735 1925 qui
763 1856 1025 1910 remansit
1048 1863 1171 1926 post
1192 1856 1615 1912 admonitionem
1643 1857 1722 1911 eis
1751 1857 2036 1926 cooperari
2066 1848 2115 1908 Β
2211 1849 2538 1920 Protogenes
2557 1868 2621 1907 ex
2651 1851 2876 1922 Achaia,
2899 1857 2965 1913 de
2995 1856 3241 1914 Sardiea.

470 1947 723 2002 noluerit.
2214 1940 2547 1998 Gaudentius
2574 1960 2640 1998 ex
2665 1944 2849 2011 Dacia,
2878 1948 2946 2003 de
2964 1947 3150 2004 Naiso.

541 2037 626 2093 VI.
666 2035 744 2093 Ne
772 2038 1056 2109 episcopus
1081 2039 1361 2094 ordinetur
1385 2040 1441 2095 in
1470 2038 1630 2105 vicis,
1656 2042 1735 2100 vel
1778 2040 1834 2094 in
1861 2038 2037 2095 modi-
2211 2030 2476 2088 Similiter
2503 2042 2553 2089 et
2580 2035 2772 2105 reliqui
2825 2037 2999 2092 multi.

466 2129 547 2186 eis
566 2128 897 2185 civitatibus.
1866 2142 1867 2145 η
2469 2123 2705 2180 Conone:
2730 2125 3158 2198 Carthaginensis
3181 2133 3409 2187 concilii.

536 2218 645 2273 VII.
686 2218 839 2286 Quod
891 2217 1238 2289 provincialis
1264 2220 1500 2290 synodus
1533 2233 1631 2291 per
1658 2219 1889 2275 vicarius
1922 2218 2036 2291 Bo-
2211 2212 2339 2268 Post
2376 2215 2713 2289 consulatum
2756 2215 2981 2298 IIonorii
3028 2227 3083 2274 et
3116 2220 3406 2279 Theodosii
3447 2224 3729 2298 Augusto-

448 2311 613 2367 .mani
644 2311 914 2382 pontiﬁcis
934 2313 1218 2368 retractari
1241 2311 1430 2382 possit,
1490 2311 1536 2368 si
1584 2313 1697 2385 ipse
1730 2313 1806 2367 ita
1852 2311 2039 2367 decre-
2140 2319 2283 2367 I‘um.
2312 2319 2409 2358 VIII
2434 2303 2700 2361 Kalendas
2722 2296 2930 2371 «iunias,
2956 2306 3305 2381 Carthagine,
3332 2314 3388 2368 in
3412 2296 3720 2374 secretario

467 2402 627 2457 γυνη,
2141 2394 2377 2449 basilicae
2413 2394 2620 2458 Fausti.
2667 2413 2792 2451 cum
2815 2397 3065 2455 Aurelius
3099 2415 3239 2471 papa
3287 2420 3393 2458 una
3421 2422 3549 2462 cum
3574 2409 3726 2478 Iegr

534 2496 667 2552 VIII.
708 2495 781 2552 Ut
803 2495 1038 2567 episcOpi
1066 2494 1134 2550 ad
1169 2494 1482 2551 comitatum
1513 2508 1621 2549 non
1652 2493 1876 2559 vadant,
1930 2492 2034 2547 nisi
2140 2485 2210 2538 Iis
2235 2484 2489 2539 Romanae
2513 2486 2769 2542 Ecclesia:
2788 2487 3052 2546 Faustino
3074 2491 3325 2563 episcopo
3348 2496 3597 2553 ecclesia:
3618 2499 3729 2555 Po—

463 2588 531 2643 ab
572 2587 898 2656 imperatore
922 2585 1119 2653 vocati,
1172 2592 1265 2640 aut
1300 2586 1708 2642 necessitatibus
1750 2600 2039 2656 oppresso-
2141 2575 2359 2630 ῑεηιῖηίε
2385 2576 2673 2646 υτονίηοίεῐξ
2700 2578 2870 2637 Italia:
2897 2579 3105 2647 Piceni,
3128 2591 3183 2637 et
3208 2582 3458 2657 Philippo
3494 2598 3550 2643 et
3571 2590 3732 2645 Asel—

465 2692 586 2734 ,ιυηι
615 2677 950 2732 sumentur;
2139 2664 2189 2718 lo
2233 2666 2583 2736 presbyteris,
2634 2682 2737 2723 nec
2784 2685 2892 2727 non
2950 2687 3073 2727 cum
3133 2673 3468 2745 Augustinus
3518 2678 3731 2749 "ippo-

532 2764 624 2821 ιχ.
667 2765 738 2822 Ut
775 2766 1014 2836 episcopi
1056 2764 1313 2821 diaconos
1335 2780 1464 2820 suos
1490 2766 1559 2820 ad
1603 2764 1921 2820 comitatum
1951 2762 2035 2819 di—
2138 2756 2322 2811 mmsis
2352 2757 2658 2828 cpiscopus,
2703 2767 2757 2813 et
2805 2760 2995 2831 reliqui
3031 2778 3209 2818 ccxvn
3260 2765 3494 2837 episcopi
3524 2784 3728 2824 conse-

464 2855 665 2926 rigant.
2138 2848 2362 2911 dissent,
2429 2851 2669 2919 primum
2724 2853 2953 2908 recitato
2990 2857 3403 2912 communiter-io
3443 2861 3587 2929 quod
3617 2862 3730 2916 Zo-

529 2943 604 3001 X.
654 2943 723 3001 Ut
748 2958 885 3014 papa
919 2942 1172 3000 diaconos
1207 2943 1433 3003 Romam
1483 2944 1551 2999 ad
1599 2944 1912 3001 comitatum
1946 2959 2034 3000 vo-
2137 2938 2308 2993 simus
2336 2955 2473 3009 papa
2522 2940 2590 2995 ad
2645 2942 2938 3008 praedictos
2995 2944 3202 3014 legatos
3258 2949 3475 3014 direxit,
3521 2953 3727 3008 deinde

463 3038 691 3099 utentes,
718 3033 945 3090 sollicite
963 3033 1236 3101 discutiat,
1265 3034 1311 3091 si
1330 3033 1533 3104 justam
1558 3048 1777 3090 causam
1802 3033 2030 3090 veniens
2136 3029 2300 3083 etiam
2337 3046 2406 3083 xx
2431 3031 2682 3100 capitulis
2722 3031 2921 3088 Nicmni
2943 3036 3160 3090 concilii
3189 3037 3453 3104 recitatis,
3515 3049 3580 3094 ut
3626 3058 3730 3097 so-

465 3125 517 3182 di
550 3124 803 3179 habeant.
2136 3122 2317 3190 purius
2365 3123 2632 3192 descripta
2681 3123 3027 3181 inveniuntur
3057 3138 3106 3194 ο,
3162 3130 3434 3186 communi
3489 3131 3724 3191 decreto

529 3213 622 3269 XI.
665 3213 735 3271 Ut
756 3212 991 3284 episcopi
1030 3213 1310 3284 episcopos
1373 3214 1441 3269 ad
1478 3214 1793 3269 comitatum
1836 3222 2019 3269 trans-
2055 3198 2103 3262 C
2133 3220 2435 3266 statuerunt
2460 3214 2634 3281 capita
2657 3229 2838 3269 xxxvii
2866 3230 2985 3285 qum
3030 3218 3449 3287 subsequuntur.

460 3315 659 3365 euntes
706 3305 938 3363 sollicite
986 3306 1298 3372 discutiant,
1345 3321 1414 3362 ne
1450 3321 1550 3376 pro
1589 3306 1882 3361 ambitione
1929 3320 2027 3360 va-
2201 3304 2242 3359 I.
2287 3305 2357 3358 lit
2391 3313 2593 3359 statuta
2631 3305 2833 3361 Nicmni
2875 3308 3089 3363 concilii
3130 3312 3457 3366 omnimodis
3493 3327 3724 3368 emiser-

459 3401 611 3454 tlant.
2130 3404 2341 3448 ventur.
3254 3440 3263 3446 .

525 3488 639 3543 XII.
680 3487 752 3545 Ut
783 3487 1017 3558 episcopi
1046 3487 1114 3543 ab
1148 3487 1269 3542 aliis
1298 3487 1652 3551 instruantur,
1701 3486 1747 3542 si
1785 3487 2021 3543 nondum
2202 3486 2264 3543 II.
2319 3486 2389 3544 Ut
2414 3495 2604 3558 sancta
2633 3486 2872 3543 Trinitas
2893 3489 3087 3559 populo
3131 3490 3225 3546 Dei
3250 3493 3599 3561 przedieetur.

458 3582 714 3653 synodico
735 3588 935 3635 statuta
966 3589 1253 3636 noverunt.
2198 3575 2285 3630 Ill.
2336 3574 2407 3631 Ut
2429 3575 2618 3633 altaris
2642 3576 2880 3633 ministri
2900 3592 2967 3635 se.
2983 3579 3204 3634 omnino
3222 3583 3537 3636 contineant
3553 3582 3717 3651 juxta

524 3671 660 3728 XIII.
704 3671 773 3728 Ut
791 3688 856 3727 ex
879 3671 1029 3728 laicis
1049 3688 1155 3728 non
1180 3671 1314 3729 fiant
1340 3673 1594 3743 episcopi,
1624 3685 1649 3713 II
1678 3670 2023 3742 presbyteri,
2129 3667 2492 3737 apostolorum
2522 3668 2844 3722 doctrinam.

455 3760 539 3815 vel
556 3759 788 3823 diaconi,
818 3766 1003 3829 utpote
1025 3774 1121 3829 per
1147 3757 1452 3815 inferiores.
1912 3784 1917 3787 ι
2197 3756 2284 3811 IV.
2344 3757 2432 3813 Uti
2466 3773 2495 3811 a
2519 3757 2754 3826 propriis
2788 3757 3048 3814 uxoribus
3090 3771 3149 3813 se
3201 3759 3508 3816 abstineant
3550 3762 3714 3817 mini-

523 3851 665 3906 XIV.
706 3850 785 3906 Ne
808 3851 1043 3919 episcopi
1088 3850 1228 3905 ultra
1252 3859 1365 3905 tres
1404 3851 1731 3920 septimanos
1768 3851 1822 3905 in
1851 3851 2026 3905 aliena
2131 3852 2231 3904 stri
2265 3847 2471 3903 altaris.
3102 3912 3111 3913 ί

458 3941 679 3995 civitate
741 3947 1040 4004 morentur,
1090 3941 1343 4009 quoniam
1384 3940 1506 3996 laici
1572 3948 1721 3996 tanto
1778 3948 2023 4009 tempore
2201 3936 2268 3991 V.
2299 3935 2370 3991 Ut
2394 3951 2425 3989 a
2456 3934 2668 3991 clericis
2691 3934 2906 4005 penitus
2930 3935 3156 3989 avaritia
3179 3936 3399 4001 vitetur,
3430 3952 3533 3992 nec
3555 3937 3719 3993 fatus

455 4036 779 4088 conventum
832 4028 1074 4084 ecclesia:
1118 4028 1450 4099 negligentes
1476 4039 1604 4085 sunt
1647 4031 2020 4086 cxcommuni-
2129 4029 2196 4083 de
2219 4027 2457 4096 qualibet
2485 4041 2544 4081 re
2570 4027 2883 4096 accipiatur.

454 4122 635 4178 eundi.
1426 4144 1433 4145 ί
2200 4118 2286 4174 VI.
2327 4117 2406 4173 Ne
2425 4117 2732 4173 chrismatis
2752 4117 3043 4183 confectio,
3084 4118 3166 4175 vel
3190 4118 3489 4190 puellarum
3516 4135 3699 4176 eonse~

520 4210 639 4268 XV.
680 4210 758 4267 Ne
778 4209 1061 4281 episcopus
1090 4223 1122 4264 a
1161 4223 1259 4264 sua
1285 4208 1513 4266 ecclesia
1546 4209 1664 4279 plus
1694 4224 1857 4282 quam
1886 4211 2021 4266 duas
2129 4211 2301 4265 oratio
2323 4250 2339 4274 ,
2391 4209 2476 4263 vel
2518 4208 2731 4279 publica
2761 4208 3143 4278 paenitentiam
3188 4209 3561 4265 reconciliatio
3600 4211 3714 4266 ullo

455 4300 822 4363 hebdomadas
849 4299 1013 4356 absit.
1250 4370 1255 4373 _
2131 4301 2292 4355 modo
2326 4300 2418 4353 ﬁat
2440 4314 2469 4353 a
2495 4299 2850 4369 pracsbytero.

523 4416 661 4473 XVI.
705 4414 775 4471 Ut
801 4390 1031 4469 Clericus
1055 4427 1086 4466 a
1120 4427 1218 4469 suo
1240 4412 1492 4485 episcopo
1516 4416 2020 4472 excommunicatus

2200 4390 2310 4445 VII.
2351 4390 2505 4457 Quod
2524 4391 2580 4445 in
2606 4390 2846 4459 periculo
2872 4391 3032 4459 positi
3067 4408 3097 4446 a
3124 4392 3446 4463 presbytero
3491 4392 3709 4461 possint

2134 4480 2490 4546 reconciliari,
2517 4481 2562 4535 si
2587 4489 2765 4535 tamen
2800 4481 3120 4549 praeceperit
3136 4480 3442 4549 episcopus.

2054 4546 2110 4606 θ
2211 4572 2336 4628 VIII.
2370 4572 2522 4639 Quod
2572 4546 2848 4627 criminosi
2898 4546 3452 4641 net—tueant'accusare
3492 4572 3714 4643 episco-

2132 4676 2248 4732 pos,
2282 4677 2459 4732 neque
2495 4660 2907 4730 majoresnatu.

2200 4753 2286 4809 IX.
2328 4753 2402 4810 Ut
2428 4754 2732 4824 episcopus,
2774 4753 2857 4808 vel
2878 4752 3160 4823 presbyter
3184 4753 3709 4818 cxcommunicctur,

2129 4845 2175 4899 si
2196 4845 2418 4900 alterius
2452 4842 2687 4913 episcopi
2724 4842 3247 4899 excommunicatum
3275 4842 3330 4896 in
3362 4843 3708 4899 communio-

2129 4950 2251 4989 nem
2276 4934 2498 5004 recepit.

454 4524 558 4564 non
587 4507 879 4577 recipiatur
906 4505 975 4563 ab
999 4506 1126 4563 alio.

522 4618 682 4674 XVII.
725 4619 796 4675 Ut
820 4619 1074 4675 clericum
1092 4620 1207 4675 sive
1227 4617 1394 4689 justo,
1418 4620 1531 4676 sive
1565 4619 1782 4690 injuste,
1813 4622 1881 4677 ab
1908 4623 2026 4694 epi-

454 4722 615 4778 scopo
667 4722 767 4764 suo
810 4710 1330 4765 excommunicatum
1378 4710 1595 4767 ﬁnitimi
1641 4713 1878 4783 episcopi
1927 4730 2026 4769 au-

453 4799 642 4864 diant;
676 4797 723 4853 si
745 4805 871 4854 ante
903 4798 1529 4865 excommunicationem,
1559 4801 1706 4857 nullo
1752 4804 1910 4858 modo
1930 4820 2024 4859 exs

451 4888 853 4945 communicent
879 4895 989 4942 tam
1014 4888 1107 4943 diu
1139 4889 1339 4944 morari
1364 4889 1415 4941 ιν.

448 5068 453 5071 κ
521 5000 705 5094 XVIII.
748 5000 819 5057 Ut
854 5000 1032 5094 nullus
1071 5000 1353 5071 episcopus
1379 4982 1613 5059 alienum
1661 5005 1919 5065 clericum
1965 5009 2021 5063 in
2130 4982 2702 5094 "vi-Uttvpresbyter,
2760 5023 2805 5078 si
2850 5028 3038 5077 contra
3066 5021 3375 5091 episcopum
3416 5037 3572 5076 suum
3617 5023 3703 5077 in-

446 5093 705 5164 parochia
727 5107 820 5147 sua
847 5092 1077 5150 ordinet.

2166 5127 2287 5173 atus
2313 5092 2547 5173 schisma
2568 5092 2782 5181 I'ecerit,
2811 5118 3096 5172 anathema
3116 5119 3207 5173 sit.
3337 5170 3347 5180 ,

521 5181 665 5283 XIV:
708 5180 780 5285 Ut
828 5182 1096 5287 ordinatio
1142 5184 1305 5287 alieni
1350 5184 1530 5241 ειεξῑὶοι
1580 5187 1697 5243 sine
1748 5202 2017 5245 consensu
2197 5210 2286 5265 XL
2330 5211 2399 5266 υι
2424 5212 2704 5280 episcopus
2719 5210 2919 5281 absque
2947 5211 3135 5280 Synod;
3161 5218 3401 5281 “mpure
3436 5214 3491 5269 in
3512 5213 3703 5268 πίω,

450 5280 654 5342 proprii
681 5280 916 5342 episcopi
951 5280 1103 5329 irrita
1122 5280 1213 5330 sit.
2127 5317 2194 5357 ne
2222 5302 2468 5357 detentus
2494 5299 2545 5353 ἀ,
2840 5280 2843 5281 ⁷
3066 5298 3073 5304 ’

525 5363 644 5419 XX.
686 5364 758 5421 Ut
778 5364 1074 5434 presbyteri
1099 5373 1252 5419 extra
1276 5380 1428 5421 suam
1449 5368 1759 5436 parochiam
1780 5385 1885 5424 non
1907 5369 2025 5440 plus

2197 5394 2311 5449 .\'ll.
2351 5393 2421 5448 Ut
2445 5392 2730 5463 episcopus
2758 5407 2865 5449 non
2899 5408 2930 5446 a
2968 5392 3311 5463 paucioribus
3334 5408 3497 5462 quam
3520 5393 3700 5450 tribus

454 5467 617 5524 quam
647 5469 709 5510 ut
730 5454 1058 5525 septimanas
1085 5454 1454 5512 demorentur.
2127 5484 2428 5542 ordinetur.

459 5599 557 5710 du;
581 5587 1009 5719 ’Ξιὲὲεὗῗέίὲωέιιὲ
1031 5587 1207 5645 Graici
1229 5591 1449 5646 canonis
1475 5606 1635 5647 sensu
1660 5592 1761 5646 nisi
1787 5610 1879 5664 per
1904 5610 2027 5666 θνα·
2129 5605 2221 5719 ne
2261 5592 2376 5649 Non
2407 5598 2617 5650 exstant
2651 5592 2707 5648 in
2750 5593 2852 5650 hac
2872 5593 3121 5659 epitome,
3158 5593 3284 5649 hinc
3321 5566 3534 5652 videtur
3577 5612 3704 5650 mu-

868 5697 883 5719 .
1001 5696 1014 5709 -
2023 5690 2029 5699 νη
2153 5682 2168 5719 ι
2193 5682 2246 5719 a.
3231 5717 3234 5719 λ

534 5674 557 5710 s
618 5672 858 5709 resottert
910 5672 1014 5711 etc.
2023 5690 2029 5699 νη
2154 5672 2167 5679 '
2228 5704 2247 5721 ι
3231 5717 3234 5720 .

534 5672 1082 5801 proqusuobscurus.
1123 5724 1257 5780 Vide
1294 5742 1414 5781 can.
1470 5729 1532 5783 I7
1576 5731 1630 5786 in
1680 5731 1795 5801 ipso
1841 5734 2024 5791 Sarii-
2129 5672 2221 5773 mg
2253 5733 2400 5788 Adde
2421 5749 2484 5787 ex
2515 5732 2697 5787 Codice
2716 5732 2919 5789 Conon.
2952 5733 3144 5789 ecclcs.
3173 5732 3459 5801 Africanze,
3506 5752 3537 5790 α
3562 5732 3696 5789 άαοο

473 5810 607 5849 scus:
635 5792 879 5848 concilio.
1697 5792 1716 5801 ’
2128 5805 2291 5860 decim
2314 5804 2563 5874 episcopis
2588 5804 2855 5860 audiatur.
2891 5803 3063 5860 Ilano.
