3992 6176
333 378 464 438 lilii)

1562 383 1939 445 COLLECTIO
1974 383 2328 445 CANONURI.

3436 393 3574 450 I050

392 495 526 551 XIII.
566 495 625 552 Si
660 497 785 569 quis
813 506 1003 556 contra
1026 498 1418 570 professionem
1445 506 1622 564 suam,
1642 500 1729 554 vel
1760 502 1889 554 sub-
1916 492 1970 556 Α
2063 497 2254 557 XXVI.
2315 502 2373 557 Si
2411 504 2533 573 quis
2575 504 2860 575 episcopus
2897 517 2984 561 res
3020 504 3264 562 ecclesiae
3305 522 3417 564 sua;
3455 509 3577 565 sine

324 584 672 656 scriptionem
690 586 918 653 venerit,
956 587 1069 658 ipse
1103 603 1162 643 se
1191 600 1217 628 ι
1244 588 1449 644 honore
1475 589 1758 658 episcopus
1801 604 1895 642 an-

320 675 526 730 diatur.

322 786 327 787 ί
392 764 531 822 XIV.
571 766 642 822 Ut
661 768 803 837 apud
836 767 1094 838 Tripolim
1138 769 1425 839 presbyter
1461 783 1492 823 a
1530 768 1770 838 quinque
1796 783 1896 824 au-

322 858 503 913 diatur
527 858 810 929 episcopis,
859 867 914 916 et
967 859 1227 916 diaconus
1266 875 1298 915 a
1323 860 1498 916 tribus
1523 868 1747 931 propter
1773 860 1896 915 ino-

319 948 465 1018 piam
485 950 796 1018 provinciae.
1222 960 1223 963 ‘

390 1038 509 1094 XV.
550 1038 623 1096 Ut
644 1040 825 1097 clerici
875 1042 1015 1112 apud
1048 1041 1340 1098 ecclesiam
1368 1040 1695 1097 incriminati
1724 1041 1896 1096 eccle-

319 1132 597 1189 siasticum
610 1133 872 1203 judicium
895 1150 1001 1189 non
1026 1135 1282 1189 abnuant.
1305 1135 1373 1189 Et
1394 1142 1456 1189 ut
1480 1132 1757 1202 judicibus
1804 1149 1895 1189 ec-

320 1226 638 1282 clcsiasticis
657 1226 733 1280 nil
770 1226 930 1291 obsit,
987 1227 1034 1282 si
1076 1241 1265 1282 eorum
1310 1227 1573 1283 sententia
1627 1227 1888 1290 solvatur,

320 1327 441 1369 cum
470 1314 536 1368 ab
575 1312 681 1369 illis
705 1314 773 1369 ad
802 1314 935 1369 alios
976 1314 1374 1372 ecclesiasticos
1414 1315 1626 1386 iudices
1668 1316 1893 1385 majoris

321 1404 659 1474 auctoriu'tis
693 1412 1042 1474 provocatum
1085 1404 1269 1470 fuerit,
1326 1406 1373 1462 si
1421 1416 1601 1461 tamen
1641 1405 1893 1462 convinci

318 1486 424 1549 non
475 1495 727 1564 poterint,
778 1494 921 1565 quod
944 1495 1135 1565 aliqua
1167 1497 1458 1565 cupiditate
1492 1497 1769 1565 depravati
1815 1498 1892 1552 ita

311 1583 662 1653 judicassent.
712 1584 840 1639 Item
881 1593 940 1639 ut
985 1600 1015 1639 a
1053 1584 1327 1654 judicibus
1352 1600 1622 1641 consensu
1654 1584 1889 1657 partium

316 1675 504 1732 electis
556 1690 663 1730 non
712 1683 1055 1745 provocetur.
1113 1677 1249 1734 Item
1297 1693 1366 1732 ne
1423 1678 1519 1732 ﬁlii
1548 1678 1892 1734 sacerdotum

318 1766 606 1822 exhibeant
638 1765 918 1820 smcularia
951 1766 1256 1837 spectacula
1290 1766 1376 1823 vel
1401 1775 1715 1839 exspectent
1738 1767 1789 1834 ιι,
1830 1774 1891 1822 ιιι

319 1856 411 1912 ubi
437 1855 782 1925 blasphemia:
802 1854 954 1922 ﬁunt,
985 1871 1094 1911 non
1125 1856 1405 1912 accedant.
1620 1844 1625 1849 ’

388 1946 527 2001 XVI.
565 1944 644 2000 Ne
680 1945 864 2001 clerici
906 1946 1017 2001 sint
1060 1946 1418 2002 conductores
1445 1945 1531 2000 vel
1572 1956 1890 2017 procurato-

318 2054 437 2103 res,
481 2053 581 2093 uec
623 2038 732 2093 ullo
777 2039 919 2109 turpi
965 2039 1178 2110 negotio
1225 2040 1426 2096 victum
1451 2047 1713 2109 quaerant.
1754 2041 1888 2096 Item

317 2139 379 2185 ut
416 2130 645 2186 lectores
680 2139 774 2185 aut
813 2140 1078 2201 cogantur
1116 2130 1313 2187 ducere
1355 2146 1571 2195 uxores,
1610 2139 1704 2187 aut
1725 2131 1890 2202 proﬁc

317 2229 531 2276 teantur
566 2221 971 2277 continentiam.
1014 2222 1145 2276 Item
1189 2229 1248 2276 ut
1281 2221 1511 2278 clericus
1540 2224 1889 2280 commodatis

314 2311 597 2385 pecuniam
637 2318 846 2373 tantum
890 2311 1423 2382 recipiatgquantum
1458 2311 1624 2366 dedit.
1667 2313 1803 2367 Item
1830 2319 1889 2366 ut

314 2411 441 2458 ante
464 2402 781 2475 vigesimum
818 2401 1066 2472 quintum
1109 2418 1309 2457 annum
1356 2419 1457 2459 nec
1484 2403 1695 2459 diaconi
1743 2404 1889 2460 ordi-

316 2503 530 2559 nentur,
562 2510 662 2549 nec
695 2494 932 2563 virgines
962 2503 1364 2549 consccrentur.

385 2586 545 2641 XVII.
590 2586 661 2641 Ut
702 2600 1040 2657 unaquaque
1080 2586 1357 2654 provincia
1401 2594 1620 2657 propter
1671 2586 1886 2659 longin-

314 2679 576 2748 quitatem
601 2678 889 2749 primatum
913 2678 1242 2750 [primatem]
1267 2672 1460 2735 habeat
1481 2681 1779 2750 proprium.

384 2768 567 2824 XVIII.
610 2768 682 2825 Ut
714 2768 926 2824 clericis
950 2770 1020 2825 ab
1047 2768 1447 2824 ordinatoribus
1492 2772 1606 2825 suis
1649 2786 1889 2828 canones

317 2860 668 2915 inculcentur.
784 2874 789 2879 δ
1800 2930 1805 2935 Α

386 2963 411 2990 ε
450 2950 591 3006 XIX.
633 2950 704 3007 Ut
737 2950 965 3006 mortuis
990 2966 1091 3007 nec
1116 2951 1442 3007 eucharistia
1468 2969 1569 3008 nec
1585 2953 1888 3024 hapzismus

314 3044 490 3099 detur.

1998 591 2223 647 consilio
2259 591 2611 649 ﬁnitimorum
2646 595 3019 664 episcoporum
3053 596 3375 663 vendiderit,
3404 598 3574 669 depoo

1995 688 2176 736 natur.
3465 698 3469 703 ’

2067 773 2275 830 XXVII.
2337 775 2410 832 Ut
2452 776 2775 847 presbyteri,
2822 776 2911 832 vel
2964 777 3175 833 diaconi
3231 778 3286 832 in
3338 778 3575 849 graviori

1992 861 2151 933 culpa
2187 865 2436 927 convicti,
2468 876 2663 920 manus
2705 865 3105 936 impositionem
3142 882 3251 922 non
3279 869 3575 939 suscipiant

1996 960 2252 1022 tauquam
2276 954 2418 1019 laici,
2444 971 2512 1010 ne
2541 956 2863 1026 rebaptizati
2893 956 3076 1013 clerici
3104 956 3261 1012 ﬁant.

2063 1045 2295 1101 XXVIII.
2340 1046 2413 1102 Ut
2446 1046 2631 1103 clerici
2670 1047 2765 1117 qui
2800 1046 2869 1101 ad
2908 1048 3318 1114 transmarinos,
3358 1065 3465 1105 non
3501 1053 3571 1107 ad

1995 1136 2254 1207 primates
2291 1152 2419 1193 suos
2461 1137 2869 1208 appellaverint,
2917 1138 2973 1192 in
3006 1140 3437 1195 communionem
3464 1154 3572 1198 non

1992 1227 2338 1297 recipiantur.

2063 1316 2254 1372 XXIX.
2304 1318 2361 1373 Si
2387 1318 2510 1387 quis
2537 1318 2767 1373 clericus
2789 1321 3288 1376 exeommuuicatus
3315 1329 3440 1375 ante
3477 1336 3573 1375 au-

1993 1409 2253 1464 dientiam
2300 1410 2702 1465 communicare
2747 1411 3178 1480 praesumpserit,
3233 1412 3347 1482 ipse
3401 1413 3455 1467 in
3513 1425 3572 1466 se

1992 1498 2391 1556 damnationem
2429 1501 2672 1570 protulit.

2064 1589 2235 1643 XXX.
2273 1590 2344 1645 Ut
2367 1600 2655 1646 accusatus
2674 1591 2763 1646 vel
2786 1601 3073 1650 accusator
3099 1584 3151 1650 in
3178 1594 3295 1650 loco
3322 1596 3468 1649 unde
3489 1602 3571 1649 est

1992 1678 2081 1734 ille
2110 1680 2203 1749 qui
2245 1690 2531 1736 accusatus
2560 1687 2663 1745 est,
2695 1682 2741 1736 si
2772 1683 3228 1754 metuitaiiqnam
3253 1684 3361 1738 vim
3389 1684 3571 1738 multi-

1993 1770 2214 1834 tudinis,
2243 1764 2420 1826 locum
2445 1772 2548 1827 sibi
2575 1771 2739 1843 eligat
2756 1774 3083 1842 proximum.

1917 1830 1962 1892 Β
2064 1830 2255 1915 xxxi.
2297 1861 2368 1918 Ut
2401 1862 2606 1928 clerici,
2639 1830 2685 1917 si
2710 1830 2979 1934 episcopis
3007 1866 3120 1920 suis
3148 1865 3451 1921 volentibus
3475 1876 3571 1920 eos

1987 1966 2089 2022 pro
2124 1951 2479 2007 ecclesiarum
2526 1952 2850 2009 necessitate
2889 1953 2956 2009 ad
3004 1951 3267 2022 majorem
3307 1953 3568 2007 honorem

1987 2053 2328 2112 promovere,
2358 2055 2468 2095 non
2494 2041 2814 2104 obedierint,
2840 2057 2942 2097 nec
2967 2042 3042 2097 ibi
3062 2042 3117 2096 in
3136 2042 3306 2112 gradu
3335 2054 3434 2096 suo
3468 2041 3569 2095 mi-

1990 2128 2222 2184 nistrent
2242 2130 2387 2185 unde
2406 2130 2660 2185 recedere
2690 2131 2999 2186 noluerunt.

2058 2219 2274 2275 XXXII.
2330 2219 2404 2275 Ut
2451 2219 2635 2275 clerici
2682 2234 2772 2275 res
2819 2219 3082 2283 ecclesiae,
3121 2233 3258 2288 quas
3300 2219 3370 2274 de
3399 2218 3564 2272 rebus

1987 2312 2376 2381 conquisierint
2409 2311 2852 2383 (ecclesiasticis,)
2885 2311 3129 2367 ecclesia
3165 2311 3483 2379 relinquant.

2058 2401 2295 2456 XXXIII.
2358 2401 2430 2457 Ut
2480 2403 2781 2472 presbyteri
2836 2416 2952 2456 rem
3008 2401 3250 2456 ecclesia:
3297 2416 3409 2456 sua:
3460 2416 3566 2454 non

1986 2494 2240 2558 vendant,
2268 2506 2368 2549 nec
2400 2493 2686 2563 episcopus
2711 2507 2827 2547 rem
2855 2491 3000 2545 tituli
3039 2491 3285 2545 matricis
3323 2490 3568 2547 ecclesia:

1986 2591 2229 2653 usurpet.

2056 2675 2126 2729 Et
2160 2672 2598 2743 subscripserunt
2625 2690 2639 2727 :

2055 2762 2308 2818 Aurelius
2348 2763 2631 2833 episcopus
2668 2762 2797 2818 huic
2842 2761 3056 2819 schedze
3100 2776 3133 2815 ι
3160 2760 3321 2816 nobis
3349 2760 3564 2817 reiecta

1985 2855 2302 2924 subscripsi.

2056 2944 2345 3001 Faustinus
2365 2945 2649 3015 cpiscopus
2662 2944 2905 3000 ecclesia:
2920 2943 3186 2999 Potentia
3208 2941 3556 3015 [Potentiam]

1985 3038 2274 3107 provincia:
2315 3037 2480 3092 Italia:
2521 3037 2726 3101 Piceni,
2766 3036 2974 3108 legatus
3000 3035 3254 3091 Ecclesiae
3282 3034 3562 3099 Romanae,

388 3135 457 3192 Ut
515 3136 789 3191 annuatim
862 3134 1151 3190 concilium
1204 3135 1546 3201 celebretur,
1614 3137 1681 3191 ad
1736 3135 1879 3207 quod
1914 3160 1960 3236 c
1989 3130 2116 3236 huic.
2142 3129 2694 3236 schedzesuhscrilpsi.

316 3225 647 3297 singularum
690 3225 1088 3295 provinciarum
1123 3225 1283 3295 legati
1330 3226 1649 3295 dirigantur.
1689 3227 1761 3284 Ut
1787 3242 1888 3283 nec

315 3323 597 3372 accusatus
634 3314 936 3385 episcopus,
981 3330 1081 3370 nec
1104 3323 1387 3372 accusator
1424 3315 1562 3386 ejus,
1590 3332 1621 3371 a
1649 3332 1891 3373 commu-

317 3404 475 3461 nione
503 3406 883 3477 suspendatur,
930 3407 1034 3460 nisi
1061 3407 1129 3461 ad
1162 3422 1380 3462 causam
1426 3423 1578 3462 suam
1604 3407 1888 3462 dicendam

318 3497 612 3551 electorum
656 3493 896 3564 judicum
942 3496 1029 3551 die
1062 3504 1262 3551 statuta
1301 3510 1587 3553 occurrere
1628 3497 1884 3551 noluerit.

318 3584 387 3641 Ut
412 3587 694 3657 cpiscOpus
722 3599 828 3638 non
858 3586 1260 3640 communicatis
1293 3599 1395 3639 nec
1424 3586 1478 3638 in
1521 3601 1617 3640 sua
1662 3585 1887 3640 ecclesia

316 3674 696 3729 communicet.
739 3673 811 3728 Ut
854 3688 1085 3742 persona
1127 3673 1477 3736 accusatoris,
1524 3674 1568 3728 si
1610 3674 1888 3745 culpabilis

316 3764 550 3826 videtur,
596 3763 663 3817 ad
711 3764 1042 3834 arguentium
1089 3779 1196 3819 non
1240 3765 1574 3830 admittatur,
1620 3765 1725 3820 nisi
1765 3780 1889 3836 pro-

317 3853 465 3923 prias
505 3869 715 3919 causas,
769 3869 876 3909 non
930 3862 1111 3909 tamen
1158 3854 1558 3912 ecclesiasticas
1581 3897 1597 3922 ,
1646 3870 1889 3913 asserere

314 3942 570 3998 voluerit.

386 4034 505 4089 XX.
548 4033 615 4090 Ut
640 4043 923 4091 accusatus
946 4035 1247 4107 presbyter,
1276 4034 1363 4091 vel
1392 4036 1672 4101 diaconus,
1705 4036 1884 4093 discu-

317 4127 519 4181 tiantur
542 4126 611 4181 ab
640 4125 913 4196 episcopo,
944 4124 1210 4194 adjunctis
1252 4134 1456 4197 septem
1497 4128 1551 4182 in
1585 4128 1885 4199 presbyteri

319 4217 548 4280 nomine,
593 4223 648 4271 et
693 4216 864 4271 tribus
897 4216 953 4271 in
996 4216 1205 4272 diaconi
1233 4218 1466 4282 nomine,
1495 4232 1629 4287 quos
1660 4217 1760 4287 ipsi
1798 4232 1886 4286 pc~

315 4308 535 4364 tierunt.
559 4307 907 4377 Reliquorum
931 4308 1253 4365 clericorum
1282 4325 1475 4365 causas
1499 4309 1644 4366 solus
1672 4311 1884 4382 episcoo

317 4416 416 4471 pus
443 4392 545 4456 loci
566 4407 853 4472 cognoscat
878 4402 932 4455 et
956 4399 1128 4455 ﬁniat.

2058 3218 2333 3288 Philippus
2369 3227 2425 3273 et
2449 3218 2663 3272 Asellus
2689 3217 2995 3287 presbyteri
3020 3217 3279 3272 Romana:
3308 3215 3564 3271 Ecclesiae

1988 3309 2148 3381 legati
2190 3309 2275 3365 his
2317 3309 2484 3377 gestis
2528 3308 2945 3378 subscripsimus
2982 3321 3081 3375 per
3116 3321 3216 3361 nos
3251 3305 3469 3361 reiectis
3506 3316 3564 3360 et

1986 3405 2228 3460 directis.

2042 3493 2319 3564 Augustus
2357 3490 2732 3564 [Augustinus]
2779 3490 3064 3559 episcopus
3110 3486 3370 3559 Hippouis
3409 3487 3565 3558 Regii

1987 3582 2197 3652 legatus
2228 3583 2444 3637 concilii
2479 3581 2742 3637 Numidize
2784 3580 2910 3635 huic
2934 3578 3195 3634 chartula:
3238 3591 3341 3646 pro
3383 3592 3473 3633 me
3505 3582 3563 3631 et

1987 3675 2175 3729 eodem
2209 3674 2438 3729 concilio
2462 3673 2779 3742 subscripsi.

2056 3764 2125 3818 Et
2146 3763 2340 3832 reliqui
2364 3763 2600 3833 episcopi
2625 3778 2789 3819 ccxm
2811 3762 3143 3818 diversarum
3162 3759 3562 3829 provinciarum

1986 3854 2441 3924 subscripserunt,
2471 3855 2564 3927 qui
2589 3856 2642 3910 in
2665 3852 3079 3925 Carthagiuensi
3104 3852 3334 3908 concilio
3363 3866 3562 3909 conve-e

1986 3951 2205 4000 nerunt.

1986 4097 2225 4154 Canones
2249 4097 2575 4155 diversorum
2600 4098 2941 4155 conciliorum
2960 4097 3229 4169 Africana:
3256 4095 3577 4168 provincia,-

2604 4184 2817 4223 numero
2855 4183 2941 4224 CV.

2055 4304 2097 4358 I.
2150 4302 2303 4369 Quod
2349 4301 2485 4356 nihil
2527 4301 2594 4357 de
2630 4300 2963 4371 Hipponensi
3001 4298 3237 4356 concilia
3271 4298 3450 4367 primo
3487 4298 3562 4353 sit

1985 4394 2399 4449 emendandum.

388 4491 526 4545 XXI.
570 4490 640 4547 Ut
684 4490 779 4544 ﬁlii
824 4490 1141 4546 clericorum
1189 4490 1432 4562 paganis,
1459 4490 1749 4557 haereticis,
1798 4488 1882 4545 vel
1910 4514 1958 4573 ι)
2056 4486 2118 4539 lI.
2151 4485 2219 4540 Ut
2248 4483 2430 4540 clerici
2460 4485 2599 4538 ﬁlios
2625 4499 2753 4539 suos
2781 4500 2812 4538 a
2837 4499 2934 4539 sua
2960 4488 3228 4552 potestate
3243 4494 3359 4573 non
3380 4477 3562 4534 dimit-

318 4581 673 4638 schismaticis
699 4582 753 4636 in
782 4582 1125 4637 matrimonio
1154 4598 1261 4637 non
1281 4580 1596 4652 junguntur.

388 4670 550 4727 XXII.
594 4671 664 4728 Ut
708 4671 892 4727 clerici
938 4671 992 4726 in
1032 4684 1125 4726 eos
1170 4672 1262 4742 qui
1306 4670 1557 4726 catholici
1595 4685 1702 4724 non
1742 4674 1885 4732 sunt,

319 4764 450 4818 nihil
476 4779 573 4834 per
601 4762 915 4817 donationes
940 4776 1122 4815 rerum
1150 4770 1372 4816 suarum
1409 4754 1721 4814 conferant.

386 4850 572 4905 XXIII.
614 4849 686 4906 Ut
715 4851 950 4922 episcopi
978 4866 1085 4906 non
1123 4857 1404 4905 transeant
1435 4863 1586 4903 mare
1611 4846 1715 4902 nisi
1757 4861 1887 4902 con-

317 4943 458 4999 sulto
480 4957 666 4999 eorum
690 4943 941 5012 primate.

308 5040 315 5047 ‘
389 5032 577 5090 XXIV.
618 5032 689 5090 Ut
717 5032 853 5088 nihil
902 5033 955 5088 in
993 5030 1220 5089 ecclesia
1264 5031 1475 5101 legatur
1526 5031 1626 5086 sub
1676 5030 1891 5085 nomine

318 5128 621 5183 divinarum
656 5125 1053 5196 Scripturarum
1080 5130 1332 5178 testatum
1354 5121 1405 5177 ἀ.

388 5217 554 5273 XXV.
574 5217 643 5274 Ut
673 5215 1006 5278 subdiaconi,
1030 5212 1262 5277 diaconi,
1288 5212 1610 5284 presbyteri,
1630 5211 1884 5282 episcopi,

320 5308 390 5361 ab
415 5307 675 5361 uxoribus
716 5304 1030 5361 contineant
1066 5318 1082 5358 :
1113 5301 1255 5372 quod
1298 5301 1403 5356 nisi
1449 5301 1692 5364 fecerint,
1722 5301 1887 5370 depo-

319 5405 539 5453 nantur.
591 5396 828 5452 Cmteros
868 5402 1047 5448 autem
1090 5391 1317 5450 clericos
1345 5394 1414 5449 ad
1460 5396 1561 5450 hoc
1604 5409 1711 5449 non
1746 5392 1886 5463 cogi,

321 5488 425 5542 nisi
458 5484 734 5540 maturiori
760 5491 937 5538 (etate.

394 5633 419 5661 ι
462 5620 639 5690 Forte,
664 5627 909 5690 spectent.
949 5617 1124 5673 HXRD.

394 5690 422 5729 ι’
458 5689 632 5745 Locus
655 5689 959 5743 mendosus.

395 5770 416 5798 ε
446 5760 558 5815 Sub
580 5760 681 5815 hoc
710 5773 933 5813 numero
961 5774 1070 5824 XIX,
1095 5759 1437 5813 continentur
1465 5757 1601 5812 tituli
1630 5757 1884 5828 quinque.

1987 4586 2123 4640 tant,
2168 4577 2269 4632 nisi
2313 4591 2378 4631 ea
2429 4583 2590 4630 actate
2629 4589 2736 4644 qua
2780 4574 2848 4628 ad
2881 4574 3029 4644 ipsos
3074 4569 3296 4642 propria
3337 4575 3564 4639 peccata

1987 4670 2313 4739 pertineant.

2057 4758 2143 4813 IlI.
2188 4758 2259 4814 Ut
2297 4756 2480 4813 clerici
2517 4772 2623 4812 non
2662 4756 2981 4813 ordinentur
3019 4755 3336 4826 priusquam
3373 4765 3563 4808 omnes

1986 4866 2115 4908 suos
2141 4851 2370 4907 fecerint
2391 4850 2704 4906 catholicos.

2056 4943 2146 4998 IV.
2193 4942 2263 4999 Ut
2292 4941 2444 5004 nihil,
2476 4941 2575 4995 nisi
2602 4940 2757 5011 panis
2783 4948 2839 4995 et
2858 4940 3045 4994 vinum
3067 4952 3206 5007 aqua
3226 4935 3469 4998 mistum,
3504 4932 3561 4988 in
3644 4956 3649 4961 ί

1985 5032 2343 5088 sacramentis
2369 5030 2646 5086 olferatur.

2058 5123 2122 5177 V.
2180 5123 2256 5176 Ne
2299 5122 2506 5185 clerici,
2552 5122 2636 5177 vel
2687 5123 3063 5188 continentes,
3112 5130 3205 5178 aut
3242 5123 3435 5179 viduas
3474 5121 3562 5177 vel

1990 5213 2224 5283 virgines
2263 5211 2540 5277 accedant,
2580 5212 2684 5267 nisi
2716 5210 2871 5279 jussu
2917 5214 3000 5267 vel
3041 5214 3308 5284 permissu
3354 5213 3564 5284 episco-

1986 5319 2177 5375 porum
2215 5320 2227 5356 :
2257 5318 2357 5367 nec
2390 5311 2518 5357 tunc
2553 5302 2672 5367 soli,
2709 5301 2804 5356 sed
2839 5317 3023 5358 coram
3048 5303 3292 5374 probatis
3317 5302 3562 5375 personis

1987 5397 2265 5453 accedant.

2059 5486 2146 5542 VI.
2202 5485 2270 5540 Ut
2295 5484 2484 5555 prima:
2519 5484 2663 5541 sedis
2703 5485 2989 5556 cpiscopus
3016 5501 3123 5540 non
3147 5491 3373 5542 vocetur
3406 5484 3560 5557 priu-

1986 5633 2126 5744 ignos
2164 5615 2419 5688 distingui
2481 5618 2723 5687 oportuit
2799 5629 2859 5675 ut
2899 5628 3080 5677 essent
3132 5618 3306 5691 capita
3351 5631 3557 5674 XXXVII.

2041 5704 2163 5743 Mill.

2041 5704 2163 5743 Mill.

2059 5757 2087 5799 ἀ
2129 5759 2305 5814 Locus
2334 5757 2639 5813 mendosus.
