3992 6176
434 384 566 441 105i

1461 380 1911 438 ANGELBAMNI
1949 380 2291 438 METENSIS
2326 381 2636 441 EPISCOPI

3550 393 3705 449 ιοεῑε

426 512 557 567 ceps
583 496 945 561 sacerdotum.
980 489 1066 553 vel
1100 510 1343 565 summus
1371 495 1643 561 sacerdos,
1669 494 1766 549 sed
1790 500 1998 549 tantum
2024 494 2077 557 Δ
2172 492 2361 550 XXVI.
2424 495 2724 553 Petendum
2770 498 2839 554 ab
2879 498 3206 573 imperatore
3252 511 3313 558 ut
3352 519 3702 577 paganorum

425 586 617 658 primae
642 586 785 641 sedis
811 593 1117 657 episcopus.

502 677 613 735 VII.
657 678 736 735 Ne
777 679 962 734 clerici
1011 680 1066 734 in
1092 679 1329 735 tabernis
1351 679 1513 735 edant
1535 678 1619 734 vel
1656 680 1867 746 bibant,
1898 677 2004 734 nisi

426 769 790 839 peregrinatio
809 769 913 825 hoc
936 777 1113 839 cogat.
1244 791 1249 796 ~

501 859 633 921 Vill.
681 861 751 919 Ut
796 870 1131 919 sacramenta
1176 862 1365 919 altaris
1418 878 1527 919 non
1584 860 1688 920 nisi
1731 878 1765 917 a
1801 860 2005 931 jejunis

427 955 789 1010 celebrentur.
1240 952 1254 965 ”

496 1045 588 1105 IX.
637 1046 706 1102 Ut
748 1045 933 1102 clerici
981 1047 1039 1103 in
1080 1047 1310 1105 ecclesia
1353 1063 1461 1104 non
1502 1048 1862 1105 conviventur
1896 1047 2003 1104 nisi

424 1134 766 1191 necessitate.

497 1223 565 1279 X.
611 1224 680 1280 Ut
722 1225 1003 1295 episcopus
1047 1227 1423 1296 paenitentiam
1471 1229 1860 1298 pmnitentibus
1898 1230 2001 1284 im-

423 1321 591 1383 ponat
609 1311 764 1381 juxta
800 1302 1159 1371 diﬂ‘erentiam
1184 1326 1548 1386 peccatorum,
1593 1334 1693 1374 nec
1715 1320 2002 1390 presbyter

424 1403 736 1459 reconciliet
778 1405 1105 1475 pmnitentes
1152 1407 1458 1464 inconsulto
1484 1410 1757 1480 episcopo,
1806 1420 1865 1467 ut
1899 1426 1998 1481 pu-

423 1494 562 1550 blice
586 1496 976 1565 penitentibus
1000 1514 1195 1555 manus
1233 1507 1360 1556 ante
1383 1501 1625 1557 absidam
1664 1502 1924 1572 imponat.

495 1585 585 1641 XI.
641 1586 722 1643 Ne
761 1589 1046 1659 episcopus
1089 1588 1175 1645 vel
1214 1591 1498 1662 presbyter
1536 1593 1771 1663 virgines
1810 1609 1999 1651 sacras

422 1674 628 1743 passim
647 1678 830 1748 vagari
859 1678 1157 1747 permittat.

494 1765 606 1821 XII.
648 1766 719 1822 Ut
746 1768 945 1825 inﬁrmi
976 1769 1412 1829 obmutescentes
1444 1772 1804 1842 baptizentnr,
1836 1774 1882 1831 si
1900 1781 1995 1830 .te-

422 1856 737 1911 stimonium
778 1872 892 1913 sua:
913 1858 1206 1925 voluntatis
1226 1833 1534 1918 habuerint:
1568 1863 1638 1919 Ut
1662 1833 1912 1931 scenicis,
1942 1874 1997 1920 ct
2028 1833 2074 1895 δ

423 1936 800 2013 histriotlibus,
823 1955 876 2004 et
896 1948 1019 2004 aliis
1036 1948 1339 2019 hujusmodi
1363 1955 1610 2024 personis
1631 1957 1998 2015 reconciliatio

420 2053 532 2091 non
559 2046 804 2107 negetur.

418 2170 422 2177 .
492 2128 627 2187 XIII.
671 2129 853 2185 Liceat
894 2132 997 2203 legi
1023 2134 1304 2203 passiones
1331 2144 1633 2208 martyrum
1660 2154 1782 2196 cum
1808 2154 1997 2199 eorum

420 2220 776 2276 anniversarii
814 2221 931 2277 dies
962 2222 1324 2280 celebrantur.

492 2310 630 2366 XIV.
674 2311 746 2367 Ut
763 2312 833 2368 ab
864 2312 1159 2383 apostolica
1199 2314 1326 2371 sede
1350 2314 1678 2386 inquiratur,
1714 2319 1761 2376 si
1786 2321 1999 2390 possint

416 2405 660 2461 ordinari
688 2405 781 2476 qui
825 2407 966 2477 apud
997 2407 1281 2465 lmreticos
1312 2408 1368 2464 in
1399 2410 1624 2468 infantia
1670 2421 1795 2469 sunt
1821 2414 1998 2485 bapti-

489 2584 606 2640 XV.
646 2585 725 2642 Ne
772 2586 902 2642 Ilant
952 2589 1423 2659 rebaptizationes,
1459 2595 1904 2663 rcordinationes,
1932 2607 1992 2654 et

418 2674 802 2732 translationes
824 2678 1216 2748 episcoporum.
1267 2680 1336 2736 Ut
1375 2682 1658 2752 episcopus
1695 2685 1856 2740 alieni
1882 2686 1994 2756 epi—

414 2772 670 2834 scopatus
715 2766 936 2823 invasor
972 2767 1259 2838 judiciaria
1296 2772 1621 2830 auctoritate
1656 2776 1988 2843 excludatur,

416 2858 462 2913 si
492 2857 845 2913 sacerdotalia
874 2860 1075 2915 monita
1101 2866 1506 2934 contempserit.

489 2947 627 3002 XVI.
672 2947 742 3003 Ut
765 2948 1048 3020 episcopus
1071 2966 1178 3008 non
1206 2968 1235 3007 a
1264 2954 1609 3022 paucioribus
1631 2972 1793 3026 quam
1818 2959 1992 3017 tribus

415 3038 719 3093 ordinetur.

2110 585 2328 641 comitia
2354 585 2517 642 faciat
2544 587 2768 644 auferri.

2178 672 2387 749 XXVII.
2451 674 2771 733 Petendum-
2800 680 2870 735 ab
2916 680 3244 751 imperatore
3293 692 3357 739 ut
3403 687 3700 755 prohibeat

2106 766 2413 835 spectacula
2463 766 2802 824 theatrorum
2841 770 2898 825 in
2937 770 3128 828 diebus
3155 773 3451 835 Dominicis
3491 784 3548 832 et
3567 778 3699 836 aliis

2104 863 2415 911 sanctorum
2436 856 2612 914 festis.

2175 945 2410 1002 XXVIII.
2459 947 2756 1004 Petendum
2803 951 2872 1005 ab
2910 951 3239 1020 imperatore
3273 961 3334 1008 ut
3367 954 3691 1025 interposita

2102 1049 2264 1104 pinna
2302 1035 2485 1097 damni
2524 1038 2769 1107 pecuniae
2808 1047 3034 1107 statuat,
3083 1056 3152 1097 ne
3196 1043 3323 1112 quis
3367 1044 3692 1101 damnatum

2103 1126 2361 1185 clericum
2387 1127 2662 1185 defendat.
3332 1186 3333 1189 η

2173 1217 2363 1274 XXIX.
2423 1219 2720 1276 Petendum
2774 1222 2846 1279 ab
2900 1223 3230 1294 imperatore
3292 1240 3362 1280 ne
3403 1227 3692 1298 permittat

2102 1308 2395 1367 histriones
2438 1320 2563 1381 post
2601 1313 3010 1369 conversionem
3054 1315 3124 1370 ad
3164 1315 3456 1385 pristinum
3495 1317 3691 1376 ludum

2101 1400 2171 1455 ab
2196 1400 2378 1467 aliquo
2415 1402 2685 1472 compelli.

2172 1489 2341 1545 XXX.
2380 1490 2676 1548 Petendum
2701 1493 2770 1549 ab
2801 1494 3123 1566 imperatore
3145 1504 3205 1552 ut
3226 1500 3689 1561 manumissiones

2100 1578 2158 1634 in
2187 1579 2415 1635 ecclesia
2434 1581 2796 1639 celebrentur.
3750 1576 3765 1584 ³

2171 1671 2365 1726 XXXI.
2436 1671 2508 1728 Ut
2558 1672 2815 1742 Equirius
2859 1674 3146 1734 damnatus
3195 1680 3686 1753 quomodocunque

2100 1761 2478 1832 expelleretur,
2508 1778 2579 1819 ne
2602 1772 2801 1820 statum
2829 1765 3073 1822 ecclesia
3110 1767 3452 1838 inquietaret.

2168 1872 2383 1928 XXXII.
2437 1873 2508 1930 Ut
2553 1888 2675 1929 curn
2703 1875 2999 1932 Donatistis
3036 1876 3208 1933 levius
3229 1891 3257 1920 ⁸
3284 1889 3496 1948 agatur,
3524 1889 3590 1935 ut
3618 1883 3681 1937 in

2097 1967 2506 2024 mansuetudine
2531 1971 2765 2039 correpti
2793 1970 3115 2040 resipiscam
3151 1988 3185 2026 a
3214 1972 3423 2044 laqueis
3449 1974 3679 2031 diaboli.

2164 2079 2402 2135 XXXIII.
2434 2079 2509 2136 Ut
2523 2081 2734 2151 judices
2762 2081 3049 2138 smeulares
3071 2099 3412 2140 communem
3443 2096 3678 2143 matrem

2095 2178 2340 2227 sanctam
2368 2170 2663 2227 Ecciesiam
2694 2173 2749 2227 in
2777 2173 2882 2228 hoc
2907 2172 3180 2243 adjuvent,
3210 2175 3271 2230 in.
3296 2191 3405 2246 quo
3433 2178 3677 2250 episcopi

2096 2261 2393 2317 auctoritas
2415 2261 2801 2317 contemnitur.

2164 2371 2401 2429 XXXIV.
2473 2371 2544 2429 Ut
2585 2372 2768 2429 clerici
2802 2373 3207 2432 Donatistarum
3253 2378 3309 2432 in
3345 2378 3675 2437 catholicam

2094 2462 2426 2533 recipiantur
2463 2478 2587 2517 cum
2614 2462 2805 2521 ordine
2844 2476 2946 2534 pro
2973 2472 3217 2538 tempore
3240 2474 3297 2523 et
3320 2471 3680 2525 necessitate.

2162 2578 2379 2634 XXXV.
2410 2579 2481 2637 Ut
2508 2581 2574 2635 ad
2593 2580 2902 2638 Donatistas
2926 2597 3087 2639 causa
3112 2585 3500 2655 componenda:
3521 2587 3679 2656 pacis

2092 2668 2288 2740 legatio
2314 2669 2411 2723 ιι...
2443 2669 2497 2724 in
2526 2670 2890 2728 continentes.

2162 2759 2401 2817 XXXVI.
2433 2761 2502 2817 Ut
2526 2761 2783 2833 episcopi,
2806 2765 3132 2836 presbyteri,
3159 2765 3370 2821 diaconi
3399 2767 3675 2838 deponan-

2092 2859 2198 2915 tur,
2227 2851 2273 2907 si
2299 2851 2383 2905 vel
2406 2867 2526 2907 cum
2555 2853 2811 2908 uxoribus
2837 2854 3200 2909 inveniantur.

2161 2942 2421 3000 XXXVII.
2454 2944 2531 3001 Ne
2551 2946 2833 3016 episcopus
2865 2946 2961 3019 diu
2980 2946 3132 3003 absit
3167 2961 3199 3001 a
3239 2961 3337 3002 sua
3385 2948 3677 3020 principali

2092 3036 2366 3092 cathedra.

488 3128 649 3183 xvu.
694 3127 762 3231 Ut
789 3128 1121 3233 ordinandus
1153 3129 1454 3233 episcopus,
1496 3134 1543 3233 si
1578 3135 1627 3189 ei
1665 3137 1990 3194 contradici-
2017 3164 2064 3233 ρ
2093 3216 2108 3233 1
2136 3126 2585 3233 ξξωινιιξ-ΙξηΔ
2619 3128 2852 3187 infantes
2903 3131 3271 3202 baptizentur-
3324 3133 3392 3189 de
3439 3148 3673 3204 (ιιιοτιιω

418 3227 529 3284 tur,
561 3235 668 3275 non
693 3217 807 3290 jam
854 3236 887 3275 a
933 3221 1124 3289 tribus,
1163 3223 1260 3278 sed
1304 3238 1335 3278 a
1375 3225 1622 3295 pluribus
1666 3238 1992 3301 expurgatus

417 3312 718 3367 ordinetur.

491 3406 673 3462 XVIII.
727 3406 795 3464 Ut
833 3408 901 3464 de
940 3408 1169 3465 ecclesia
1192 3409 1601 3484 Carthaginensi
1628 3414 1744 3472 dies
1770 3415 1992 3473 Pascha

418 3495 690 3553 Africanis
715 3499 959 3555 ecdcsiis
983 3502 1262 3557 nuntietur
1285 3504 1549 3575 episcopis
1570 3512 1627 3561 et
1647 3507 1988 3564 discutiatur.

420 3586 765 3643 lnterlocutio
787 3588 1067 3657 llonorali,
1106 3602 1162 3648 ct
1198 3592 1401 3650 Urbani
1448 3597 1821 3668 episcoporum
1848 3601 1986 3657 sit...

422 3675 755 3735 Mauritania:
790 3679 906 3736 lc...

488 3768 631 3823 XIX.
666 3769 736 3825 Ut
761 3771 1023 3827 diceccses
1045 3773 1279 3842 propriis
1305 3774 1573 3846 episcopis
1601 3787 1852 3836 carentes
1874 3781 1990 3850 epi-

2092 3216 2360 3286 baptismo
2385 3217 2678 3272 dubitatur.

2159 3305 2400 3362 XXXIX.
2453 3307 2522 3364 Ut
2565 3308 2681 3364 dies
2707 3307 2929 3365 Pascbze
2972 3318 3028 3364 et
3054 3309 3270 3366 concilii
3297 3311 3548 3366 omnibus
3573 3311 3673 3365 de-

2088 3396 2386 3453 nuntietur.

2158 3486 2271 3542 XL.
2309 3486 2387 3543 Ne
2411 3488 2740 3545 intercessor
2769 3490 3058 3562 episcopus
3085 3490 3396 3546 cathedram
3426 3489 3667 3547 defuncti

2087 3579 2324 3649 episcopi
2356 3579 2448 3635 diu
2479 3580 2728 3645 retineat,
2762 3582 2856 3636 sed
2887 3580 3028 3636 infra
3056 3596 3257 3639 annum
3282 3580 3458 3636 eidem
3482 3580 3670 3635 cathe-

2089 3671 2201 3727 dra
2222 3670 2529 3741 episcopum
2550 3671 2849 3741 provideat.

2159 3759 2297 3816 XLI.
2327 3760 2400 3817 Ut
2423 3759 2733 3820 defensores
2757 3761 3106 3818 ecclesiarum
3140 3762 3208 3818 ab
3248 3761 3668 3834 imperatoribus

418 3872 612 3926 scapos
638 3874 746 3913 non
786 3860 1074 3929 accipiant,
1101 3862 1204 3917 nisi
1246 3878 1315 3917 ex
1343 3880 1609 3921 consensu
1638 3867 1875 3939 episcopi
1892 3870 1988 3940 qui

2137 3850 2446 3906 astulentur.

418 3948 538 4003 illas
563 3956 787 4004 eatenus
812 3966 919 4004 non
946 3952 1175 4020 superbe
1215 3955 1456 4011 retinuit.
1509 3956 1645 4013 Nam
1684 3960 1730 4015 si
1760 3963 1990 4030 superbe

416 4036 720 4103 retinuerit,
747 4045 802 4092 et
822 4038 1067 4108 plebibus
1089 4040 1347 4099 incubare
1367 4043 1624 4102 alfectans
1646 4050 1992 4122 coepiscopos

414 4138 544 4179 suos
583 4124 907 4195 despexerit,
938 4142 1043 4183 non
1082 4129 1258 4185 solum
1313 4145 1344 4186 a
1381 4135 1606 4191 retentis
1649 4138 1988 4210 dioecesibus,

416 4214 511 4273 sed
542 4231 573 4270 a
608 4217 824 4288 propria
859 4217 1086 4276 ecclesia
1122 4223 1443 4281 auctoritate
1468 4224 1753 4295 judiciaria
1778 4232 1991 4304 propel-

416 4306 610 4366 lendus
639 4317 743 4365 est.

486 4397 606 4453 XX.
627 4397 706 4455 Ne
726 4399 849 4470 quis
876 4401 1158 4473 episcopus
1180 4403 1414 4462 alienum
1441 4407 1697 4466 clericum
1722 4411 1826 4468 sibi
1853 4429 1983 4471 ven-

417 4488 580 4555 dicet,
606 4489 710 4546 nisi
739 4492 1067 4549 concedente
1092 4491 1209 4562 ejus
1235 4496 1509 4568 episcopo.

487 4577 627 4635 XXI.
659 4580 813 4648 Quod
836 4580 1245 4654 Carthaginensi
1270 4586 1521 4657 episcopo
1543 4587 1705 4647 liceat
1724 4606 1795 4647 ex
1814 4593 1986 4662 quali—

416 4669 509 4725 bet
553 4670 780 4725 ecclesia
823 4672 1073 4729 ordinare
1118 4676 1451 4746 praepositos,
1503 4680 1865 4751 presbyteros,
1898 4684 1983 4740 vel

415 4759 698 4830 episcopos
726 4760 791 4816 ad
819 4761 953 4817 alias
981 4763 1258 4820 ecclesias.

488 4851 652 4907 XXII.
685 4851 753 4908 Ut
773 4854 1055 4924 cpiscopus
1076 4854 1275 4910 nullam
1298 4856 1574 4914 dimcesim
1594 4860 1696 4917 sibi
1720 4862 1982 4931 vendicet,

416 4945 520 5002 nisi
552 4944 618 5000 ad
643 4960 805 5014 quam
833 4945 1111 5001 ordinatus
1136 4955 1239 5002 est.

491 5033 673 5088 XXIII.
703 5033 853 5101 Quod
883 5035 1088 5104 parvuli
1130 5051 1163 5090 a
1188 5036 1482 5094 Donatistis
1508 5039 1784 5110 baptizati,
1815 5043 1871 5099 in
1896 5061 1986 5103 ca—

417 5124 615 5180 tholica
638 5124 705 5180 ad
732 5124 934 5180 clerum
962 5114 1201 5181 ordinari
1224 5128 1453 5196 possint.

489 5211 677 5268 XXIV.
713 5213 781 5270 Ut
802 5214 1062 5275 idolorum
1087 5217 1344 5287 reliquiae,
1376 5217 1459 5273 vel
1488 5221 1685 5290 templa
1713 5223 1990 5280 destruan-

424 5315 479 5359 ιιι
486 5320 531 5358 I'.

492 5395 657 5452 XXV.
705 5396 999 5453 Petcndum
1037 5398 1104 5452 ab
1127 5398 1470 5467 imperatore,
1511 5407 1570 5453 ut
1598 5407 1885 5467 statuatur,
1920 5419 1987 5459 ne

418 5487 602 5543 clerici
638 5490 707 5544 de
727 5487 916 5558 judicii
941 5489 1024 5544 sui
1066 5490 1388 5560 cognatione
1420 5490 1627 5562 [Forte,
1653 5493 1984 5568 cognitione]

418 5588 679 5651 cogantur
704 5581 758 5636 in
783 5582 998 5653 publico
1031 5581 1400 5638 testimonium
1430 5582 1632 5638 dicere.

490 5708 516 5737 ι
559 5694 719 5763 Lege,
747 5694 935 5763 (cuius.
968 5693 1142 5748 llann.

2157 3940 2317 3996 XLII.
2348 3941 2420 3999 Ut
2437 3942 2672 4014 episcopi
2695 3942 2763 3999 ad
2786 3943 3077 4000 concilium
3094 3943 3332 4011 veniant,
3354 3943 3463 3999 nisi
3487 3942 3667 4015 aliqua

2089 4035 2239 4105 gravi
2267 4034 2590 4093 necessitate
2627 4034 3009 4107 impediantur.

2160 4127 2338 4182 XLIII.
2412 4126 2484 4184 Ut
2532 4127 2818 4199 episcopus
2865 4129 3081 4184 invasor
3124 4126 3286 4185 alieni
3323 4128 3666 4198 episcopatus

2089 4216 2392 4283 damnetur,
2436 4216 2485 4273 si
2528 4225 2753 4274 vocatus
2788 4216 2858 4273 ad
2893 4217 3157 4288 synodum
3193 4216 3379 4273 venire
3417 4226 3663 4274 contem-

2086 4307 2274 4378 pserit,
2300 4305 2545 4376 aliusque
2569 4305 2869 4363 ordinetur.

2158 4396 2344 4452 XLIV.
2384 4396 2538 4465 Quod
2567 4396 2890 4452 dissidentes
2931 4395 3111 4468 populi
3146 4395 3408 4466 impedire
3433 4412 3542 4455 non
3571 4398 3667 4454 de-

2013 4507 2065 4571 ι)
2087 4490 2265 4551 beant,
2288 4488 2417 4558 quin
2441 4488 2721 4558 episcopus
2744 4484 2894 4542 eis...

2160 4580 2321 4635 XLV.
2371 4578 2443 4635 Ut
2477 4575 2737 4641 clericus,
2792 4575 2839 4631 si
2883 4583 3008 4646 post
3042 4573 3665 4635 excommunicationem

2089 4685 2244 4726 suam
2290 4666 2432 4724 infra
2475 4680 2676 4721 annum
2704 4679 2922 4723 causam
2961 4681 3113 4721 suam
3153 4679 3386 4737 purgare
3413 4676 3665 4723 contem-

2087 4758 2278 4830 pserit,
2307 4759 2520 4828 penitus
2540 4756 2791 4824 deinceps
2818 4768 2924 4809 non
2945 4748 3212 4810 audiatur.

2159 4849 2346 4906 XLVI.
2385 4847 2445 4903 Si
2484 4847 2607 4918 quis
2631 4846 2915 4916 episcopus
2950 4844 3017 4900 de
3038 4844 3144 4900 alio
3171 4846 3503 4909 monsterio
3545 4862 3667 4904 sus-

2091 4950 2306 5013 ceptum
2356 4955 2467 4995 sua:
2516 4938 2759 4994 ecclesia:
2821 4937 3169 5008 praepositum
3192 4978 3209 5002 ,
3266 4940 3352 4995 vei
3404 4939 3663 4997 clericum

2090 5028 2444 5095 ordinaverit,
2494 5027 3011 5093 excommunicetur,
3038 5042 3141 5083 nec
3168 5027 3258 5084 ille
3284 5028 3548 5096 clericus,
3579 5031 3663 5086 vel

2091 5122 2411 5194 prmpositus
2436 5126 2762 5191 perseveret.
2947 5200 2951 5204 λ
3055 5110 3065 5114 ’

2164 5214 2371 5273 XLVII.
2417 5213 2475 5270 Si
2518 5213 2641 5286 quis
2678 5213 2963 5283 episcopus
2991 5214 3233 5272 hmredes
3270 5216 3556 5275 haereticos
3578 5218 3666 5275 vel

2092 5321 2331 5380 paganos
2373 5305 2614 5363 ecclesiae
2654 5305 2975 5374 praetulerit,
3001 5306 3088 5365 vel
3112 5315 3233 5378 post
3259 5318 3489 5366 mortem
3534 5326 3667 5368 ana-

2097 5398 2496 5462 thematizetur,
2524 5410 2626 5452 nec
2662 5410 2858 5454 nomen
2905 5394 3022 5466 eius
3056 5396 3198 5454 inter
3223 5397 3319 5455 Dei
3357 5401 3666 5459 sacerdotes

2088 5489 2361 5546 recitetur.

2161 5578 2387 5636 XLVIII.
2428 5577 2499 5634 Ut
2544 5576 2736 5632 altaria
2771 5577 2840 5634 ab
2883 5577 3147 5650 episc0pis
3178 5587 3528 5648 evertantur,
3570 5580 3662 5636 ubi

497 5766 523 5807 ιν
558 5755 715 5835 Lege,
744 5761 931 5833 legatio
953 5763 1231 5833 dirigatur.
1257 5763 1456 5820 Deinde
1485 5764 1535 5819 in
1561 5764 1713 5823 titulo
1732 5775 1987 5837 sequente

2137 5778 2181 5818 γι
2216 5779 2228 5816 :
2259 5763 2311 5816 in
2338 5757 2732 5815 incontinentes.
2765 5755 2935 5813 Hann.
