3992 6176
294 631 555 774 ωὲῑῐῗᾶ.
597 713 670 770 Ut
712 712 780 766 ab
805 708 1055 781 episcopo
1105 698 1550 772 Carthaginensi,
1598 712 1723 754 cum
1748 709 1885 765 opus

296 807 461 865 fuerit
477 848 492 873 ,
521 802 761 861 omnium
787 800 1163 869 episcoporum
1185 790 1403 873 nomina
1427 789 1701 844 dictentur
1717 826 1732 851 ,
1757 785 1887 840 sub-

297 860 610 958 scrihahtur
646 860 843 947 litteris
877 888 932 942 in
963 860 1198 941 concilio
1227 860 1466 937 dictatis.

295 988 367 1066 In
409 1004 763 1076 manuscripto
798 1001 975 1056 codice
1009 997 1193 1120 decisum
1232 991 1456 1058 numeri,
1488 1008 1521 1044 α
1551 1003 1679 1044 xux
1724 1001 1890 1057 usque

1008 1084 1040 1120 α
1098 1082 1187 1120 1.x.

1008 1082 1076 1123 aa
1098 1082 1187 1121 LX.

368 1171 485 1226 LX.
528 1168 600 1226 Ut
629 1164 869 1236 episcopi
905 1161 996 1233 qui
1024 1159 1293 1230 posterius
1315 1154 1550 1213 ordinati
1569 1159 1716 1216 sunt,
1741 1151 1891 1221 prio-

244 1293 281 1303 -
300 1263 452 1318 ribus
478 1274 536 1314 se
561 1273 669 1311 non
693 1256 926 1310 audeant
951 1249 1244 1306 anteferre.

372 1353 508 1409 LXI.
538 1349 617 1405 Ne
644 1354 898 1403 accusato
926 1344 1180 1415 episcopo
1237 1341 1577 1412 episcopatus
1595 1333 1886 1399 adimatur,

301 1424 616 1520 priusquam
646 1455 808 1495 causa
834 1437 951 1507 eius
977 1435 1285 1492 deﬁniatur.

372 1534 528 1593 LXII.
569 1532 640 1590 Ut
665 1530 906 1602 deposito
928 1527 1179 1600 episcopo
1209 1525 1377 1581 libere
1396 1534 1685 1578 successor
1707 1517 1890 1587 requi-

303 1636 554 1773 ιὫῗὶῖῐῐί.
580 1714 653 1772 Ut
680 1712 917 1784 episcopi
940 1711 1030 1781 qui
1054 1708 1375 1766 ordinantur
1396 1706 1465 1761 ab
1484 1699 1890 1760 ordinatoribus

303 1809 438 1872 suis,
462 1805 719 1878 epistolas
747 1802 1015 1872 accipiant
1043 1815 1164 1869 qua:
1192 1799 1333 1853 diem
1358 1805 1414 1852 et
1439 1793 1719 1851 consulem
1747 1804 1888 1861 prte-

1525 396 1910 459 COLLEC'I‘IO
1948 394 2322 455 ‘CANONUM.

2008 684 2009 687 “
2060 693 2275 749 LXXX.
2314 692 2387 750 Ut
2406 699 2696 765 pergentes
2717 691 2785 747 ad
2812 684 3149 755 comitatum,
3179 705 3402 747 causam
3426 705 3581 746 suam

1990 785 2075 840 vel
2101 784 2513 854 Carthaginensi
2535 782 2616 838 vel
2643 782 2890 838 Romano
2910 781 3156 851 pontiﬁci
3177 781 3469 837 insinuent.

2062 873 2297 929 LXXXI.
2341 873 2412 930 Ut
2438 888 2581 928 unus
2613 872 2903 943 episcopus
2948 885 3058 926 non
3079 870 3185 925 sibi
3220 869 3457 925 vindicet
3482 884 3578 924 co-

1991 966 2286 1040 gnitionem
2332 965 2400 1021 ab
2441 964 2680 1020 Honorio
2713 971 2771 1020 et
2810 961 3117 1018 Theodosio
3159 960 3582 1031 imperatoribus

1992 1065 2183 1113 contra
2207 1054 2506 1126 Pelagium,
2528 1053 2867 1110 Ctelestium.

1996 1210 2126 1267 Octo
2151 1211 2325 1283 capita
2350 1227 2468 1283 quin
2508 1217 2799 1283 sequuntur
2824 1208 2879 1263 in
2920 1204 3322 1276 Carthaginensi
3354 1202 3577 1259 concilia

2352 1280 2447 1335 sub
2488 1280 2817 1334 anathemate
2850 1286 3048 1330 statuta
3077 1285 3219 1333 sunt.

2063 1410 2322 1468 LXXXII.
2347 1409 2502 1479 Quod
2526 1409 2700 1464 Adam
2742 1422 2850 1463 non
2880 1406 3204 1463 necessitate
3228 1412 3456 1472 natum,
3482 1401 3580 1460 sed

1992 1519 2095 1574 pro
2118 1501 2324 1572 peccati
2351 1501 2546 1556 merito
2582 1507 2914 1555 moreretur.

2063 1592 2346 1650 LXXXIII.
2387 1593 2543 1660 Quod
2567 1594 2781 1664 parvuli
2821 1594 2877 1649 in
2916 1591 3294 1649 remissionem
3328 1596 3581 1661 peccato-

1995 1697 2116 1738 rum
2140 1681 2506 1751 baptizentur.

2064 1774 2351 1831 LXXXIV.
2389 1773 2548 1842 Quod
2590 1775 2762 1845 gratia
2791 1774 2886 1831 Dei
2909 1789 3017 1830 non
3059 1774 3233 1830 solum
3258 1771 3446 1827 tribuit
3485 1783 3578 1825 re-

613 1858 883 1965 deineeps.
896 1896 961 1950 de
974 1858 1386 1964 posterioribus,
1405 1887 1489 1944 vel
1517 1858 1888 1941 anterioribus
1916 1858 1965 1921 Β
1992 1867 2303 1923 ωίεείοηθπι
2318 1875 2686 1938 Ρεοαιῑοηιω,
2709 1866 2805 1923 sed
2829 1867 2994 1923 etiam
3011 1872 3233 1937 prastat
3253 1862 3579 1933 adiutorium

300 1988 583 2046 altercatio
620 1986 732 2041 fiat.

373 2077 561 2133 LXIV.
615 2076 688 2132 Ut
732 2075 1045 2145 quicunque
1079 2073 1133 2127 in
1168 2070 1400 2128 ecclesia
1429 2068 1514 2124 vel
1537 2066 1705 2123 semel
1738 2065 1890 2136 lege-

303 2174 397 2238 rit,
424 2174 492 2228 ab
521 2172 624 2227 alia
654 2169 882 2226 ecclesia
912 2169 981 2223 ad
1001 2166 1318 2223 clericatum
1352 2178 1460 2218 non
1485 2169 1753 2217 teneatur.

375 2263 538 2319 LXV.
568 2262 640 2319 Ut
663 2261 958 2317 Donatistae
990 2259 1045 2312 in
1072 2256 1298 2328 singulis
1330 2253 1641 2310 civitatibus
1684 2251 1752 2306 ab
1778 2249 1893 2320 epi-

305 2354 484 2422 scopis
514 2353 906 2408 conveniantur
947 2348 1222 2418 utrinque.

374 2442 558 2499 LXVI.
611 2441 688 2497 Ne
733 2440 942 2514 [Forte,
975 2437 1056 2510 ut]
1108 2437 1335 2509 quaestio
1359 2451 1479 2506 quae
1510 2433 1819 2491 Donatistas
1839 2438 1894 2487 et

305 2535 603 2592 catholicos
624 2535 692 2590 ab
721 2532 951 2589 invicem
978 2530 1250 2602 separavit
1268 2529 1494 2599 pacifice
1532 2532 1820 2582 tractetur.

376 2624 582 2681 LXVII.
626 2624 696 2681 Ut
739 2623 1067 2689 Donatistae,
1136 2622 1268 2692 qui,
1323 2619 1547 2691 paciﬁca
1610 2617 1895 2689 praemoni-

311 2716 456 2772 tione
488 2721 827 2785 contempta,
859 2712 1159 2770 catholicos
1206 2711 1462 2766 infestare
1503 2724 1610 2764 non
1658 2715 1891 2770 cessant,

308 2802 529 2860 militari
575 2803 777 2859 auxilio
823 2804 1281 2865 submoveantur,
1332 2798 1472 2854 sicut
1519 2805 1574 2852 et
1620 2795 1896 2868 apostolus

308 2898 658 2953 factiosorum
685 2895 1139 2965 conspirationem
1176 2891 1465 2948 submovit.

378 2987 607 3045 LXVIII.
640 2988 719 3044 Ne
747 2987 986 3058 episcopi
1034 2985 1102 3039 ad
1147 2982 1507 3040 transmarina
1544 2979 1702 3037 facile
1725 2980 1894 3051 proli-

310 3081 601 3147 ciscantur,
634 3081 679 3136 si
706 3080 1044 3149 accipiant...

379 3164 567 3224 LXIX.
622 3168 694 3225 Ut
734 3168 1038 3224 universale
1062 3166 1349 3223 concilium
1396 3181 1503 3221 non
1534 3164 1628 3219 fiat
1660 3161 1764 3218 nisi
1791 3177 1893 3232 pro

309 3261 630 3316 necessitate
660 3259 1026 3315 communium
1079 3272 1397 3323 causarum;
1432 3263 1492 3311 ut
1544 3269 1740 3319 causa,
1771 3269 1892 3323 quae

310 3366 629 3408 communes
646 3367 756 3407 non
780 3359 927 3416 sunt,
955 3351 1010 3407 in
1035 3351 1147 3407 suis
1173 3349 1468 3421 provinciis
1489 3348 1829 3418 iudicentur.

382 3445 546 3501 LXX.
577 3445 635 3501 Si
659 3456 1012 3517 provocatum
1040 3446 1224 3512 fuerit,
1252 3446 1415 3518 eligat
1443 3445 1535 3516 qui
1568 3451 1895 3514 provocatur

312 3546 503 3594 contra
536 3550 658 3591 eum
693 3535 784 3606 qui
809 3543 1065 3606 provocat
1087 3535 1317 3608 iudices,
1362 3548 1394 3588 a
1420 3532 1614 3603 quibus
1641 3530 1896 3600 deinceps

312 3641 611 3701 provocare
636 3643 741 3682 non
769 3628 915 3681 licet.

382 3717 569 3774 LXXI.
605 3717 678 3774 Ut
712 3718 779 3771 ab
813 3717 1139 3785 imperatore
1161 3712 1468 3783 postuletur
1506 3711 1893 3767 advocatorum

316 3808 557 3863 defensio
582 3822 681 3877 pro
706 3806 886 3861 causis
914 3804 1192 3860 Ecclesiae.

387 3897 597 3954 LXXII.
627 3897 693 3953 Ut
720 3896 906 3967 plebes
925 3912 1045 3965 quae
1064 3896 1373 3965 episcopum
1399 3909 1675 3965 nunquam
1696 3893 1898 3949 habue-

217 4022 220 4026 λ
317 3997 483 4052 runt,
525 4002 633 4041 non
660 3986 931 4054 accipiant
959 3984 1268 4056 episcopum
1310 3985 1415 4041 nisi
1462 3984 1787 4041 destinatum
1831 4000 1899 4041 ex

318 4077 563 4150 plenario
594 4075 823 4133 concilio
847 4077 1249 4147 provinciarum
1277 4084 1332 4132 et
1357 4075 1605 4147 primatis
1631 4089 1899 4132 consensu

318 4168 554 4238 episc0pi
577 4168 645 4223 ad
671 4165 825 4237 cuius
842 4167 1124 4224 dioecesim
1151 4167 1436 4238 pertinuit.

386 4259 618 4315 LXXIII.
675 4257 746 4316 Ut
787 4259 970 4329 plebes
1010 4276 1042 4314 a
1088 4260 1382 4316 Donatistis
1423 4272 1700 4317 conversae
1734 4259 1899 4314 etiam

319 4352 624 4413 lnconsulto
655 4352 871 4408 concilii
911 4351 1220 4423 episcopum
1246 4359 1403 4406 erant
1432 4349 1635 4424 [Forte,
1667 4348 1895 4423 creent].

390 4447 625 4507 LXXIV.
667 4445 821 4514 Quod
846 4447 1020 4503 vocati
1064 4447 1132 4502 ad
1152 4446 1437 4517 synodum,
1487 4445 1532 4501 si
1562 4444 1747 4502 venire
1769 4460 1901 4500 con-

322 4537 658 4606 tempserint,
687 4536 930 4591 damnari
961 4536 1171 4605 possint
1194 4544 1253 4590 ut
1281 4544 1649 4591 contumaces.

392 4627 601 4682 LXXV.
642 4628 847 4683 Placuit
876 4636 936 4682 ut
973 4628 1213 4683 Romana
1253 4634 1308 4682 et
1333 4625 1693 4682 Alexandrina
1723 4623 1898 4681 eccle-

322 4717 402 4773 sia
425 4717 653 4776 invicem
687 4716 1056 4789 paciﬁcentur.

395 4806 625 4863 LXXVI.
657 4805 724 4862 Ut
742 4807 1045 4863 desertores
1057 4822 1302 4871 uxorum,
1327 4806 1409 4863 vel
1436 4806 1760 4862 desertrices
1784 4821 1901 4860 ma-

324 4897 553 4959 ritorum,
575 4905 667 4952 aut
693 4897 767 4951 ita
797 4905 1180 4968 permaneant,
1217 4903 1311 4950 aut
1356 4897 1458 4951 sibi
1486 4896 1902 4951 reconcilientur

315 4987 468 5058 juxta
490 4990 852 5059 evangelicam
872 4997 927 5043 et
945 4989 1295 5059 apostolicam
1332 4987 1652 5049 doctrinam.

395 5080 650 5138 LXXVII.
684 5080 754 5137 Ut
779 5080 882 5136 illa:
913 5088 1121 5137 tantum
1143 5095 1349 5149 preces,
1373 5062 1904 5151 prazfationes,com-

325 5170 728 5237 mendationes,
778 5171 862 5225 vel
894 5185 1089 5229 manus
1138 5171 1511 5241 impositiones
1543 5168 1905 5228 abromnihus

326 5260 693 5326 celebrentur,
731 5277 867 5331 quas
900 5263 1210 5331 probaverit
1238 5262 1544 5318 concilium.

397 5350 677 5406 LXXVIII.
727 5351 794 5407 Ut
837 5352 929 5421 qui
979 5353 1316 5423 publicorum
1360 5351 1686 5422 iudiciorum
1724 5353 1908 5425 cogni-

328 5443 530 5497 tionem
559 5443 624 5497 ab
659 5443 982 5512 imperatore
1018 5444 1389 5514 postulaverit.
1417 5445 1621 5499 honore
1645 5444 1905 5514 privetur.

327 5531 412 5587 Nil
459 5541 639 5587 autem
671 5533 840 5598 obsit,
869 5532 915 5588 si
953 5533 1075 5604 quis
1101 5534 1402 5606 episc0pale
1422 5534 1684 5606 judicium
1711 5536 1779 5592 ab
1810 5535 1911 5590 im-

326 5623 831 5696 acroamata“-

400 5692 633 5748 LXXIX.
687 5693 744 5748 Si
804 5693 1034 5751 clericus
1084 5694 1582 5752 excommunicatus
1624 5694 1680 5751 in
1726 5693 1910 5751 Africa

405 5817 428 5846 ι
459 5805 633 5863 Locus
657 5806 966 5863 mendosus.

1990 1974 2063 2015 ne
2082 1966 2356 2029 peccetur.
2901 1993 2906 1997 -

2062 2049 2326 2105 LXXXV.
2355 2049 2511 2117 Quod
2531 2048 2704 2120 gratia
2726 2047 2929 2103 Christi
2959 2061 3069 2102 non
3095 2044 3272 2101 sohtm
3295 2042 3583 2099 scientiam

1993 2143 2187 2199 tribuit
2219 2144 2348 2213 quid
2393 2155 2648 2212 agamus,
2696 2141 2794 2207 sed
2828 2139 2992 2195 etiam
3033 2137 3379 2193 dilectionem
3427 2132 3585 2189 nobis

1993 2232 2240 2303 inspirat,
2273 2241 2335 2288 ut
2373 2231 2518 2302 quod
2558 2230 2761 2286 scimus
2786 2228 3014 2299 implere
3036 2227 3333 2281 valeamus.

2064 2327 2348 2384 LXXXVI.
2378 2326 2534 2395 Quod
2561 2326 2682 2383 sine
2713 2326 2887 2396 gr..tia
2910 2324 3007 2381 Dei
3042 2322 3176 2378 nihil
3203 2320 3331 2378 boni
3359 2319 3585 2391 implere

1991 2419 2285 2490 possimus.

2063 2487 2373 2544 LXXXVII.
2413 2486 2568 2555 Quod
2611 2486 2786 2545 sancti
2827 2500 2954 2541 cum
2992 2493 3186 2541 sancto
3215 2482 3426 2539 Joanne
3473 2496 3583 2539 non

1993 2581 2167 2637 solum
2196 2596 2296 2652 pro
2322 2580 2768 2646 humilitate,.sed
2796 2577 2959 2635 etiam
2984 2592 3084 2647 pro
3107 2577 3401 2639 veritate...

2064 2669 2393 2726 LXXXVIII.
2435 2670 2590 2737 Quod
2618 2671 2673 2724 in
2702 2669 2946 2725 oratione
2976 2667 3256 2723 Dominica
3282 2664 3458 2721 sancti
3479 2679 3581 2735 pro

1994 2776 2056 2817 se
2083 2761 2288 2825 dicant,
2315 2760 2534 2814 Dimitte
2559 2758 2707 2814 nobis
2733 2758 2909 2813 debita
2930 2768 3131 2813 nostra.
3238 2765 3275 2801 ο

2066 2851 2356 2907 LXXXIX.
2397 2851 2555 2918 Quod
2590 2849 2858 2907 veraciter
2901 2848 3116 2905 dicatur
3151 2863 3185 2903 a
3218 2846 3452 2914 sanctis,
3493 2844 3585 2901 Di-

1994 2943 2143 2998 mitte
2166 2942 2315 2997 nobis
2334 2941 2511 2999 debita
2536 2952 2739 2997 nostra.
3336 2988 3339 2995 .

2066 3030 2177 3087 XC.
2220 3032 2291 3089 Ut
2314 3032 2568 3101 catholici
2596 3041 2653 3088 et
2673 3029 2969 3088 Donatista!
3001 3031 3058 3087 in
3082 3047 3188 3087 una
3213 3030 3437 3088 dioecesi
3465 3045 3584 3086 ma-

1997 3131 2205 3185 nentes,
2235 3123 2281 3178 si
2305 3124 2565 3179 adversus
2590 3121 2799 3197 [Forte,
2831 3131 2886 3179 et
2908 3124 2979 3179 ad
3009 3122 3272 3195 diversas]
3298 3122 3584 3177 cathedras

1919 3204 1968 3269 (Ξ
1995 3215 2330 3284 pertinentes
2377 3225 2504 3285 post
2556 3216 2965 3272 conversionem
3008 3215 3415 3270 Donatistarum
3441 3254 3456 3278 ,
3512 3213 3583 3268 ad

1995 3306 2142 3363 illam
2167 3307 2476 3363 cathedram
2501 3307 2662 3363 simul
2684 3307 3011 3381 pertineant,
3044 3304 3110 3359 ad
3138 3320 3303 3376 quam
3326 3304 3581 3361 catholici

1991 3398 2106 3469 iam
2135 3409 2261 3455 ante
2284 3400 2651 3469 pertinebant.

2065 3512 2317 3569 XCI..Ut
2345 3513 2599 3568 catholici
2626 3512 2864 3582 episcopi
2902 3517 2957 3567 et
2994 3524 3064 3565 ex
3108 3508 3405 3567 Donatistis
3452 3524 3584 3564 con-

1995 3606 2165 3670 versi,
2216 3605 2480 3663 dimceses
2518 3604 2641 3669 illas
2667 3605 2950 3675 aequaliter
2993 3604 3254 3667 dividant,
3308 3602 3586 3672 inquibus

1996 3702 2107 3751 tam
2149 3696 2445 3751 Donatista:
2487 3711 2648 3767 quam
2696 3695 2947 3752 catholici
2998 3692 3107 3764 iam
3150 3701 3278 3748 ante
3310 3707 3587 3748 comman-

1999 3796 2201 3843 serant.

2070 3877 2225 3934 XCII.
2262 3877 2331 3935 Ut
2353 3878 2531 3934 nullus
2558 3878 2843 3948 episcopus
2867 3876 3142 3933 dioecesim
3173 3882 3400 3945 repetat,
3422 3889 3586 3945 quam

1998 3967 2137 4025 alius
2154 3968 2440 4041 episcopus
2479 3971 2549 4026 ab
2577 3969 2769 4025 haeresi
2795 3969 3032 4027 liberans
3051 3966 3165 4037 iam
3193 3967 3425 4022 triennio
3456 3966 3582 4021 abs-

1997 4073 2104 4130 que
2129 4059 2222 4114 lite
2245 4059 2581 4133 possederat.

2070 4149 2251 4206 XCIII.
2288 4149 2365 4207 Ne
2393 4152 2631 4223 episcopi
2680 4152 2888 4222 plebes,
2937 4168 3075 4223 quas
3118 4149 3184 4208 ad
3212 4166 3270 4206 se
3313 4150 3586 4221 pertinere

1997 4248 2212 4310 putant,
2254 4243 2573 4300 inconsultis
2611 4244 2879 4314 episcopis
2916 4259 2953 4299 a
3014 4244 3209 4313 quibus
3256 4241 3583 4305 detinentur.

2000 4330 2230 4386 irruant.

2069 4421 2253 4477 XCIV.
2292 4421 2351 4478 Si
2397 4424 2684 4494 episcopus
2725 4440 2819 4480 sex
2847 4438 3090 4490 menses,
3117 4429 3240 4492 post
3264 4420 3587 4476 admonitio-

1925 4544 1979 4609 υ
2000 4530 2125 4572 nem
2172 4531 2382 4572 memor
2422 4530 2449 4558 ι
2479 4518 2852 4588 episcoporum
2876 4558 2892 4584 ,
2939 4516 3239 4589 neglexerit
3289 4514 3586 4572 catholicas

2000 4606 2216 4662 efﬁcere
2268 4608 2455 4678 plebes
2516 4607 2586 4663 ad
2643 4624 2796 4664 suam
2846 4609 3159 4665 cathedram
3210 4607 3581 4679 pertinentes,

1999 4696 2298 4766 quamlibet
2335 4712 2431 4753 eos
2470 4698 2744 4767 obtineat,
2770 4698 2865 4770 qui
2895 4698 3015 4754 illas
3056 4700 3124 4754 ab
3160 4698 3353 4754 hazresi
3387 4697 3587 4754 libera-

2000 4789 2161 4845 verit.

2071 4884 2233 4941 XCV.
2274 4884 2347 4942 Ut
2368 4884 2650 4955 episcopus
2673 4899 2703 4939 a
2719 4880 2995 4953 iudicibus
3016 4881 3374 4938 communiter
3398 4880 3586 4937 electis

2001 4991 2325 5058 provocasse
2343 4977 2589 5053 detectus
2604 5017 2620 5043 ,
2645 4975 3039 5031 contumaciter
3065 4974 3144 5029 eis
3166 4972 3359 5028 nolens
3377 4973 3587 5027 obtem-

2003 5083 2216 5138 perare,
2244 5068 2784 5125 excommunicetura
2805 5068 3034 5138 primate
3064 5080 3233 5134 usque
3252 5063 3359 5119 illis
3376 5062 3582 5119 obtem-

2007 5169 2259 5285 βῗὲγι.
2301 5227 2373 5284 Ut
2399 5227 2680 5298 episcopus
2705 5243 2856 5283 suam
2892 5224 3171 5281 dioecesim
3202 5223 3270 5279 ab
3304 5221 3497 5279 bmresi
3520 5220 3585 5277 li-

2007 5321 2199 5377 berare
2225 5319 2412 5376 nolens
2442 5329 2496 5374 et
2522 5319 2824 5390 negligens,
2842 5316 3368 5374 'excommunicetur.

2079 5412 2282 5469 XCVII.
2325 5411 2396 5468 Ut
2414 5412 2648 5482 episcopi
2672 5410 3004 5466 Donastistas
3028 5409 3129 5466 sibi
3158 5405 3585 5464 communicasse

2009 5505 2220 5559 mentiti
2250 5506 2606 5571 deponantur.

2080 5595 2303 5654 XCVIII.
2353 5595 2423 5652 Ut
2451 5593 2634 5649 clerici
2677 5589 2783 5648 non
2811 5594 2879 5648 ad
2923 5591 3178 5649 Africana
3200 5590 3425 5649 concilia
3443 5630 3461 5657 ,
3487 5589 3584 5645 sed

2010 5690 2077 5746 ad
2114 5687 2472 5745 transmarina
2502 5693 2856 5758 provocantes
2882 5685 2951 5742 ab
2977 5683 3247 5742 Africanis
3267 5683 3321 5740 in
3347 5694 3583 5740 commu-
