3992 6176
275 273 412 331 1057

1201 264 1544 323 CAPITULA
1580 262 1677 317 AB
1703 256 2010 316 ADRIANO
2042 258 2226 318 ΡΔΡΑ
2265 258 2591 316 TMDITA.

3400 256 3539 324 l038

273 394 569 467 apostolica
612 390 933 448 auctoritate
972 394 1267 443 coan
1308 383 1417 454 (cui
1459 381 1703 451 iussione
1746 376 1854 431 Do-
1876 372 2292 442 Ajudieandus,
2332 374 2586 467 advenire
2634 357 2825 445 sponte
2865 374 3112 448 elegerit.
3160 376 3274 435 Nec
3317 380 3544 436 omnino

274 484 430 550 mini,
465 492 521 539 et
543 481 756 537 meritis
777 478 925 535 beati
949 476 1097 533 Petri
1130 474 1380 545 apostoli,
1407 471 1698 543 singularis
1728 484 1860 526 con-

272 574 672 646 gregandorum
697 569 1051 627 conciliorum
1091 565 1405 630 auctoritas,
1449 571 1504 619 et
1545 571 1860 619 sanctorum

275 678 545 719 canonum
588 676 652 716 ac
680 659 1111 715 venerandon
1149 655 1373 711 Patrum
1415 653 1648 710 decretis
1678 650 1862 707 multi-

273 755 491 826 pliciter
527 753 736 823 privata
766 750 966 806 tradita
1005 756 1088 804 est
1128 746 1409 818 potestas),
1451 758 1613 814 super
1641 744 1863 814 quibus-

277 845 413 899 libet
444 839 764 898 criminibus
792 838 1036 908 pulsatus
1063 836 1314 891 audiatur
1344 834 1429 887 vcl
1458 834 1765 903 impetatur.
1802 830 1862 887 Si

279 935 447 990 aliter
481 937 869 1003 prmsumptum
906 943 938 983 a
963 925 1294 996 quibuslibet
1336 923 1520 989 fuerit,
1566 923 1622 977 in
1663 936 1863 976 vanum

280 1026 579 1081 deducatur
601 1022 744 1092 quod
770 1019 1001 1090 egerint.
1041 1017 1153 1074 Nec
1185 1019 1328 1073 inter
1353 1015 1723 1072 ecclesiastica
1749 1012 1861 1068 ullo

278 1117 445 1173 modo
478 1113 829 1183 reputabitur,
865 1126 965 1166 nec
1012 1111 1149 1166 ullas
1189 1109 1410 1165 habebit
1434 1108 1576 1162 vires
1604 1104 1864 1176 quidquid

284 1205 384 1280 [ei]
414 1205 734 1261 obviaverit.
767 1202 1032 1269 Quoniam
1063 1200 1252 1256 eadem
1284 1201 1460 1264 sedes,
1491 1206 1725 1253 testante
1752 1197 1862 1252 Ve-

283 1296 462 1353 ritatis
489 1308 644 1358 voce,
674 1293 969 1362 primatum
994 1290 1260 1358 obtinuit;
1290 1304 1391 1345 nec
1428 1291 1605 1359 prima
1631 1288 1862 1353 dicetur,

256 1388 331 1441 tsi
356 1386 519 1440 aliam
540 1398 708 1454 Super
736 1397 797 1441 se
826 1383 1069 1437 haberet.
1107 1380 1237 1448 Qua:
1265 1381 1428 1436 etiam
1455 1388 1615 1449 caput
1643 1387 1725 1433 est
1750 1392 1867 1432 om-

284 1474 846 1538 nium’Ecclesiarum,
872 1488 903 1528 a
927 1488 1033 1542 qua
1054 1488 1243 1528 omnes
1274 1486 1552 1541 sumpsere
1576 1470 1862 1541 originem.

284 1564 585 1622 Primatum
615 1564 761 1619 enim
792 1576 899 1618 non
928 1562 1274 1634 synodalibus
1303 1570 1396 1616 aut
1420 1560 1687 1630 aliquibus
1720 1575 1870 1615 com-

288 1659 488 1714 mentis
514 1657 710 1712 meruit
745 1657 1024 1721 institutis,
1061 1655 1155 1711 sed
1182 1655 1408 1711 Domino
1444 1652 1724 1724 largiente,
1770 1651 1862 1721 qui

289 1751 410 1806 ait:
439 1749 515 1804 Tu
555 1767 607 1805 cs
638 1748 848 1814 Petrus,
889 1758 936 1805 et
979 1764 1136 1820 super
1159 1748 1290 1801 hanc
1332 1744 1543 1800 Petram
1590 1743 1863 1813 wdiﬁcabo

289 1843 585 1900 Ecclesium
607 1860 775 1898 meam
806 1842 1021 1915 (Matth.
1048 1842 1194 1915 xvn);
1228 1851 1280 1897 et
1314 1841 1522 1911 reliqua
1551 1841 1679 1894 talia
1701 1847 1756 1895 et
1785 1838 1873 1894 his

289 1935 508 1991 similia.
545 1933 750 2000 Quibus
778 1934 824 1988 si
844 1934 1041 2003 aliquis
1069 1933 1300 2002 superbo
1327 1932 1518 2001 spiritu
1551 1931 1866 1992 obviaverit,

289 2025 744 2098 prmceptionibus
782 2039 888 2079 non
912 2031 1067 2079 exeat
1095 2023 1406 2093 impunitus,
1441 2021 1534 2077 sed
1562 2022 1761 2092 gradus
1788 2019 1871 2075 sui

291 2119 534 2191 periculo
563 2119 883 2189 subiacebit.
1010 2174 1019 2180 _

1033 2210 1123 2265 IV.

563 2302 641 2357 De
669 2301 999 2357 discutienda
1026 2299 1347 2353 accusatoris
1368 2314 1609 2369 persona.

366 2394 569 2467 (Addit.
598 2410 673 2459 tv,
704 2410 751 2446 c.
780 2391 891 2463 ll.)
917 2391 1126 2446 Placuit
1154 2398 1214 2461 ut
1242 2396 1455 2459 semper
1481 2390 1657 2459 primo
1687 2389 1741 2444 in
1787 2403 1877 2442 ac-

298 2487 577 2543 cusatione
621 2485 939 2540 clericorum
976 2478 1110 2537 ﬁdes
1158 2489 1214 2536 et
1239 2481 1349 2535 vita
1386 2480 1875 2561 blasphemantium

297 2583 686 2648 perscrutatur.
714 2573 851 2629 Nam
879 2574 1014 2628 ﬁdes
1054 2587 1244 2629 omnes
1268 2582 1425 2627 actus
1452 2572 1687 2627 hominis
1718 2572 1878 2625 debet

300 2666 624 2737 praecedere,
657 2664 780 2732 quia
806 2663 999 2718 dubius
1034 2663 1089 2717 in
1133 2663 1236 2719 ﬁde
1275 2662 1504 2718 inﬁdelis
1531 2671 1635 2717 est.
1661 2661 1771 2717 Nec
1798 2662 1879 2715 eis

300 2755 521 2809 omnino
537 2768 657 2808 esse
675 2750 1022 2817 credendum,
1039 2752 1131 2821 qui
1154 2752 1396 2806 veritatis
1420 2752 1579 2805 ﬁdem
1606 2752 1875 2821 ignorant,

299 2851 395 2899 aut
414 2860 521 2899 non
546 2842 1153 2898 rectae‘conversationis
1176 2843 1342 2896 vitam
1374 2840 1594 2908 ducunt,
1622 2841 1879 2911 quoniam

303 2934 438 2990 tales
458 2932 625 2989 facile
653 2940 708 2988 et
747 2930 1114 2987 indifferenter
1143 2932 1381 2986 lacerant
1423 2941 1477 2986 et
1524 2932 1881 2987 criminantur

1956 479 1988 519 a
2013 479 2285 535 quoquam
2308 466 2636 537 respondere
2657 475 2905 537 cogatur,
2927 475 3215 538 antequam
3245 470 3427 525 omnia
3455 470 3542 525 in-

1958 556 2246 627 tegerrime
2272 571 2393 626 qua:
2414 570 2510 627 per
2537 558 2909 627 suggestiones
2944 558 3287 615 inimicorum
3314 575 3539 617 suorum

1959 647 2215 702 amiserat
2236 647 2487 716 potestati
2522 645 2641 716 ejus
2665 649 2732 703 ab
2767 646 3069 705 honorabili
3092 651 3321 707 concilio
3361 652 3544 710 redin-

1960 746 2260 808 tegrentur,
2290 746 2344 793 et
2368 738 2563 809 praesul
2581 740 2731 808 prius
2756 739 2923 795 statui
2946 740 3178 810 pristino
3200 744 3537 811 restituatur;

1960 838 2015 885 et
2041 831 2155 900 ipse
2179 830 2454 899 dispositis
2478 832 2851 902 ordinatisque
2883 834 3053 891 libere
3086 850 3151 891 ac
3190 851 3380 892 secure
3406 839 3541 905 suis,

1962 930 2092 979 tunc
2114 923 2373 979 canonice
2402 933 2753 989 convocatus.
2784 926 2852 981 ad
2878 935 3090 999 tempus
3125 929 3333 1000 synodo
3380 929 3435 986 in
3469 932 3546 987 le-

1962 1014 2151 1083 gitima
2178 1023 2232 1071 et
2261 1016 2520 1070 canonica
2565 1016 2745 1071 veniat
2775 1019 2842 1073 ad
2875 1034 3117 1085 causam,
3139 1030 3196 1075 et
3220 1022 3267 1076 si
3294 1022 3370 1076 ita
3401 1020 3548 1092 juste

1964 1103 2196 1169 videtur,
2261 1100 2628 1161 accusantium
2690 1109 3146 1178 propositionibus
3199 1113 3542 1183 respondeat.

1965 1193 2099 1248 Nam
2125 1196 2229 1249 hoc
2260 1211 2600 1267 summopere
2624 1200 3012 1269 providendum
3039 1212 3143 1269 est,
3167 1220 3234 1260 ne
3256 1188 3544 1278 antequam

1964 1285 2082 1339 hate
2107 1285 2284 1340 omnia
2318 1285 2450 1341 ﬁant
2476 1296 2697 1343 coactus
2724 1293 3065 1360 respondeat,
3109 1295 3235 1360 quia
3272 1298 3547 1354 contentio

1965 1388 2179 1444 semper
2203 1376 2421 1431 vitanda
2444 1387 2547 1434 est.
2589 1377 2770 1433 Adimi
2800 1397 3033 1454 namque
3066 1385 3315 1455 episcopo
3340 1389 3551 1458 episco—

1965 1477 2151 1535 patum
2195 1474 2484 1536 antequam
2532 1483 2709 1524 caussc
2742 1469 2858 1540 ejus
2899 1473 3077 1528 exitus
3106 1485 3387 1545 appareat,
3417 1478 3550 1535 nulli

1968 1551 2279 1610 Christiano
2315 1556 2487 1611 videri
2516 1556 2641 1626 jure
2680 1569 2876 1629 potest.
2908 1562 2985 1633 (6,
3011 1581 3063 1634 q.
3088 1565 3145 1632 '5,
3187 1564 3249 1621 Si
3275 1568 3549 1638 a'grotus.)

1969 1644 2120 1711 Quod
2161 1647 2206 1702 si
2231 1656 2501 1716 aegrotans
2538 1647 2703 1723 fuerit
2722 1648 3155 1723 episcopus,'aut
3199 1656 3378 1727 aliqua
3425 1673 3550 1714 eum

1972 1737 2152 1804 gravis
2179 1738 2473 1794 necessitas
2498 1738 2810 1809 detinuerit,
2834 1757 2934 1813 pro
2958 1758 3018 1800 se
3058 1742 3291 1814 legatum
3323 1748 3393 1804 ad
3428 1763 3557 1820 syn-

1972 1823 2133 1879 odum
2163 1826 2373 1891 mittat;
2418 1841 2519 1882 nec
2545 1841 2577 1881 a
2617 1831 2997 1886 communione
3032 1835 3411 1904 suspendatur,
3464 1836 3552 1892 cui

1972 1916 2179 1970 crimen
2222 1915 2542 1983 intenditur,
2569 1918 2675 1973 nisi
2713 1921 2784 1975 ad
2831 1936 3054 1977 causam
3090 1939 3246 1981 suam
3271 1926 3552 1982 dicendam
3626 1987 3633 1993 _

1972 2005 2266 2061 electorum
2305 2005 2551 2075 judicum
2597 2009 2685 2064 die
2722 2018 2921 2067 statuta
2948 2012 3144 2070 litteris
3169 2026 3428 2073 evocatus
3454 2018 3557 2074 mi-

1973 2097 2119 2152 nime
2162 2098 2483 2165 occurrerit,
2521 2100 2625 2156 hoc
2656 2110 2761 2166 est,
2788 2103 2892 2158 nisi
2939 2104 3046 2163 alia
3096 2111 3561 2179 praeoccupaverit

1972 2191 2289 2256 necessitas,
2319 2189 2461 2248 infra
2484 2192 2713 2249 duorum
2735 2193 2822 2251 vel
2840 2196 3004 2255 trium
3032 2199 3300 2255 mensium
3325 2202 3561 2270 spatium

1974 2289 2028 2336 et
2057 2296 2122 2336 eo
2164 2282 2413 2352 amplius,
2442 2292 2601 2353 prout
2650 2300 2815 2340 causa
2861 2287 3166 2344 dictaverit.
3195 2289 3350 2357 Quod
3391 2292 3440 2346 si
3490 2307 3560 2348 ex

1974 2383 2205 2443 utraque
2243 2384 2396 2444 parte
2432 2377 2498 2431 ad
2540 2391 2758 2433 causam
2803 2379 3086 2435 dicendam
3131 2383 3396 2459 venerint,
3430 2385 3557 2453 quia

1975 2481 2116 2520 unus
2152 2466 2354 2535 absque
2395 2467 2570 2523 altero
2612 2468 2787 2524 audiri
2836 2460 2947 2527 non
2990 2474 3166 2537 debet,
3214 2477 3561 2546 quaerendum

1974 2565 2060 2611 est
2086 2557 2138 2611 in
2159 2555 2385 2627 judicio,
2413 2558 2567 2628 cujus
2588 2559 2697 2614 sint
2716 2563 3146 2619 conversationis
3171 2575 3226 2619 et
3250 2564 3371 2621 ﬁdei
3399 2574 3562 2637 atque

1970 2647 2298 2715 suspicionis
2327 2657 2691 2714 accusatores,
2735 2660 2828 2708 aut
2862 2669 2968 2724 qua
3015 2654 3314 2711 intentione
3347 2658 3451 2713 hoc
3478 2658 3562 2713 fa-

1978 2745 2123 2791 etant
2151 2754 2164 2790 :
2193 2737 2318 2807 quia
2351 2740 2421 2794 ad
2454 2741 2557 2796 hoc
2602 2742 2814 2797 admitti
2852 2759 2960 2798 non
2993 2745 3208 2811 debent,
3256 2745 3362 2802 nisi
3408 2747 3565 2805 bona:

1978 2830 2401 2886 conversationis
2448 2840 2503 2886 et
2549 2843 2711 2888 recta:
2754 2834 2879 2890 ﬁdei
2921 2836 3045 2902 viri,
3086 2846 3143 2892 et
3188 2838 3225 2893 ii
3276 2839 3367 2909 qui
3416 2840 3566 2896 onmi

1978 2921 2281 2989 suspicione
2309 2933 2533 2978 careant
2559 2931 2614 2979 et
2637 2925 2779 2981 bona
2797 2927 2907 2981 vita
2937 2928 3199 2994 clareant,
3230 2944 3405 3000 neque
3421 2930 3563 2986 infa-

302 3030 451 3078 recte
482 3028 538 3077 et
570 3020 657 3091 pie
685 3022 929 3075 viventes
952 3029 1009 3075 et
1030 3021 1332 3076 credentes.
1362 3021 1486 3076 ideo
1518 3022 1752 3093 suSpicio
1786 3038 1877 3079 eo-

1980 3028 2094 3067 mes
2119 3015 2373 3069 existant.
2391 3015 2603 3083 Quodsi
2625 3027 2999 3076 accusatorum
3021 3035 3266 3091 personae
3294 3021 3565 3092 injudicio

301 3127 425 3168 tum
452 3111 786 3168 discutienda
811 3117 894 3165 est
919 3110 1094 3180 primo
1119 3119 1174 3166 et
1198 3110 1533 3183 corrigenda.

1056 3201 1123 3257 Ὗ.

307 3289 546 3358 Qualiter
566 3294 835 3366 cpiscopus
861 3291 931 3344 ad
967 3292 1224 3366 synodum
1254 3304 1561 3349 convocetur
1579 3302 1628 3349 et
1656 3295 1882 3366 qualiter

796 3364 851 3415 in
875 3378 937 3416 ea
956 3360 1023 3416 de
1047 3360 1140 3416 illo
1172 3374 1381 3446 agatur.

382 3453 582 3524 (Addit.
615 3470 691 3520 tv,
718 3470 766 3508 c.
798 3455 909 3527 ll.)
938 3454 1136 3514 Sancta
1161 3458 1398 3528 synodus
1433 3457 1674 3513 Romana
1700 3458 1835 3512 dixit
1865 3474 1880 3511 :

309 3542 437 3599 Haec
470 3552 597 3599 sunt
626 3560 747 3614 qua:
770 3547 1023 3617 deinceps
1050 3559 1271 3618 propter
1298 3549 1562 3602 malorum
1605 3549 1882 3603 hominum

306 3633 555 3698 insidias,
583 3634 676 3703 qui
723 3635 778 3688 in
827 3636 1125 3690 Ecclesiam
1148 3645 1206 3692 et
1232 3636 1629 3690 ecclesiasticos
1676 3634 1887 3690 indill'e-

308 3730 495 3777 renter
521 3725 747 3805 saeviupt
776 3724 942 3790 viros,
972 3724 1295 3780 conservari.
1311 3723 1617 3779 ﬁrmissime
1642 3724 1887 3780 volumus

306 3814 365 3867 in
384 3812 600 3867 saecula.
624 3812 682 3867 Si
704 3815 825 3883 quis
849 3816 1132 3889 episcopus
1148 3819 1216 3872 ab
1242 3816 1345 3881 illis
1372 3817 1775 3872 accusatoribus
1793 3818 1883 3886 qui

307 3901 599 3971 recipiendi
629 3910 777 3968 sunt,
814 3902 979 3958 fuerit
1010 3914 1317 3970 accusatus,
1348 3913 1630 3974 postquam
1671 3906 1785 3977 ipse
1817 3907 1886 3967 ab

290 3995 390 4050 eis
422 3992 745 4048 cbaritative
768 4003 1065 4051 conventus
1108 3994 1292 4062 fuerit,
1338 4005 1400 4051 ut
1448 3996 1619 4068 ipsam
1666 4011 1884 4051 causam

302 4082 602 4139 emendare
644 4083 856 4152 debeat,
905 4092 961 4140 et
998 4099 1120 4140 eam
1169 4088 1442 4157 corrigere
1487 4087 1740 4152 noluerit,
1774 4104 1883 4143 non

306 4175 438 4230 olim
466 4175 561 4230 sed
593 4183 720 4231 tunc
741 4176 808 4233 ad
832 4192 1073 4235 summos
1097 4178 1356 4247 primates
1388 4193 1549 4235 causa
1574 4177 1693 4248 ejus
1718 4195 1883 4236 cano-

308 4260 431 4321 nice
472 4264 768 4322 deferatur.
818 4269 920 4336 Qui
958 4285 1199 4342 congruo
1230 4273 1289 4327 in
1337 4273 1479 4339 loco,
1526 4273 1666 4329 infra
1712 4275 1880 4344 ipsam

306 4359 669 4462 provinciam,
714 4370 953 4432 tempore
981 4378 1014 4417 a
1040 4365 1337 4421 canonibus
1369 4366 1592 4437 praeﬁxo
1625 4365 1879 4429 Nicenis,
1914 4400 1964 4462 υ

1983 3102 2354 3174 episcoporum
2393 3105 2688 3177 culpabiles
2732 3112 3101 3181 apparuerint,
3135 3114 3204 3167 ad
3229 3117 3565 3184 arguentium

1979 3206 2087 3245 non
2110 3193 2481 3258 admittuntur,
2512 3196 2614 3251 nisi
2642 3200 2889 3267 proprias
2917 3199 3204 3255 habuerint
3220 3217 3431 3268 causas,
3456 3219 3563 3260 non

1983 3288 2163 3336 tamen
2210 3284 2518 3340 criminales
2561 3287 2646 3339 vel
2683 3288 3101 3344 ecclesiasticas.
3147 3288 3368 3347 Infamia
3419 3295 3565 3351 enim

1980 3381 2212 3444 persona
2242 3391 2345 3430 nec
2380 3387 2704 3445 procurator
2741 3387 2922 3448 potest
2962 3395 3101 3446 esse,
3150 3397 3252 3439 nec
3296 3385 3563 3455 cognitor.

1984 3464 2221 3518 Absente
2268 3479 2397 3520 vero
2446 3468 2756 3523 adversario
2798 3458 2911 3524 non
2957 3471 3209 3526 audiatur
3258 3486 3564 3542 accusator,

1983 3569 2088 3608 nec
2115 3556 2381 3610 sententia
2407 3558 2631 3613 absente
2660 3570 2813 3630 parte
2837 3562 2941 3616 alia
2972 3579 3002 3617 a
3020 3561 3204 3631 judice
3231 3566 3372 3623 dicta
3400 3568 3564 3624 ullam

1984 3642 2250 3698 obtinebit
2282 3644 2611 3702 ﬁrmitatem.
2640 3649 2823 3721 Neque
2852 3653 3048 3709 absens
3086 3671 3185 3726 per
3211 3657 3376 3715 alium
3403 3674 3566 3716 aecu-

1986 3753 2109 3794 sare
2131 3750 2222 3794 aut
2246 3742 2489 3797 accusari
2523 3752 2721 3814 potest.
2763 3747 2875 3804 Nec
2918 3747 3092 3807 aﬁinis
3119 3751 3276 3808 testis
3310 3731 3567 3819 admitta-

1987 3836 2091 3883 tur.
2124 3826 2403 3887 Neminem
2431 3849 2561 3904 ergo
2594 3836 2838 3893 exhiberi
2866 3839 2934 3895 de
2953 3826 3232 3911 provincia
3264 3846 3334 3900 ad
3348 3848 3569 3916 provin-

1986 3922 2125 3979 ciam
2150 3923 2235 3979 vel
2264 3925 2331 3982 ad
2365 3927 2683 3984 comitatum
2721 3939 2953 4001 oportet,
2982 3933 3088 3989 nisi
3134 3935 3204 3992 ad
3248 3937 3567 3997 relationem

1976 4012 2197 4085 judicis,
2225 4017 2292 4073 ad
2338 4032 2498 4089 quem
2544 4019 2708 4077 fuerit
2740 4023 3084 4095 appellatum,
3118 4026 3171 4083 id
3202 4035 3289 4083 est
3316 4036 3377 4084 ut
3416 4038 3572 4087 actor

1985 4123 2197 4179 semper
2237 4111 2313 4166 rei
2352 4110 2533 4167 forum
2576 4125 2853 4185 sequatur.
2886 4116 2944 4173 Si
2978 4118 3101 4188 quis
3123 4126 3303 4175 autem
3327 4119 3567 4192 judicent

1984 4201 2268 4255 adversum
2292 4202 2394 4256 sibi
2417 4205 2664 4269 senserit,
2690 4221 2877 4264 vocem
2898 4208 3270 4278 appellationis
3291 4212 3562 4278 exhibeat,

1983 4307 2146 4362 quam
2178 4292 2308 4347 nulli
2337 4302 2550 4362 oportet
2574 4297 2784 4367 negari.

2722 4407 2810 4462 Vl.

309 4452 596 4560 concilium
627 4455 896 4557 canonice
939 4470 1236 4514 convocare
1269 4458 1563 4525 debebunt,
1590 4459 1681 4514 .ita
1719 4467 1780 4515 ut
1817 4459 1886 4514 ab
1915 4452 1956 4462 ”
1989 4469 2058 4526 Ut
2087 4472 2133 4527 si
2166 4472 2284 4543 quis
2316 4452 2786 4560 metropolitanum}-
2797 4452 3103 4560 suspectum
3139 4481 3399 4550 Ιωῦαετίτν
3426 4484 3568 4557 πρωί

310 4544 561 4600 omnibus
593 4544 832 4615 ejusdem
864 4549 1156 4617 provincia:
1180 4551 1448 4621 episcopis
1486 4552 1541 4607 in
1571 4567 1639 4607 eo
1660 4550 1770 4623 [ea]
1794 4567 1889 4605 an-

312 4633 511 4689 diatur.
551 4635 612 4690 In
641 4651 749 4706 quo
774 4645 827 4693 et
856 4638 971 4707 ipse
1002 4641 1263 4696 canonice
1303 4649 1654 4703 convocatus,
1694 4641 1740 4694 si
1765 4655 1889 4696 eum

312 4734 407 4780 aut
436 4726 744 4795 inﬁrmitas,
783 4738 876 4784 aut
910 4732 1017 4786 alia
1061 4733 1243 4803 gravis
1284 4732 1580 4789 necessitas
1610 4746 1718 4787 non
1754 4732 1893 4789 deti-

313 4816 514 4885 nuerit,
540 4823 730 4878 adesse
751 4823 987 4890 debebit,
1009 4826 1133 4894 quia
1153 4825 1293 4880 ultra
1316 4826 1611 4896 provincize
1630 4827 1891 4883 terminos

314 4912 603 4967 accusandi
630 4921 757 4969 ante
782 4914 995 4970 licentia
1023 4931 1130 4971 non
1156 4924 1264 4981 est,
1293 4932 1456 4986 quam
1500 4918 1769 4973 audientis
1803 4934 1895 4973 ro-

312 5012 489 5074 getur.
537 5004 673 5061 Nam
712 5007 759 5062 si
806 5008 920 5064 suis
962 5006 1124 5065 fuerit
1171 5010 1334 5066 rebus
1378 5010 1728 5079 exspoliatns,
1775 5019 1893 5077 aut,

313 5095 457 5163 quod
479 5097 643 5162 absit,
670 5097 814 5167 quod
838 5098 1071 5154 alienum
1109 5101 1178 5156 ab
1200 5100 1453 5157 omnibus
1476 5101 1637 5158 debet
1662 5117 1783 5158 esse
1825 5102 1892 5157 ﬁ—

309 5183 544 5251 delibus,
568 5201 599 5241 a
639 5189 765 5243 sede
805 5190 1020 5259 propria
1060 5189 1283 5259 ejectus,
1330 5201 1424 5247 aut
1475 5192 1531 5247 in
1583 5193 1892 5249 detentione

312 5275 491 5346 aliqua
522 5292 554 5333 a
587 5277 700 5335 suis
717 5280 911 5336 ovibus
929 5278 1496 5351 fueritsequestratns,
1514 5290 1644 5339 tunc
1672 5284 1894 5340 canoni-

312 5382 400 5433 ce,
445 5379 735 5441 antequam
787 5373 839 5429 in
867 5373 1155 5442 pristinum
1186 5376 1507 5432 restituatur
1551 5376 1810 5434 honorem
1837 5384 1892 5431 et

314 5476 414 5515 sua
430 5463 615 5518 omnia
644 5479 765 5535 qua:
789 5464 999 5520 insidiis
1021 5464 1362 5523 inimicorum
1390 5484 1610 5524 suorum
1636 5468 1689 5524 ei
1713 5468 1888 5524 ablata

314 5550 549 5620 fuerant,
587 5555 1044 5627 redintegrentur,
1072 5573 1172 5613 nec
1184 5561 1507 5625 'convocari,
1534 5576 1634 5616 nec
1656 5560 1888 5629 iudicari

310 5644 533 5714 poterit,
558 5645 664 5703 nisi
690 5647 803 5718 ipse
827 5660 926 5717 pro
954 5663 1051 5704 sua
1087 5649 1433 5717 necessitate,
1462 5650 1681 5706 minime
1706 5657 1885 5706 tamen

2476 4545 2753 4615 primatem
2787 4545 3056 4602 audiatur.

2063 4635 2265 4707 (Addit.
2292 4651 2368 4701 tv,
2397 4654 2442 4690 ο.
2470 4637 2580 4708 15.)
2600 4636 2657 4693 Si
2682 4639 2805 4708 quis
2826 4649 3005 4695 autem
3027 4644 3295 4710 putaverit
3316 4659 3376 4702 se
3398 4660 3431 4700 a
3449 4660 3572 4716 pro-

1988 4725 2107 4797 prio
2120 4727 2533 4797 metropolitano
2549 4730 2784 4799 gravari,
2800 4732 2939 4800 apud
2950 4733 3235 4801 primatem
3252 4734 3567 4806 dimceseos,

1986 4827 2084 4877 aut
2113 4821 2251 4890 apud
2279 4818 2881 4892 Constantinopolitanae
2918 4823 3155 4881 civitatis
3196 4827 3397 4892 sedem,
3444 4834 3570 4897 agat

1984 4908 2265 4980 judicium,
2289 4922 2344 4967 et
2366 4912 2573 4983 reliqua

2725 5005 2836 5061 VII.

2290 5094 2370 5151 De
2395 5096 2661 5151 canonica:
2682 5096 3033 5152 accusationis
3062 5096 3264 5155 ordine.

2064 5185 2199 5256 (Lib.
2231 5202 2325 5251 vn,
2350 5204 2398 5241 c.
2425 5188 2511 5253 l5,
2533 5187 2685 5260 538.)
2708 5188 3080 5248 Accusationis
3100 5193 3344 5250 ordinem
3365 5194 3566 5254 dudum

1992 5280 2265 5337 canonicis
2294 5280 2598 5335 institutum
2625 5281 2854 5337 decretis
2881 5282 3086 5338 servari
3104 5281 3377 5351 iubemus.
3419 5284 3491 5342 Ut
3519 5284 3565 5342 si

1986 5372 2114 5440 quis
2137 5371 2456 5428 clericorum
2496 5373 2550 5427 in
2590 5373 2934 5430 accusatione
2972 5375 3215 5446 pulsatus
3243 5375 3425 5442 fuerit,
3458 5391 3567 5433 non

1988 5464 2172 5518 statim
2195 5478 2320 5518 reus
2348 5464 2647 5519 aestimetur
2677 5465 2768 5535 qui
2804 5466 3046 5524 accusati
3072 5467 3265 5537 potuit,
3292 5482 3360 5524 ne
3390 5466 3571 5537 subje~

1988 5561 2130 5609 ctam
2162 5554 2528 5609 innocentiam
2567 5554 2845 5612 faciamus.
2882 5556 2988 5612 Sed
3019 5559 3245 5629 quisque
3278 5551 3570 5630 [quisquis]

1986 5644 2077 5701 ille
2107 5652 2191 5702 est
2226 5646 2320 5715 qui
2355 5646 2561 5702 crimen
2590 5647 2839 5715 intendit,
2864 5648 2917 5703 in
2951 5647 3212 5719 judicium
3241 5647 3438 5713 veniat,
3472 5658 3569 5701 ηο-
