3992 6176
419 279 442 333 Ι
455 275 559 332 039

1440 242 1890 304 ANGELRAMNI
1933 235 2276 294 METENSIS
2315 228 2618 288 EPISCOPI

3543 212 3690 269 1060

417 402 544 445 men
557 383 633 439 rci
649 379 864 440 indicet,
881 367 1153 429 vinculum
1172 359 1535 431 inscriptionis
1556 355 1796 424 arripiat,
1821 358 1998 407 custo-
2025 352 2076 412 Α
2100 347 2243 404 facto
2266 346 2434 400 dabit.
2462 343 2570 398 Nec
2594 339 2926 408 reliquorum
2949 333 3146 404 aliquis
3166 331 3539 402 episcoporum
3561 343 3698 383 suo-

1760 444 1764 445 ν
1849 442 1859 445 μ
1953 439 1964 445 -
2416 436 2432 445 .
2478 443 2484 445 Α
2838 444 2848 445 ,
3044 426 3242 445 ,ιηῃ
3271 422 3549 445 ,μη-η,
3579 421 3667 445 Δ.-

535 457 1284 547 [cusuidiatlsimilitudinem
1301 450 1485 506 habita
1514 455 1695 500 tamen
1719 439 2000 541 dignitatis

423 529 799 623 aestimatione,
821 529 1056 623 patiatur
1076 540 1385 621 [potiatur];
1412 553 1512 593 nec
1529 536 1634 592 sibi
1658 535 1772 589 fore
1789 529 2002 587 noverit

425 657 699 718 licentiam
728 643 1038 704 mentiendi,
1062 654 1182 694 cum
1208 633 1599 691 calumniantes
1620 626 1690 681 ad
1710 623 2002 678 vindictam

428 755 614 823 poscat
643 736 941 799 similitudo
976 727 1244 801 supplicii.

1151 817 1283 874 Vill.

433 933 501 990 Ut
538 923 802 984 accusatio
847 915 1154 990 clericorum
1188 909 1329 990 intra
1373 898 1693 990 provinciam
1722 893 1838 964 ﬁat,
1867 899 1913 945 et
1949 897 2006 943 ut

855 983 1075 1057 pulsatis
1106 974 1365 1049 appellare
1393 972 1566 1024 liceat.

505 1092 580 1161 (5,
607 1103 659 1156 q.
689 1083 741 1148 6,
761 1079 820 1136 Si
844 1049 960 1147 quis
986 1069 1299 1125 clericus.-—
1314 1059 1492 1115 Addit.
1521 1071 1594 1120 IV,
1622 1071 1670 1161 c:
1692 1051 1771 1122 9.)
1803 1050 1874 1161 Si.
1887 1049 2009 1154 (ιιιῐέ

435 1141 664 1239 clericus
691 1141 867 1241 superi
878 1160 1206 1236 quibuslibet
1231 1151 1549 1210 criminibus
1574 1145 1815 1217 pulsatus
1849 1141 2014 1196 fuerit

439 1237 815 1343 inprovincia,
864 1259 917 1313 in
947 1269 1052 1324 qua
1087 1245 1334 1304 consistit
1357 1242 1446 1296 ille
1481 1237 1572 1308 qui
1599 1239 1861 1307 pulsatur,
1889 1247 2016 1288 suas

437 1334 626 1421 exerat
675 1354 935 1412 actiones,
983 1358 1085 1399 nec
1133 1338 1364 1394 aestimet
1413 1346 1537 1386 eum
1579 1334 1862 1382 accusator
1885 1338 2018 1379 suus

440 1459 568 1515 alibi
596 1462 690 1510 aut
716 1447 928 1518 longius
952 1435 1367 1512 pertrahendum
1389 1430 1455 1486 ad
1475 1426 1758 1498 judicium.
1782 1421 1862 1476 llli
1886 1433 2017 1518 vero

442 1509 1009 1618 ἷιὶίἱρυιεειυεῖυετίι,
1055 1529 1100 1584 si
1141 1525 1378 1596 judicem
1406 1523 1717 1588 suspectum
1744 1509 2014 1574 habuerit,

443 1640 603 1694 liceat
631 1628 921 1702 appellare.
1181 1683 1274 1739 Ix.

449 1793 607 1852 Salvo
626 1789 762 1846 sedis
785 1779 1082 1856 apostolica:
1108 1777 1356 1856 primatu,
1379 1786 1459 1856 res
1477 1767 1753 1856 provincia:
1769 1763 2021 1836 cujusque

809 1840 1040 1924 gynodus
1074 1840 1352 1918 provinciae
1377 1840 1656 1911 dispenset.

521 1953 660 2026 (Lib.
677 1965 754 2013 vi,
785 1923 1009 2013 c.7587.)
1042 1937 1202 1993 Salvo
1223 1934 1478 1987 Romanae
1504 1927 1756 1984 Ecclesiae
1777 1927 1831 1980 in
1852 1923 2026 1980 omni-

450 2020 554 2103 bus
573 2043 803 2114 primatu
820 2078 836 2103 ,
862 2031 1206 2090 manifestum
1233 2033 1316 2081 est
1341 2024 1485 2093 quod
1513 2020 1602 2076 illa
1634 2035 1753 2089 quae
1787 2027 1913 2073 sunt
1932 2031 2029 2086 per

453 2109 888 2203 unamquamque
929 2122 1281 2196 provinciam,
1317 2117 1447 2186 ipsis
1473 2112 1765 2185 provinciae
1793 2109 2030 2180 synodus

454 2231 745 2301 dispenset,
797 2224 938 2279 sicut
984 2219 1041 2275 in
1082 2216 1301 2272 Nictcno
1341 2217 1555 2267 constat
1592 2206 1869 2262 decretum
1911 2214 2032 2256 esse

461 2319 710 2380 concilio.

1208 2375 1275 2433 Χ.

457 2547 460 2550 ἢ
585 2475 769 2534 Omnis
804 2469 1068 2526 accusatio
1101 2469 1241 2522 intra
1266 2461 1586 2536 provinciam
1613 2454 1898 2512 audienda.

533 2567 722 2642 (Ibid.)
754 2565 904 2621 Ultra
934 2557 1225 2632 provincia:
1269 2553 1528 2642 terminos
1555 2546 1842 2604 accusandi
1873 2543 2042 2599 licen-

465 2631 553 2716 tia‘
568 2673 674 2713 non
702 2631 1097 2724 progrediatur.
1128 2643 1314 2702 Omnis
1349 2631 1620 2698 accusatio
1646 2637 1789 2691 intra
1814 2631 2034 2703 provino

465 2753 605 2808 ciam
627 2746 895 2809 audiatur,
926 2750 982 2797 et
1013 2755 1044 2794 a
1071 2731 1617 2806 comprovincialibus
1641 2726 1982 2783 terminatur.

1217 2824 1309 2880 XI.

472 2929 602 2997 ρυω
629 2921 807 2981 εωειιιί
843 2920 976 2990 leges
1019 2932 1123 2970 non
1144 2912 1459 2997 'adniittpnt,
1488 2925 1521 2961 a
1543 2905 1848 2960 clericorum
1872 2899 2057 2956 causis.

1093 2979 1410 3053 repellenda.

545 3088 681 3160 (Lib.
702 3099 800 3146 vn,
818 3099 864 3134 ε.
893 3079 951 3132 ll
966 3078 1003 3148 .)
1025 3071 1410 3129 Accusationes
1426 3076 1481 3122 ct
1503 3071 1863 3126 accusatores,
1885 3068 2048 3130 atque

474 3196 534 3236 ea
553 3151 766 3249 negotia
788 3187 906 3243 qua:
927 3167 1214 3223 smcularcs
1231 3178 1336 3217 non
1357 3159 1661 3216 adsciscunt
1680 3155 1846 3224 leges,
1870 3151 2050 3207 divina

476 3288 540 3326 ac
585 3245 840 3340 synodica
883 3259 1122 3316 funditus
1160 3271 1192 3309 a
1234 3251 1446 3309 clericis
1499 3246 1682 3329 repelli
1735 3245 2055 3300 auctoritate

478 3336 790 3420 censemus,
844 3354 968 3424 quia
1017 3349 1298 3417 indignum
1349 3352 1432 3398 est
1480 3339 1785 3410 superiores
1833 3337 1942 3407 pati
1987 3336 2055 3390 ab

480 3447 842 3510 inferioribus,
873 3457 992 3512 qua:
1019 3437 1300 3494 inferiores
1327 3435 1393 3489 ab
1419 3432 1497 3486 eis
1517 3429 1630 3501 pati
1663 3426 1983 3498 despiciunt.

1204 3527 1320 3583 ΧΗ.

542 3628 728 3685 Causa.-
755 3625 844 3679 ubi
871 3632 999 3677 ortae
1019 3629 1136 3675 sunt
1167 3615 1434 3687 ﬁniendw,
1465 3611 1608 3667 salva
1638 3608 2002 3681 appellatione.

557 3721 693 3792 (Lib.
724 3734 800 3784 vi,
831 3733 878 3769 e.
909 3712 1062 3784 287.)
1083 3707 1506 3764 Prudentissime
1535 3701 1936 3772 iustissimoque
1971 3697 2064 3752 Ni—

485 3829 632 3869 czuna
680 3810 792 3863 sive
842 3805 1092 3858 Africana
1135 3801 1349 3854 decreta
1381 3794 1700 3850 definierunt
1733 3803 2065 3860 quiscunque

487 3899 700 3970 negotia
727 3899 781 3950 in
817 3895 929 3948 suis
947 3893 1102 3954 locis,
1117 3889 1209 3943 ubi
1235 3896 1351 3941 orta
1379 3881 1871 3948 fucrint,ﬁnienda,
1896 3879 2067 3932 maxi-

489 4007 578 4050 me
607 3991 731 4061 quia
757 3985 1046 4052 unicuique
1071 3992 1385 4035 concessum
1411 3983 1511 4039 est,
1543 3975 1587 4027 si
1611 3973 1814 4042 judicio
1835 3971 2068 4026 offensus

493 4059 1044 4148 fueritcognitorum,
1077 4071 1143 4124 ad
1188 4066 1475 4123 concilium
1510 4079 1620 4118 sua:
1665 4060 1956 4131 provincia:
1985 4059 2068 4116 vel

493 4175 657 4230 etiam
689 4166 989 4225 universale
1013 4172 1328 4236 provocare.

1207 4247 1345 4305 XIII.

496 4355 740 4428 Episcopi
775 4351 924 4423 ejecti
954 4356 1002 4404 et
1032 4344 1241 4418 spoliati
1276 4351 1396 4464 asta
1423 4337 1804 4393 accusationem
1844 4334 2070 4388 redinte-

1181 4429 1308 4464 aran
1349 4429 1387 4464 ι.

1180 4429 1387 4484 grauat.

568 4515 758 4591 (Ibid.)
786 4509 994 4566 Placuit
1025 4507 1302 4576 episcopos
1329 4499 1529 4568 eiectos
1563 4505 1724 4567 atque
1759 4493 1873 4550 suis
1911 4494 2072 4548 rebus

499 4585 824 4676 exspoliatos
865 4596 1117 4654 ecclesias
1141 4591 1386 4663 proprias
1417 4589 1593 4660 primo
1623 4585 1861 4653 recipere
1893 4589 1947 4637 et
1976 4597 2074 4636 sua

502 4673 682 4753 omnia
701 4694 781 4748 eis
799 4689 968 4750 reddi,
993 4695 1047 4742 et
1066 4693 1254 4755 postea
1277 4681 1322 4736 si
1347 4681 1468 4750 quis
1493 4693 1587 4732 cos
1613 4690 1867 4730 accusare
1890 4673 2072 4749 vellet,

503 4799 658 4859 aequo
685 4781 924 4855 periculo
954 4777 1150 4832 facere.
1176 4771 1393 4827 'Judices
1419 4784 1540 4824 esse
1582 4767 1929 4822 decernentes
1969 4763 2080 4834 epi-

504 4852 703 4946 scopos
717 4878 862 4926 recta
886 4867 1173 4937 sapientes,
1197 4863 1250 4916 in
1265 4860 1546 4915 ecclesiam
1567 4856 1969 4919 convenientes,
1989 4852 2082 4909 ubi

509 4976 674 5022 testes
699 4967 882 5018 essent
905 4956 1238 5028 singulorum
1265 4951 1358 5020 qui
1379 4948 1624 5019 oppressi
1649 4946 1986 5001 videbantur.

1218 5063 1358 5120 XIV.

512 5144 579 5200 Ut
611 5140 1034 5213 metropolitanus
1077 5135 1300 5208 episcopi
1336 5147 1564 5213 ‘causam
1609 5131 1720 5184 sine
1759 5127 2083 5213 comprovin-

580 5196 818 5274 cialibu's,
844 5221 892 5265 et
919 5196 1186 5280 episcopus
1212 5196 1493 5277 presbyteri
1515 5216 1727 5255 causam
1751 5199 1863 5253 sine
1875 5196 2084 5252 clericis

583 5285 690 5338 suis
718 5299 822 5336 non
847 5281 1050 5334 audiat.

585 5374 784 5445 (Addit.
816 5388 890 5438 IV,
915 5390 969 5427 c..
990 5367 1099 5443 l0.)
1135 5367 1322 5424 Nullus
1345 5362 1788 5433 metropolitanus
1811 5360 2092 5428 episcopus

517 5469 721 5536 absque
773 5475 1092 5522 ceterorum
1140 5460 1379 5516 omnium
1423 5451 1951 5524 comprovincialium
1975 5451 2091 5520 epi-

521 5572 804 5625 scoporum
833 5553 1110 5613 instantia,
1133 5551 1431 5618 aliquorum
1463 5544 1644 5598 audiat
1671 5557 1863 5597 causas
1882 5557 2092 5607 eorum,

525 5647 651 5714 quia
681 5645 832 5697 irrita
862 5650 1040 5706 erunt,
1070 5641 1178 5694 imo
1225 5639 1387 5691 etiam
1432 5647 1649 5689 causam
1682 5633 1735 5686 in
1765 5631 1968 5702 synodo
1999 5645 2097 5700 pro

2100 455 2220 493 rum
2246 436 2585 492 sacerdotum
2609 445 2802 487 causas
2833 428 3014 484 audiat
3039 426 3245 494 absque
3271 422 3554 493 prasentia
3574 421 3698 476 cle-

2101 529 2336 582 ricorum
2363 539 2607 587 suorum,
2635 521 2761 590 quia
2796 519 2952 574 irrita
2993 517 3098 572 erit
3131 513 3399 570 sententia
3423 513 3696 584 episcopi,

2102 617 2207 672 nisi
2234 613 2518 685 praesentia
2549 611 2871 666 clericorum
2893 605 3264 663 conﬁrmetur.

2575 767 2578 770 .
2835 719 2954 774 XV.

2166 796 2538 852 Accusantium
2561 807 2835 863 personam
2869 798 2992 843 ante
3021 788 3197 842 omnia
3222 785 3629 840 discutiendam.

2174 888 2312 960 (Lib.
2336 902 2388 950 v,
2417 903 2465 938 c.
2497 883 2643 953 159.)
2674 881 2856 936 Primo
2879 893 3094 946 semper
3117 878 3229 932 vita
3253 884 3309 930 et
3343 889 3576 944 persons
3601 889 3706 928 ac-

2108 975 2413 1034 cusantium
2443 973 2728 1041 diligenter
2751 969 3072 1038 inquiratur,
3100 975 3155 1020 et
3183 975 3371 1037 postea
3393 980 3516 1033 qua:
3552 965 3706 1032 obji-

2111 1069 2327 1123 ciuntur
2363 1063 2593 1119 ﬁdeliter
2619 1067 3038 1131 pertractentur,
3065 1057 3191 1126 quia
3217 1054 3351 1109 nihil
3386 1053 3546 1108 aliter
3579 1053 3708 1108 ﬁeri

2112 1160 2291 1224 debet,
2313 1156 2418 1211 nisi
2448 1154 2816 1224 impetitorum
2841 1150 2992 1220 prius
3025 1148 3135 1203 vita
3161 1145 3500 1202 discutiatur.

2840 1261 2980 1316 XVI.

2117 1339 2188 1396 Ut
2212 1340 2293 1396 his
2317 1352 2540 1409 quorum
2565 1333 2777 1388 libertas
2815 1333 3061 1454 nesjitur,
3103 1342 3426 1399 nequaquam
3452 1335 3716 1380 accusent

2744 1419 2894 1454 sacer
2933 1412 3061 1454 οιει.
3502 1424 3511 1433 ⁸

2744 1412 3061 1457 ιασεναοιει.
3502 1424 3511 1433 ο

2187 1499 2325 1573 (Lib.
2353 1514 2427 1564 vi,
2456 1516 2504 1553 c.
2528 1494 2807 1564 276—278.)
2831 1493 2869 1548 li
2895 1492 2986 1562 qui
3013 1506 3117 1546 non
3140 1497 3266 1545 sunt
3294 1489 3441 1544 bona:
3465 1502 3722 1542 conver-

2121 1591 2365 1656 sationis,
2390 1589 2476 1644 vel
2510 1601 2738 1657 qnorum
2787 1585 2920 1640 ﬁdes
2945 1593 3000 1638 et
3047 1583 3168 1636 vita:
3193 1581 3415 1635 libertas
3433 1579 3720 1643 nescitur,

2047 1688 2094 1750 Β
2121 1700 2227 1742 non
2253 1688 2480 1752 possunt
2525 1677 2833 1734 sacerdotes
2862 1687 3136 1738 accusare,
3161 1686 3260 1726 nec
3292 1670 3424 1724 viles
3455 1685 3725 1740 persona:

2125 1777 2183 1831 in
2210 1772 2607 1831 accusationem
2633 1784 2819 1826 eorum
2845 1766 3218 1820 admittantur.

2269 1957 2337 2013 Ut
2368 1956 2677 2011 criminosus
2711 1879 2996 2005 act-ayss};
3026 1963 3196 2002 vocem
3225 1962 3325 1998 non
3354 1943 3564 1998 habeat.

2201 2053 2337 2122 (Lib.
2367 2067 2461 2115 vu,
2497 2067 2544 2102 c.
2575 2045 2688 2117 65.)
2718 2045 2868 2114 liqui
2903 2044 2956 2097 in
2986 2043 3255 2111 aliquibus
3279 2039 3600 2100 criminibus
3635 2043 3726 2098 ir-

2131 2145 2276 2201 retiti
2305 2150 2428 2197 sunt
2468 2141 2553 2195 vel
2581 2139 2674 2209 qui
2723 2147 2849 2192 sunt
2891 2134 3198 2204 suspiciosi,
3225 2148 3412 2188 vocem
3454 2131 3732 2186 adversus

2132 2235 2365 2303 majores
2386 2239 2514 2286 natu
2541 2245 2649 2285 non
2678 2230 2911 2283 habeant
2937 2223 3247 2290 accusandi,
3277 2222 3372 2277 sed
3390 2221 3428 2275 ii
3449 2220 3545 2290 qui
3565 2221 3727 2275 omni

2134 2324 2438 2394 suspicione
2467 2327 2708 2376 careant.

2391 2435 2555 2490 xvut
2592 2432 2734 2505 (va
2751 2407 2894 2496 ,ἶσα
2923 2430 3047 2484 Ant.
3075 2424 3510 2498 Augustinum].~

2139 2529 2192 2584 Ν
2199 2527 2334 2581 ullus
2357 2526 2627 2597 episcopus
2653 2521 2870 2575 alterius
2860 2518 3276 2642 Jarochianum
3315 2518 3554 2579 retineat,
3581 2515 3743 2568 ordi-

2691 2601 2798 2642 net.
2830 2608 2856 2642 v
2942 2589 3158 2642 iudicet.

2691 2601 2798 2656 net,
2830 2599 2905 2645 vet
2932 2599 3158 2659 judicet.

2213 2689 2350 2762 (Lib.
2379 2703 2498 2752 vni,
2530 2703 2577 2739 c.
2607 2684 2759 2756 2&9.)
2791 2681 2980 2737 Nullus
3017 2682 3298 2752 episcopus
3320 2678 3543 2734 alterius
3569 2691 3751 2747 paro-

2144 2780 2395 2837 chianum
2421 2783 2712 2845 praesumat
2734 2774 2969 2828 retinere
2992 2782 3086 2826 aut
3110 2772 3364 2827 ordinare
3386 2771 3591 2839 absque
3611 2767 3750 2837 eius

2117 2872 2121 2877 ’
2146 2871 2440 2934 voluntate,
2475 2867 2559 2923 vel
2582 2865 2846 2935 judicare,
2877 2864 3004 2933 quia
3029 2863 3172 2918 sicut
3199 2863 3352 2916 irrita
3380 2860 3482 2915 erit
3503 2860 3624 2927 ejus
3645 2875 3752 2914 or-

2149 2963 2374 3024 dinatio,
2405 2962 2477 3016 ita
2506 2970 2561 3016 et
2579 2959 2843 3028 iudicatio
2875 2955 3235 3027 ldijudicatio]
3265 2973 3278 3009 :
3315 2956 3570 3024 quoniam
3599 2970 3751 3010 Gell-

2153 3069 2334 3111 scmus
2356 3051 2559 3106 nullum
2590 3049 2811 3105 alterius
2851 3047 3072 3116 judicis,
3106 3046 3210 3100 nisi
3245 3046 3328 3100 sui
3360 3045 3630 3100 sententia
3666 3054 3759 3100 tc-

2154 3147 2290 3202 neri.
2318 3145 2454 3200 Nam
2479 3144 2571 3213 qui
2592 3157 2716 3196 eum
2743 3141 2996 3196 ordinare
3021 3154 3128 3193 non
3158 3139 3350 3207 potuit,
3376 3152 3475 3191 nec
3487 3135 3759 3204 judicare

2154 3238 2422 3296 ullatenus
2440 3234 2640 3306 poterit

2762 3320 2887 3375 XlX
2927 3318 3138 3392 [xvn].

2394 3413 2472 3467 De
2495 3405 2777 3484 peregrinis
2799 3410 3018 3484 iudiciis
3048 3425 3152 3462 non
3174 3407 3502 3477 recipiendis.

2233 3505 2422 3578 (Ibid.,
2445 3522 2492 3558 c.
2512 3504 2662 3572 250.)
2683 3501 2972 3571 Peregrina
2989 3499 3188 3569 judicia
3206 3499 3442 3569 generali
3464 3497 3764 3554 sanctione

2159 3598 2528 3669 prohibemus,
2558 3595 2684 3664 quia
2714 3593 2993 3664 indignum
3021 3599 3106 3647 est
3148 3599 3209 3645 ut
3245 3590 3312 3644 ab
3339 3590 3576 3644 externis
3595 3588 3763 3657 judi-

2163 3699 2337 3756 cetur,
2365 3688 2455 3758 qui
2482 3685 2837 3757 provinciales
2863 3693 2917 3739 et
2945 3699 2976 3738 a
3004 3699 3065 3738 se
3103 3683 3304 3737 electos
3321 3681 3504 3756 .debet
3547 3682 3767 3737 nabere

2160 3781 2394 3852 judices.
2764 3845 2857 3852 ___
2901 3821 2907 3852 ἐ

2764 3845 2864 3901 xx
2901 3843 3134 3918 [XVIII].

2170 3945 2238 4000 Ut
2264 3943 2531 4015 episcopus
2558 3949 2703 3994 extra
2728 3940 3046 4015 provinciam
3171 3937 3436 4015 judicium
3466 3955 3576 3991 non
3601 3955 3770 4015 uoce-

2239 4007 2342 4138 ἱιίν.
2376 4007 2523 4082 eique
2548 4007 2826 4081 provocare
2848 4008 3030 4073 liceat,
3062 4008 3106 4061 si
3125 4007 3333 4077 judices
3357 4017 3623 4077 suspectos
3661 4011 3770 4063 ιω-

2273 4093 2375 4136 eat.

2239 4173 2375 4246 (Lib.
2399 4188 2506 4235 vn,
2537 4187 2584 4225 c.
2612 4167 2772 4238 234.)
2828 4167 3018 4222 Nullus
3065 4167 3347 4237 episcopus
3390 4175 3546 4222 extra
3598 4183 3768 4224 suam

2169 4266 2502 4336 provinciam
2556 4265 2623 4318 ad
2660 4261 2922 4330 judicium
2971 4262 3284 4326 devocctur;
3315 4262 3408 4317 sed
3445 4273 3645 4316 vocato
3699 4281 3774 4319 eo

2103 4379 2152 4440 υ
2175 4357 2464 4417 canonice;
2499 4355 2554 4408 in
2602 4353 2720 4407 loco
2765 4352 3014 4406 omnibus
3049 4367 3304 4421 congruo,
3350 4362 3593 4422 tempore
3631 4367 3775 4424 syn-

2176 4447 2319 4502 oJali
2351 4447 2419 4500 ab
2443 4443 2695 4498 omnibus
2721 4442 3262 4510 eomprovincialibus
3289 4443 3555 4512 cpisc0pis
3578 4445 3778 4497 audia-

2179 4547 2299 4604 tur;
2331 4537 2424 4607 qui
2457 4537 2778 4592 concordem
2820 4549 2984 4603 super
3019 4549 3140 4589 eum
3185 4536 3607 4604 canonicumque
3627 4551 3775 4605 pro-

2181 4627 2322 4683 ferre
2345 4628 2540 4683 debent
2566 4625 2909 4681 sententiam.
2945 4624 3081 4692 Quia
3108 4625 3153 4679 si
3180 4625 3285 4680 hoc
3325 4625 3622 4681 minoribus
3653 4635 3778 4681 tam

2183 4718 2397 4776 clericis
2423 4731 2584 4786 quam
2613 4715 2764 4770 laicis
2789 4729 3102 4770 concessum
3136 4721 3234 4776 est,
3269 4721 3466 4783 quanto
3490 4715 3676 4786 magis
3709 4717 3781 4771 de

2184 4809 2450 4882 episcopis
2479 4808 2685 4863 servari
2731 4806 3022 4862 convenit?
3047 4805 3180 4860 Nam
3220 4807 3266 4860 si
3304 4806 3415 4874 ipse
3446 4808 3779 4876 metropoli-

2187 4911 2374 4956 tanum
2419 4906 2513 4953 aut
2557 4898 2768 4968 judices
2810 4905 3088 4964 suspectos
3122 4894 3388 4960 habuerit,
3417 4903 3509 4948 aut
3538 4894 3783 4950 infestos

2189 4991 2438 5056 senserit,
2467 4989 2609 5060 apud
2631 4987 2916 5058 primatem
2941 4987 3205 5043 dimcesos
3226 4994 3318 5040 aut
3343 4985 3481 5055 apud
3507 4985 3785 5042 Romam:

2189 5085 2334 5140 sedis
2361 5082 2668 5153 pontiﬁcem
2687 5078 2980 5150 iudicetur.
3349 5090 3354 5095 ·

2796 5170 2917 5226 xx:
2953 5169 3139 5242 [XIX].

2228 5265 2422 5333 Quales
2447 5279 2684 5336 persona
2716 5263 2784 5317 ad
2813 5263 3198 5316 accusationem
3227 5275 3329 5313 non
3365 5257 3747 5312 admittantur.

2265 5356 2341 5426 (3,
2372 5372 2424 5425 q.
2461 5371 2498 5418 ι,
2539 5353 2730 5408 Omnes
2778 5367 2895 5406 vero
2929 5349 3172 5419 infames.
3195 5375 3267 5388 ι·-
3293 5345 3409 5401 Lib.
3443 5361 3540 5410 vn,
3577 5363 3624 5400 c.
3659 5346 3788 5416 76.)

2193 5446 2403 5502 Placuit
2435 5455 2496 5501 ut
2525 5444 2705 5499 nullus
2733 5458 2940 5507 servus,
2970 5441 3149 5496 nullus
3187 5440 3430 5504 libertus,
3466 5438 3610 5493 nulla
3639 5438 3792 5491 iura-

2197 5539 2302 5593 mis
2332 5551 2564 5606 persona
2596 5533 2930 5590 sacerdotem
2975 5539 3212 5587 accuset.
3259 5528 3458 5585 Omnes
3485 5541 3614 5581 vero
3645 5525 3794 5580 infa-

2198 5643 2315 5685 mes
2341 5641 2461 5682 esse
2483 5626 2786 5688 didicimus,
2817 5636 2954 5692 quos
2977 5620 3121 5691 leges
3140 5618 3316 5674 s'ecnli
3346 5616 3575 5670 infames
3598 5614 3796 5684 appel-
