3992 6176
249 305 390 359 ,1061

269 421 391 481 lant,
427 426 483 471 et
501 428 692 472 omnes
712 413 803 484 qui
832 412 1004 482 culpis
1029 411 1367 481 exigentibus
1385 408 1453 462 ad
1479 407 1840 462 sacerdotium
1870 415 1917 469 Α

269 525 367 562 non
393 515 616 576 possunt
642 503 885 574 provehi.
925 502 1205 573 Indignum
1235 508 1318 587 est
1349 499 1493 553 enim
1539 507 1599 551 ut
1645 498 1720 551 illi
1751 512 1847 552 eos

267 604 536 659 accusent,
562 594 656 664 qui
681 609 800 649 esse
836 608 940 647 non
968 598 1196 661 possunt
1222 586 1367 658 quad
1393 586 1494 656 ipsi
1517 595 1681 641 sunt:
1713 601 1847 656 quo-

268 686 409 743 niam
452 686 592 740 sicut
633 683 864 752 majores
891 697 921 735 a
962 679 1262 735 minoribus
1285 675 1737 745 nonjudicantur,
1768 676 1845 730 ita

267 793 364 834 nec
393 775 670 834 criminari
700 782 949 844 possunt.

870 854 1219 928 XXH[XX}

267 949 333 1006 Ut
358 958 685 1005 accusatores
707 956 1000 1018 pmsentes,
1024 947 1221 1018 adsint,
1253 955 1302 1000 et
1327 945 1586 1000 accusatis
1615 944 1844 1014 spatium

647 1017 800 1072 detur
825 1018 893 1070 ad
915 1017 1178 1070 abluenda
1205 1018 1450 1070 crimina.

333 1112 482 1183 (Lib.
518 1126 630 1175 vn,
674 1127 721 1163 c.
766 1107 928 1178 150.)
972 1106 1182 1161 Placuit
1229 1116 1290 1160 ut
1338 1105 1518 1160 nullus
1561 1104 1844 1173 episcopus

266 1217 584 1276 quemquam
611 1200 930 1255 clericorum
964 1195 1210 1266 judicare
1232 1206 1326 1250 aut
1364 1196 1622 1250 damnare
1641 1209 1844 1264 praesu-

267 1302 394 1359 mat,
434 1292 538 1348 nisi
566 1298 850 1346 accusatus
875 1288 1144 1358 legitimos
1169 1293 1514 1340 accusatores
1549 1290 1845 1354 praesentes

266 1388 478 1452 habeat,
520 1384 804 1453 locumque
844 1378 1165 1437 defendendi
1205 1377 1437 1448 accipiat
1468 1377 1537 1432 ad
1579 1374 1844 1432 abluenda

265 1493 512 1536 crimina.
856 1541 1020 1599 xx!"
1054 1541 1244 1616 [xm].

263 1639 338 1695 De
363 1637 616 1709 episcOpis
657 1635 746 1705 qui
789 1635 859 1689 ad
903 1633 1199 1688 Romanum
1230 1630 1492 1703 appellant
1521 1628 1839 1700 pontiﬁcem.

1175 294 1512 352 CAPITULA
1557 293 1645 346 AB
1685 291 1990 348 AllRlANO
2025 290 2201 346 PAPA
2242 291 2566 347 TRADlTA.

3394 297 3532 351 4062

2511 405 2702 461 XXVII
2743 404 2959 477 [XXV].

1947 495 2123 567 Deiriis
2146 498 2235 566 qui
2280 497 2600 552 indiscussos
2633 507 2887 567 potestate
2927 498 3204 566 tyrannica
3230 499 3486 554 damnant
3513 517 3532 554 :

2019 566 2086 638 Et
2104 567 2252 638 quod
2277 568 2500 637 episcopi
2528 567 2604 621 vel
2633 566 2915 638 presbyteri
2942 584 3046 638 non
3073 567 3290 622 debeant
3319 569 3386 622 ab
3411 570 3534 626 aliis

2006 635 2266 704 judicari,
2293 635 2394 690 nisi
2425 635 2471 690 et
2497 655 2528 691 a
2561 635 2746 707 quibus
2774 635 3031 690 ordinari.

2019 725 2156 795 (Lib.
2188 742 2288 790 vII,
2323 744 2370 780 c.
2414 726 2565 799 2H.)
2597 725 2736 782 Sunt
2778 727 3018 782 nonnulli
3062 727 3152 796 qui
3205 727 3535 786 indiscussos

1943 826 2212 888 potestate
2255 819 2535 889 tyrannica
2566 835 2671 873 non
2709 819 2972 874 canonica
3017 819 3339 874 auctoritate
3379 821 3534 875 dam-

1944 919 2106 978 nant;
2134 920 2190 965 et
2215 911 2355 966 sicut
2379 911 2668 967 nonnullos
2690 912 2863 982 gratia
2887 911 3092 966 favoris
3111 913 3424 981 sublimant,
3455 915 3531 969 ita

1944 1000 2204 1069 quosdam
2233 1001 2358 1056 odio
2404 1000 2714 1070 invidiaque
2737 1001 2968 1070 permoti
3000 1001 3306 1067 humiliant,
3331 1011 3384 1057 et
3427 1003 3533 1059 levi

1945 1089 2219 1158 opinionis
2252 1105 2384 1144 aura
2429 1092 2811 1153 condemnant,
2863 1105 3094 1160 quorum
3142 1091 3369 1147 crimina
3424 1108 3534 1148 non

1945 1182 2263 1251 approbant.
2311 1183 2541 1252 Ideoque
2589 1182 2860 1237 communi
2906 1183 3124 1238 decreto
3163 1198 3449 1239 censemus
3474 1192 3534 1240 ut

1945 1274 2375 1342 quandocunque
2409 1273 2606 1344 aliquis
2632 1274 3004 1343 episcoporum
3036 1275 3374 1342 criminatur,
3405 1293 3535 1332 con-

1943 1363 2179 1433 gregatis
2201 1364 2451 1419 omnibus
2473 1363 2714 1432 ejusdem
2737 1364 3029 1433 provincia:
3051 1366 3336 1436 episcopis,
3368 1383 3532 1425 causa

1945 1452 2063 1522 ejus
2092 1454 2363 1522 audiatur,
2393 1463 2453 1509 ut
2479 1472 2586 1511 non
2621 1455 2833 1511 occulte
2869 1454 3146 1524 judicetur
3171 1457 3254 1512 vel
3283 1459 3537 1513 condem-

1943 1551 2126 1606 netur,
2157 1543 2248 1612 qui
2286 1542 2458 1615 [quia]
2483 1545 2552 1599 ab
2594 1543 2717 1600 aliis
2745 1545 2900 1613 prius
2921 1543 3154 1613 iudicari
3194 1562 3302 1601 non
3327 1554 3530 1616 potest,

1945 1630 2050 1686 nisi
2085 1633 2153 1687 ab
2199 1633 2267 1687 iis
2309 1649 2339 1686 a
2378 1633 2574 1704 quibus
2603 1634 2842 1688 ordinari
2870 1635 3066 1704 potuit.
3115 1635 3268 1702 Quod
3298 1637 3344 1691 si
3377 1637 3538 1692 aliter

331 1727 522 1799 (Ibid.,
542 1745 590 1781 c.
617 1725 767 1796 235.)
802 1724 1031 1812 Placuit,
1061 1724 1106 1778 si
1130 1726 1414 1792 episcopus
1437 1726 1723 1775 accusatus
1747 1734 1841 1788 ap-
1875 1756 1920 1816 B
1947 1720 2150 1788 factum
2174 1723 2362 1791 fuerit,
2399 1725 2574 1779 nullas
2606 1725 2749 1780 vires
2774 1726 3016 1782 habebit.

261 1819 537 1892 pellaverit
562 1819 864 1874 Romanum
892 1807 1225 1886 pontiﬁcem,
1257 1815 1309 1870 id
1332 1813 1674 1870 statuendum
1698 1812 1842 1882 quod

263 1911 376 1981 ipse
398 1908 692 1965 censuerit.

832 1975 1002 2031 XXIV
1040 1973 1254 2048 [XXII].

265 2068 366 2136 Qui
391 2068 637 2124 clericum
666 2078 899 2132 accusat,
931 2068 976 2121 si
1005 2067 1225 2138 probare
1257 2081 1360 2118 non
1390 2073 1574 2135 potest,
1606 2063 1842 2133 infamia:

793 2136 1066 2208 jacturam
1093 2136 1296 2190 subeat.

330 2230 518 2299 (Ibid.,
551 2247 599 2284 c.
626 2229 776 2299 540.)
810 2228 868 2284 Si
907 2228 1028 2298 quis
1079 2227 1382 2297 episcopus,
1429 2225 1713 2296 presbyter
1749 2233 1843 2279 aut

259 2322 537 2386 diaconus,
573 2320 657 2374 vel
695 2319 920 2390 quilibet
954 2317 1161 2382 clerici,
1205 2317 1347 2386 apud
1388 2317 1690 2386 episcopos,
1716 2318 1842 2385 quia

259 2415 384 2470 alibi
412 2429 518 2469 non
543 2420 772 2483 oportet,
801 2427 832 2466 a
859 2411 1098 2483 qualibet
1123 2425 1355 2483 persona
1385 2409 1584 2464 iuerint
1606 2409 1843 2464 accusati

260 2502 566 2574 quicunque
591 2502 752 2558 fuerit
794 2501 901 2568 ille,
926 2502 1040 2556 sive
1075 2475 1322 2557 sub’limis
1347 2501 1434 2554 vir
1461 2500 1713 2565 honoris,
1730 2499 1843 2553 sive

260 2598 421 2668 ullius
465 2592 689 2652 alterius
713 2595 1010 2667 dignitatis,
1056 2596 1149 2665 qui
1179 2595 1282 2654 hoc
1305 2609 1478 2666 genus
1521 2591 1844 2647 illaudabilis

258 2686 577 2745 intentionis
603 2685 912 2755 arripuerit,
939 2685 1149 2739 noverit
1173 2682 1412 2738 docenda
1435 2681 1844 2751 probationibus

263 2778 615 2834 monstranda
660 2777 999 2833 documentis
1043 2791 1102 2832 se
1146 2776 1339 2831 debere
1373 2774 1590 2829 inferre.
1631 2772 1689 2827 Si
1721 2773 1845 2842 quis

260 2886 390 2927 vero
425 2871 569 2927 circa
603 2869 908 2939 hujusmodi
936 2881 1205 2938 personas
1233 2881 1340 2920 non
1370 2863 1641 2935 probanda
1691 2863 1846 2917 detu-

260 2962 406 3028 lerit,
434 2960 758 3017 auctoritate
789 2958 950 3029 hujus
975 2956 1272 3013 sanctionis
1300 2954 1566 3025 intelligat
1594 2950 1844 3030 sejactu-

261 3070 378 3110 ram
404 3054 640 3111 infamiae
679 3053 915 3124 propriae
947 3052 1246 3115 sustinere;
1291 3056 1352 3103 ut
1375 3046 1570 3102 damno
1600 3044 1837 3115 pudoris,

259 3145 680 3202 existimationis
734 3143 1046 3214 dispendio,
1094 3142 1265 3197 discat
1302 3139 1405 3194 sibi
1457 3138 1648 3192 alienae
1691 3151 1842 3193 vere—

260 3239 472 3296 cundia:
497 3239 715 3310 impune
739 3235 981 3292 insidiari
1015 3235 1206 3291 saltem
1233 3233 1300 3288 de
1331 3241 1529 3288 cancro
1558 3246 1664 3285 non
1710 3229 1841 3285 lice-

261 3344 342 3396 re,
366 3331 461 3390 sed
490 3329 704 3410 qualem
727 3327 882 3383 fratri
910 3334 1198 3398 paraverat
1230 3324 1652 3388 damnationem,
1678 3322 1842 3376 talem

259 3423 318 3477 in
349 3435 412 3478 se
438 3420 719 3492 suscipiat.

845 3489 991 3544 XXV
1032 3486 1264 3562 [XXIII].

371 3585 450 3638 De
473 3585 760 3654 primatum
787 3592 834 3636 et
862 3579 1381 3650 metropolitanorum
1417 3574 1734 3643 (li/ferentia.

332 3672 472 3744 (Lib.
505 3688 606 3737 vn,
650 3689 696 3724 c.
725 3669 875 3739 541.)
908 3667 1098 3722 Nullus
1147 3665 1698 3733 archiepiscoporum,
1739 3659 1844 3713 nisi

254 3763 352 3834 qui
380 3761 587 3830 primas
613 3758 768 3813 sedes
789 3765 995 3822 tenent,
1017 3754 1313 3824 appelletur
1332 3753 1556 3822 primas,
1579 3758 1672 3803 aut
1698 3749 1846 3819 prin-

255 3867 391 3922 ceps
435 3850 798 3914 sacerdotum,
825 3856 918 3902 aut
959 3861 1203 3900 summus
1229 3843 1504 3903 sacerdos.
1530 3842 1614 3896 vel
1643 3841 1846 3911 aliquid

255 3939 569 4013 huiusmodi
601 3939 735 3994 :sed
774 3944 983 3991 tantum
1028 3935 1117 3989 ille
1153 3934 1244 4005 qui
1271 3933 1327 3987 in
1357 3931 1641 4001 metropoli
1667 3932 1842 3995 sedet,

255 4043 356 4088 aut
400 4029 866 4100 metropolitanus,
911 4035 1005 4082 aut
1045 4025 1478 4095 archiepiscopus
1519 4031 1758 4089 vocetur,
1791 4030 1846 4078 et

254 4138 419 4180 suum
465 4123 521 4178 in
563 4120 860 4177 canonibus
884 4116 1164 4189 praefixum
1209 4131 1317 4170 non
1361 4116 1628 4171 excedens
1662 4123 1844 4171 teneat

255 4229 384 4271 cum
412 4213 718 4268 humilitate
746 4212 984 4266 modum.
1025 4209 1094 4264 Et
1135 4209 1225 4264 ille
1248 4209 1339 4278 qui
1384 4208 1613 4278 primam
1661 4209 1842 4264 sedem

255 4307 478 4371 retinet,
513 4303 886 4360 tantummodo
925 4301 1114 4372 prima:
1138 4301 1282 4356 sedis
1311 4300 1610 4371 appelletur
1637 4301 1844 4369 episco-

1865 3106 1914 3170 ϐ

2506 1843 2723 1899 XXVIII
2764 1843 3000 1916 [XXVI].

1946 1932 2047 1988 Ubi
2066 1934 2307 2005 judicari
2331 1935 2551 2006 debeant
2591 1936 2682 2005 qui
2722 1935 2970 1989 adversus
2996 1935 3292 2006 episcopum
3330 1935 3407 1988 rel
3431 1953 3538 1990 me-

2317 2005 2692 2074 tropolitanum
2714 2022 2930 2059 causam
2961 2006 3172 2058 habent.

2015 2097 2282 2169 (lbid.,c.
2316 2096 2470 2166 2M.)
2524 2095 2581 2150 Si
2635 2096 2866 2152 clericus
2929 2097 3012 2150 vel
3065 2096 3238 2152 laicus
3286 2096 3540 2152 habuerit

1945 2203 2164 2242 causam
2205 2185 2464 2241 adversus
2515 2187 2828 2255 episcopum
2857 2189 3160 2257 proprium,
3211 2189 3295 2242 vel
3348 2189 3539 2242 adver-

1945 2296 2037 2336 sus
2059 2279 2314 2342 alterum,
2331 2285 2423 2332 aut
2446 2277 2729 2346 episcopus
2750 2278 3009 2333 adversus
3033 2280 3537 2347 quemquam,apud

1945 2373 2209 2443 syn’odum
2259 2369 2551 2439 provincia:
2595 2367 2891 2436 iudicetur.
2949 2369 3106 2436 Quod
3178 2371 3222 2424 si
3277 2369 3538 2425 adversus

1943 2462 2186 2531 ejusdem
2232 2459 2524 2530 provincia:
2579 2459 3054 2528 metropolitanum
3111 2461 3399 2530 episcopus
3450 2459 3536 2512 vel

1944 2553 2176 2610 clericus
2221 2550 2474 2608 habuerit
2497 2549 2820 2618 'qucrclam,
2852 2558 3000 2624 petat
3029 2551 3314 2619 primatem
3338 2550 3538 2606 didice-

1944 2657 2088 2707 seos,
2125 2649 2185 2696 ut
2212 2639 2353 2710 apud
2383 2639 2555 2708 ipsum
2585 2635 2882 2708 iudicetur;
2906 2647 2999 2692 aut
3023 2639 3166 2710 apud
3194 2641 3376 2694 sedem
3406 2652 3538 2709 apo-

1944 2733 2212 2788 stolicam.

2505 2817 2676 2871 XXIX
2718 2817 2978 2890 [XXVII].

1945 2911 2014 2967 Ut
2044 2913 2312 2984 episcopus
2337 2920 2613 2964 accusatus
2641 2909 2716 3033 al;
2727 2910 2994 2991 'omnibus-
3012 2908 3533 2980 comprovincialibus

2609 2997 2675 3033 au
2721 2990 2880 3033 tatur.

2609 2990 2880 3034 audiatur.

2019 3071 2209 3144 (Ibid.,
2236 3090 2282 3126 c.
2308 3072 2422 3142 79.)
2448 3070 2506 3127 Si
2529 3071 2651 3141 quis
2676 3072 2962 3142 episcopus
2989 3087 3152 3141 super
3175 3073 3341 3128 certis
3370 3089 3535 3129 accu-

1942 3173 2096 3219 satur
2137 3163 2476 3228 criminibus,
2509 3164 2578 3218 ab
2603 3165 2856 3219 omnibus
2879 3165 3162 3230 audiatur,
3207 3164 3290 3220 vel
3323 3165 3538 3234 judice-

1941 3263 2052 3322 tur,
2072 3256 2164 3327 qui
2184 3265 2310 3310 sunt
2337 3256 2391 3309 in
2420 3255 2719 3325 provincia,
2744 3256 3028 3323 episcopis.

2506 3345 2655 3400 XXX
2693 3345 2978 3416 [XXVIII].

1942 3441 2021 3494 De
2061 3441 2301 3511 episcopo
2359 3439 2447 3508 qui
2499 3436 3138 3557 alteriugparocltianum
3191 3436 3403 3491 ordinat
3452 3437 3530 3493 vel

2632 3523 2685 3557 Iu
2728 3515 2852 3557 Icat.

2620 3522 2852 3575 Juaicat.

2017 3597 2074 3653 Si
2105 3597 2228 3666 quis
2251 3595 2534 3665 episcopus
2557 3593 2883 3663 iudicaverit
2913 3595 2997 3650 vel
3029 3597 3361 3650 ordinaverit
3399 3598 3533 3652 alte-

1945 3690 2059 3743 rius
2087 3687 2474 3757 parochianum
2514 3688 2630 3742 sine
2661 3686 2888 3742 consilio
2913 3695 2966 3740 et
2987 3688 3267 3744 voluntate
3291 3689 3530 3760 episcopi

1946 3781 2054 3846 sui,
2090 3762 2303 3850 oportet
2343 3794 2464 3834 eum
2495 3794 2602 3832 non
2638 3779 2756 3834 sine
2785 3778 3153 3848 increpatione
3177 3781 3232 3835 in
3259 3783 3532 3838 communi

1947 3872 2176 3929 concilio
2239 3871 2498 3936 admitti,
2547 3871 2622 3926 ita
2659 3879 2719 3926 ut
2754 3871 3184 3928 ecclesiasticum
3226 3873 3366 3928 ultra
3423 3889 3531 3930 non

1946 3965 2119 4020 solvat
2145 3978 2426 4018 canoncm.

2514 4055 2687 4112 XXXI
2726 4055 2965 4129 [XXIX].

1947 4149 2017 4204 Ut
2045 4165 2224 4204 eorum
2250 4150 2304 4203 in
2348 4149 2678 4202 accusatione
2701 4148 2776 4202 vel
2821 4149 3115 4202 testimonio
3153 4165 3250 4203 eoa;
3290 4150 3532 4204 obstrua-

2203 4230 2310 4284 tur,
2336 4221 2424 4290 qui
2450 4220 2641 4273 divinis
2665 4219 2872 4273 vocibus
2902 4220 3096 4272 mortui
3121 4228 3242 4272 sunt

2018 4330 2096 4400 (2,
2126 4345 2180 4399 q.
2213 4331 2267 4392 7,
2296 4328 2506 4381 Placuit
2543 4344 2743 4381 eorum.
2780 4357 2848 4366 —
2871 4326 2984 4379 Lib.
3023 4342 3122 4391 vn,
3156 4344 3203 4380 c.
3229 4326 3382 4396 242.)
3405 4326 3532 4382 Pla-

251 4396 562 4510 {’fsz"
587 4409 801 4465 semper
823 4394 876 4448 in
898 4393 1148 4449 omnibus
1178 4391 1500 4448 “amitam
1520 4391 1660 4447 beati
1693 4392 1838 4447 Petri
1869 4445 1920 4510 ο
1947 4391 2059 4479 cuit
2085 4391 2278 4477 eorum
2320 4419 2607 4475 accusandi
2652 4419 2983 4482 sacerdotes,
3027 4427 3078 4472 et
3110 4391 3430 4473 testificandi
3475 4419 3532 4473 in

252 4485 507 4558 aposmh'
833 4552 1003 4608 XXVI
1041 4551 1278 4626 [XXIV].

251 4650 438 4706 Judici
481 4650 657 4704 omnia
702 4649 960 4720 patienter
997 4647 1263 4720 audienda
1305 4661 1421 4720 qua:
1465 4654 1838 4715 proponentur,

641 4717 945 4790 priusquam
970 4719 1276 4772 sententiam
1301 4717 1454 4786 ferat.

315 4809 470 4884 (Lib.
495 4824 550 4874 v,
578 4826 626 4862 c.
651 4807 802 4879 246.)
829 4805 1170 4862 Judicantem
1197 4813 1411 4879 oportet
1440 4811 1633 4858 cuncta
1678 4803 1844 4858 rima-

253 4904 330 4970 ri,
368 4914 424 4958 et
465 4903 712 4958 ordinem
757 4915 938 4955 rerum
981 4898 1142 4969 plena
1177 4884 1524 4966 inquisitione
1547 4897 1840 4961 discutere,

250 4995 625 5068 interrogandi
661 5009 725 5049 ac
763 4993 1117 5064 proponendi,
1162 4988 1556 5059 adjiciendique
1583 4990 1845 5059 patientia

249 5087 484 5159 prebita
514 5087 580 5142 ab
603 5101 689 5151 eo,
720 5092 782 5138 ut
815 5084 888 5140 ibi
913 5083 1054 5138 actio
1082 5080 1318 5152 partium
1360 5079 1583 5134 limitata
1623 5080 1694 5134 sit
1727 5080 1844 5151 ple-

249 5180 426 5248 niter,
451 5193 556 5233 na:
583 5177 737 5247 prius
773 5175 1111 5246 litigantibus
1156 5187 1253 5228 sua
1282 5171 1414 5226 velit
1456 5171 1723 5228 sententia
1749 5172 1846 5227 ob-

248 5271 430 5335 viare,
469 5269 578 5325 nisi
606 5269 826 5340 quando
867 5267 968 5337 ipsi
1014 5265 1250 5335 peractis
1285 5263 1536 5319 omnibus
1551 5262 1664 5332 jam
1711 5263 1874 5320 nihil.

247 5361 550 5416 habuerint
580 5360 634 5414 in
660 5359 959 5430 quaestione
1003 5356 1143 5426 quod
1187 5364 1530 5434 proponant):
1557 5365 1613 5411 et
1657 5357 1846 5412 tandiu
1945 5385 1948 5388 ~

249 5452 405 5508 actio
435 5452 749 5516 ventiletur,
781 5461 1062 5519 quousque
1104 5446 1171 5501 ad
1221 5449 1299 5503 rei
1329 5449 1610 5503 veritatem
1653 5463 1847 5520 perve-

248 5542 464 5597 niatur.
495 5543 832 5612 Frequenter
862 5553 992 5608 ergo
1024 5537 1348 5609 interrogari
1385 5547 1620 5608 oportet,
1648 5555 1716 5594 ne
1743 5541 1844 5595 ali-

248 5632 392 5700 quid
421 5631 560 5688 forte
574 5629 1000 5703 pnetermissum
1016 5637 1296 5684 remaneat
1312 5629 1452 5699 quod
1478 5631 1693 5687 annecti
1718 5647 1848 5687 con-

251 5723 462 5778 veniat.

1942 4531 2060 4580 cos,
2097 4527 2283 4568 vocem
2310 4512 2615 4572 obstruere,
2644 4523 2780 4577 quos
2808 4524 2914 4563 non
2947 4509 3198 4563 humanis
3227 4550 3241 4574 ,
3271 4509 3365 4564 sed
3394 4510 3530 4566 divi-

1941 4607 2027 4660 nis
2063 4603 2286 4658 vocibus
2331 4609 2574 4655 mortuos
2609 4613 2730 4654 esse
2782 4600 2984 4655 scimus
3015 4641 3030 4666 ,
3074 4602 3198 4670 quia
3231 4617 3417 4657 vocem
3451 4601 3530 4656 fu-

1941 4703 2152 4752 nestam
2195 4693 2373 4766 potius
2419 4689 2666 4746 intercidi
2714 4689 3055 4764 [interdici]
3129 4707 3291 4763 quam
3353 4692 3528 4748 audiri

1941 4797 2176 4875 oportet.
2207 4853 2223 4878 ’

2512 4879 2705 4936 XXXII
2741 4877 2936 4954 [XXX]

2158 4996 2236 5051 De
2272 5013 2374 5050 non
2413 4996 2652 5066 neganda
2679 4995 3025 5067 appellatione
3050 5005 3314 5048 accusata.

2014 5087 2200 5160 (Ibid.,
2229 5104 2278 5141 c.
2305 5085 2457 5156 243.)
2493 5085 2700 5140 Placuit
2721 5093 2784 5139 ut
2812 5093 3082 5149 accusata,
3114 5085 3158 5140 si
3172 5083 3408 5153 judicem
3437 5099 3528 5140 su—

1944 5189 2186 5251 spectum
2224 5178 2493 5243 habuerit,
2522 5177 2681 5232 liceat
2712 5177 3000 5246 appellare,
3035 5177 3162 5247 quia
3190 5192 3298 5232 non
3318 5184 3530 5248 oportet

1943 5286 2141 5341 negare
2171 5268 2403 5344 [negari]
2432 5265 2761 5323 audientiam
2794 5269 3025 5340 roganti.

2484 5382 2701 5453 XXXIII
2731 5382 2971 5458 [XXXI].

1947 5476 2102 5542 Quod
2134 5475 2235 5530 reis
2259 5473 2347 5546 qui
2375 5473 2439 5528 de
2463 5489 2519 5527 se
2539 5475 2763 5547 confessi
2779 5485 2927 5547 sunt,
2980 5491 3138 5547 super
3161 5473 3294 5529 alios
3331 5489 3437 5531 non
3456 5473 3530 5531 sit

2561 5545 2896 5598 credendum.

2016 5635 2091 5707 (5,
2123 5651 2174 5705 q.
2205 5635 2290 5698 ll,
2324 5634 2446 5688 Non
2483 5646 2556 5689 est
2591 5635 3001 5689 credendum.—
3031 5635 3146 5691 Lib.
3177 5652 3274 5702 vn,
3295 5654 3342 5691 c.
3371 5635 3524 5703 244.)

1947 5723 2063 5778 Non
2098 5732 2182 5780 est
2210 5725 2537 5783 credendum
2567 5735 2756 5783 contra
2803 5726 2936 5784 alios
2967 5742 3154 5783 eorum
3197 5726 3524 5786 confessioni
