3992 6176
441 338 578 394 1065

1460 305 1907 368 ANGEHIAMNI
1949 301 2296 360 METENSIS
2333 298 2633 356 El‘lSCOPl

3564 290 3705 349 106i

442 450 534 522 qui
553 442 867 506 criminibus
894 435 1256 507 implicantur,
1283 430 1385 484 nisi
1408 443 1466 482 se
1489 429 1634 497 prius
1669 422 2014 495 probaverim
2047 424 2091 478 Α
2118 427 2171 472 et
2200 425 2256 470 ut
2281 417 2588 485 episcopum
2621 413 2751 468 nulli
2781 411 3073 466 criminoso
3092 408 3254 464 liceat
3279 421 3558 463 accusare.

1523 519 1536 522 _
1601 517 1612 522 -
1669 517 1680 522 _
1882 513 1946 522 ..
2008 521 2014 522 ,
2721 500 3078 522 "mw...

443 513 776 599 innocentes,
806 529 932 601 quia
960 524 1264 598 periculosa
1287 527 1370 576 est
1395 527 1450 574 et
1472 517 1684 572 admitti
1731 529 1836 568 non
1863 513 2024 567 debet

445 633 526 690 rei
557 631 814 685 adversus
839 632 1214 693 quemcunque
1233 614 1522 671 confessio.

965 710 1182 768 xxxw
1225 704 1485 781 [xxxii].

447 813 514 870 Ut
540 814 629 886 qui
643 810 851 882 judiccs
872 810 1132 874 suspectos
1149 796 1445 922 zabbezltlenrtim,
1463 806 1633 847 vocem
1656 783 2024 860 appellationis

1084 887 1146 922 ex
1187 887 1200 920 ι
1370 903 1382 916 .

1084 887 1356 923 cxnweam
1370 903 1382 916 .

521 973 659 1045 (Lib.
689 985 784 1033 vn,
823 961 1042 1030 0.170.)
1084 958 1284 1026 Siquis
1314 954 1552 1022 iudicem
1594 949 1883 1045 adversum
1919 942 2026 997 sibi

451 1036 698 1126 senserit,
726 1073 908 1115 vocem
932 1051 1302 1124 appellationis
1324 1046 1594 1106 exhibeat,
1620 1049 1678 1096 ut
1693 1055 1815 1095 cum
1836 1036 1887 1090 ei
1903 1050 2030 1091 con-

451 1169 665 1211 cessum
693 1150 872 1214 fuerit,
905 1146 1116 1214 integro
1137 1140 1360 1211 negotio
1403 1136 1542 1205 apud
1580 1133 1744 1187 alium
1783 1129 2026 1200 iudicem

453 1244 648 1300 amotis
667 1237 1012 1296 dilationibus
1033 1233 1206 1303 possit
1229 1229 1425 1284 audiri.
1711 1216 1713 1218 ’

979 1343 1173 1398 xxxv
1219 1335 1501 1413 [xxxiii].

457 1441 610 1509 Quod
630 1441 867 1495 omnibus
896 1436 984 1503 qui
1001 1430 1307 1509 [itepulsati
1333 1436 1474 1509 sunt,
1495 1421 1750 1509 non.alibi
1779 1436 1935 1492 quam
1971 1419 2026 1472 in

835 1495 1045 1575 proprio
1080 1495 1196 1571 foro
1217 1497 1542 1569 jurgandum
1573 1495 1658 1548 sit.

527 1600 639 1673 (li,
671 1613 724 1667 (ι.
747 1597 802 1659 2,
831 1593 1060 1648 Clericus
1083 1579 1207 1643 sive.
1234 1619 1306 1628 -
1327 1587 1440 1639 Lib.
1469 1601 1563 1648 vn,
1590 1600 1636 1636 c.
1667 1581 1819 1651 25L)
1861 1578 2032 1634 Cleri-

457 1671 576 1756 cus,
592 1690 705 1744 sive
723 1687 910 1749 laicus,
927 1684 971 1738 si
991 1682 1217 1735 Crimine
1241 1677 1439 1731 autlite
1452 1677 1695 1745 pulsatus
1718 1671 1897 1737 fuerit,
1925 1683 2031 1723 non

459 1782 624 1836 aliubi
650 1793 809 1848 quam
833 1776 886 1829 in
913 1774 1028 1828 loro
1061 1787 1159 1827 suo
1194 1776 1517 1838 provocatus
1539 1764 1810 1819 audiatur.

975 1862 1192 1918 XXXVI
1225 1856 1512 1932 [xxxw].

640 1957 710 2012 Ut
735 1953 1052 2027 appellantes
1073 1948 1219 2003 nulla
1245 1954 1522 2000 arceantur
1547 1944 1862 1999 detentione.

538 2049 723 2121 (Ibid.,
745 2063 791 2099 c.
809 2042 958 2113 252.)
988 2038 1358 2110 Appellantem
1378 2053 1485 2091 non
1505 2036 1664 2091 debet
1684 2033 1901 2088 alllietio
1914 2031 2041 2099 ulla,

466 2151 562 2198 aut
580 2138 833 2201 carceris,
860 2142 951 2189 aut
971 2131 1314 2193 detentionis,
1334 2128 1590 2196 iniuriare
1613 2125 1883 2189 custodia;
1909 2125 1955 2178 si
1978 2124 2046 2177 li-

467 2240 588 2287 eeat
621 2230 697 2303 [et
726 2225 905 2296 liceat]
944 2220 1286 2293 appellatoris
1319 2218 1562 2272 vitiatam
1601 2230 1819 2271 causam
1859 2213 2044 2284 appel-

468 2321 682 2377 lationis
700 2317 939 2374 remedio
966 2314 1268 2368 sublevare.

989 2403 1232 2460 xxxvu
1257 2399 1522 2474 [XXXV].

471 2505 624 2574 Quod
669 2505 824 2559 etiam
851 2501 908 2553 in
927 2498 1104 2552 causis
1139 2492 1501 2548 criminalibus
1547 2488 1814 2562 appellare
1871 2485 2045 2540 liceat.

539 2599 725 2653 Liceat
745 2595 909 2650 etiam
937 2591 991 2644 in
1011 2588 1192 2644 causis
1217 2583 1587 2639 crimina-libus
1609 2579 1877 2650 appellare
1900 2617 1916 2643 ,
1947 2593 2048 2632 nec

473 2687 771 2760 appellandi
795 2696 897 2738 vox
920 2666 1212 2748 denegetur
1232 2675 1282 2730 ei
1305 2688 1466 2743 quem
1497 2672 1553 2726 in
1577 2668 1897 2740 supplicium
1926 2681 2052 2722 scu-

476 2780 643 2835 tentia
668 2773 972 2832 destinarit.

1126 2859 1269 2915 XXX
1277 2856 1406 2913 Vili.

477 2969 544 3023 In
573 2963 745 3021 causis
770 2959 1079 3034 capitalibus
1105 2956 1289 3009 absens
1303 2967 1566 3034 accusare
1599 2967 1702 3034 non
1723 2956 1908 3019 potest,
1961 2963 2054 3001 nec

845 3038 1120 3084 accusatus
1146 3041 1237 3094 per
1261 3023 1424 3077 alium
1447 3021 1678 3091 defendi.

551 3129 626 3201 (6,
661 3143 712 3197 q.
742 3125 796 3189 3,
843 3121 910 3176 In
933 3117 1312 3174 criminalibus.
1343 3145 1414 3154 —-
1441 3112 1556 3166 Lib.
1593 3127 1686 3176 vn,
1712 3129 1758 3164 c.
1797 3108 1946 3179 271.)
1997 3107 2053 3161 in

477 3199 848 3275 criiniualibus
865 3210 1044 3267 causis
1059 3223 1158 3262 nec
1186 3212 1468 3260 accusator
1494 3203 1598 3258 nisi
1611 3217 1708 3272 per
1734 3216 1792 3256 se
1827 3199 2060 3268 aliquem

478 3324 733 3367 accusare
752 3311 947 3376 potest,
979 3315 1081 3356 nec
1095 3306 1378 3354 accusatus
1397 3311 1494 3366 per
1513 3295 1673 3350 aliam
1701 3306 1988 3363 personam
2003 3305 2063 3346 se

481 3403 765 3460 delensare
787 3395 1141 3470 permittitur.

998 3482 1220 3539 xxxnx
1254 3479 1542 3554 [xxxw].

487 3585 561 3640 De
585 3578 1038 3639 constitutionibus
1068 3585 1247 3630 contra
1263 3589 1485 3627 canones
1511 3579 1559 3625 et
1588 3571 1814 3631 decreta,
1843 3565 1919 3620 rel
1944 3581 2068 3619 con-

905 3658 986 3701 tra
1015 3647 1173 3700 bonos
1205 3660 1372 3697 mores
1394 3641 1638 3696 conditis.

556 3743 694 3817 (Lib.
713 3752 807 3803 vit,
842 3755 889 3791 c.
923 3736 1074 3806 265.)
1113 3733 1540 3790 Constitutiones
1558 3738 1745 3785 contra
1762 3743 1994 3784 canones
2014 3735 2069 3781 et

486 3835 703 3889 decreta
721 3828 1013 3900 pracsulum
1027 3824 1413 3886 Romanorum,
1439 3821 1524 3875 vel
1543 3823 1715 3876 bonos
1736 3834 1937 3882 mores,
1955 3819 2071 3872 nul-

489 3923 594 3977 lius
619 3929 747 3976 sunt
761 3914 1042 3972 momenti.

1056 4002 1148 4056 XL
1179 3999 1489 4073 [xxxvu].

493 4101 564 4157 Ut
593 4117 698 4156 non
719 4095 1038 4164 constringat
1055 4091 1300 4216 clericétm
1319 4090 1573 4144 sententia
1605 4105 1711 4143 non
1736 4105 1768 4142 α
1787 4105 1882 4143 suo
1887 4089 2070 4159 judice

1237 4171 1362 4213 icta.

1237 4171 1362 4213 icta.

567 4260 680 4332 (ιι,
710 4274 762 4328 q.
785 4257 840 4319 5,
864 4254 931 4308 In
952 4253 1355 4308 clericorum.—
1378 4248 1493 4302 Lib.
1519 4263 1616 4312 vn,
1640 4264 1687 4301 c.
1713 4247 1860 4318 266.)
1882 4249 1938 4302 in
1961 4248 2073 4304 cle-

497 4353 729 4406 ricorum
751 4362 914 4401 causa
925 4342 1228 4413 huiusmodi
1245 4341 1416 4396 forma
1439 4348 1700 4404 servetur,
1723 4347 1781 4393 ut
1801 4354 1868 4394 nc
1888 4355 2074 4410 quem-

2721 502 2881 556 XLIV
2917 501 3104 556 leJl.

2721 502 2881 556 XLIV
2942 500 3054 553 XLI
3091 539 3104 551 .

2123 595 2278 662 Quod
2304 612 2361 649 in
2380 611 2542 648 causa
2576 576 2808 663 capitali,
2855 501 2943 663 rei,
2976 591 3030 643 in
3055 500 3214 642 riuum
3241 598 3429 663 status,
3483 605 3592 644 non
3617 603 3717 660 per

2359 659 2656 727 advocatos,
2681 662 2769 716 sed
2789 677 2880 732 per
2929 662 3068 730 ipsos
3091 659 3353 729 agendum
3381 660 3472 712 sit.

2195 757 2272 828 (2,
2298 774 2343 827 q.
2381 757 2430 817 6,
2456 755 2514 810 Si
2539 753 2768 825 quando.
2796 782 2867 792 —-
2891 751 3007 804 Lib.
3026 767 3121 815 vn,
3145 768 3194 804 c.
3218 749 3369 819 274.)
3412 750 3717 820 Siquando

2128 848 2180 901 in
2215 861 2377 901 causa
2405 843 2644 913 capitali,
2690 842 2770 896 vel
2801 842 2855 895 in
2880 856 3044 896 causa
3078 849 3254 894 status
3312 839 3719 908 interpellatum

2127 939 2330 1002 luerit,
2388 953 2497 993 non
2540 952 2637 1008 per
2682 943 3103 1005 procuratores,
3141 933 3236 988 sed
3277 949 3378 1005 per
3427 933 3576 1003 ipsus
3635 943 3723 987 est

2127 1032 2413 1103 agendum.
2498 1064 2504 1068 -

2728 1117 2868 1173 xcv
2899 1115 3106 1190 [XLII].

2131 1214 2202 1270 Ut
2227 1213 2380 1269 liceat
2404 1211 2632 1282 majores
2652 1209 2862 1290 iudices
2887 1207 3169 1290 appellare,
3200 1205 3404 1276 quoties
3439 1204 3725 1258 necessitas

2782 1287 3060 1348 ingruerit.

2203 1373 2340 1444 (Lib.
2365 1388 2417 1435 v,
2450 1389 2498 1426 c.
2524 1369 2675 1439 250.)
2714 1368 2924 1424 Placuit
2949 1376 3063 1420 uta
3091 1366 3501 1435 quibuscunque
3521 1363 3731 1433 judici-

2133 1467 2235 1520 bus
2263 1460 2644 1518 ecclesiasticis
2690 1458 2757 1512 ad
2783 1457 2916 1510 alios
2937 1454 3148 1523 iudices
3176 1453 3594 1518 ecclesiasticos,
3626 1453 3725 1506 ubi

2136 1553 2308 1622 major
2351 1559 2434 1606 est
2467 1549 2778 1610 auctoritas,
2811 1546 2976 1601 fuerit
3024 1553 3396 1615 provocatum.
3446 1544 3732 1597 audientia

2137 1661 2245 1701 non
2272 1653 2517 1715 negetur.

2723 1727 2884 1784 χιιι
2908 1726 3116 1799 [xum

2145 1844 2214 1900 Ut
2242 1841 2626 1914 metropolitani
2657 1843 3013 1914 episcoporum
3039 1855 3245 1914 causas,
3273 1838 3398 1914 _nisi
3445 1851 3738 1914 prasente:

2215 1929 2390 1969 omnes
2408 1909 2613 1982 '[uerint
2632 1909 2854 1982 episcopi
2880 1909 3359 1979 comprovinciales,
3390 1910 3574 1963 audire
3621 1926 3735 1962 non

2214 1992 2554 2055 prtesumant.

2218 2074 2356 2147 (Lib.
2388 2087 2484 2140 vn,
2507 2090 2554 2126 c.
2582 2070 2733 2141 275.)
2794 2069 2852 2124 Si
2885 2069 3004 2137 quis
3044 2067 3494 2138 metropolitanus
3522 2067 3738 2138 episeo-

2145 2179 2266 2234 pus,
2295 2163 2397 2217 nisi
2416 2162 2559 2231 quod
2580 2162 2646 2215 ad
2672 2176 2824 2214 suam
2854 2160 3372 2228 perlinetpropriam
3395 2160 3737 2214 solummodo

2146 2254 2476 2317 parochiam,
2536 2252 2651 2306 sine
2673 2251 2897 2306 consilio
2921 2257 2975 2304 et
3001 2251 3278 2305 voluntate
3313 2252 3558 2305 omnium
3587 2268 3738 2305 eom-

2149 2343 2555 2414 provincialium
2586 2343 2960 2413 episcoporum
2989 2353 3142 2396 extra
3187 2341 3391 2410 aliquid
3425 2357 3589 2412 agere
3618 2350 3737 2394 ten-

2150 2438 2363 2500 taverit,
2385 2436 2582 2505 gradus
2600 2435 2680 2489 sui
2700 2435 2942 2504 periculo
2955 2434 3271 2502 subiacebit,
3297 2443 3349 2488 et
3369 2436 3514 2505 quod
3539 2436 3736 2507 egerit,

2151 2527 2363 2582 irritqu
2394 2529 2658 2581 habeatur
2682 2538 2736 2581 et
2764 2543 3012 2582 vacuum.
3082 2525 3186 2581 Sed
3229 2527 3490 2596 quidquid
3517 2529 3585 2583 de
3613 2545 3742 2598 pro-

2149 2619 2460 2676 vincialium
2494 2621 2934 2690 coepiscoporum
2983 2620 3161 2675 causis
3193 2635 3523 2691 suarumque
3555 2621 3742 2674 Eccle-

2151 2713 2353 2768 siarum
2375 2719 2427 2766 et
2456 2712 2795 2775 clericorum,
2833 2721 2994 2781 atque
3022 2712 3362 2765 smcularium
3391 2715 3741 2768 necessitati-

2151 2807 2273 2870 bus,
2327 2819 2483 2876 agcre
2524 2811 2615 2857 aut
2669 2805 2956 2873 disponere
3007 2817 3227 2858 necesse
3257 2804 3440 2870 fuerit,
3483 2805 3587 2860 hoc
3615 2822 3742 2860 cum

2153 2896 2392 2950 omnium
2418 2909 2679 2948 consensu
2718 2893 3252 2962 comprovincialium
3304 2903 3495 2963 agatur
3522 2895 3746 2963 pontiﬁ-

2156 3002 2299 3049 cum,
2346 3002 2450 3040 non
2473 2985 2655 3055 aliquo
2682 2984 3062 3038 dominationis
3095 2983 3256 3047 fastu,
3311 2986 3404 3038 sed
3438 2985 3745 3038 humillima

2082 3109 2132 3173 ο
2159 3084 2214 3130 ct
2239 3076 2490 3131 concordi
2518 3075 2756 3130 omnium
2785 3075 3268 3138 administratione,
3315 3075 3453 3128 sicut
3481 3075 3749 3129 Dominus

2161 3171 2264 3223 ait:
2307 3169 2430 3223 Non
2457 3168 2569 3221 reni
2597 3166 2909 3229 ministrari,
2937 3164 3027 3218 sed
3051 3166 3353 3218 ministrare
3379 3163 3597 3234 (Matth.
3615 3166 3746 3233 xx);

2163 3271 2218 3318 et
2247 3261 2402 3314 alibi:
2445 3258 2546 3324 Qui
2573 3257 2747 3326 major
2775 3266 2849 3310 est
2890 3266 3135 3320 uestrum,
3176 3265 3273 3309 ent
3313 3256 3552 3308 minister
3582 3264 3754 3309 vester

2166 3353 2380 3424 (Matth.
2407 3351 2551 3418 xm),
2575 3358 2630 3404 et
2661 3350 2885 3418 reliqua.
2922 3370 2926 3374 ’
2962 3347 3224 3403 Similiter
3252 3354 3308 3401 et
3359 3347 3461 3416 ipsi
3497 3361 3748 3415 compn-

2165 3443 2422 3498 viucialcs
2464 3441 2699 3511 episcopi
2739 3457 2862 3495 cum
2892 3439 3008 3508 eius
3043 3439 3289 3504 consilio,
3342 3440 3446 3493 nisi
3479 3438 3760 3508 quantuni

2166 3536 2234 3589 ad
2259 3534 2504 3603 proprias
2528 3535 2759 3602 pertinet
2792 3533 3095 3602 parochias,
3122 3538 3303 3602 agant,
3346 3530 3497 3600 iuxta
3523 3541 3751 3585 sancto-

2168 3641 2287 3679 rum
2310 3625 2599 3678 constituta
2620 3621 2840 3676 Patrum
2876 3641 2887 3674 :
2921 3632 2980 3676 ut
3006 3638 3110 3676 uno
3135 3622 3336 3685 animo,
3366 3638 3472 3675 uno
3502 3637 3598 3676 ore
3620 3637 3754 3673 mn-

2169 3722 2403 3779 corditcr
2423 3729 2607 3776 sancta
2634 3719 2961 3790 glorilicetur
2987 3717 3224 3772 Trinitas
3249 3717 3303 3772 in
3327 3717 3545 3773 saecula.

2669 3818 2678 3827 '
2727 3828 2909 3886 XLle
2943 3827 3172 3902 [XLIV].

2286 3945 2417 4011 Qua:
2431 3946 2486 3998 in
2509 3944 2659 3999 laicis
2680 3952 2994 4013 arguuntur,
3017 3959 3050 3996 a
3076 3941 3280 3996 clericis
3305 3953 3641 4011 respuatur.

2241 4038 2380 4109 (Lib.
2407 4053 2502 4100 vu,
2525 4053 2573 4088 c.
2597 4033 2748 4104 276.)
2786 4033 2942 4101 Quod
2975 4033 3028 4086 in
3052 4031 3204 4087 laicis
3230 4033 3667 4102 reprelienditur,
3707 4037 3761 4088 id

2171 4129 2340 4184 multo
2367 4129 2537 4197 magis
2560 4127 2717 4182 debet
2739 4125 2793 4180 in
2823 4124 3034 4179 clericis
3059 4123 3443 4194 prmdamnari.

2841 4238 3068 4293 XLVIII.

2277 4331 2356 4385 De
2379 4329 2814 4401 contemptoribus
2845 4345 3125 4393 canonum,
3147 4327 3296 4381 laicis
3319 4327 3393 4381 vel
3415 4327 3642 4381 clericis.

494 4459 656 4516 quam
683 4455 870 4496 eorum
907 4437 1171 4493 sententia
1202 4451 1308 4490 non
1331 4450 1361 4488 a
1381 4450 1480 4489 suo
1509 4432 1562 4505 [a
1590 4449 1693 4488 non
1725 4433 1846 4506 suo]
1889 4433 2053 4503 india

2246 4421 2318 4477 Ut
2345 4421 2466 4475 laici
2488 4427 2885 4488 contemptores
2909 4433 3176 4473 canonum
3195 4418 3763 4480 excommunicentnr,

499 4533 641 4588 dicta
666 4530 1017 4600 constringat.

1047 4595 1158 4652 XLI
1185 4594 1518 4669 {XXXVIII}.

847 4690 916 4744 De
942 4691 1021 4745 liis
1045 4691 1133 4760 qui
1173 4688 1310 4759 falsa
1332 4688 1449 4742 aliis
1474 4689 1735 4756 inrogant.

573 4787 646 4858 (ὅ,
673 4803 724 4857 q.
752 4785 802 4849 6,
835 4784 1015 4838 Omnis
1041 4783 1130 4854 qui
1153 4781 1309 4851 falsa.
1335 4811 1404 4821 —
1428 4780 1542 4833 Lib.
1577 4795 1647 4843 vi,
1680 4796 1727 4832 c.
1759 4778 1909 4848 277.)
1946 4776 2074 4834 0m-

504 4883 586 4937 nis
610 4881 701 4950 qui
727 4879 858 4933 lalsa
888 4877 1008 4931 aliis
1034 4873 1292 4936 intulerit,
1320 4873 1592 4944 puniatur,
1637 4881 1692 4925 et
1714 4879 1814 4948 pro
1843 4870 2076 4926 falsitate

500 4971 638 5026 l'erat
661 4968 953 5024 infamiam.

1053 5031 1191 5088 xm
1229 5031 1519 5106 [XXXIX].

507 5130 582 5186 De
603 5127 908 5202 provinciali
945 5123 1278 5206 retractanda
1327 5138 1422 5204 per
1466 5121 1690 5176 eicarios
1728 5121 1870 5176 urbis
1897 5119 2080 5176 Roma:

576 5269 715 5342 (Lib.
743 5284 840 5332 vn,
873 5263 1084 5336 c.267.)
1104 5209 1544 5332 Uterrbﬂtii’ieialis
1561 5261 1797 5332 synodus
1823 5267 2081 5318 ratracte-

508 5369 595 5415 tur
613 5373 712 5429 per
724 5357 954 5412 viearios
988 5353 1216 5410 Romani
1259 5353 1528 5424 pontiﬁcis
1553 5352 1726 5423 [urbis
1745 5352 1978 5426 Romae],
2033 5355 2078 5410 si

511 5455 623 5520 ipse
642 5447 958 5504 decreverit.

1110 5533 1268 5588 mu
1317 5534 1474 5608 [XL].

802 5627 877 5679 De
906 5627 970 5679 iis
989 5626 1078 5695 qui
1108 5625 1332 5694 majores
1361 5638 1486 5680 natu
1515 5634 1782 5682 accusant.

586 5714 660 5767 De
689 5713 754 5767 iis
777 5715 867 5781 qui
908 5713 959 5765 in
999 5714 1392 5768 accusationem
1445 5714 1661 5784 maioris
1687 5727 1811 5771 natu
1833 5717 2072 5783 veniunt,

2176 4513 2357 4568 clerici
2385 4527 2514 4566 vero
2548 4512 2753 4566 honore
2784 4509 3085 4580 priventur.

2753 4617 2919 4673 xux
2958 4617 3168 4690 [XLV].

2351 4711 2619 4766 Delatorcs
2647 4711 2736 4780 qui
2761 4711 2885 4774 sint,
2908 4720 2954 4764 et
2980 4727 3085 4779 qua
3104 4726 3256 4780 plena
3289 4707 3575 4762 multandi.

2249 4803 2386 4865 (Lib.
2417 4818 2514 4865 vn,
2549 4818 2596 4855 c.
2633 4800 2782 4870 277.)
2845 4799 3084 4856 Delatori
3110 4809 3204 4855 aut
3243 4800 3426 4871 lingua
3452 4798 3762 4870 capulcmr.

2180 4904 2274 4949 aut
2300 4895 2549 4950 convicto
2575 4899 2735 4961 caput
2760 4899 3086 4959 amputetur.
3126 4889 3404 4946 Delatores
3418 4897 3604 4944 autem
3627 4898 3767 4943 sunt

2179 4987 2274 5056 qui
2301 4985 2501 5042 invidia
2529 4983 2760 5052 produnt
2783 4982 2917 5038 alios

2814 5095 2856 5150 ι.
2895 5095 3124 5169 [XLVI].

2181 5193 2260 5248 De
2278 5193 2343 5247 iis
2365 5193 2454 5263 qui
2480 5192 2536 5244 in
2557 5189 2774 5244 alterius
2789 5189 2986 5263 [omam
3007 5190 3340 5263 scripturam,
3356 5187 3614 5243 antur-ba
3633 5203 3764 5242 con-

2642 5259 2916 5314 tumeliosa
2937 5259 3302 5328 conﬁnxerunt.

2252 5351 2437 5425 (lbid.,
2469 5368 2516 5404 c.
2545 5349 2697 5420 278.)
2752 5348 2854 5416 Qui
2891 5348 2945 5404 in
2987 5348 3210 5404 alterius
3233 5346 3430 5404 famam
3457 5348 3512 5404 in
3540 5348 3772 5420 publico

2183 5443 2528 5512 scripturam,
2573 5448 2667 5494 aut
2701 5441 2864 5494 verba
2909 5439 3296 5494 contumeliosa
3330 5438 3681 5500 continuerit.
3712 5448 3772 5493 et

2185 5543 2425 5603 repertus
2447 5533 2646 5600 scripta
2669 5547 2772 5585 non
2799 5530 3127 5599 probaverit,
3153 5529 3475 5600 ﬂagelletur:
3500 5538 3559 5585 et
3576 5531 3673 5598 qui
3697 5545 3772 5584 ea

2181 5624 2332 5693 prius
2347 5624 2629 5685 invenerit,
2660 5632 2891 5692 rumpat,
2915 5623 2957 5675 si
2984 5637 3092 5675 non
3111 5621 3224 5674 vult
3247 5622 3450 5676 auctori
3477 5620 3600 5673 facti
3627 5635 3774 5675 cau-

2184 5732 2296 5772 sam
2313 5716 2607 5768 incurrere.
