3992 6176
228 354 363 411 1065

831 463 892 518 Ll
915 463 1163 518 IXI.\’II].

831 463 892 518 Ll
939 463 1120 516 XLVII
1152 502 1163 514 .

255 556 329 611 De
351 572 411 610 eo
432 556 521 627 qui
543 555 711 608 iratus
729 463 934 609 crimenl
952 462 1156 623 objecit],
1186 563 1232 605 et
1271 562 1449 621 postea
1480 560 1781 604 retractat.‘

283 646 472 718 (lbid.,
503 662 551 700 c.
580 646 730 716 281.)
769 645 827 700 Si
856 645 979 715 quis
1005 645 1173 699 iratus
1192 645 1396 698 crimen
1435 642 1651 711 aliquod
1673 642 1788 697 cui-

210 739 344 798 libet
363 749 571 795 temere
600 739 878 808 objecerit,
905 739 1208 795 convicium
1249 753 1353 793 non
1388 745 1472 793 est
1496 753 1595 806 pro
1623 750 1752 791 accu
1773 763 1785 773 -

212 831 420 885 satione
445 829 777 894 habendum;
833 828 926 884 sed
959 826 1223 897 permisso
1273 826 1539 882 tractandi
1585 825 1781 887 studio,

213 921 263 974 id
289 918 432 990 quod
456 919 627 973 iratus
665 918 819 983 dixit,
848 932 946 987 per
973 918 1298 988 scripturam
1342 932 1399 973 se
1427 917 1782 985 probaturum

208 1026 329 1065 esse
373 1008 632 1073 fateatur,
686 1017 778 1063 aut
827 1009 873 1063 si
904 1008 1043 1064 forte
1064 1010 1387 1078 resipiscens
1420 1015 1538 1078 post
1570 1008 1782 1061 iracun-

207 1099 371 1160 diam,
412 1112 531 1166 qua:
555 1096 692 1151 dixit
733 1098 931 1152 iterare
972 1105 1064 1153 aut
1094 1099 1334 1154 scribere
1374 1100 1624 1161 noluerit,
1668 1116 1775 1153 non

205 1197 265 1242 ut
308 1203 434 1243 reus
453 1187 695 1243 criminis
715 1187 978 1243 habeatur
1007 1187 1319 1260 [teneatur],

799 1298 886 1353 LII
914 1298 1189 1371 [XLVIII].

201 1391 308 1457 Qui
333 1391 526 1444 crimen
549 1390 749 1461 objicit,
777 1390 996 1461 probare
1024 1390 1200 1461 debet,
1226 1398 1341 1444 etut
1360 1407 1519 1443 causa
1543 1390 1613 1443 ibi
1645 1406 1774 1458 aga-

559 1459 647 1513 tur
673 1460 760 1513 ubi
779 1459 983 1513 crimen
1011 1459 1296 1514 admissum
1334 1470 1428 1513 est.

271 1551 346 1621 (3,
369 1568 421 1621 q.
448 1550 501 1613 6,
532 1549 637 1615 Qui
665 1550 883 1603 crimen.
908 1548 1110 1604 —-Lib.
1137 1565 1230 1615 VII,
1250 1568 1295 1604 c.
1326 1549 1451 1606 282.
1481 1580 1550 1589 -
1570 1548 1624 1613 2,
1652 1566 1703 1614 q.
1721 1549 1774 1613 ὅ,
1876 1554 1881 1567 ’

197 1640 385 1695 Omnis
414 1642 575 1711 igitur
595 1640 731 1711 qui.)
759 1639 860 1707 Qui
884 1641 1091 1696 crimen
1111 1641 1316 1711 objicit,
1344 1641 1546 1696 scribat
1568 1655 1627 1695 se
1651 1654 1779 1709 pro-

194 1731 449 1786 baturum
474 1745 682 1794 revera,
714 1738 769 1784 et
792 1731 864 1785 ibi
908 1746 1071 1786 causa
1109 1740 1299 1803 agatur
1329 1732 1419 1786 ubi
1451 1732 1656 1786 crimen
1687 1730 1778 1784 ad-

192 1821 458 1875 mittitur:
510 1829 570 1875 ut
595 1822 687 1890 qui
706 1836 813 1875 non
835 1822 1143 1891 probaverit
1164 1822 1305 1891 quod
1334 1821 1779 1891 objecit,pmnam

190 1928 359 1983 quam
386 1912 632 1967 intulerit
652 1911 764 1982 ipse
785 1913 1046 1982 patiatur.

789 2023 899 2079 LIu
936 2024 1170 2097 [XLIX].

193 2116 281 2170 Ne
299 2115 507 2186 judices
528 2129 743 2168 causam
768 2113 994 2168 absentis
1011 2130 1244 2185 persona:
1258 2131 1355 2169 sua
1366 2114 1621 2169 sententia
1641 2130 1777 2184 prte-

872 2194 1102 2238 sumant.

266 2276 405 2346 (Lib.
432 2292 506 2341 VI,
530 2293 577 2330 c.
594 2274 745 2346 279.)
770 2274 1011 2330 Caveant
1031 2274 1241 2344 iudices
1271 2275 1542 2340 Ecclesia),
1572 2290 1660 2339 ne,
1688 2275 1779 2328 ab-

186 2379 347 2426 sente
360 2384 426 2425 eo
447 2368 600 2438 cujus
612 2384 773 2424 causa
791 2368 1103 2432 ventilatur,
1129 2369 1447 2425 sententiam
1460 2368 1736 2439 proferant
1758 2385 1771 2420 :

182 2465 319 2535 quia
350 2463 505 2517 irrita
531 2462 653 2524 erit,
696 2462 806 2517 imo
844 2470 900 2519 et
920 2477 1138 2519 causam
1180 2463 1233 2518 in
1260 2464 1466 2534 synodo
1508 2478 1608 2533 pro
1634 2461 1775 2518 facto

184 2554 418 2611 dabunt.

862 2645 973 2701 LIV
1001 2645 1111 2720 [L].

179 2741 271 2796 De
289 2758 352 2797 eo
386 2742 475 2813 qui
499 2740 795 2813 frequenter
821 2741 1024 2825 litigat,
1043 2752 1100 2797 ut
1127 2759 1230 2797 non
1253 2743 1572 2813 suscipiatur
1585 2743 1776 2813 absque

853 2829 1111 2867 examine.

264 2903 404 2976 (Lib.
427 2920 477 2967 v,
504 2920 551 2957 c.
576 2901 725 2974 245).
766 2901 895 2972 Ejus
938 2902 1030 2973 qui
1054 2901 1365 2973 frequenter
1385 2903 1579 2975 litigat,
1619 2877 1676 2958 et
1707 2905 1777 2959 ad

175 2993 555 3051 accusandum
578 3002 662 3049 est
688 2993 882 3060 facilis,
910 2994 1309 3049 accusationem
1358 3009 1518 3049 nemo
1568 2995 1775 3063 absque

173 3085 383 3158 grandi
416 3084 664 3140 examine
687 3083 936 3154 recipiat.

854 3193 944 3250 LV
982 3192 1114 3266 [LI].

173 3288 347 3357 Quod
366 3288 589 3359 episcopi
610 3289 745 3342 inter
771 3302 827 3341 se
855 3286 1132 3409 egrzige‘re,
1164 3285 1210 3339 si
1235 3284 1363 3355 quid
1392 3292 1563 3338 ortum
1586 3284 1767 3354 fuerit,

917 3373 943 3408 e
978 3371 1042 3409 en
1069 3394 1085 3408 .

917 3371 1085 3409 eoent.

263 3451 402 3524 (Lib.
430 3466 504 3516 VI,
547 3448 765 3519 c.2501.)
805 3448 881 3503 De
920 3446 1351 3504 accusationibus
1396 3446 1770 3516 episcoporum

166 3540 576 3599 Constantinus
608 3539 901 3609 imperator
925 3537 1067 3592 inter
1095 3543 1290 3608 caetera
1316 3536 1397 3591 sic
1438 3536 1546 3592 ait:
1611 3554 1630 3587 ς
1662 3535 1771 3591 Ve-

165 3640 337 3695 strae,
378 3630 552 3700 inquit
573 3626 861 3701 [quidem],
885 3627 1254 3683 accusationes
1272 3634 1487 3694 tempus
1499 3624 1779 3680 habebunt

160 3722 493 3796 proprium,
520 3720 576 3773 id
606 3727 712 3784 est,
743 3717 884 3772 diem
911 3716 1090 3786 magni
1110 3714 1329 3783 iudicii:
1377 3712 1615 3783 judicem
1644 3728 1775 3768 vero

162 3814 366 3875 illum,
392 3809 485 3878 qui
513 3816 639 3862 tunc
667 3806 878 3861 futurus
921 3813 1005 3860 est
1032 3805 1284 3860 omnibus
1324 3802 1587 3871 judicare.
1644 3802 1775 3857 Μὶιιι

160 3919 319 3973 ergo
340 3898 573 3964 homini,
596 3895 891 3952 constituto
919 3896 985 3951 de
1009 3893 1313 3963 hujusmodi
1347 3893 1508 3948 rebus
1530 3907 1640 3948 non
1652 3892 1780 3948 licet

160 3997 393 4055 habere
414 3990 767 4054 auditorium,
796 3988 1136 4044 sacerdotum
1168 3985 1375 4042 scilicet
1403 3985 1776 4041 accusantium

161 4083 352 4144 simul
378 4089 432 4138 et
456 4087 855 4137 accusatorum.
934 4077 1080 4145 Quos
1104 4075 1325 4132 minime
1370 4074 1621 4131 convenit
1644 4075 1779 4130 tales

164 4179 388 4238 debere
406 4175 720 4241 monstrari,
746 4173 839 4244 qui
845 4172 1152 4243 judicentur
1172 4172 1240 4227 ab
1264 4171 1407 4239 aliis,
1427 4186 1552 4227 cum
1571 4172 1640 4226 ab
1662 4171 1779 4240 ipso

166 4268 420 4327 Domino
451 4266 626 4337 magis
649 4266 759 4321 sint
785 4264 886 4335 ipsi
904 4263 1204 4333 iudicandi,
1244 4263 1312 4318 de
1334 4262 1532 4333 quibus
1554 4260 1633 4316 ait
1650 4275 1778 4330 pro-

169 4362 354 4434 pheta
390 4374 405 4412 :
432 4358 574 4413 Deus
602 4357 743 4411 stetit
766 4356 824 4409 in
844 4370 1110 4426 synagoga
1134 4354 1348 4408 deorum
1366 4368 1385 4406 :
1406 4352 1464 4406 in
1486 4351 1656 4406 medio
1681 4367 1779 4404 au-

172 4462 296 4507 tem
324 4448 463 4503 Deus
489 4446 736 4502 discernit
758 4445 930 4517 (Psal.
961 4445 1168 4517 LXXXI).
1213 4443 1395 4515 Neque
1416 4450 1643 4514 possunt
1672 4443 1774 4498 bu-

178 4556 355 4600 mano
392 4538 740 4596 condemnari
791 4539 1074 4603 examine,
1112 4553 1250 4609 quos
1298 4539 1442 4594 Deus
1469 4553 1568 4593 suo
1594 4551 1773 4593 reser-
1799 4515 1851 4574 Ῑ)

182 4632 341 4689 vavit
359 4630 579 4701 judicio.
613 4650 632 4682 ι
674 4628 741 4683 Ει
770 4628 974 4698 reliqua
1000 4628 1149 4695 talia,
1178 4637 1233 4684 et
1255 4629 1343 4683 his
1366 4628 1588 4683 similia.

821 4743 935 4797 LVI
985 4740 1141 4813 [LII].

434 4812 681 4888 Summus
712 4830 907 4904 ρηωαί
938 4849 971 4885 α
990 4812 1202 4885 nemine
1228 4827 1525 4899 judicatur.

265 4924 451 4993 Neque
459 4923 656 4994 praesul
673 4938 915 4979 summus
928 4938 958 4977 a
975 4935 1244 4991 quoquam
1262 4917 1748 4987 judicabitur,quia

185 5017 406 5073 dicente
438 5014 694 5080 Domino,
738 5012 864 5068 Non
880 5022 956 5068 est
974 5010 1261 5082 discipulus
1280 5025 1435 5080 super
1460 5008 1768 5078 magistrum

183 5108 353 5180 (Luc.
378 5106 477 5176 Vl).

816 5195 951 5253 LVII
978 5194 1154 5268 [LIII].

182 5309 267 5365 Ut
288 5309 459 5382 judea:
486 5327 591 5386 non
620 5318 738 5364 ante
765 5325 908 5363 reum
940 5308 1265 5386 condemnet,
1303 5321 1458 5386 quam
1495 5304 1603 5375 ipse
1652 5319 1775 5357 con—

492 5379 723 5450 ﬁteatur,
749 5388 839 5433 aut
867 5394 959 5448 per
986 5385 1136 5430 testes
1163 5379 1476 5429 revincatur.

273 5470 411 5544 (Lib.
432 5488 488 5538 v,
512 5489 559 5526 c.
589 5470 735 5542 156.)
773 5469 946 5524 iudex
965 5466 1315 5522 criminosum
1343 5464 1640 5521 discutiens
1667 5480 1772 5519 non

184 5572 329 5617 ante
350 5564 670 5618 sententiam
697 5558 937 5630 proferat
960 5556 1267 5626 capitalem,
1308 5572 1468 5625 quam
1504 5565 1599 5610 aut
1622 5570 1775 5610 reum

185 5666 265 5708 se
290 5653 404 5723 ipse
441 5653 784 5716 confiteatur,
824 5658 918 5705 aut
960 5663 1059 5719 per
1084 5649 1399 5704 innocentes
1438 5656 1603 5704 testes
1643 5662 1774 5702 con-

189 5742 471 5799 vincatur.

646 5858 918 5944 Parnm...
966 5852 1181 5915 XCVI.

1133 348 1470 405 CAPITULA
1512 353 1598 405 AB
1636 350 1934 425 ADRIANQ
1974 350 2148 401 PAPA
2191 348 2507 403 TRADI'I'A.

1797 3154 1846 3219 C

3325 353 3462 409 1060

2493 461 2647 515 LVIII
2679 462 2857 534 [LIV].

1893 549 2099 620 lnjusta
2139 553 2493 622 episc0porum
2521 554 2789 607 damnatio
2816 573 2846 607 a
2876 553 3073 625 synodo
3102 558 3464 615 retractanda.

1962 641 2073 710 (Η,
2108 658 2159 710 q.
2187 643 2239 706 5,
2270 640 2484 694 Irritam
2505 641 2657 712 esse.)
2693 642 2905 697 Irritam
2932 658 3053 699 esse
3082 644 3331 713 injustam
3356 647 3464 717 cpio

1890 744 2174 798 scoparum
2225 731 2618 785 damnationem
2647 773 2663 795 ,
2721 733 2918 788 idcirco
2966 750 2995 787 a
3039 736 3244 803 synodo
3300 749 3464 792 τευ-ιιι

1890 821 2158 873 ctandam.

2542 910 2650 965 LIX
2673 910 2829 983 [LV].

1972 995 2124 1062 Quod
2156 996 2443 1053 Ecclesium
2466 1016 2617 1053 suam
2645 1001 2932 1071 relinquere
2970 1003 3146 1057 nullus
3173 1005 3374 1060 debeat.

1958 1086 2094 1157 (Lib.
2119 1102 2211 1151 VII,
2239 1105 2287 1142 c.
2315 1088 2463 1158 566.)
2530 1090 2599 1144 Ut
2639 1106 2705 1145 ne
2740 1091 2891 1160 quis,
2927 1092 3053 1146 dum
3086 1094 3140 1147 in
3171 1109 3234 1149 ea
3266 1097 3461 1153 durare

1886 1177 2118 1244 poterit,
2156 1177 2395 1245 qualibet
2421 1180 2740 1234 necessitate
2788 1196 2940 1235 suam
2989 1183 3252 1253 relinquat
3280 1186 3463 1241 Eccle-

1887 1267 2040 1320 siam.

2514 1341 2604 1395 LX
2644 1340 2823 1414 [LVI].

1885 1428 2014 1482 Ante
2039 1431 2273 1499 judicem
2310 1449 2413 1485 non
2441 1450 2594 1502 suum
2617 1433 2854 1502 pulsatus
2875 1445 3042 1490 taceat
3069 1439 3115 1491 si
3147 1439 3296 1493 velit:
3323 1450 3369 1494 et
3401 1452 3458 1495 ut

2303 1501 2586 1571 appellanti
2607 1501 2834 1557 inducia’
2846 1505 3053 1559 dentur.

1956 1588 2437 1662 (Lib.vu,c.283.)
2480 1591 2729 1648 Pulsatus
2755 1602 2878 1649 ante
2906 1596 3312 1665 suumjudieem
3335 1602 3461 1655 can:

1885 1693 2001 1733 sam
2027 1679 2197 1746 dicat;
2222 1689 2396 1736 etnon
2418 1689 2543 1736 ante
2567 1682 2967 1752 snumjudicem
3011 1688 3274 1755 pulsatus,
3311 1692 3353 1744 si
3371 1707 3460 1744 vo—

1812 1801 1858 1862 B
1884 1771 2063 1838 luerit,
2082 1781 2286 1828 taceat:
2320 1781 2377 1827 et
2402 1782 2461 1827 ut
2492 1775 2689 1843 pulsat,
2719 1778 2929 1845 quoties
2950 1779 3357 1847 appellaverint,
3380 1783 3461 1837 in—

1883 1862 2057 1919 ducite
2081 1864 2295 1918 dentur.

2508 1956 2834 2029 LXI[I.VII].

2019 2047 2097 2101 De
2118 2064 2179 2101 eo
2202 2048 2291 2118 qui
2322 2057 2503 2101 contra
2530 2064 2680 2101 suam
2705 2051 3134 2119 subscriptionem
3161 2063 3313 2108 venit.

1953 2138 2182 2209 (Lib.VI,
2205 2155 2253 2192 c.
2277 2137 2429 2209 252.)
2477 2137 2535 2192 Si
2560 2140 2684 2208 quis
2695 2147 2882 2194 contra
2896 2156 3049 2195 suam
3071 2143 3461 2211 professionem

1808 2228 1813 2234 ’
1880 2228 1964 2283 vel
1986 2228 2439 2298 conscriptionem
2458 2230 2753 2295 venerit,.si
2767 2229 2996 2286 clericus
3023 2231 3201 2299 fuerit,
3227 2236 3460 2305 depona-

1882 2326 1996 2381 tur;
2033 2317 2077 2372 si
2109 2317 2301 2384 laicus,
2333 2319 2835 2375 anathematizetur.

2490 2427 2625 2482 LXII
2648 2428 2851 2502 [LVIII]

1880 2515 2101 2573 Falsum
2130 2519 2327 2591 crimen
2338 2517 2594 2591 adversus
2610 2519 2923 2591 episcopum,
2947 2521 3319 2591 presbyterum,
3343 2524 3460 2578 diu-

1984 2603 2165 2641 canem
2191 2587 2456 2657 objicienti
2486 2598 2577 2641 nec
2610 2587 2662 2641 in
2684 2587 2788 2656 ﬁne
2825 2587 3002 2645 danda
3030 2587 3347 2647 communio.

1951 2676 2008 2733 Si
2021 2678 2483 2749 quisepiseopum,
2507 2688 2601 2734 aut
2621 2683 3017 2753 presbyterum,
3042 2686 3456 2753 autdiaconum,

1878 2767 2029 2824 falsis
2047 2769 2367 2825 criminibus
2392 2771 2699 2841 appetierit,
2733 2783 2785 2828 et
2809 2776 3039 2844 probare
3064 2792 3168 2830 non
3201 2787 3380 2848 potuei
3398 2781 3456 2843 it,

1877 2875 1980 2916 nec
1998 2860 2059 2916 in
2083 2859 2190 2917 line
2215 2861 2447 2916 dandam
2470 2877 2589 2917 esse
2618 2860 2744 2934 [nisi
2771 2863 2824 2918 in
2868 2865 2973 2919 (ine
2999 2866 3231 2922 dandam
3269 2869 3318 2923 ei
3351 2885 3457 2925 non

1877 2951 2021 3025 esse]
2055 2952 2510 3008 communionem.

2472 3048 2630 3104 LXIII
2659 3049 2841 3122 [LIX].

2388 3140 2467 3194 De
2487 3140 2675 3197 libellis
2701 3143 2940 3211 famosis.

1945 3230 2083 3303 (Lib.
2116 3247 2193 3297 VI,
2231 3248 2279 3284 ε.
2318 3230 2470 3301 245.)
2510 3230 2568 3286 Si
2596 3232 2690 3301 qui
2715 3232 2917 3287 inventi
2948 3231 3147 3288 fuerint
3187 3235 3352 3292 libros
3372 3234 3457 3292 fa-

1875 3338 2060 3379 mosos
2076 3323 2257 3394 legere
2281 3322 2364 3378 vel
2378 3331 2626 3389 cantare,
2651 3324 3205 3379 excommunicentur.

2480 3412 2642 3467 LXIV
2687 3411 2850 3485 [LX].

1876 3504 1947 3562 Ut
1971 3505 2153 3560 diebus
2175 3504 2467 3559 Dominicis
2487 3506 2738 3560 causteab
2765 3506 3003 3575 episcopo
3030 3506 3456 3560 non'audiantur.

1947 3596 2061 3668 (15,
2080 3613 2133 3667 q.
2161 3594 2215 3660 4,
2241 3592 2439 3648 Nullus
2464 3595 2754 3665 episcopus.
2778 3626 2849 3635 —
2870 3594 2983 3648 Lib.
3004 3610 3078 3659 VI,
3110 3612 3156 3648 c.
3184 3596 3332 3666 245.)
3388 3596 3458 3651 Ut

1874 3688 2055 3744 nullus
2085 3687 2369 3757 episcopus
2394 3726 2409 3751 ,
2460 3685 2545 3740 vel
2589 3684 2731 3740 infra
2777 3686 3008 3755 positus,
3039 3684 3128 3740 die
3177 3686 3459 3741 Dominico

1876 3796 2069 3838 causas
2084 3778 2333 3849 judicare
2353 3786 2664 3847 praesumat.

2486 3871 2626 3927 LXV
2657 3871 2838 3945 [LXI].

1878 3962 1954 4018 De
1997 3973 2222 4034 potente,
2249 3964 2295 4017 si
2321 3978 2473 4033 quem
2499 3963 2877 4045 enspoliqverit,
2919 3974 2975 4018 ut
3017 3964 3083 4019 ab
3110 3967 3345 4037 episcopo
3371 3981 3464 4020 es-

2462 4044 2891 4089 communicetur.

1948 4121 2139 4192 (lbid.,
2173 4139 2221 4176 c.
2261 4121 2410 4194 246.)
2444 4122 2577 4179 Utsi
2602 4122 2723 4192 quis
2745 4132 3024 4194 potentum
3051 4125 3344 4194 quemlibet
3372 4141 3464 4181 ex-

1879 4213 2208 4285 spoliaverit,
2261 4222 2316 4267 et
2362 4214 2683 4269 admonente
2726 4216 2980 4285 episcopo
3008 4230 3113 4270 non
3147 4218 3461 4285 reddiderit,

1879 4306 2395 4362 excommunicetur.

2471 4395 2637 4451 LXVI
2660 4396 2866 4469 [LXII].

2058 4487 2127 4544 Ut
2157 4487 2333 4542 nullus
2363 4485 2584 4540 clericus
2613 4504 2645 4540 a
2670 4504 2766 4542 suo
2797 4489 3002 4543 recedat
3023 4491 3281 4560 episcopo.
3332 4546 3341 4555 ,

1950 4582 2137 4656 (Ibid.,
2176 4597 2224 4634 c.
2252 4577 2405 4650 247.)
2445 4579 2517 4635 Ut
2539 4578 2718 4633 nullus
2738 4580 2968 4635 clericus
2987 4583 3056 4637 ab
3081 4583 3334 4654 episcopo
3362 4600 3460 4641 suo

1883 4674 2121 4741 recedat,
2161 4680 2216 4727 et
2247 4671 2312 4725 ad
2340 4670 2506 4725 alium
2539 4684 2596 4723 se
2621 4668 2931 4725 transferat.

2458 4759 2644 4815 LXVII
2674 4759 2899 4834 [LXIII].

1893 4856 1961 4913 Ut
1990 4856 2293 4912 criminibus
2315 4851 2569 4922 implicati
2598 4852 2667 4907 ad
2690 4854 3075 4909 accusationem
3102 4865 3193 4909 aut
3229 4859 3460 4911 testimo-

2355 4926 2500 4979 nium
2529 4939 2636 4978 non
2658 4923 3024 4978 admittuntur.

1957 5019 2094 5092 (Lib.
2123 5034 2195 5082 VI,
2223 5034 2271 5071 c.
2300 5014 2451 5087 298.)
2492 5014 2805 5080 Homicida},
2828 5014 3078 5080 malefici,
3105 5014 3274 5080 fures,
3302 5031 3412 5070 sam
3430 5018 3461 5069 i-

1885 5114 2012 5184 legi,
2038 5119 2303 5182 raptores,
2330 5107 2577 5172 venefici,
2601 5105 2854 5171 adulteri,
2882 5115 2936 5160 et
2962 5107 3053 5176 qui
3081 5114 3293 5176 raptum
3323 5106 3456 5162 ferc-

1885 5206 2016 5268 rint,
2036 5203 2119 5258 vel
2143 5200 2338 5255 falsum
2361 5198 2727 5253 testimonium
2738 5196 2995 5262 dixerint,
3026 5212 3121 5252 seu
3142 5198 3232 5267 qui
3263 5198 3329 5253 ad
3342 5214 3459 5253 sor-

1884 5293 2076 5362 tilegos
2098 5304 2388 5360 magosque
2417 5287 2778 5352 cucurrerint,
2809 5286 3120 5342 nullatenus
3146 5290 3213 5344 ad
3238 5304 3453 5345 accusa-

1885 5386 2086 5440 tionem
2117 5383 2198 5437 vcl
2215 5382 2283 5436 ad
2314 5378 2683 5435 testimonium
2707 5386 2867 5433 erunt
2890 5377 3233 5434 admittendi.

2436 5468 2644 5524 LXVIII
2680 5468 2909 5543 [LXIV].

1886 5566 2164 5622 Criminosi
2226 5563 2491 5617 accusatio
2543 5559 2837 5684 peJiiulosa
2882 5569 2976 5624 est,
3027 5570 3074 5615 et
3121 5558 3330 5613 admitti
3358 5575 3459 5612 non

2630 5650 2656 5684 e
2690 5641 2758 5684 et.

2630 5641 2758 5685 ebet.

1961 5730 2034 5799 (6,
2065 5745 2116 5796 q.
2136 5728 2182 5791 l,
2219 5725 2319 5790 Qui
2338 5727 2529 5779 crimen
2556 5724 2820 5793 intendit.)
2859 5722 2958 5790 Qui
2986 5722 3192 5777 crimen
3215 5715 3459 5784 intendit,

2945 5834 3022 5894 3h
