3986 6168
513 338 639 394 IlI-37

510 447 903 522 agnoscendum
943 452 1024 499 est
1053 445 1097 499 si
1142 445 1254 513 ipse
1282 453 1406 499 ante
1443 460 1552 501 non
1601 446 1699 499 fuit
1729 447 2069 509 criminosus,
2103 452 2154 510 Α

510 544 633 609 quia
657 537 956 610 periculosa
981 545 1064 592 est
1081 544 1135 592 et
1152 536 1361 590 admitti
1393 551 1500 592 non
1531 537 1690 592 debet
1716 539 1790 592 rei
1815 537 2072 591 adversus

510 643 882 700 quemcunque
909 628 1194 700 professio.

1091 738 1254 794 LXIX
1279 737 1488 812 [LXV].

513 855 824 911 Miserarum
860 854 1024 907 ruinis
1042 852 1131 923 qui
1156 852 1432 972 stéccurrit,
1460 850 1554 905 Dei
1579 869 1611 904 a
1631 867 1686 905 se
1716 860 1933 906 removet
1963 853 2079 905 vin-

1223 922 1400 972 ictam.

1223 929 1400 974 ictam.

584 1015 718 1088 (Lib.
741 1031 816 1078 v1,
842 1029 889 1066 c.
911 1010 1060 1081 250.)
1100 1009 1394 1066 Occurrere
1413 1009 1641 1079 quisque
1661 1009 1895 1065 ﬁdelium
1912 1009 2079 1064 minis

512 1106 827 1160 miserorum
855 1103 1016 1158 debet
1048 1099 1288 1156 subsidio
1321 1114 1428 1168 quo
1470 1099 1639 1163 valet,
1689 1107 1744 1154 et
1773 1115 1839 1154 ex
1868 1099 2078 1154 releva-

513 1197 659 1258 tione
702 1195 889 1250 alienae
916 1193 1164 1247 vindictae
1192 1207 1223 1246 a
1252 1206 1311 1246 se
1333 1191 1427 1245 Dei
1471 1205 1749 1245 removere
1790 1190 2080 1244 vindictam

514 1288 646 1360 [quo
681 1287 856 1342 valeat
875 1293 930 1340 et
967 1301 1012 1338 r.
1055 1299 1107 1337 a.
1143 1299 1195 1337 v.
1223 1298 1274 1335 a.
1307 1296 1365 1336 se
1389 1281 1484 1335 Dei
1507 1296 1553 1334 r.
1583 1279 1682 1351 v.].
1744 1279 1900 1336 Libat
1935 1280 2077 1334 enim

516 1379 740 1435 Domino
762 1390 1034 1447 prospera,
1073 1374 1164 1443 qui
1185 1374 1253 1429 ab
1277 1371 1487 1427 alllictis
1511 1371 1660 1441 pellit
1692 1371 1935 1426 adversa.

1097 1485 1239 1540 LXX
1265 1482 1494 1556 [LXVI].

605 1604 683 1658 De
716 1599 943 1674 periculo
961 1596 1336 1668 judicantium,
1362 1603 1411 1648 et
1436 1592 1756 1662 providentia
1781 1606 1980 1645 eorum.

581 1695 722 1766 (Lib.
751 1708 846 1756 vII,
886 1707 932 1744 c.
959 1688 1108 1758 287.)
1149 1683 1318 1753 Majus
1341 1681 1639 1752 periculum
1669 1687 1750 1735 est
1789 1676 2082 1748 judicantis

519 1798 678 1853 quam
699 1780 814 1849 ejus
835 1780 926 1848 qui
951 1776 1256 1846 judicatur:
1301 1772 1442 1827 unde
1473 1771 1762 1839 unicuique
1793 1767 2078 1838 providen-
2112 1767 2155 1827 Β

519 1874 644 1927 dum
669 1879 749 1926 est
784 1883 849 1922 ne
880 1867 1110 1935 aliquem
1136 1861 1331 1932 injuste
1343 1861 1548 1931 judicet
1571 1867 1664 1914 aut
1688 1859 1892 1928 puniat.

1075 1995 1242 2050 LXXI
1271 1991 1523 2065 [LXVII].

611 2093 687 2147 De
709 2083 1036 2146 accusatione
1067 2087 1311 2140 adversus
1333 2083 1601 2159 doctorem.
1617 2082 1981 2137 submovenda.

591 2181 777 2253 (lbid.,
800 2196 847 2232 c.
873 2177 1019 2249 288).
1079 2174 1462 2230 Accusationes
1513 2172 1768 2228 adversus
1807 2170 2083 2227 doctorem

521 2287 678 2326 nemo
706 2269 978 2338 suscipiat,
1003 2267 1126 2337 quia
1153 2281 1260 2320 non
1280 2271 1458 2334 potest
1476 2265 1712 2318 humano
1739 2261 2085 2319 condemnari

521 2364 786 2427 examine,
812 2375 971 2430 quem
992 2359 1130 2412 Deus
1164 2372 1261 2412 suo
1284 2354 1486 2425 judicio
1505 2354 1816 2410 reservavit.

1067 2467 1254 2523 LXXII
1285 2465 1565 2540 [LXVIII].

524 2565 598 2618 De
616 2561 943 2633 presbyteris,
970 2559 1314 2637 diaconibus,
1332 2565 1380 2610 et
1425 2554 1878 2637 reliquis_clericis,
1905 2570 1970 2607 ea:
1997 2553 2086 2607 de-

659 2627 796 2686 creto
818 2631 982 2684 sancti
1013 2627 1246 2682 Silvestri
1270 2636 1316 2680 et
1353 2641 1552 2682 LXXXIV
1576 2627 1948 2696 episcoporum.

594 2722 730 2793 (Lib.
760 2738 800 2788 ι,
832 2738 879 2775 c.
915 2719 1058 2791 I39).
1121 2718 1408 2788 Presbyter
1436 2731 1545 2771 non
1576 2715 1832 2769 adversus
1879 2712 2088 2782 episco-

520 2828 670 2884 pum,
698 2827 805 2866 non
831 2811 1084 2866 diaconus
1111 2807 1368 2862 adversus
1383 2806 1774 2876 presbyterum,
1821 2809 1914 2856 aut
1960 2802 2088 2856 sub-

520 2903 780 2959 diaconus
801 2901 1055 2956 adversus
1066 2898 1368 2961 diaconum,
1400 2911 1508 2951 non
1533 2892 1810 2963 acolythus
1829 2892 2086 2947 adversus

519 2993 924 3055 subdiaconum,
978 3004 1087 3045 non
1139 2988 1406 3043 exorcista
1450 2987 1706 3041 adversus
1755 2983 2084 3056 acolythum,

524 3100 633 3140 non
651 3084 817 3139 lector
837 3080 1092 3136 adversus
1114 3079 1454 3142 exorcistam,
1494 3093 1600 3133 non
1621 3077 1874 3133 ostiarius
1893 3078 2084 3134 adver-
2110 3103 2159 3168 ο

525 3192 620 3233 sus
636 3176 912 3239 lectorem,
931 3173 1020 3228 det
1040 3172 1433 3227 accusationem
1454 3169 1706 3239 aliquam.
1719 3170 1787 3224 Et
1805 3184 1914 3225 non
1937 3171 2086 3226 dam-

523 3267 742 3322 nabitur
763 3263 980 3334 praesul,
1005 3261 1110 3318 nisi
1136 3263 1190 3316 in
1219 3276 1366 3315 LXXII
1387 3261 1633 3315 testibus.
1679 3257 1864 3328 Neque
1887 3258 2086 3327 prtesul

525 3371 765 3412 summus
793 3369 824 3408 a
857 3368 1124 3424 quoquam
1146 3350 1494 3420 judicabitur,
1533 3350 1784 3419 quoniam
1830 3349 2087 3418 scriptum

525 3454 637 3501 est:
700 3443 824 3497 Non
861 3453 936 3497 est
963 3439 1248 3512 discipulus
1289 3456 1444 3510 super
1475 3440 1783 3508 magistrum
1809 3436 1960 3508 (Luc.
1988 3437 2085 3509 VI).

523 3534 813 3605 Presbyter
837 3539 1016 3588 autem
1037 3532 1092 3586 in
1121 3530 1339 3586 cardine
1359 3529 1700 3594 constitutus,
1727 3527 1941 3583 nonnisi
1966 3541 2091 3582 LXIV

525 3623 753 3678 testibus
781 3621 1136 3677 damnabitur.
1176 3620 1438 3674 Diaconus
1465 3619 1799 3673 cardinarius
1833 3617 2094 3673 constitu-

525 3721 613 3768 tus
647 3713 796 3768 urbis
834 3711 1036 3776 Romae,
1081 3710 1187 3765 nisi
1217 3711 1272 3764 in
1300 3725 1426 3763 IIva
1475 3724 1585 3764 non
1629 3708 2088 3764 condemnabitur.

525 3803 916 3868 Subdiacouus,
961 3801 1258 3870 acolythus,
1285 3799 1569 3864 cxorcista,
1599 3798 1781 3862 lector,
1809 3799 1933 3865 nisi,
1956 3799 2094 3853 sicut

525 3890 784 3958 scriptum
812 3896 913 3953 est,
941 3889 998 3941 in
1025 3904 1098 3941 VII
1123 3887 1349 3942 testibus
1369 3901 1477 3940 non
1491 3886 1956 3942 condemnabitur.
1995 3887 2094 3941 Te-

527 3986 640 4032 stes
665 3983 846 4030 autem
868 3976 985 4030 sine
1017 3975 1196 4044 aliqua
1229 3975 1338 4029 sint
1375 3974 1610 4038 infamia,
1648 3990 1844 4030 uxores
1877 3985 1930 4029 et
1961 3975 2096 4030 ﬁlios

527 4068 809 4132 habentes,
835 4073 888 4122 et
905 4065 1124 4121 omnino
1151 4064 1422 4120 Christum
1445 4064 1813 4133 praedicantes.

1195 4171 1426 4227 LXXIII.

526 4269 674 4324 Laici
741 4266 1089 4322 testimonium
1153 4264 1399 4388 adiltprgus
1455 4263 1698 4319 clericum
1751 4266 1942 4337 suscipi
1993 4284 2096 4321 non

1269 4351 1295 4388 e
1329 4343 1395 4388 et.

1269 4351 1395 4388 εοεε.

597 4428 672 4500 (6,
699 4445 750 4498 q.
779 4428 828 4493 1,
855 4444 900 4480 c.
929 4425 984 4491 6,
1014 4424 1230 4497 Testes.)
1269 4425 1657 4482 Testimonium
1687 4427 1807 4482 laici
1839 4429 2096 4484 adversus
2125 4429 2176 4492 Ι)

527 4518 783 4573 clericum
810 4532 970 4572 nemo
996 4516 1276 4585 suscipiat.

1203 4629 1434 4687 LXXIV.

527 4716 761 4772 Clericus
788 4717 844 4771 in
871 4716 1076 4788 publico
1110 4719 1488 4840 examinandas
1517 4737 1620 4774 non
1658 4730 1757 4784 est,
1795 4723 1885 4776 sed
1932 4724 1988 4778 in
2014 4741 2098 4779 ec-

1226 4805 1252 4840 c
1275 4805 1402 4840 θεία.

1226 4805 1402 4842 ειεδτα.

596 4877 765 4933 Nemo
792 4878 937 4933 enim
964 4877 1219 4934 clericum
1246 4880 1536 4948 quemlibet
1557 4881 1612 4935 in
1645 4883 1858 4951 publico
1895 4885 2096 4939 exami-

527 4981 660 5022 nare
681 4973 990 5037 praesumat,
1017 4967 1120 5022 nisi
1151 4966 1206 5020 in
1234 4968 1478 5036 ecclesia,
1511 4978 1565 5023 et
1589 4971 1811 5040 reliqua.

1099 5078 1290 5135 LXXV
1317 5079 1547 5153 [LXIX].

535 5171 608 5226 De
626 5171 874 5242 episcopis
895 5171 1147 5225 damnare
1176 5171 1457 5252 volentibus
1483 5189 1600 5226 eum
1642 5191 1673 5228 a
1699 5190 1800 5244 quo
1828 5186 1948 5229 sunt
1970 5193 2099 5230 con-

1213 5251 1420 5295 δεοναιὲ.

600 5330 738 5402 (Lib.
758 5345 852 5395 vn,
879 5347 925 5384 c.
943 5329 1056 5402 85.)
1096 5330 1343 5400 Episcopi
1359 5330 1597 5400 pontiﬁci
1620 5345 1652 5384 a
1676 5346 1782 5400 quo
1797 5335 2098 5389 consecrati

530 5423 855 5492 probantur,
916 5420 1283 5491 prazjudicium
1339 5422 1539 5477 inferre
1589 5422 1794 5477 nullum
1849 5434 2094 5493 possunt.

531 5510 681 5576 Quod
721 5511 762 5565 si
785 5519 1168 5579 praesumptum
1201 5510 1382 5577 luerit,
1412 5512 1616 5566 viribus
1652 5528 1837 5569 carere
1860 5531 1968 5571 non
2005 5518 2103 5591 du-

535 5598 678 5657 bium
706 5609 806 5665 est,
833 5616 934 5654 nec
959 5616 1116 5670 posse
1148 5601 1287 5655 inter
1306 5601 1669 5658 ecclesiastica
1686 5604 1793 5661 ullo
1808 5598 1964 5662 modo
1993 5616 2102 5662 sta-

537 5697 650 5744 tuta
674 5690 899 5744 censeri.

1573 336 2014 390 ANGELRAMNI
2056 337 2396 393 METENSIS
2435 338 2734 395 EPISCOPI

3613 342 3752 400 1068

2730 451 2942 506 LXXVI
2983 452 3190 524 [LXX].

2455 539 2541 592 Ur
2551 540 2723 593 nullus
2747 551 2930 595 contra
2955 541 3251 612 religionem
3278 543 3459 611 faciat.

2245 629 2383 699 (Lib.
2422 646 2474 694 v,
2502 647 2547 682 c.
2574 630 2722 699 248.)
2746 630 2862 686 Non
2887 632 3013 686 licet
3037 634 3368 702 imperatori,
3394 633 3477 690 vel
3514 635 3760 705 cuipiam

2173 717 2425 784 pietatem
2451 720 2792 787 custodienti,
2842 722 3045 791 aliquid
3071 731 3257 778 contra
3285 725 3537 779 mandata
3571 726 3764 781 divina

2174 822 2517 875 praesumere.

2833 900 3090 957 LXXVII.

2176 985 2254 1040 De
2281 987 2576 1056 apostolicis
2601 998 2649 1043 et
2684 991 2948 1045 canonicis
2971 990 3190 1045 decretis
3231 994 3441 1046 minime
3470 993 3759 1048 violandis.

2248 1073 2385 1144 (Lib.
2412 1091 2510 1141 VII,
2533 1094 2579 1130 c.
2596 1076 2709 1148 90.)
2728 1078 3128 1134 Providendum
3154 1089 3324 1135 estne
3352 1081 3404 1134 in
3428 1081 3760 1151 aliquoapo-

2179 1164 2365 1220 stolica
2391 1175 2484 1219 aut
2505 1167 2764 1222 canonica
2786 1169 2999 1223 decreta
3024 1169 3309 1224 violentur.

2874 1281 3011 1335 LXX
3019 1282 3149 1336 VIII.

2185 1367 2258 1422 De
2278 1369 2472 1435 iniusto
2485 1369 2691 1438 judicio
2709 1372 2978 1440 principis,
3008 1382 3142 1493 Ziata
3169 1373 3247 1426 vel
3267 1373 3422 1443 jussu
3447 1375 3761 1441 terminato,

2819 1457 3004 1493 cassan
3037 1458 3096 1493 ο.

2819 1457 3096 1494 εαεδαηαο.

2253 1527 2389 1598 (Lib.
2413 1543 2464 1592 v,
2491 1545 2538 1581 c.
2560 1529 2711 1599 251.)
2780 1529 3039 1598 lnjustum
3084 1531 3369 1599 judicium,
3404 1544 3458 1589 et
3508 1537 3765 1593 definitio

2182 1615 2400 1685 injusta,
2422 1619 2569 1689 regio
2591 1629 2733 1674 metu
2755 1620 3002 1689 veljussu
3024 1636 3054 1675 a
3070 1620 3341 1691 iudicibus
3361 1626 3629 1694 ordinata,
3649 1645 3768 1684 non

2183 1709 2378 1765 valeat.

2732 1780 2944 1836 LXXIX
2975 1781 3203 1855 [LXXI].

2188 1866 2339 1933 Quod
2382 1867 2435 1919 hi
2479 1871 2568 1938 qui
2599 1879 2777 1924 contra
2810 1869 2991 1992 Pat‘Ii-es
3025 1882 3333 1952 armantur,
3387 1873 3494 1928 Deo
3527 1877 3768 1931 existant

2869 1956 2900 1992 ο
2939 1956 3057 1992 Iosi.

2869 1956 3057 1993 οαιοει.

2256 2029 2396 2101 (Lib.
2419 2045 2515 2092 vn,
2547 2045 2594 2082 c.
2617 2026 2768 2098 287.)
2829 2027 2920 2083 Sic
2944 2029 3058 2082 odit
3078 2028 3217 2083 Deus
3239 2044 3332 2084 eos
3370 2032 3463 2100 qui
3497 2033 3764 2088 adversus

2184 2119 2372 2175 Patres
2392 2125 2688 2184 armantur,
2731 2125 2793 2171 ut
2820 2117 3040 2172 Patrum
3072 2119 3365 2186 invasores,
3398 2123 3490 2190 qui
3521 2124 3576 2176 in
3613 2127 3765 2179 omni

2184 2211 2382 2266 mundo
2406 2209 2622 2265 infamia
2652 2217 2931 2264 notantur.

2722 2320 2914 2374 LXXX
2947 2319 3202 2395 [LXXII].

2188 2409 2257 2464 Ut
2284 2409 2457 2465 nullus
2481 2425 2656 2480 regum
2681 2409 2839 2530 huius
2863 2411 3077 2464 canonis
3100 2413 3446 2466 censuramin
3466 2412 3648 2482 aliqua
3667 2416 3766 2467 vio-

2759 2495 2848 2530 are
2887 2491 3188 2530 praesumat.

2759 2495 2848 2533 are
2887 2491 3188 2549 prmumat.

2254 2568 2365 2640 (25.
2387 2585 2438 2639 q.
2457 2569 2506 2633 l,
2534 2566 3012 2623 Generalidecreto.
3038 2600 3108 2610 ——
3137 2569 3248 2624 Lib.
3271 2587 3345 2637 vI,
3370 2572 3590 2637 c.249.)
3632 2575 3770 2629 Item

2185 2659 2419 2728 generali
2445 2661 2659 2714 decreto
2686 2661 3062 2715 constituimus
3094 2669 3156 2715 ut
3197 2665 3588 2718 exsecrandum
3629 2680 3769 2717 ana-

2186 2747 2367 2802 thema
2402 2745 2563 2818 [ﬁat],
2595 2755 2649 2802 et
2693 2747 2837 2802 velut
2866 2751 3250 2817 praevaricator
3302 2751 3585 2806 catholica:
3641 2755 3771 2807 ﬁdei

2187 2835 2326 2904 apud
2353 2837 2520 2891 Deum
2549 2852 2673 2891 reus
2697 2838 2912 2902 existat,
2940 2839 3246 2908 quicunque
3269 2855 3454 2909 regum
3469 2842 3552 2894 vel
3577 2851 3774 2910 poten-

2187 2932 2300 2979 tum
2330 2926 2580 2994 deinceps
2600 2941 2865 2981 canonum
2895 2943 3176 2983 censuram
3208 2931 3262 2984 in
3289 2946 3616 3002 quocunque
3643 2951 3771 2988 cre-

2189 3012 2381 3069 diderit
2407 3015 2489 3069 vel
2512 3017 2818 3084 permiserit
2847 3018 3171 3074 violandam.

2482 3125 2664 3182 NOTA
2696 3126 2926 3184 JACOBI
2963 3131 3289 3189 SIRMONDI
3313 3134 3370 3189 S.
3396 3134 3446 3190 .I.

2258 3213 2674 3287 (Adrianipapa:
2709 3214 2998 3287 Capitula.)
3033 3220 3231 3286 Quanti
3266 3225 3381 3278 haec
3411 3225 3541 3279 olim
3573 3228 3774 3282 habita

2187 3281 2469 3362 fuerintnin
2495 3281 2668 3362 .Gallia
2693 3299 2760 3340 eX
2786 3281 2871 3342 'eo
2894 3281 3291 3362 intdllikidicet,
3329 3297 3470 3362 quod
3491 3281 3686 3351 omnia
3719 3281 3772 3352 in

2188 3352 2354 3426 libros
2381 3351 2765 3421 Capitularium
2796 3373 2981 3426 regum
3011 3351 3288 3416 transfusa
3323 3351 3449 3418 sint.
3502 3367 3777 3422 Videntur

2188 3421 2352 3497 etiam
2375 3437 2753 3497 nonnunquam
2801 3421 3032 3497 episcopi
3063 3433 3250 3486 eadem
3302 3434 3405 3488 sibi
3433 3443 3490 3489 et
3519 3437 3777 3491 ecclesiis

2189 3491 2302 3569 suis
2324 3506 2422 3569 pro
2444 3493 2558 3569 lege
2583 3491 2914 3569 observanda
2932 3491 3316 3569 "proposuisse;
3352 3512 3413 3556 ut
3437 3505 3773 3561 [lincmarus

2189 3561 2575 3633 Laudunensis,
2605 3564 2758 3633 cujus
2771 3567 2824 3620 in
2846 3561 3029 3622 codice
3041 3561 3247 3625 sanctae
3259 3561 3436 3628 Maria:
3451 3574 3772 3630 Virdunen-

2191 3632 2285 3714 sis,
2304 3633 2573 3714 posthaec
2590 3632 3086 3714 AdrianLcapitula,
3121 3641 3420 3714 istiusmodi
3440 3654 3622 3698 exstat
3646 3661 3772 3714 pro-

2191 3700 2384 3775 fessio:
2407 3702 2774 3775 tllincmarus,
2803 3700 2916 3760 Deo
2941 3700 3250 3775 miserante,
3280 3711 3530 3768 Ecclesia:
3554 3700 3776 3769 Laudis-

2191 3771 2702 3848 nensis_episcopus,
2731 3775 2813 3830 his
2833 3786 3139 3832 sanctorum
3165 3771 3467 3848 apostolica:
3494 3785 3647 3838 sedis
3666 3785 3772 3838 Pa-

2192 3847 2338 3893 trum
2367 3838 2597 3922 decretis
2623 3844 3098 3913 obtemperandum
3120 3838 3437 3922 subscripsi.
3505 3853 3611 3919 Qui
3637 3870 3772 3922 quo-

2192 3923 2302 3984 que
2324 3909 2454 3963 mihi
2482 3912 2670 3984 eodem
2696 3909 2916 3969 auctore
2939 3918 3212 3972 commissi
3231 3909 3377 3984 suni,
3423 3929 3478 3975 et
3504 3909 3557 3975 ἰῖι
3586 3909 3681 3977 his
3701 3925 3775 3977 si.

2193 3978 2392 4060 utiliter
2418 3981 2672 4060 sentiunt,
2701 3984 2912 4039 solliciti
2938 4002 3153 4042 servare
3179 3978 3435 4044 unitatem
3458 3993 3694 4060 spiritus
3721 3997 3774 4047 in

2193 4048 2405 4126 v_i_ncu_lo
2428 4051 2599 4118 pacis,
2628 4052 2742 4126 hac
2767 4070 2978 4126 mecum
3021 4071 3154 4124 pace
3177 4060 3469 4126 potiantur.
3487 4048 3505 4060 ³
3543 4061 3602 4115 Si
3641 4079 3777 4118 vero

2191 4117 2356 4199 aliqui
2381 4117 2535 4199 secus
2556 4120 2799 4199 nolentes
2825 4124 2940 4179 ﬁeri
2970 4117 3111 4199 so'cii
3128 4117 3282 4196 hujus
3321 4128 3648 4199 disciplima,
3674 4117 3775 4188 nec

2195 4186 2493 4261 habeantur
2513 4192 2800 4261 participes
2845 4186 3236 4252 communionis
3265 4186 3484 4254 nostrai
3564 4186 3774 4256 Actum

2193 4256 2451 4336 Lauduno
2474 4256 2572 4313 VIII
2597 4256 2721 4316 ldus
2744 4261 2939 4336 Julias.
2965 4285 2982 4317 I
3025 4265 3096 4319 At
3120 4267 3308 4322 horum
3356 4281 3547 4324 contra
3577 4281 3778 4327 aucto—

2194 4333 2430 4404 ritatem,
2469 4336 2723 4404 tanquam
2754 4347 2784 4386 a
2808 4335 2976 4389 sacris
3005 4339 3301 4393 canonibus
3320 4340 3776 4404 discrepantium,

2197 4395 2408 4476 elevare
2421 4395 2593 4467 atque
2604 4399 2894 4472 infringere
2924 4414 3149 4476 conatur
3163 4407 3484 4463 Hinemarus
3498 4395 3776 4465 libamen:

2198 4466 2273 4544 sis
2302 4466 2559 4549 adversus
2583 4466 2829 4549 nepotem
2845 4475 3103 4549 scribens,
3131 4492 3258 4549 cap.
3280 4477 3370 4549 24,
3412 4481 3504 4549 qui
3526 4490 3584 4534 et
3632 4483 3774 4536 hanc

2193 4538 2310 4602 ejus
2337 4538 2782 4608 subscriptiOnem
2815 4543 3028 4599 vellicat
3055 4538 3228 4614 capite
3249 4547 3336 4602 56.

2512 4667 2717 4724 NOTAE
2755 4671 3029 4730 ANTONII
3067 4676 3435 4734 AUGUSTINI

2547 4775 2938 4818 ARCHIEPISCOPI
2971 4782 3412 4824 TARRACONENSIS.

2199 4869 2275 4923 De
2297 4866 2516 4947 Adriani
2542 4885 2694 4947 papae
2721 4873 2950 4947 decretis
2970 4879 3214 4947 sumptis,
3248 4887 3307 4933 ut
3331 4881 3502 4944 aiunt,
3526 4898 3599 4937 ex
3629 4886 3776 4941 Gre-

2266 4939 2345 5023 cis
2373 4939 2642 5023 etLatinis
2669 4945 2963 5023 eanonibus
2983 4957 3037 5023 et
3064 4939 3575 5023 synodisﬁomanis,
3612 4939 3774 5023 atque

2268 5007 2817 5088 decretisprazsulum
2863 5029 2932 5088 a_c_
2951 5007 3251 5088 principum
3289 5007 3778 5088 Romanorum,‘et

2269 5075 2842 5164 tI'adi'tisLliIgelra‘mno
2882 5075 3310 5164 Mediomatricis
3323 5091 3475 5144 urbis

2270 5161 2370 5223 XIII
2392 5146 2656 5223 Kalendas
2679 5150 2946 5219 Octobris,
2973 5156 3261 5212 indictione
3284 5159 3339 5223 9,
3379 5173 3521 5216 anno
3545 5146 3776 5219 ’(2)ιῆἒῦ

2227 5238 2229 5240 ·
2271 5214 2394 5286 ἶ85,
2418 5225 2477 5286 ut
2497 5220 2754 5286 suspicor.

2271 5282 2471 5361 ICAP._I.
2500 5282 2605 5361 Dei
2626 5290 3002 5346 ordinationem
3032 5305 3260 5359 accusat,
3291 5307 3396 5352 etc.
3450 5298 3545 5353 His
3593 5305 3778 5361 verbis

2199 5355 2736 5440 utiturﬁl‘e‘lesphoru‘s
2761 5362 2982 5440 epistola
3007 5363 3068 5417 ιε
3101 5355 3345 5440 ψιάθέει
3366 5368 3547 5437 cap.8,
3579 5355 3775 5440 cam-6*,

2200 5425 2424 5508 quaestio
2445 5426 2497 5489 1,
2519 5429 2656 5508 apud
2679 5425 3016 5508 Gratianum,
3039 5443 3093 5487 et
3115 5434 3221 5497 lvo,
3237 5445 3389 5508 parte
3401 5425 3475 5502 vi,
3500 5425 3631 5508 cap.
3649 5425 3774 5508 3H:

2201 5494 2440 5574 decreti;
2481 5494 2810 5574 etAnselm.,
2848 5494 3055 5574 [inii],
3087 5494 3328 5574 cap.'l3;
3369 5494 3773 5568 eisdeufutitdi

2201 5562 2632 5642 Eusebiuspapa
2659 5562 2817 5642 epist.
2847 5570 2900 5642 2.
2958 5562 3141 5642 Neque
3153 5562 3439 5630 dissimilia
3463 5588 3590 5632 sunt
3611 5562 3774 5638 Eii;

2202 5631 2668 5716 Αιθχίριίίςζρίὶρῳ
2691 5631 2920 5716 epist._l_
2937 5649 2988 5694 et
3017 5631 3372 5716 epist._2,iex
3399 5631 3505 5716 qua
3539 5631 3768 5707 minii}

2203 5716 2320 5770 cap.
2349 5704 2405 5770 2,
2431 5703 2558 5759 dist.
2585 5703 2674 5773 94,
2700 5703 2821 5763 licet
2852 5708 2985 5766 falso
3001 5703 3768 5780 Antonius'Democharevswé-Hi:
