3986 6168
312 266 450 321 1097

1526 268 1956 325 DONATIONES
1995 267 2328 336 cumnam.

3422 269 3555 327 1098

302 378 534 451 capitula
562 378 795 451 Adriano
815 382 987 449 primo
1029 381 1316 451 alijudicat,
1366 382 1465 444 vel,
1504 390 1560 434 ut
1610 383 1883 436 existimat
1912 400 1955 448 Α
1986 382 2252 449 descripta
2280 380 2477 434 fuerint
2500 379 2552 451 in
2583 394 2766 451 regum
2798 378 3126 451 Francorum
3155 380 3558 451 capitulm-ibus,

304 448 481 501 Marca
516 447 777 520 laudatus,
810 447 1059 519 excerpta
1087 447 1168 503 est
1197 465 1261 503 ex
1301 451 1536 520 antiquis
1584 453 1881 506 (‘3lt0llibllS

300 526 356 571 et
406 518 652 587 genuinis
699 518 1008 587 pontificum
1062 518 1727 587 Romanorum'epistolis,
1769 532 1880 575 tum

299 588 463 641 etiam
473 601 540 641 ex
557 588 764 654 legibus
776 588 972 643 Codice
985 589 1355 643 Theodosiauo
1366 591 1785 657 comprehensis,
1802 591 1883 646 vel

300 658 477 729 potius
499 673 566 712 ex
590 658 802 729 illarum
828 658 1002 729 legum
1015 660 1307 729 Breviario.
1336 660 1393 712 lu
1430 662 1513 713 his
1536 669 1710 714 autem
1738 662 1884 729 capi—

301 727 426 797 tulis
456 728 722 781 interdum
758 727 999 781 nonnihil
1041 728 1257 782 additur
1301 729 1535 797 antiquis
1564 727 1877 795 canonibus,

299 795 566 867 interdum
597 812 725 867 vero
764 799 923 853 verba
967 797 1145 866 aliqua
1182 795 1565 867 detrahuntur,
1629 808 1881 867 tantaque

299 866 493 920 borum
519 866 872 935 capitulorum
897 865 1129 935 dignitas
1165 865 1289 932 fuit,
1316 868 1554 923 utetiam
1574 865 1885 937 frequenter

1988 461 2045 504 ut
2071 448 2177 503 tam
2201 451 2464 503 Antonius
2505 448 2836 520 Augustinus
2883 464 3044 517 quam
3074 448 3248 503 Marca
3287 448 3560 506 communi

1986 535 2249 575 consensu
2275 520 2535 574 scribunt.
2561 520 2823 573 Cteterum
2849 520 3090 588 priorum
3113 521 3421 589 pontificum
3456 522 3563 573 [{0-

1982 605 2266 644 manorum
2280 590 2532 657 epistolas
2545 589 2913 657 supposititias
2925 603 3046 643 esse
3064 605 3169 643 non
3197 599 3400 643 tantum
3422 590 3561 643 Mar-

1985 674 2047 713 ca
2076 669 2131 713 et
2159 660 2423 713 Antonius
2454 660 2801 727 Augustinus,
2833 660 2927 713 sed
2962 659 3124 712 etiam
3153 658 3413 715 Baronius
3461 675 3563 723 an-

1985 745 2055 783 no
2115 729 2219 784 865
2267 730 2573 798 passimque
2631 729 2721 781 alii
2764 728 2864 781 viri
2918 729 3060 798 docti
3113 727 3367 781 fatentur.
3428 729 3564 798 Vide

1986 814 2105 867 quae
2131 800 2196 853 de
2219 797 2285 852 iis
2315 799 2555 868 epistolis
2581 799 2813 853 diximus
2835 812 2976 851 anno
2994 797 3194 852 Christi
3243 798 3366 862 100,
3400 813 3453 849 n.
3509 797 3558 861 ι,

1984 878 2038 922 et
2057 883 2208 937 seqq.

2062 1026 2249 1036 .———__

1004 1153 1405 1229 ANGELR
1423 1152 1674 1226 AMNI
1736 1148 2390 1226 DONATIUNES
2446 1148 2921 1239 QUIEDAM.

1776 1308 2081 1322 ~—

1068 1395 1088 1448 l

300 1482 679 1554 Angelrammts
717 1481 987 1537 Faltonem
1025 1495 1072 1537 et
1106 1483 1436 1538 Caudiacum
1470 1483 1741 1540 σοι-κίειωὶ
1772 1502 1878 1538 mo—

689 1554 914 1607 nasterio
960 1554 1122 1608 donat
1151 1554 1311 1625 (anno
1341 1555 1486 1625 770).

676 1640 769 1698 (Ex
800 1641 862 1690 D.
887 1640 1093 1700 Calmet,
1113 1643 1239 1692 Hist.
1269 1641 1493 1707 Lothar.)

1974 1393 2134 1447 lectet
2156 1408 2254 1463 pro
2274 1394 2431 1448 nobis
2469 1393 2551 1446 vel
2587 1390 2789 1460 inclyte
2817 1404 2945 1461 rege
2984 1397 3188 1456 nostro,
3222 1406 3315 1445 seu
3352 1391 3555 1446 stabiliv

1976 1490 2089 1536 tate
2120 1483 2271 1550 regni
2293 1482 2644 1547 Francorum,
2685 1490 2740 1536 et
2761 1478 3167 1536 successoribus
3194 1480 3412 1545 nostris,
3446 1481 3551 1535 Do-

1981 1572 2112 1625 mini
2135 1572 2561 1627 misericordiam
2582 1572 2845 1626 attentius
2872 1585 3117 1635 exorare,
3165 1579 3220 1625 et
3251 1570 3401 1625 illum
3421 1587 3549 1626 cen—

1982 1677 2100 1716 sum
2125 1677 2287 1731 quem
2330 1677 2499 1731 usque
2548 1677 2692 1716 nunc
2729 1663 2842 1732 ipse
2884 1662 3249 1731 Fredelaigus,
3294 1664 3377 1717 vel
3415 1662 3556 1718 God-

370 1722 780 1823 9",“.chrismsﬁ
808 1723 1008 1823 unicus,
1038 1724 1203 1779 Filius
1224 1724 1423 1823 Ῐῗδιτίδν
1567 1743 1685 1781 cum
1700 1727 1877 1823 Patre,
1915 1736 1956 1795 Β
1985 1722 2160 1807 fridus
2176 1753 2242 1806 ad
2262 1722 2472 1823 partem
2502 1753 2673 1807 sancti
2696 1722 2974 1820 Stephani,
2996 1750 3080 1805 vel
3095 1722 3250 1806 nobis
3276 1752 3559 1816 dederunt,

301 1821 356 1869 et
382 1812 587 1882 Spiritu
636 1819 821 1867 sancto
856 1820 1049 1867 cuncta
1085 1813 1288 1868 creavit
1316 1829 1381 1868 ex
1413 1816 1603 1882 nihilo,
1652 1832 1757 1871 non
1785 1817 1877 1872 de—

302 1905 551 1974 dignatus
592 1903 662 1958 sit
706 1904 942 1958 animam
990 1919 1090 1973 pro
1134 1905 1324 1959 ovibus
1373 1906 1486 1987 suis
1538 1922 1759 1976 ponere,
1824 1918 1878 1963 et

303 1996 601 2067 acquisitas
626 1996 844 2064 proprio
881 2011 1095 2061 cruore,
1132 2012 1287 2077 servo
1314 1998 1417 2053 sibi
1461 1999 1666 2054 credito
1714 2001 1880 2055 tradi-

303 2087 382 2142 dit
431 2086 828 2151 custodiendas,
868 2093 923 2141 et
946 2086 990 2141 si
1014 2086 1100 2140 cui
1134 2088 1562 2153 committantur,
1603 2089 1878 2159 perspice—

302 2192 363 2233 re
384 2193 448 2231 ac
470 2176 653 2231 solerti
682 2176 861 2232 studio
903 2176 1229 2247 pervigilare
1255 2177 1412 2232 debet
1436 2186 1495 2231 ut
1532 2193 1747 2248 gregem
1777 2179 1881 2234 sibi

302 2271 671 2334 commissum,
696 2270 751 2324 in
777 2276 1038 2339 quantum
1088 2270 1201 2340 ipse
1227 2270 1318 2339 qui
1344 2269 1596 2335 tradidit,
1634 2271 1685 2325 ei
1736 2270 1882 2324 vires

304 2361 543 2415 tribuere
579 2361 921 2431 dignabitur,
954 2376 1058 2415 non
1084 2359 1399 2430 negligendo
1422 2360 1727 2415 necessaria
1760 2376 1865 2414 om-

311 2452 401 2507 nia
439 2460 552 2506 tam
591 2452 1090 2523 spiritualiaquam
1120 2460 1175 2506 et
1214 2451 1529 2523 temporalia
1577 2453 1884 2521 impendere

307 2543 538 2608 studeat,
580 2550 640 2597 ut
665 2542 925 2599 talentum
955 2543 1056 2598 sibi
1101 2543 1367 2598 creditum
1412 2558 1536 2597 eum
1573 2543 1752 2597 usuris
1780 2543 1885 2597 Do-

309 2632 458 2687 mino
500 2647 599 2687 suo
628 2639 999 2702 repraesentet.
1042 2632 1165 2687 Ideo
1190 2647 1290 2703 ego
1312 2632 1368 2685 in
1397 2631 1490 2687 Dei
1523 2633 1741 2686 nomine
1775 2630 1886 2685 An-

312 2723 625 2793 gilramnus,
657 2724 827 2794 gratia
852 2723 945 2777 Dei
984 2723 1239 2779 Metcnsis
1267 2724 1415 2778 urbis
1456 2723 1761 2793 episcopus,
1788 2738 1887 2793 pro

247 2802 263 2809 ’
312 2815 495 2871 divino
521 2815 750 2881 intuitu,
783 2814 867 2869 vel
901 2814 1094 2869 anima:
1132 2821 1329 2869 nostra:
1352 2813 1622 2877 remedio,
1654 2828 1751 2868 seu
1789 2830 1885 2882 pro

311 2916 513 2961 aeterna
540 2905 912 2970 retributione,
943 2920 1048 2959 una
1071 2919 1191 2959 cum
1221 2918 1486 2959 consensu
1518 2903 1646 2958 cleri
1675 2903 1759 2957 vel
1788 2902 1887 2957 lai-

316 3012 500 3051 corum
538 2996 773 3051 ﬁdelium
801 2996 975 3050 sancti
1008 2994 1265 3065 Stephani
1294 2994 1707 3065 protomartyris
1729 3008 1882 3064 pecu-

316 3090 468 3145 liaris
502 3088 718 3160 patroni
762 3087 952 3154 nostri,
1004 3088 1090 3143 cui
1121 3087 1377 3142 Ecclesia:
1414 3097 1635 3142 auctore
1670 3086 1887 3144 Christo
1915 3090 1961 3157 C

314 3198 545 3254 praeesse
565 3181 942 3252 dignoscimur,
964 3182 1227 3235 donamus
1251 3180 1318 3235 ad
1333 3181 1725 3235 monasterium
1747 3179 1890 3235 Gor-

316 3273 434 3338 zize,
459 3271 601 3343 quod
614 3270 855 3340 subjaeet
874 3272 976 3343 ipsi
992 3271 1235 3327 ecclesia:
1258 3271 1429 3327 sancti
1446 3270 1725 3340 Stephani,
1749 3272 1892 3341 quod

315 3363 679 3433 praedecessor
698 3370 883 3416 noster
900 3361 1055 3417 home
1076 3361 1462 3417 recordationis
1482 3361 1713 3417 domnus
1723 3360 1890 3415 Chro-

316 3451 594 3523 degangus
635 3450 1093 3521 archiepiscopus,
1140 3451 1194 3505 in
1214 3452 1419 3507 honore
1466 3452 1637 3507 sancti
1665 3445 1809 3505 Petri
1838 3459 1889 3504 et

318 3550 638 3596 caeterorum
669 3549 978 3596 sanctorum
1009 3557 1040 3596 a
1068 3557 1207 3597 novo
1230 3542 1536 3607 tedilicavit,
1590 3550 1644 3596 et
1679 3541 1891 3595 turbam

318 3632 706 3686 monachorum
734 3632 834 3686 sub
861 3639 1045 3686 saneta
1072 3647 1259 3685 norma
1293 3632 1460 3685 vitam
1489 3632 1745 3699 degentes
1771 3644 1892 3683 coa-

321 3722 581 3785 cervavit,
600 3720 684 3774 vel
714 3721 805 3775 ubi
848 3728 1067 3774 sanctus
1103 3718 1426 3789 Gorgonius,
1468 3717 1761 3787 prmclarus
1813 3716 1890 3769 vi-

320 3811 513 3865 delicet
538 3818 743 3880 martyr
766 3811 820 3863 in
868 3823 1091 3878 corpore
1114 3808 1357 3878 quiescit,
1399 3817 1455 3863 et
1479 3808 1569 3862 ubi
1616 3806 1885 3860 Theoma-

322 3914 416 3952 rus
446 3899 611 3953 abbas
638 3899 738 3953 sub
762 3913 924 3952 manu
952 3906 1134 3953 nostra
1160 3906 1338 3952 rector
1370 3912 1490 3952 esse
1530 3891 1759 3959 videtur,
1792 3896 1895 3949 hoc

320 3997 425 4054 est,
450 4003 536 4043 res
576 3988 695 4043 illas
722 3990 788 4044 de
833 3988 1042 4043 ratione
1082 3987 1257 4042 sancti
1285 3986 1566 4057 Stephani,
1597 3985 1651 4040 id
1687 3993 1787 4048 est,
1838 3984 1892 4038 in

318 4096 458 4151 pago
497 4079 746 4144 Bedinse,
773 4078 954 4133 villam
982 4087 1344 4148 nuncupatam
1372 4077 1538 4141 Falto,
1570 4091 1727 4144 quam
1750 4090 1893 4128 nunc

319 4187 417 4242 per
444 4170 760 4226 beneficium
781 4170 951 4224 sancti
975 4168 1253 4239 Stephani,
1292 4168 1375 4223 vel
1400 4177 1662 4230 nostrum,
1689 4164 1890 4219 Frede-

325 4262 496 4332 laigus
522 4261 726 4317 Vassus
760 4260 961 4316 domini
986 4258 1348 4314 Carolimanni
1384 4257 1527 4328 regis
1568 4271 1665 4327 per
1698 4269 1891 4325 preca-

323 4356 460 4408 riam
483 4361 725 4408 nostram
746 4360 931 4406 tenere
953 4350 1181 4414 videtur,
1208 4364 1416 4405 necnon
1439 4358 1494 4403 et
1517 4349 1697 4402 villam
1729 4346 1891 4401 aliam

1979 1844 2152 1913 ipsum
2169 1843 2234 1898 ad
2256 1853 2462 1913 partem
2478 1843 2646 1912 ipsius
2660 1842 2991 1906 monasterii,
3012 1841 3096 1896 vel
3117 1841 3184 1895 ad
3200 1843 3351 1912 ipsos
3362 1843 3560 1900 fratres

1978 1936 2135 1991 annis
2157 1936 2380 2005 singulis
2401 1936 2727 2007 persolvant.
2744 1937 2810 1990 Et
2826 1951 2946 1990 eum
2971 1934 3069 2003 ipsi
3106 1936 3171 1990 de
3200 1937 3302 1993 hac
3325 1937 3441 1992 lucc
3455 1939 3565 1993 dis-

1978 2026 2259 2090 cesserint,
2289 2027 2388 2096 ipsi
2403 2027 2620 2090 fratres,
2636 2027 2781 2096 ipsas
2799 2024 2912 2093 jam
2929 2026 3067 2085 latas
3088 2028 3257 2092 villas,
3276 2045 3397 2085 cum
3413 2028 3563 2084 omni

1980 2116 2337 2185 superposito,
2368 2117 2570 2184 absque
2616 2116 2758 2179 illius
2781 2119 3203 2173 contradictione
3230 2117 3314 2173 vel
3340 2117 3558 2187 judicis,

1980 2212 2074 2259 aut
2092 2205 2403 2274 pontiﬁcum
2416 2220 2896 2275 suecessorumque
2911 2216 3237 2270 nostrorum,
3252 2214 3563 2277 exspectata

1983 2295 2334 2349 traditionein
2344 2310 2532 2350 eorum
2556 2296 2814 2365 recipiant
2836 2306 3176 2366 potestatem.
3202 2297 3394 2364 Quaaso
3409 2314 3564 2352 nam-

1982 2400 2087 2456 que
2109 2402 2468 2451 successores,
2484 2396 2771 2458 patresque
2786 2404 2935 2445 meos
2957 2392 3256 2462 episcopos,
3304 2400 3359 2447 et
3373 2394 3563 2462 perin-

1984 2480 2337 2549 separabilem
2370 2480 2693 2535 Trinitatem
2739 2482 2987 2551 adjurare
3006 2499 3291 2553 praesumo,
3329 2494 3388 2539 ut
3422 2485 3563 2540 facta

1982 2583 2102 2622 mea
2130 2568 2208 2623 sic
2229 2570 2283 2624 in
2308 2584 2480 2623 aavum
2502 2570 2795 2639 perdurare
2815 2572 3153 2641 permittant,
3177 2573 3320 2628 sicut
3340 2574 3440 2643 ipsi
3468 2576 3565 2629 ha-

1984 2661 2113 2715 bent
2133 2660 2268 2716 velle
2293 2669 2353 2715 ut
2372 2669 2521 2732 gesta
2544 2676 2729 2716 eorum
2744 2678 2840 2731 per
2855 2670 3097 2732 tempora
3119 2665 3327 2734 prolixa
3347 2680 3565 2721 conser-

1986 2762 2207 2808 ventur.
2240 2753 2398 2808 Anno
2449 2753 2517 2808 ab
2554 2753 2928 2808 incarnatione
2973 2753 3182 2808 Domini
3212 2753 3335 2809 770.
3363 2755 3475 2823 Ego
3510 2756 3563 2810 in

1989 2849 2081 2903 Dei
2112 2851 2327 2904 nomine
2366 2849 2746 2920 Angilramnus
2788 2858 3041 2917 peccator
3087 2848 3389 2917 episcopus,
3422 2848 3563 2901 hanc

1989 2939 2273 3007 epistolam
2303 2940 2563 2995 cessionis
2594 2955 2623 2992 a
2652 2953 2739 2993 me
2766 2938 2964 2993 factam
2997 2938 3157 3009 relegi
3192 2946 3246 2992 et
3297 2937 3568 3007 subscrip-

1991 3032 2058 3085 si.
2090 3031 2313 3102 Signum
2360 3031 2664 3101 Agnardus.
2695 3030 2807 3101 Ego
2837 3030 3110 3100 Optarius,
3142 3046 3205 3084 ac
3228 3029 3273 3083 si
3316 3030 3566 3099 indignus

1990 3126 2289 3197 presbyter.
2315 3124 2629 3179 lleboradus
2652 3124 2841 3179 abbas.
2864 3122 3216 3177 Arthecarius
3236 3122 3571 3176 archidiaco-

1993 3229 2114 3269 nus.
2145 3213 2410 3268 Andreas.
2451 3213 2572 3268 Gilo
2601 3214 2787 3267 abbas.
2833 3210 3078 3280 Sigillum
3108 3211 3409 3265 Huvinodo.
3458 3210 3565 3264 lla-

1995 3304 2269 3358 rimandus
2318 3303 2580 3358 notarius.
2623 3302 2736 3369 Ego
2767 3300 2979 3354 Ynasco
3027 3300 3249 3353 intimus
3288 3298 3567 3362 diaconus,

1984 3394 2171 3463 jussus
2195 3410 2225 3448 a
2254 3394 2481 3447 Domino
2507 3401 2561 3446 et
2587 3390 2842 3461 pontifice
2866 3405 2987 3444 meo
3029 3388 3377 3459 Angilranno,
3427 3390 3567 3443 hanc

1992 3484 2270 3552 epistolam
2296 3482 2556 3536 cessionis
2575 3479 2765 3550 scripsi
2787 3486 2841 3533 et
2861 3478 3173 3548 subscripsi.

2736 3571 2800 3625 II.

1993 3652 2371 3722 Augelramnus
2418 3650 2743 3722 Warangesi
2779 3648 3183 3722 _villam__t_lonat
3248 3652 3560 3702 monasterio

2474 3718 2745 3777 Corziensi
2769 3719 2927 3791 (anno
2956 3718 3101 3785 770).

2503 3809 2595 3865 te:
2620 3809 2679 3858 ι).
2704 3803 2909 3858 Calmet.
2939 3807 3082 3868 una.)

2062 3880 2120 3934 In
2151 3881 2365 3935 nomine
2411 3880 2641 3945 Domini,
2692 3878 3048 3949 Angilrannus
3096 3876 3269 3947 gratia
3312 3876 3407 3931 Dei
3456 3876 3567 3933 Me-

1995 3970 2162 4024 tcnsis
2191 3970 2340 4024 urbis
2377 3970 2677 4039 episcopus.
2704 3968 2981 4023 Pastorale
3009 3967 3226 4036 quidem
3248 3980 3563 4023 exercemus

1993 4063 2244 4130 cilicium,
2275 4064 2318 4118 si
2346 4080 2473 4119 oves
2516 4065 2670 4120 nobis
2690 4080 2720 4119 a
2751 4065 2860 4118 Deo
2887 4063 3203 4119 commissas
3228 4063 3282 4117 in
3302 4072 3562 4133 quantum

1993 4169 2088 4223 per
2108 4154 2249 4207 vires
2269 4152 2620 4223 Omnipotens
2641 4154 2894 4225 suppetit,
2921 4153 3157 4223 undique
3179 4154 3559 4223 conspicimus,
3604 4153 3610 4159 ’

1993 4252 2052 4297 ιιι
2107 4244 2414 4298 alimoniam
2472 4253 2582 4297 tam
2637 4242 2971 4313 spiritualcm
3018 4256 3179 4310 quam
3228 4242 3562 4310 corporalem

1994 4336 2192 4390 habere
2227 4352 2331 4390 non
2379 4334 2661 4401 desinant;
2691 4343 2746 4389 et
2783 4335 2829 4389 si
2864 4333 2930 4387 de
2981 4335 3142 4389 rebus
3181 4333 3422 4388 ecclesiae
3447 4350 3567 4403 quae

325 4442 391 4496 de
420 4441 625 4495 ratione
645 4439 814 4510 ipsius
836 4439 1006 4494 sancti
1034 4439 1310 4509 Stephani,
1339 4440 1498 4495 sitam
1518 4438 1571 4493 in
1598 4452 1734 4507 pago
1760 4436 1886 4491 Wa-
1916 4437 1965 4496 D
1990 4429 2141 4483 nObiS
2178 4427 2245 4481 ad
2293 4426 2583 4496 νοςθηάυηι
2633 4426 2716 4479 Vel
2760 4423 3162 4495 gubernandum
3212 4423 3408 4477 "alma
3456 4431 3561 4491 θεῖν

322 4532 527 4595 briuce,
560 4530 989 4601 cognominatam
1028 4529 1303 4586 Gaudiaco
1325 4571 1341 4598 ,
1390 4545 1552 4599 quam
1602 4526 1891 4585 Godfridus

324 4621 574 4676 similiter
612 4622 774 4677 homo
812 4621 1114 4677 dominicus
1143 4662 1159 4687 ,
1213 4636 1308 4692 per
1356 4619 1676 4676 beneficium
1722 4618 1894 4673 sancti

326 4713 583 4785 Stephani
612 4754 628 4780 ,
679 4713 764 4768 vel
807 4721 1052 4768 nostrum
1078 4753 1094 4779 ,
1123 4728 1221 4782 per
1263 4712 1564 4781 precariam
1591 4718 1774 4763 tenere
1808 4708 1893 4761 vi-

325 4807 483 4861 detur
514 4822 529 4870 ;
559 4804 628 4859 ad
652 4804 827 4874 ipsum
844 4802 957 4871 jam
988 4801 1156 4857 fatum
1188 4800 1596 4863 monasterium,
1626 4798 1711 4851 vel
1735 4798 1803 4852 ad
1829 4797 1894 4851 il-

323 4894 431 4950 lam
458 4902 699 4951 sanctatn
724 4893 1192 4964 congregationem
1229 4892 1359 4946 inibi
1386 4892 1553 4944 vitam
1580 4889 1859 4959 degentem
1877 4928 1893 4952 ,

325 4987 571 5042 volumus
599 4999 720 5041 esse
738 4985 993 5040 donatum
1018 4998 1032 5036 :
1060 4983 1163 5038 hoc
1189 4989 1291 5044 est,
1332 4980 1388 5034 in
1411 4979 1587 5040 terris,
1621 4978 1892 5040 domibus,

324 5075 592 5140 aediliciis,
646 5074 873 5144 campis,
926 5073 1125 5142 pratis,
1177 5069 1419 5140 pascuis,
1462 5069 1661 5129 vineis,
1708 5065 1891 5129 silvis,

326 5166 487 5222 cultis
509 5174 565 5222 et
588 5165 825 5231 incultis,
867 5164 1021 5233 aquis
1060 5174 1387 5231 aquarumve
1408 5159 1741 5221 decursibus,
1770 5172 1891 5212 mo-

326 5260 525 5316 bilibus
548 5267 604 5314 et
653 5255 1040 5316 immobilibus,
1072 5252 1372 5321 mancipiis,
1418 5250 1560 5316 litis,
1590 5250 1891 5314 accolabus,

328 5350 684 5420 adjacentiis,
748 5348 1112 5420 appendiciis,
1173 5360 1295 5399 cum
1355 5342 1581 5411 integris
1645 5340 1892 5393 terminis

332 5442 611 5508 solitisque
638 5439 821 5492 stratis
848 5452 1053 5501 earum,
1094 5436 1159 5490 ad
1184 5434 1398 5489 easdem
1424 5431 1578 5486 villas
1605 5429 1715 5498 jam
1755 5430 1895 5483 fatas

333 5532 483 5587 Faho
508 5539 562 5585 et
588 5528 862 5585 Gaudiaco
911 5527 1322 5596 aspicientibus,
1370 5524 1453 5578 vel
1478 5523 1894 5594 pertinentibus,

333 5619 403 5675 ad
428 5629 641 5691 partem
667 5616 839 5672 sancti
886 5614 1053 5682 Petri,
1084 5616 1166 5669 vel
1193 5615 1364 5670 sancti
1390 5612 1646 5683 Gorgonii
1670 5652 1683 5677 ,
1710 5627 1801 5666 seu
1830 5611 1898 5666 ad

337 5712 484 5781 ipsos
508 5708 703 5766 fratres
714 5706 959 5778 proficiat
984 5706 1036 5759 in
1059 5704 1379 5773 augmentis,
1402 5712 1569 5760 uteos
1598 5700 1790 5757 melius
1814 5699 1904 5755 de-

774 5801 1039 5860 PATBOL.
1074 5796 1311 5874 XCVI”

1996 4518 2237 4574 ecclesiis
2264 4517 2348 4571 vel
2388 4516 2730 4570 monasteriis
2758 4516 2823 4570 ad
2870 4513 3096 4569 eandem
3145 4513 3558 4582 pertinentibus,

1996 4608 2080 4664 vel
2121 4606 2522 4677 aspicientibus,
2561 4620 2659 4675 pro
2688 4603 3085 4675 opportunitate
3121 4618 3400 4658 servorum
3444 4604 3561 4667 Dei,

1995 4700 2078 4754 vel
2103 4714 2417 4770 pauperum,
2456 4697 2657 4765 aliquid
2683 4695 3037 4765 impertimur,
3064 4693 3196 4748 nihil
3219 4702 3407 4748 contra
3432 4709 3560 4747 auc-

1997 4790 2269 4845 toritatem
2315 4788 2667 4851 canonicam,
2700 4785 2783 4840 vel
2835 4784 3080 4839 instituta
3134 4783 3349 4837 Patrum
3404 4795 3563 4852 agerc

1995 4880 2341 4935 aestimamus.
2374 4877 2602 4945 ideoque
2640 4891 2738 4946 pro
2787 4875 2969 4929 divino
2999 4873 3210 4933 intuitu,
3245 4871 3330 4925 vel
3369 4872 3561 4925 animae

1994 4978 2192 5025 nostra:
2223 4968 2491 5033 remedio,
2534 4981 2640 5021 una
2661 4982 2781 5020 cum
2802 4978 3066 5022 consensu
3109 4963 3427 5017 clericorum
3477 4963 3560 5016 vel

1995 5059 2255 5114 laieorum
2301 5055 2555 5120 ﬁdelium,
2604 5053 2845 5109 ecclesia:
2893 5052 3064 5108 sancti
3113 5050 3395 5121 Stephani,
3439 5051 3557 5117 cui,

1995 5157 2213 5205 auctore
2238 5148 2367 5209 Deo,
2388 5159 2622 5215 praeesse
2644 5144 2905 5208 videmur,
2928 5143 3189 5197 donamus
3211 5140 3277 5195 ad
3298 5147 3577 5196 monaste-

1996 5241 2136 5295 rium
2160 5237 2332 5293 sancti
2376 5235 2542 5299 Petri,
2574 5234 2628 5287 in
2653 5233 2771 5288 loco
2800 5233 2894 5303 qui
2920 5239 3143 5287 vocatur
3162 5229 3379 5297 Gorzia,
3421 5232 3565 5301 quod

1994 5334 2150 5387 bonae
2182 5328 2452 5382 memoriae
2478 5333 2786 5379 antecessor
2815 5324 3084 5393 quondam
3116 5326 3300 5377 noster
3337 5323 3567 5377 domnus

1995 5421 2413 5489 Chrodegangus
2426 5418 2859 5487 archiepiscopus
2875 5432 2905 5470 a
2930 5431 3070 5471 novo
3082 5415 3386 5478 aedificavit,
3401 5412 3482 5468 vel
3497 5413 3568 5469 ad

1998 5514 2140 5569 illam
2160 5525 2399 5566 sanctam
2413 5509 2886 5579 congregationem
2898 5508 3283 5561 monachorum
3296 5505 3425 5560 inibi
3439 5518 3569 5559 con-

1997 5606 2316 5668 sistentium,
2351 5603 2443 5659 ubi
2469 5601 2698 5671 inclytus
2711 5616 2774 5655 ac
2788 5598 3075 5671 praeclarus
3088 5596 3335 5652 videlicet
3360 5604 3531 5666 marty
3541 5612 3567 5647 r

2000 5704 2213 5753 sanctus
2223 5693 2521 5764 Gorgonius
2536 5693 2590 5748 in
2603 5704 2826 5762 corpore
2839 5686 3151 5761 requiescit,
3163 5686 3246 5742 vel
3262 5685 3349 5741 ubi
3364 5683 3565 5740 ‘l‘heut-

3054 5778 3131 5841 35
