3986 6168
527 260 665 316 1999

1138 252 1585 310 ANGELRAMNI
1623 250 1962 305 METENSIS
2001 249 2303 308 EPISCOPI
2339 251 2766 308 DONATIONES
2805 251 3136 319 QUIEDAM.

3557 269 3662 325 “00

523 388 708 427 marus
723 365 1098 443 [Theomarus]
1118 365 1283 419 abbas
1327 365 1426 419 sub
1466 379 1627 417 manu
1655 371 1840 416 nostra
1861 376 2093 431 praeesse
2126 368 2170 425 Α
2197 361 2486 429 solidisque
2512 361 2666 416 statis
2701 376 2887 416 eorum
2920 363 2986 416 ad
3017 378 3110 417 eas
3139 378 3217 418 res
3247 369 3578 434 pertinentibus
3608 384 3672 436 vel

521 465 748 525 videtur,
777 461 1140 526 donatumque
1167 457 1222 510 in
1266 463 1588 525 perpetuum
1609 453 1852 507 volumus
1872 468 2010 517 esse,
2039 462 2093 507 et

520 555 676 624 plena
699 551 861 607 animi
890 548 1172 604 devotione
1192 547 1576 600 conﬁrmamus
1601 560 1616 609 ;
1641 544 1744 598 hoc
1760 552 1860 607 est,
1881 543 1934 596 in
1954 558 2093 612 pago

519 644 964 698 Calvomontense
983 637 1164 690 villam
1194 642 1553 705 nuncupatam
1591 632 1908 703 Warangesi
1934 633 2084 697 villa,

519 751 642 790 cum
653 729 1070 801 atljacentiis,vel
1082 727 1582 798 appendicibus,scu
1598 723 2093 794 opportunitatibus

519 824 648 889 suis,
674 832 782 877 tam
805 821 978 883 terris,
1008 818 1231 887 campis,
1260 816 1454 884 pratis,
1486 815 1718 885 pascuis,
1746 815 1936 880 vineis,
1974 813 2090 883 syl-

517 917 619 980 vis,
651 914 808 970 cultis
833 919 886 966 et
932 909 1162 971 incultis,
1192 906 1370 980 aquis,
1401 918 1729 974 aquarumve
1749 903 2084 968 decursibus,

519 1004 807 1060 mobilibus
828 1008 881 1053 et
931 997 1317 1059 immobilibus,
1343 979 1649 1062 mancipiis,
1688 992 1797 1047 litis
1843 991 1968 1063 (Des
1992 992 2090 1046 La-

517 1093 786 1161 boureurs)
809 1131 822 1155 ,
848 1088 1133 1144 accolabus
1161 1128 1176 1151 ,
1221 1085 1463 1155 pecuniis
1489 1125 1503 1150 ,
1558 1085 1780 1154 peculiis
1807 1085 2086 1154 utriusque

515 1200 698 1249 sexus,
740 1183 952 1253 generis
1007 1181 1091 1235 vel
1121 1171 1341 1243 ,aitatis,
1387 1193 1510 1231 cum
1561 1177 1770 1246 integro
1834 1179 2085 1241 termino,

514 1275 788 1342 solidoque
810 1280 978 1335 statu,
1017 1269 1157 1324 facta
1183 1268 1363 1323 omnia
1389 1275 1444 1322 et
1471 1282 1536 1320 ex
1558 1267 1808 1321 omnibus
1843 1275 2009 1320 totum
2034 1276 2087 1322 et

513 1365 580 1418 ad
605 1363 898 1432 integrum,
929 1368 1388 1428 quatumcumque
1433 1357 1501 1411 ad
1551 1357 1721 1426 ipsam
1769 1357 1951 1410 villam
1999 1356 2088 1410 ad-

513 1454 717 1524 spicere
745 1451 828 1506 vel
851 1450 1120 1521 pertinere
1143 1448 1374 1512 videtur,
1403 1447 1468 1502 ad
1490 1447 1662 1516 ipsum
1678 1446 2083 1508 monasterium,

510 1544 597 1597 vel
623 1545 690 1597 ad
717 1542 862 1611 ipsos
909 1539 1105 1593 fratres
1152 1536 1398 1591 volumus
1431 1551 1550 1590 esse
1579 1535 1857 1589 donatum.
1910 1533 2084 1588 Simili

512 1634 668 1688 modo
696 1633 957 1687 donamus
983 1631 1035 1684 in
1063 1630 1176 1698 ipso
1202 1643 1338 1699 pago
1362 1643 1476 1681 rem
1491 1627 1635 1680 illam
1653 1628 1705 1679 in
1729 1627 2084 1681 Maurico—eur-

2192 451 2592 520 aspicientibus,
2619 452 2683 504 ad
2713 451 2884 520 ipsum
2909 451 3021 520 jam
3052 452 3213 508 fatum
3239 463 3584 529 monasterium,
3605 473 3670 525 vel

2191 543 2336 610 ipsos
2365 542 2560 596 fratres
2585 542 2870 611 proﬁciant
2901 545 2953 597 in
2993 547 3296 614 augmentis,
3329 559 3382 603 ut
3414 567 3494 606 eos
3524 558 3670 614 melius

2191 634 2417 688 delectet
2440 649 2537 703 pro
2558 634 2731 699 nobis,
2756 634 2837 688 vel
2861 635 3075 705 inclytis
3098 635 3315 707 Regibus
3337 644 3508 698 nostris
3523 645 3670 706 Carolo

2190 731 2351 793 atque
2380 723 2760 788 Carlomanno,
2792 739 2885 779 seu
2913 727 3198 782 stabilitate
3224 731 3360 800 regni
3386 731 3669 804 Francorum,

2188 825 2244 870 et
2278 816 2677 870 successoribus
2715 817 2943 880 nostris,
2986 818 3194 872 Domini
3229 821 3592 883 misericordiam
3616 841 3672 884 at-

2189 904 2390 958 tentius
2413 919 2658 958 exorare.
2693 904 2757 958 Et
2785 905 3034 974 quisquis
3055 921 3121 959 ex
3143 906 3256 962 istis
3275 909 3541 968 hominibus
3557 932 3674 986 sape.

2189 993 2302 1049 rius
2336 994 2642 1060 nominatis,
2678 995 2760 1050 vel
2795 996 2914 1051 aliis
2951 997 3285 1066 quibuslibet,
3327 1003 3384 1056 de
3406 1004 3541 1060 rebus
3562 1024 3674 1078 supe-

2190 1084 2303 1138 rius
2326 1085 2604 1151 intimatis,
2627 1103 2725 1156 per
2745 1088 3062 1143 beneﬁcium
3079 1092 3245 1145 sancti
3259 1091 3506 1162 Stephani,
3525 1099 3590 1152 vel
3607 1116 3674 1168 per

2187 1176 2461 1243 precarias
2485 1175 2551 1230 ad
2578 1191 2796 1231 censum
2824 1179 3023 1235 habere
3055 1180 3321 1246 videntur,
3351 1184 3479 1239 illum
3505 1203 3672 1244 censum

2187 1280 2344 1334 quem
2371 1281 2540 1335 usque
2565 1284 2706 1322 nunc
2733 1269 2788 1323 in
2826 1271 3024 1325 donum
3059 1272 3127 1327 ad
3159 1289 3290 1343 opus
3320 1286 3531 1332 nostrum
3560 1282 3681 1334 dede-

2187 1364 2341 1420 runt,
2373 1356 2623 1426 deinceps
2649 1358 2703 1411 in
2729 1367 2887 1413 antea
2913 1360 3089 1429 ipsum
3115 1377 3328 1416 censum
3353 1365 3411 1418 ad
3437 1365 3576 1434 ipsum
3597 1385 3671 1424 sa:-

2185 1459 2251 1514 pe
2279 1446 2479 1500 dictum
2506 1449 2911 1515 monasterium,
2942 1450 3026 1503 vel
3055 1451 3122 1504 ad
3155 1451 3295 1521 ipsos
3321 1452 3492 1509 fratres
3510 1460 3671 1526 persol-

2185 1551 2330 1594 vant.
2378 1542 2443 1595 Et
2471 1557 2593 1596 cum
2623 1541 2690 1594 de
2715 1541 2816 1595 hac
2845 1541 2962 1594 luce
2988 1539 3329 1608 decesserint,
3353 1551 3400 1598 et
3425 1546 3520 1599 dies
3542 1548 3675 1602 obitus

2184 1643 2371 1686 eorum
2412 1632 2719 1696 advenerit,
2761 1640 2882 1699 post
2917 1625 3106 1685 eorum
3154 1631 3431 1686 discessum
3464 1634 3577 1703 ipsas
3609 1652 3674 1690 res

511 1732 586 1788 te,
617 1737 778 1792 quam
804 1722 1124 1775 Haribertus
1149 1720 1215 1772 ad
1237 1726 1444 1788 partem
1476 1719 1645 1772 sancti
1675 1716 1931 1787 Stephani
1954 1731 2081 1772 con—
2111 1707 2158 1768 B
2187 1739 2306 1778 cum
2333 1725 2476 1778 omni
2508 1725 2862 1794 superposito,
2892 1725 3097 1793 absque
3128 1723 3287 1779 ullius
3311 1727 3671 1790 contradictione,

509 1814 749 1879 donavit,
772 1821 826 1868 et
854 1813 1013 1866 modo
1061 1819 1206 1864 tenet
1255 1809 1397 1864 ﬁlius
1425 1824 1575 1874 suus,
1600 1808 1816 1863 nomine
1861 1807 2082 1862 Chrote-

509 1906 688 1962 carius
744 1921 840 1974 per
888 1902 1207 1972 precariam.
1259 1899 1519 1955 Similiter
1553 1901 1816 1954 donamus
1865 1899 1919 1952 in
1965 1898 2080 1968 ipso

506 2009 644 2064 pago
667 2009 780 2048 rem
818 1992 965 2046 illam
994 1992 1045 2045 in
1069 1991 1316 2045 Rehensa
1352 1990 1713 2055 Coldo—eurte,
1750 2004 1910 2058 quam
1949 1988 2080 2042 Beto

508 2083 574 2138 ad
590 2092 797 2153 partem
813 2082 983 2137 sancti
1012 2081 1270 2150 Stephani
1291 2081 1580 2151 delegavit,
1603 2090 1654 2134 et
1669 2080 1782 2148 ipse
1804 2078 1961 2132 modo
1983 2093 2080 2148 per

505 2175 801 2243 precariam
843 2181 1010 2236 tenet,
1051 2187 1145 2227 seu
1191 2179 1245 2225 et
1281 2179 1482 2224 sortem
1509 2170 1656 2223 illam
1694 2171 1746 2223 in
1774 2170 1888 2238 ipsa
1927 2167 2076 2232 villa,

510 2280 673 2333 quam
714 2261 1022 2332 Vibollagus
1059 2266 1172 2329 'per
1227 2259 1547 2314 beneﬁcium
1595 2262 1770 2313 sancti
1818 2257 2076 2326 Stephani

503 2355 586 2408 vel
627 2361 870 2409 nostrum
897 2360 1084 2406 tenere
1113 2351 1344 2405 videtur.
1376 2348 1552 2404 Simili
1577 2347 1886 2404 conditione
1911 2349 2078 2403 dona-

500 2459 622 2497 mus
646 2443 698 2496 in
719 2443 834 2510 ipso
868 2456 1006 2510 pago
1033 2455 1150 2494 rem
1187 2439 1332 2493 illam
1382 2439 1439 2492 in
1489 2439 1612 2492 villa
1663 2438 1923 2509 Acciago,
1968 2452 2074 2492 una

499 2544 623 2584 cum
649 2529 736 2583 illa
781 2527 1007 2582 ecclesia
1049 2525 1177 2580 inibi
1205 2532 1536 2590 constructa,
1569 2539 1690 2578 cum
1731 2525 1980 2578 omnibus
2008 2523 2074 2576 ad

500 2619 670 2689 ipsam
699 2617 1112 2688 pertinentibus,
1139 2630 1299 2684 quam
1327 2613 1649 2684 Aglebertus
1673 2603 1815 2667 ﬁlius
1838 2612 2072 2667 Marcelli

497 2727 594 2780 per
636 2709 956 2766 beneﬁcium
1005 2710 1178 2763 sancti
1208 2707 1465 2777 Stephani
1517 2706 1601 2760 vel
1647 2715 1893 2761 nostrum
1922 2706 2072 2761 visus

495 2810 578 2857 est
606 2803 824 2855 habere.
855 2801 1127 2854 Donamus
1149 2799 1314 2852 etiam
1346 2813 1460 2851 rem
1512 2797 1660 2850 illam
1689 2797 1743 2850 in
1801 2798 1915 2866 ipso
1935 2813 2072 2866 pago

494 2890 902 2962 cognominante
939 2885 1186 2951 Nodulfo,
1243 2901 1402 2954 quam
1442 2886 1681 2939 llduinus
1717 2899 1815 2954 per
1871 2885 2074 2938 beneﬁ-

494 2985 636 3038 cium
675 2980 844 3037 sancti
871 2979 1129 3050 Stephani
1169 2978 1246 3032 vel
1286 2986 1530 3032 nostrum
1581 2977 1782 3030 habere
1818 2977 2063 3030 videtur:

493 3089 703 3128 necnon
732 3079 787 3126 et
809 3071 955 3124 illam
993 3083 1107 3123 rem
1149 3069 1204 3122 in
1247 3068 1372 3121 villa
1403 3068 1686 3133 Buxarias,
1715 3083 1875 3138 quam
1898 3083 2068 3138 usque

492 3178 636 3216 nunc
683 3160 1030 3216 Goudolanus
1076 3173 1174 3228 per
1233 3157 1554 3212 beneﬁcium
1593 3159 1764 3212 sancti
1810 3157 2068 3228 Stephani

493 3253 642 3307 visus
669 3250 768 3306 fuit
800 3260 1005 3315 tenere,
1033 3250 1098 3304 ad
1131 3249 1307 3320 ipsum
1328 3248 1714 3303 monasterium
1730 3249 1801 3303 sit
1828 3249 2067 3316 delegata

497 3345 580 3399 vel
627 3344 772 3398 data.
808 3341 1072 3396 Similiter
1100 3341 1363 3395 donamus
1394 3355 1482 3394 res
1525 3339 1642 3394 illas
1686 3339 1740 3392 in
1767 3339 1882 3408 ipso
1931 3355 2066 3409 pago

495 3435 551 3489 in
575 3434 692 3488 loco
719 3439 1026 3501 nuneupato
1048 3430 1515 3485 Hadulfo—curtem
1536 3470 1550 3495 ,
1575 3430 1710 3484 etad
1734 3429 2066 3484 Burtsoloni-

489 3525 694 3590 villam,
740 3539 875 3593 quas
922 3522 1196 3577 Maurotus
1238 3537 1336 3591 per
1382 3537 1539 3575 suum
1591 3528 1972 3575 testamentum
1999 3521 2065 3574 ad

491 3626 699 3688 partem
746 3616 921 3669 sancti
976 3615 1236 3684 Stephani
1292 3612 1634 3668 condonavit.
1669 3611 1843 3666 Simili
1907 3611 2066 3666 modo

489 3713 756 3766 donamus
776 3724 862 3762 res
893 3708 1009 3762 illas
1036 3708 1088 3761 in
1129 3707 1242 3775 ipso
1268 3721 1408 3776 pago
1435 3703 1895 3768 Calvomontensi,
1929 3718 2064 3771 quas

492 3801 792 3854 Harbertus
833 3807 887 3852 et
915 3797 1208 3851 Warnildis
1257 3797 1324 3850 ad
1353 3805 1562 3865 partem
1603 3795 1774 3850 sancti
1807 3791 2064 3863 Stephani

489 3905 584 3958 per
608 3903 764 3942 suum
805 3894 1186 3941 testamentum
1227 3886 1630 3955 delegaverunt,
1669 3892 1723 3937 et
1763 3885 1918 3938 modo
1949 3885 2062 3952 ipsa

493 3977 784 4033 Warnildis
825 3991 924 4044 per
971 3976 1275 4044 precariam
1327 3977 1527 4030 habere
1576 3975 1792 4029 videtur
1833 3976 1887 4029 in
1941 3974 2062 4028 loco

490 4079 830 4140 nuncupante
862 4069 1054 4134 Arcas,
1103 4083 1197 4123 seu
1241 4076 1296 4123 et
1334 4067 1727 4137 Niguiemonte,
1767 4067 1836 4120 ad
1890 4067 2061 4136 ipsam

488 4177 668 4216 casam
685 4160 779 4214 Dei
791 4159 1072 4228 proﬁciant
1084 4159 1137 4211 in
1150 4165 1512 4227 augmentum.
1530 4155 1790 4210 Similiter
1802 4155 2061 4214 donamus

2095 3036 2142 3098 C

2179 1813 2264 1866 vel
2287 1813 2505 1882 judicis,
2543 1815 2622 1869 vel
2663 1814 2996 1883 pontiﬁcum,
3041 1828 3493 1885 successorumque
3519 1826 3674 1871 nostro-

2180 1921 2299 1959 rum
2329 1915 2632 1975 exspcctata
2666 1907 2971 1971 traditione,
3002 1907 3103 1976 ipsi
3141 1907 3327 1962 fratres
3353 1908 3400 1961 in
3426 1925 3550 1964 suam
3578 1911 3675 1964 reci-

2178 1996 2327 2066 piant
2355 2002 2678 2064 potestatem
2704 2013 2718 2062 ;
2751 2011 3048 2066 precorque
3077 2011 3407 2051 successores
3433 1998 3673 2053 dominosve

2178 2102 2346 2153 meos,
2373 2095 2426 2142 et
2446 2103 2542 2158 per
2569 2095 2812 2142 sanctam
2839 2086 3164 2142 Trinitatem
3194 2085 3425 2155 adjurarc
3451 2102 3674 2157 praesumo,

2177 2185 2237 2232 ut
2261 2176 2399 2232 facta
2422 2193 2541 2232 mea
2564 2178 2642 2232 sic
2665 2177 2718 2232 in
2743 2192 2915 2232 arvum
2939 2177 3239 2247 perdurare
3258 2177 3552 2246 permittant,
3573 2179 3669 2233 sicut

2178 2268 2279 2338 ipsi
2309 2269 2506 2323 habent
2535 2269 2686 2331 velle,
2722 2276 2783 2321 ut
2811 2276 2960 2339 gesta
2987 2282 3178 2322 eorum
3211 2269 3263 2322 in
3290 2277 3565 2338 perpetuum
3590 2283 3674 2337 per-

2175 2366 2440 2413 severent.
2469 2356 2662 2412 Actum
2685 2372 2845 2425 super
2867 2355 3088 2410 fluvium
3114 2356 3291 2421 Mosae,
3315 2357 3365 2410 in
3390 2357 3493 2411 loco
3512 2357 3582 2425 qui
3604 2371 3670 2408 vo-

2175 2449 2630 2514 caturFontanas,
2657 2463 2797 2502 anno
2819 2448 2885 2502 ab
2907 2447 3284 2503 Incarnatione
3299 2448 3490 2503 Domini
3509 2463 3674 2510 πως,

2176 2536 2465 2591 indictione
2505 2552 2624 2600 vm,
2670 2544 2859 2604 cpacta
2901 2552 3016 2600 xxx,
3065 2545 3413 2592 concurrente
3455 2552 3536 2600 vu,
3574 2551 3673 2588 anno

2172 2627 2348 2694 primo
2377 2625 2526 2695 regni
2558 2624 2898 2679 Carlomanni
2927 2625 3113 2696 Regis.

2243 2716 2356 2785 Ego
2397 2715 2756 2787 Angilrannus
2791 2724 3043 2784 peccator
3092 2718 3402 2787 episcopus,
3434 2716 3521 2771 hoc
3552 2724 3672 2768 testa-

2173 2816 2413 2862 mentum
2442 2822 2473 2860 a
2497 2822 2584 2861 me
2611 2806 2808 2861 factum
2837 2807 3001 2878 relegi
3035 2817 3093 2861 et
3131 2808 3432 2877 subscripsi.
3472 2807 3563 2876 Ego
3587 2804 3674 2859 Gri-

2173 2897 2384 2952 maldus
2433 2897 2602 2951 abbas
2646 2896 2958 2966 subscripsi.
3019 2895 3138 2966 Ego
3186 2897 3522 2952 llelborardus
3556 2895 3675 2948 abbas

2173 2992 2319 3047 subs.
2369 2991 2479 3061 Ego
2509 2989 2651 3045 Goso
2689 2990 2854 3044 abbas
2888 2991 3038 3045 subs.
3080 2992 3198 3062 Ego
3234 2991 3526 3062 Sigilbertus
3555 2987 3676 3041 abbas

2172 3085 2319 3140 subs.
2360 3082 2639 3138 Fredalius
2669 3090 2919 3153 peccator
2950 3085 3305 3154 coepiscopus
3340 3084 3473 3138 subs.
3509 3078 3676 3148 Stepha-

2171 3192 2274 3231 nus
2301 3177 2583 3246 presbyter
2629 3177 2775 3229 subs.
2822 3174 3066 3228 Andreas
3118 3176 3272 3230 subs.
3321 3174 3534 3228 Donatus
3568 3168 3675 3222 subs.

2170 3266 2282 3336 Ego
2319 3263 2605 3319 Rocl‘ridus
2639 3264 2786 3318 subs.
2839 3261 3090 3332 Sigillum
3129 3263 3443 3333 Widigangi.
3481 3254 3676 3327 Haymal-

2171 3356 2290 3412 dius
2327 3355 2474 3410 subs.
2514 3354 2771 3409 Dodonus
2807 3355 2954 3407 subs.
2999 3353 3318 3409 llardonino
3353 3351 3487 3406 subs.
3525 3341 3677 3401 llildel-

2168 3447 2308 3502 bodo
2345 3447 2492 3501 subs.
2532 3444 2796 3515 Adulpho.
2839 3445 2950 3516 Ego
2991 3446 3210 3500 Ynasco
3252 3445 3428 3514 jussus
3459 3457 3485 3495 a
3516 3437 3680 3494 domino

2167 3544 2221 3590 et
2246 3536 2498 3606 pontiﬁce
2525 3552 2646 3590 meo
2669 3537 3001 3608 Angilranno
3018 3577 3033 3602 ,
3067 3537 3174 3592 hoc
3202 3540 3555 3591 testamentum
3582 3524 3680 3582 scri-

2166 3627 2248 3694 psi
2276 3635 2330 3681 et
2359 3626 2671 3696 subscripsi.

2898 3716 2984 3773 ΙΙΙ.

2165 3827 2542 3898 Angelramnus
2583 3825 2781 3898 prwdia
2816 3827 3062 3898 qua'darn
3097 3828 3204 3881 sita
3249 3828 3303 3880 in
3323 3824 3522 3898 nam
3562 3819 3682 3872 donat

2457 3894 2682 3950 cwnobio
2709 3894 2875 3950 sancti
2901 3896 3086 3949 Avoldi
3131 3898 3297 3966 (anno
3321 3894 3458 3965 787).

2659 3985 2753 4049 (Ex
2780 3987 2841 4036 D.
2867 3986 3074 4049 Calmet,
3105 3988 3263 4049 ibid.)
3512 4062 3528 4067 _
3650 4056 3660 4067 θ

2231 4069 2343 4140 Ego
2386 4068 2726 4139 Engilramus
2750 4069 2804 4123 in
2850 4068 2942 4122 Dei
2975 4069 3200 4123 nomine
3232 4065 3465 4136 pontifex
3485 4062 3682 4116 Metensis

2161 4160 2430 4231 indignus,
2451 4160 2701 4214 omnibus
2738 4159 2978 4214 ecclesiis
3007 4160 3169 4214 nobis
3209 4156 3506 4214 commissis
3546 4147 3684 4221 ρωνὶ-

486 4267 577 4306 res
597 4250 712 4306 illas
736 4252 790 4304 in
821 4251 936 4320 ipso
962 4237 1101 4319 pago
1135 4249 1202 4303 ad
1225 4250 1406 4314 llibas,
1429 4262 1591 4317 super
1617 4247 1840 4302 ﬁuvium
1860 4247 2060 4304 Cerno—
2158 4250 2284 4304 dere
2318 4250 2572 4304 debemus
2610 4248 2853 4312 sollicite,
2883 4256 2937 4303 et
2970 4247 3237 4303 fratribus
3270 4249 3461 4303 ibidem
3501 4244 3592 4296 Deo
3617 4237 3684 4289 de-

486 4354 581 4405 ne,
599 4354 731 4408 quas
752 4338 1063 4393 Halibertus
1083 4337 1148 4391 ad
1187 4346 1396 4428 partem
1423 4337 1594 4390 sancti
1627 4335 1884 4406 Stephani
1916 4337 2058 4391 dele-
2089 4367 2140 4428 Β
2163 4339 2412 4408 gentibus
2438 4353 2625 4407 pacem
2676 4337 2870 4402 facere,
2903 4345 2958 4392 et
2987 4353 3018 4390 a
3054 4339 3245 4407 pravis
3299 4334 3584 4391 hominibus
3605 4326 3684 4428 ndo-

483 4431 649 4500 gavit,
675 4429 907 4485 etmodo
955 4428 1101 4483 ﬁlius
1144 4442 1273 4482 suus
1317 4426 1587 4481 Raboldus
1611 4441 1707 4495 per
1753 4427 2058 4496 precariam

485 4528 656 4574 tenet.
685 4516 946 4572 Similiter
972 4519 1232 4574 donamus
1254 4532 1342 4572 res
1368 4517 1486 4570 illas
1537 4533 1697 4587 super
1744 4518 1917 4586 ipsum
1958 4517 2059 4572 ﬁu-

483 4608 630 4660 vium
656 4607 899 4662 Cernoue
923 4647 938 4674 ,
960 4621 1094 4676 quas
1118 4607 1437 4662 Suitbardus
1468 4607 1535 4661 ad
1567 4615 1810 4662 sanctum
1835 4607 2058 4677 Stepha-

484 4712 611 4751 num
639 4696 811 4751 dedit.

555 4785 727 4841 Simili
748 4787 1053 4842 conditione
1072 4787 1332 4840 donamus
1353 4786 1405 4839 in
1426 4801 1562 4856 pago
1588 4785 1943 4856 Suggeutinsc
1963 4786 2058 4841 vil-

482 4879 591 4933 lain
618 4888 976 4949 nuncupatam
1003 4876 1446 4940 Childufo-villa,
1472 4893 1630 4946 quam
1658 4893 1800 4932 nunc
1823 4877 1948 4933 Otto
1970 4895 2058 4933 co-

483 4984 596 5023 mes
619 4983 715 5037 pcr
743 4967 1061 5023 beneﬁcium
1092 4965 1261 5022 sancti
1292 4964 1550 5034 Stephani
1578 4965 1659 5018 vel
1689 4974 1929 5020 nostrum
1959 4966 2054 5020 ha-

482 5059 608 5111 bere
634 5059 859 5120 videtur,
892 5073 996 5111 una
1024 5073 1147 5112 cum
1175 5057 1263 5111 illa
1289 5066 1433 5111 sorte
1462 5073 1621 5127 quam
1649 5056 1960 5112 Gonthadus
1985 5059 2052 5112 ad

481 5156 725 5202 sanctum
755 5147 1084 5216 Stephanum
1114 5147 1276 5212 dedit,
1315 5157 1368 5202 et
1403 5149 1515 5216 ipse
1548 5149 1704 5202 modo
1735 5164 1832 5218 per
1863 5165 2051 5218 preca-

481 5238 616 5291 riam
645 5244 804 5291 tenct.
838 5237 963 5293 Haec
995 5239 1173 5293 omnia
1206 5239 1453 5308 superius
1491 5240 1894 5307 comprehensa,
1938 5249 2051 5294 tam

480 5326 533 5378 in
559 5326 731 5390 terris,
769 5326 1029 5389 domibus,
1068 5327 1328 5391 aediﬁciis,
1366 5328 1588 5397 campis,
1627 5329 1814 5396 pratis,
1855 5330 2043 5394 vineis,

478 5414 660 5482 sylvis,
684 5414 840 5469 cultis
861 5428 913 5470 et
936 5415 1169 5480 incultis,
1192 5419 1344 5486 aquis
1364 5434 1691 5488 aquarumve
1711 5420 2041 5485 decursibus,

480 5503 765 5556 mobilibus
801 5511 856 5556 et
895 5505 1277 5570 immobilibus,
1318 5508 1614 5576 mancipiis,
1657 5508 1788 5573 litis,
1835 5510 2044 5564 accola-

479 5592 595 5654 bus,
634 5590 965 5661 adjacentiis,
1001 5599 1338 5664 appenditiis,
1374 5615 1496 5654 cum
1534 5601 1756 5670 integris
1798 5603 2045 5659 terminis

2161 4430 2396 4494 fensare,
2428 4442 2621 4497 resque
2645 4442 2831 4482 eorum
2877 4429 3174 4493 custodire,
3229 4437 3290 4481 ut
3342 4423 3563 4480 securius
3603 4416 3684 4468 Deo

2159 4518 2371 4574 valeant
2403 4517 2629 4572 servire.
2657 4516 2886 4586 Ideoque
2909 4518 3144 4572 ccenobii
3173 4516 3322 4572 beati
3358 4512 3566 4569 Naboris
3581 4519 3682 4577 quo-

2157 4605 2376 4660 tidianis
2403 4603 2809 4659 ‘ealamitatibus
2847 4611 2902 4657 et
2938 4603 3178 4658 miseriis
3205 4604 3295 4672 pie
3320 4610 3478 4670 atque
3518 4590 3684 4650 miseri-

2157 4696 2391 4752 corditer
2437 4695 2783 4750 condolentes
2817 4701 2978 4764 atque
3020 4693 3438 4762 compatientes,
3466 4701 3583 4759 quas
3610 4679 3683 4736 sub

2157 4784 2399 4841 advocati
2428 4791 2483 4838 et
2511 4783 2744 4838 ministri
2773 4784 2986 4838 comitis
3013 4783 3284 4839 Wolmeri
3310 4781 3476 4837 nostri
3503 4777 3683 4831 advoca-

2155 4878 2217 4942 ti,
2246 4884 2353 4930 tam
2390 4877 2444 4930 in
2468 4876 2860 4941 exactionibus,
2885 4891 3045 4946 quam
3075 4875 3136 4929 in
3166 4874 3377 4945 rapinis
3405 4885 3530 4942 quas
3564 4867 3683 4919 nocte

2154 4974 2206 5020 et
2256 4965 2342 5019 die
2383 4965 2746 5019 indesinenter
2799 4964 3034 5019 inferunt
3067 4971 3127 5017 et
3167 4963 3378 5018 faciunt
3427 4952 3680 5014 hominibus

2153 5055 2392 5124 ejusdem
2420 5055 2686 5121 ecclesiae,
2709 5069 2908 5124 eosque
2951 5055 3330 5123 opprimentes
3359 5059 3412 5106 et
3437 5047 3683 5116 aﬁligentes

2152 5148 2406 5217 quotidie,
2448 5147 2522 5200 ita
2563 5153 2620 5199 ut
2649 5161 2755 5200 non
2793 5154 3012 5216 possent
3039 5145 3316 5202 clamores
3355 5155 3528 5200 eorum
3555 5130 3681 5190 susti-

2151 5255 2308 5304 nere;
2340 5240 2424 5294 his
2442 5239 2690 5293 omnibus
2709 5239 3012 5294 emnobium
3036 5238 3174 5292 illud
3194 5240 3265 5294 ad
3293 5246 3491 5292 tantam
3509 5221 3680 5286 devenil

2152 5331 2384 5399 inopiam
2411 5338 2573 5399 atque
2593 5329 2886 5390 miseriam,
2938 5327 3078 5397 quod
3122 5329 3213 5383 vix
3251 5333 3464 5397 possent
3488 5325 3679 5388 reperire

2150 5423 2346 5477 fratres
2367 5422 2456 5490 qui
2488 5421 2597 5476 Deo
2627 5421 2699 5476 ibi
2728 5429 2781 5475 et
2801 5429 2987 5476 sancto
3015 5419 3222 5474 Nabori
3261 5419 3452 5473 vellent
3493 5404 3674 5466 servire.

2149 5515 2273 5584 quia
2309 5529 2413 5567 non
2451 5513 2718 5567 habebant
2739 5514 2890 5567 unde
2931 5513 3004 5568 ibi
3040 5510 3236 5566 vivere
3268 5528 3284 5564 ι
3321 5507 3526 5562 tandem
3563 5506 3679 5550 καθ’

2147 5614 2239 5676 pto
2258 5602 2502 5668 consilio,
2526 5601 2754 5658 eundem
2787 5603 3035 5658 comitem
3089 5599 3517 5657 convocavimus,
3547 5595 3594 5644 et
3615 5592 3686 5652 Ρθτ
