3986 6168
244 349 368 402 “Ol

889 349 1178 405 WICBODI
1216 349 1671 415 QUzESTlONES
1710 350 1772 403 IN
1812 344 2781 404 OC'I‘ATEUCHUM.—MONITUM.

3336 351 3354 401 l
3375 350 3472 401 Illi).

240 463 478 508 nostram
499 451 764 520 justitiam
805 469 928 509 eum
959 464 1137 510 tamen
1180 457 1618 521 constrinximus,
1661 457 1804 524 quod
1833 467 1878 519 Α
1908 459 2146 526 Morspcc
2177 465 2410 512 castrum
2455 456 2508 510 in
2553 455 2800 518 Elisacia,
2828 455 2980 522 juxta
3027 456 3330 523 llumburo;
3369 461 3472 514 Ro-

241 553 293 596 et
321 543 435 612 ipse
456 545 524 598 ab
560 544 662 599 hac
691 545 883 613 injuria
910 547 1158 610 cessavit,
1205 548 1590 602 subadvocatos
1617 556 1671 600 et
1709 549 1809 601 mi-

244 635 442 689 nistros
461 636 740 705 corripuit.
766 637 872 692 Pro
894 638 992 692 hac
1014 637 1176 706 igitur
1196 639 1530 693 correctione
1549 647 1603 692 et
1629 653 1809 692 emen-

245 724 456 779 datione
481 723 721 793 priedicti
747 725 976 780 caanobii
1000 725 1195 780 Wasco
1222 727 1406 793 abbas,
1421 734 1475 780 et
1496 727 1575 780 sui
1595 727 1806 791 fratres,

246 824 428 870 nostro
455 823 509 870 et
547 815 786 870 omnium
824 816 1066 880 consilio,
1119 825 1172 870 et
1208 815 1444 884 ejusdem
1473 817 1704 881 comitis,
1754 825 1812 870 ut

247 904 398 959 ﬁrma
431 912 486 959 et
523 915 638 958 rata
663 913 824 969 esset,
851 913 904 960 et
948 914 1006 960 ut
1045 905 1296 975 deinceps
1344 921 1436 962 eos
1472 921 1674 969 comes,
1712 920 1811 958 nec

247 1007 430 1048 eorum
461 1009 798 1050 successores
828 996 950 1050 inde
972 996 1349 1065 inquietarent,
1383 997 1638 1065 quasdam
1663 995 1813 1049 villas

247 1096 364 1150 qua:
398 1090 550 1136 erant
578 1081 645 1136 ad
674 1084 1014 1153 prmbendam
1047 1100 1252 1150 eorum,
1294 1086 1480 1140 comiti
1525 1086 1578 1139 in
1624 1098 1816 1153 perpe-

250 1176 400 1223 tuum
422 1171 778 1236 tradiderunt,
805 1181 861 1225 ut
885 1174 1078 1227 amodo
1100 1173 1212 1242 ipse
1240 1188 1420 1228 comes
1443 1188 1540 1227 nec
1560 1173 1816 1228 subadvo—

249 1260 353 1313 cati
398 1259 480 1314 vel
523 1259 753 1314 ministri
801 1261 965 1316 ullam
1010 1268 1187 1316 tamen
1235 1261 1320 1314 vel
1360 1261 1692 1316 exactionem
1735 1259 1816 1315 vel

253 1347 694 1417 inquietationem
724 1347 899 1404 eidem
927 1350 1168 1406 ecclesia:
1195 1351 1278 1406 vel
1315 1351 1530 1406 rusticis
1570 1351 1687 1420 ejus
1732 1352 1819 1406 in-

254 1435 452 1490 ferrent
487 1452 583 1491 seu
617 1437 888 1504 facerent;
921 1439 966 1493 si
994 1455 1121 1495 vero
1159 1441 1348 1496 rustici
1386 1456 1571 1496 eorum
1594 1441 1820 1497 rebelles

255 1535 436 1582 contra
454 1541 548 1581 eos
580 1527 893 1593 existerent,
930 1529 1014 1584 vel
1054 1530 1122 1584 ad
1153 1529 1419 1598 justitiam
1443 1529 1626 1586 venire
1668 1544 1822 1584 recu-

255 1625 452 1682 sarent,
481 1618 768 1687 pnndictus
791 1633 972 1674 comes
994 1635 1092 1690 per
1116 1621 1364 1676 abbatem
1400 1621 1486 1676 vel
1511 1637 1608 1690 per
1628 1620 1824 1676 fratres

256 1707 629 1771 commonitus,
664 1707 791 1763 illuc
828 1709 1052 1775 veniret,
1079 1717 1133 1765 et
1160 1712 1326 1767 abbas
1349 1713 1404 1766 in
1435 1721 1592 1768 nocte
1612 1713 1824 1768 solven-

1909 565 2008 618 pac
2048 549 2226 602 villam
2268 547 2407 616 apud
2436 545 2746 616 Jngeswile,
2779 557 3011 616 quatuor
3055 563 3271 603 mansos
3320 549 3473 618 juxta

1911 638 2120 702 Salrab,
2150 637 2370 692 Cundici
2397 651 2520 692 cum
2563 635 2790 691 ecclesia
2819 635 2998 690 villam
3017 633 3173 704 juxta
3222 637 3474 694 Bozonis-

1911 728 2109 781 villam.
2150 728 2384 796 Itemque
2409 728 2684 797 Ostingam
2714 727 2893 781 villam
2925 735 2980 782 et
3026 744 3218 784 novem
3260 746 3476 786 mansos

1911 819 2051 887 apud
2081 817 2249 881 Altor,
2279 817 2432 886 juxta
2471 818 2898 884 Tannae-villam,
2946 828 3001 873 et
3027 835 3191 874 unum
3228 837 3474 876 mansum

1911 909 2050 977 apud
2085 909 2631 978 Ilinking’am-villam.
2676 908 2802 964 Ηωο
2826 909 3005 962 omnia
3059 909 3198 964 sicut
3240 910 3293 964 in
3339 925 3476 980 prte-

1913 997 2051 1050 scnti
2099 998 2293 1067 scripta
2324 1013 2441 1051 esse
2483 996 2748 1062 videntur,
2785 996 2857 1050 ita
2894 997 3216 1052 authoritate
3284 999 3472 1053 beato-

1914 1103 2034 1142 rum
2079 1087 2455 1157 Apostolorum
2500 1087 2644 1140 Petri
2679 1095 2733 1141 et
2776 1085 2946 1151 Pauli,
2986 1094 3040 1139 et
3067 1087 3308 1140 omnium
3337 1087 3475 1142 San-

1915 1187 2122 1232 ctorum
2153 1187 2207 1233 et
2231 1178 2572 1244 Sanctarum,
2600 1185 2654 1233 et
2674 1186 2855 1233 nostra
2887 1177 3266 1234 conﬁrmamus
3315 1187 3478 1247 atque

1918 1269 2254 1333 roboramns,
2293 1278 2352 1324 ut
2382 1269 2559 1324 nullus
2582 1283 2765 1324 comes
2791 1268 2875 1323 vel
2909 1269 3216 1334 advocatus,
3245 1270 3357 1323 sive
3382 1269 3480 1323 ali-

1918 1372 2020 1426 qua
2051 1372 2299 1427 persona,
2326 1358 2408 1412 vel
2429 1359 2605 1422 homo,
2630 1359 2768 1412 hanc
2782 1356 3024 1411 chartam
3043 1357 3234 1411 audeat
3254 1357 3476 1421 violare,

1921 1448 2214 1520 infringere
2241 1458 2403 1518 atque
2424 1457 2650 1512 mutare,
2693 1447 2786 1502 sed
2809 1447 2962 1502 ﬁrma
2991 1455 3044 1500 et
3085 1448 3288 1502 stabilis
3339 1463 3481 1503 sem-

1921 1553 2016 1608 per
2043 1554 2212 1607 usque
2244 1525 2308 1592 in,
2331 1537 2643 1594 hodiernum
2667 1537 2807 1593 diem
2834 1545 3162 1607 permaneat,
3189 1551 3481 1606 omnesque

1922 1629 2013 1699 qui
2045 1630 2184 1684 hanc
2212 1629 2410 1684 violare
2437 1628 2521 1682 vel
2545 1627 2814 1683 contraire
2843 1627 3182 1691 tentaverint,
3214 1627 3348 1682 iram
3385 1627 3478 1681 Dei

1923 1729 1977 1774 et
2022 1720 2468 1785 maledictionem,
2505 1726 2561 1772 et
2598 1727 2834 1772 nostram
2877 1718 3482 1773 excommunicationcm

256 1796 321 1850 do
348 1810 469 1849 eum
498 1811 618 1850 eum
653 1797 782 1862 suis,
808 1808 1120 1868 procuraret
1145 1801 1199 1855 in
1227 1812 1385 1858 nocte
1405 1811 1460 1859 et
1488 1804 1543 1858 in
1573 1805 1659 1860 die
1688 1805 1818 1860 sub-
1854 1813 1897 1872 Β
1924 1811 2219 1864 incurrant.
2277 1807 2426 1878 Sign.
2485 1807 2721 1877 Botperti
2753 1807 3016 1862 advocati.
3052 1805 3164 1876 Sig.
3196 1807 3475 1877 Sigibaldi.

257 1889 496 1957 sequenti
522 1890 587 1944 de
611 1892 829 1946 rusticis
843 1890 1110 1961 justitiam
1135 1894 1335 1964 facere,
1386 1905 1442 1952 et
1488 1898 1553 1954 de
1592 1897 1823 1968 justitiis

257 1979 435 2033 abbati
480 1979 614 2035 duas
647 1993 846 2051 partes,
886 1985 1098 2040 tertiam
1137 2002 1318 2044 comes
1362 1989 1604 2056 haberet,
1654 1999 1710 2046 et
1738 1992 1824 2047 his

259 2077 541 2125 contentus
585 2080 744 2137 esset,
793 2082 985 2129 cagtera
1030 2091 1156 2131 vero
1192 2078 1433 2135 ecclesia:
1470 2081 1728 2137 beneﬁcia
1771 2092 1826 2138 et

259 2159 468 2214 annalia
505 2162 721 2217 servitia
750 2165 916 2233 abbas
943 2174 997 2220 et
1026 2165 1220 2224 fratres
1257 2169 1311 2222 in
1339 2179 1655 2239 perpetuum
1696 2188 1822 2241 pos-

261 2251 514 2316 siderent,
542 2262 596 2308 et
626 2255 741 2310 sine
765 2257 941 2326 aliqua
986 2258 1370 2329 inquietatione
1394 2261 1560 2317 libere
1604 2272 1656 2317 et
1681 2264 1827 2333 paci-

265 2342 362 2397 ﬁcc
389 2342 668 2399 haberent.
697 2345 921 2402 Nomina
943 2349 1189 2404 villarum
1215 2349 1388 2417 Walo,
1425 2368 1543 2422 qua:
1571 2363 1652 2409 est
1671 2353 1824 2423 juxta

1925 1900 2038 1970 Sig.
2075 1898 2342 1968 Liepbridi
2368 1896 2748 1952 archidiaconi.
2774 1895 2872 1953 Sig
2894 1891 3190 1950 .-Mantfrtdi
3217 1896 3481 1951 archidia-

1925 1991 2066 2046 coni.
2096 1989 2208 2060 S’g.
2255 1988 2557 2043 Helimanni
2605 1988 2789 2042 decani
2833 1985 2945 2057 Sig.
2984 1986 3242 2042 Bencenis
3274 2001 3481 2056 prrepo-

1925 2081 2034 2135 siti.
2084 2079 2198 2150 Sig.
2254 2079 2464 2134 Ottonis
2495 2077 2783 2147 praepositi.
2821 2076 3013 2132 Actum
3055 2077 3155 2132 hoc
3195 2092 3336 2131 anno
3360 2077 3428 2132 ΞΕ)
3459 2090 3484 2115 δι

1929 2184 2183 2242 regnante
2216 2173 2408 2228 Carolo
2437 2171 2666 2243 glorioso
2702 2170 2866 2241 Rege,
2893 2171 2992 2225 sub
3026 2171 3109 2225 die
3143 2171 3209 2228 l5
3229 2170 3294 2222 M.
3317 2168 3480 2224 Junii.

1931 2262 2321 2333 Subsignalum.
2353 2262 2465 2332 Ego
2500 2261 2619 2316 Allo
2648 2261 2884 2316 notarius
2906 2259 3094 2331 scripsi
3147 2270 3200 2313 et
3247 2259 3488 2314 Christo-

1929 2353 2128 2421 phorus
2152 2351 2418 2406 Thilman.

336 2493 546 2575 {Forte
575 2496 662 2564 l9,
698 2513 820 2554 nam
856 2515 1028 2556 annus
1077 2501 1148 2558 ‘29
1191 2502 1371 2559 Caroli
1414 2503 1588 2575 Magni
1645 2505 1830 2560 incidit
1868 2506 1919 2560 in
1954 2521 2150 2560 annum
2173 2504 2371 2559 Christi
2399 2503 2519 2569 797,
2551 2519 2657 2575 quo
2683 2518 2823 2559 anno
2879 2503 3254 2574 Angilramnus
3315 2503 3491 2556 vixere

268 2565 520 2620 desierat.

1518 2838 1687 2881 ANNO
1729 2836 1954 2922 DOMHI'I
2000 2837 2198 2879 DCCXC
2211 2863 2224 2875 .

1244 2973 2578 3142 WICBODUS.

979 3237 1410 3319 NOTITIA
1465 3237 2014 3348 HISTORICA
2065 3213 2176 3312 IN
2235 3232 2828 3315 WICBODUM.

1239 3387 1338 3452 [Ex
1359 3388 1598 3450 Fabricio,
1621 3388 1845 3440 Biblioth.
1867 3387 1996 3439 med.
2023 3393 2077 3438 et
2101 3385 2185 3437 lnl'.
2207 3385 2526 3448 Latinitatis.)

347 3583 657 3647 Wicbodus,
699 3582 849 3651 cujus
897 3581 1229 3650 Quaestiones
1271 3582 1327 3637 in
1369 3583 1754 3638 Octateuchum
1786 3582 1841 3635 in
1869 3583 1913 3644 C
1945 3581 2091 3650 Opus
2117 3588 2388 3651 autemjex
2414 3575 3506 3651 dictissanctorumPatrum,_Augustini,

273 3654 458 3708 codice
488 3655 658 3707 sancti
695 3653 910 3707 Maximi
931 3653 1264 3709 Trevirensis
1289 3652 1624 3713 invenerunt,
1652 3651 1707 3704 in
1737 3651 1839 3704 tria

271 3738 405 3776 vero
433 3731 637 3776 tantum
670 3721 938 3790 Geneseos
965 3723 1140 3790 capita
1167 3721 1450 3790 ediderunt
1479 3719 1743 3790 AMartene
1787 3726 1842 3790 et

275 3793 494 3846 Durand
536 3789 756 3844 Collect.
795 3788 1048 3860 AmplissI
1075 3790 1163 3853 IX,
1209 3788 1593 3860 293,‘dubiumi
1617 3797 1699 3842 est
1721 3788 1844 3860 quis

274 3861 460 3913 fuerit.
490 3860 601 3912 Sub
636 3860 844 3912 initium
870 3856 1070 3914 codicis
1095 3866 1312 3914 exstant
1345 3857 1459 3912 haec
1487 3859 1650 3911 verba
1685 3875 1698 3910 :
1745 3856 1844 3910 Ca-

274 3927 421 3999 rolus
444 3945 534 3982 rea:
555 3925 884 3999 Francorum
919 3937 967 3999 et
1006 3927 1466 3999 Langobardorum
1505 3944 1567 3980 ac
1592 3927 1842 3999 patricius

274 3997 657 4061 Romanorum,
687 3997 824 4051 hunc
863 3997 1088 4052 codicem
1120 3996 1202 4051 'ad
1253 4013 1381 4067 Opus
1431 4013 1584 4067 suum
1621 3996 1843 4067 scribere

272 4067 448 4138 iussit.
478 4067 558 4120 An
577 4067 741 4138 igitur
769 4067 1078 4138 Wigbaldus
1104 4067 1192 4121 ille
1213 4065 1514 4138 sit,_Caroli
1539 4065 1713 4138 Magni
1741 4066 1841 4119 sub

272 4137 474 4191 ltherio
526 4135 1398 4192 et’Radone'archicancellarius
1439 4135 1712 4200 notarius;
1771 4150 1840 4188 an

275 4205 611 4276 Widbaldus,
645 4222 802 4276 quem
831 4215 968 4261 teste
992 4206 1344 4272 Astronomo,
1401 4205 1541 4260 idem
1595 4206 1843 4274 princeps

273 4275 420 4330 circa
452 4292 540 4330 an.
588 4275 690 4333 778
729 4277 969 4348 praefecit
1015 4276 1391 4348 Petragoricis,
1443 4277 1705 4330 incertum
1736 4281 1838 4328 est.

1944 3647 2221 3720 Gregorii,
2246 3648 2620 3720 _llie_ronymi,
2657 3647 2962 3713 Ambrosii,
3006 3647 3227 3710 Hilarii,
3266 3647 3506 3720 _lsidori,

1942 3717 2213 3783 Eucherii,
2238 3717 2420 3772 Junilii
2452 3717 2759 3772 contextum
2789 3724 2891 3780 est,
2916 3733 3140 3786 quorum
3172 3718 3332 3771 verba
3385 3717 3506 3770 reti-

1943 3791 2086 3868 nuit._
2101 3789 2168 3843 Et
2189 3789 2324 3868 quia.
2348 3788 2586 3868 maxima
2612 3786 2884 3868 Gene_seos
2926 3803 3052 3868 pars
3097 3801 3287 3868 purum
3319 3786 3509 3840 Hiero-

1943 3859 2104 3929 nymi
2149 3856 2224 3913 ut‘
2258 3857 2447 3929 lsidori
2487 3865 2697 3929 textum
2746 3856 2862 3929 fere
2886 3856 3174 3929 exprimit,
3223 3865 3510 3929 sequentes

1943 3925 2070 3984 vero
2093 3927 2214 3983 libri
2237 3943 2400 3983 unum
2430 3927 2689 3983 lsidorum
2725 3925 3000 3991 exhibent,
3052 3927 3204 3996 plura
3243 3925 3513 3982 duumviri

1944 3997 2145 4052 laudati
2173 3999 2333 4054 cdere
2367 3998 2671 4052 noluerunt.
2699 3997 2814 4066 Ipse
2842 4003 3016 4050 tamen
3047 3998 3217 4052 codex
3254 3997 3371 4066 usui
3394 4010 3515 4051 esse

1943 4077 2120 4137 potest
2147 4069 2252 4122 illis
2291 4067 2384 4137 qui
2418 4067 2598 4123 futuro
2628 4065 2868 4137 tempore
2897 4067 3222 4137 Hieronymi
3247 4074 3301 4119 et
3323 4065 3511 4119 lsiilori

1943 4136 2117 4207 Opera
2139 4136 2324 4194 denuo
2355 4136 2857 4194 recensebunt."Adi
2879 4136 3167 4193 Historiam
3191 4136 3508 4190 litterariam

1944 4207 2153 4275 Galliae,
2183 4217 2315 4264 tom.
2344 4208 2435 4274 Ν,
2462 4222 2518 4278 p.
2549 4207 2673 4262 177.

279 4418 3521 4454 ________________________________________.

1515 4538 2268 4655 VICBODI

736 4753 1660 4895 QUALSTIONES
1745 4753 1829 4866 Il

1975 4744 3084 4863 OCTATEUCHUM.

897 4953 1003 5014 Ex
1028 4956 1386 5032 pervctusto
1419 4945 1628 5007 codice
1653 4943 2033 5004 Trevirensis
2059 4941 2122 5003 S.
2156 4939 2497 5003 Maximini
2521 4936 2908 5000 monasterii.

1535 5087 1786 5151 (Martem,
1805 5085 1948 5148 ampl.
1975 5083 2094 5136 Coll.
2119 5085 2281 5147 conc.)

1713 5199 2086 5218 —-

1474 5289 1978 5352 OBSERVATIO
2022 5287 2362 5349 PRJEVIA.

1744 5382 2094 5401 u—

365 5473 616 5547 Wlsbodi
635 5468 965 5547 ρυωειίοηεε
994 5455 1857 5547 "apostasiam-ablatae?-

289 5523 616 5628 scrip-t'as'e—x
634 5523 941 5620 pervetusto
953 5535 1136 5628 codice
1154 5527 1486 5628 Trevimnsis
1503 5525 1671 5628 sancti
1691 5523 1858 5628 Ma

294 5591 794 5676 Eiﬁi'iﬁoﬁésiéin;
829 5591 980 5672 cujus
1005 5606 1054 5659 in
1076 5602 1260 5676 fronte
1285 5601 1398 5676 hzec
1436 5597 1686 5664 leguntur
1718 5611 1731 5646 ε
1758 5591 1860 5676 (ζα.-

295 5668 592 5746 "rcx
625 5668 946 5734 Francorum
995 5684 1040 5730 et
1065 5668 1544 5741 Langobardorum,
1599 5681 1658 5718 ac
1705 5668 1866 5734 patri-

1960 5453 2072 5504 cius
2094 5449 2467 5511 Romanorum,
2492 5447 2627 5499 hunc
2649 5443 2874 5498 codicem
2898 5440 2968 5496 ad
2990 5458 3118 5514 opus
3134 5456 3291 5514 suum
3311 5440 3533 5498 scribere

1953 5522 2132 5590 jussit.
2175 5519 2324 5589 (Qua:
2350 5517 2582 5590 religiosi
2609 5514 2866 5590 principis
2885 5511 3224 5590 summai-nit
3260 5513 3312 5590 i_n
3338 5527 3424 5566 res
3449 5529 3534 5567 sa-

1963 5581 2084 5644 cras
2140 5581 2475 5657 propensioj
2524 5581 2729 5657 Auctor
2779 5581 3022 5657 ;illarum‘
3072 5581 3407 5657 Wicbodus_._
3436 5598 3532 5657 seu

1974 5651 2304 5730 Wigbalduis,
2353 5651 2464 5712 sive
2517 5656 2589 5710 sit
2640 5653 2728 5708 ille
2779 5651 3090 5722 Wigbaldus
3126 5652 3302 5709 Caroli
3360 5651 3535 5722 Magni
