3986 6168
612 332 748 386 “05

2100 327 2387 384 WICBODI

3654 277 3757 386 “0'4

616 444 716 498 sub
740 439 935 496 ltlterio
957 447 1010 494 et
1031 420 1758 496 Radone'arcliicanccllariis
1780 439 2037 506 notarius,
2061 442 2175 497 sive
2203 451 2248 509 Α
2277 442 2496 496 deberet
2524 441 2576 510 in
2616 449 2808 508 pretio,
2863 439 3004 509 quod
3038 437 3269 510 rjubcnte
3315 447 3414 491 tam
3454 439 3624 493 eximio
3646 445 3759 510 prin-

615 511 946 572 Widbaldus,
985 523 1164 580 quem,
1215 518 1352 580 teste
1378 509 1718 580 nstronomo,
1749 511 1887 564 idem
1928 512 2177 580 princeps

612 582 757 636 circa
778 594 976 648 annum
1001 577 1102 648 778
1122 578 1360 646 praefecit
1381 578 1750 648 Petragoricis,
1781 581 1891 634 sive
1914 577 2178 648 quispiam

612 648 768 712 alius,
795 661 863 699 ex
901 646 1062 701 dictis
1088 657 1396 702 sanctorum
1429 646 1668 712 Patrum,
1721 646 1953 702 maxime
1998 646 2178 712 Augu-

609 715 1049 787 stin_i,gregori_i,
1105 716 1434 787 llieronymi,
1487 717 1776 782 Ambrosii,
1825 717 2031 782 Hilarii,
2077 715 2178 771 Isi-

609 785 751 852 dori,
793 785 1069 856 Eucherii,
1106 785 1466 856 Junilii‘opus
1505 802 1660 841 suum
1705 787 2000 851 contexuit,
2048 802 2179 856 quo-

608 870 730 909 rum
751 856 916 909 verba
942 855 1228 924 aliquando
1254 870 1386 924 pura
1415 863 1469 908 et
1505 857 1644 910 nuda
1683 870 1792 910 uno
1822 865 2008 911 tenore
2031 855 2178 908 tran-

609 924 818 994 scribit,
855 939 1235 994 nonnunquam
1258 923 1495 992 dispersa
1543 925 1707 980 variis
1732 926 1788 979 in
1816 926 1948 980 locis
1976 925 2178 994 colligit

610 992 666 1046 in
708 1008 894 1058 unum,
940 992 1223 1060 aliquoties
1265 1008 1392 1047 vero
1427 1009 1534 1047 non
1569 995 1753 1059 verba,
1819 995 1912 1049 sed
1941 992 2180 1049 mentem

608 1060 821 1114 illorum
871 1061 1159 1132 exprimit._
1182 1061 1317 1116 Hinc
1374 1061 1726 1130 conjiciebam
1787 1063 2180 1132 conjicientque

609 1143 820 1184 mecum
843 1130 945 1185 viri
971 1130 1165 1186 eruditi
1191 1143 1397 1198 omnes,
1437 1141 1641 1200 quanto
1671 1147 1806 1202 opus
1834 1130 1965 1189 illud
1993 1130 2178 1188 haberi

2282 512 2400 579 cipe
2437 510 2502 564 ad
2524 508 2640 581 ejus
2682 526 2839 581 nsum
2871 508 3200 581 descriptum
3248 508 3432 581 fuerat,
3459 516 3622 581 totque
3637 508 3760 581 atque

2282 576 2561 634 tantorum
2581 579 2830 633 Ecclesia:
2857 576 3133 634 doctorum
3166 576 3506 648 expositiones
3529 576 3760 648 Scriptura:

2282 649 2724 716 repraesentabat.
2766 649 2962 718 Verum
3008 663 3128 701 cum
3167 646 3292 718 illud
3341 662 3463 718 non_
3487 646 3758 718 indiligenter

2281 713 2690 787 examinassem,
2725 717 3078 787 animadverti
3128 715 3406 787 maximam
3429 713 3756 787 Genescospar-

2282 794 2390 840 tem
2436 786 2664 842 nonnisi
2694 801 2887 854 purum
2945 785 3251 854 Hieronymi
3304 792 3459 854 atque
3491 785 3647 839 lsidori
3675 785 3758 841 tex-

2281 864 2396 909 tum
2428 855 2538 910 fere
2575 853 2898 924 exprimere,
2951 863 3237 923 sequentes
3281 868 3402 924 vero
3451 853 3594 907 libros
3633 871 3754 908 unum

2281 926 2535 980 exhibere
2561 923 2838 979 lsidorum.
2880 926 3216 993 Quapropter
3241 923 3368 993 tanti
3392 937 3487 993 non
3522 924 3754 978 existimavi

2282 995 2546 1064 integrum
2585 995 2672 1064 hic
2701 1010 2834 1064 opus
2862 992 3012 1048 dare.
3053 994 3159 1064 Sed
3202 992 3418 1064 eruditis
3453 992 3573 1064 forte
3593 993 3754 1064 lecto_ri-

2280 1063 2381 1117 bus
2404 1061 2548 1117 baud
2588 1061 2890 1132 injucunda:
2916 1071 3074 1118 erunt
3103 1061 3427 1128 Quaestiones
3464 1062 3512 1114 in
3535 1062 3673 1130 prima
3688 1062 3754 1116 Ge-

2282 1133 2428 1187 nesis
2452 1134 2646 1202 capita.
3286 1140 3292 1146 '

1350 1367 1669 1427 CAROLUS
1707 1371 1851 1427 REX
1889 1367 2320 1424 FRANCORUM
2359 1367 2447 1420 ET
2485 1365 3098 1422 LONGOBARDORUM

1752 1464 1840 1520 AC
1879 1459 2246 1519 PATRICIUS
2284 1459 2668 1516 ROMANORU
2677 1460 2726 1514 Μ

1321 1555 1509 1612 HUNC
1547 1555 1846 1612 CODICEM
1884 1556 1977 1610 AD
2016 1552 2196 1611 OPUS
2235 1551 2426 1608 SUUM
2478 1550 2813 1608 SCRIBERE
2851 1551 3102 1608 JUSSIT.

1169 1729 1350 1788 LAUS
1383 1730 1607 1786 REGIS.

958 1815 1368 1873 ALLOCUTIO
1407 1817 1502 1872 AD
1529 1816 1836 1872 LIBRUM.

605 1908 737 1976 Quis
761 1907 916 1978 digne
939 1907 1183 1963 indoctus
1214 1916 1505 1964 metrorum
1526 1909 1769 1963 versibus
1795 1921 2030 1977 unquam

605 1997 858 2053 Rusticus
877 1987 1122 2066 explanet
1143 1997 1294 2067 cujus
1320 2001 1590 2068 praeconia
1627 2000 1829 2069 passim

605 2088 770 2144 Latus
791 2088 1128 2145 concelebrat
1148 2089 1248 2144 sub
1271 2090 1391 2145 coeli
1411 2091 1630 2146 cardine
1662 2091 1912 2155 mundus,

605 2177 771 2246 Cujus
798 2179 866 2235 ad
888 2179 1169 2250 imperium
1206 2180 1478 2236 meruistis
1503 2182 1637 2237 ordo
1664 2193 1688 2222 α
1718 2195 1924 2246 carere,

606 2267 672 2322 Et
693 2282 883 2338 capere
911 2269 1136 2325 nitidam
1159 2269 1316 2341 longo
1342 2277 1462 2341 post
1496 2280 1733 2340 tempore
1758 2271 1958 2341 pallam
1982 2289 1996 2338 ;

605 2355 846 2427 Coeperis
865 2365 924 2412 ut
943 2357 1104 2414 limen
1132 2358 1267 2414 aulae
1297 2360 1492 2428 regalis
1519 2360 1685 2425 adire,

601 2447 780 2519 Atque
802 2464 934 2505 auro
959 2449 1120 2505 rutilo
1146 2449 1441 2506 radiantem
1471 2465 1694 2507 cernere
1721 2450 1945 2507 sedem?

603 2539 782 2609 Incipe
801 2541 1193 2609 quamprimum
1223 2540 1398 2612 largas
1421 2541 1730 2610 persolvere
1759 2548 1960 2612 grates,

607 2627 865 2684 Errorum
889 2631 1030 2701 quod
1053 2632 1196 2688 nube
1219 2647 1392 2698 cares,
1415 2641 1690 2687 correctus
1710 2632 1949 2688 haberis.

605 2719 738 2774 Dein
762 2728 1062 2788 prostratus
1084 2720 1296 2776 veniam
1321 2722 1548 2791 deposce
1571 2729 1815 2792 precatu,

606 2806 963 2877 Lautorisque
989 2808 1066 2863 tui
1091 2808 1280 2865 sollers
1320 2817 1577 2879 patronus
1612 2810 1818 2866 adesto.

606 2897 635 2938 δ

601 2985 797 3058 Asperi
817 2995 911 3043 aut
931 2987 1191 3058 impressa
1218 3003 1407 3046 manus
1429 2991 1698 3046 tenuando
1723 2989 1931 3061 pulivit.

603 3077 686 3133 En
708 3079 874 3134 habes
891 3079 946 3133 in
966 3086 1236 3150 promptu,
1260 3094 1294 3134 o
1321 3095 1437 3146 rex,
1466 3081 1608 3150 quod
1624 3081 1868 3151 jusseras
1887 3084 2038 3148 olim,

606 3166 849 3243 Suscipe,
869 3177 925 3226 et
945 3185 980 3226 o
1002 3169 1128 3225 felix
1148 3170 1342 3228 multos
1359 3173 1530 3228 utaris
1556 3173 1753 3248 [utare]
1777 3190 1872 3245 per
1906 3190 2096 3232 annos.

905 3295 1214 3338 EPlGBAIIA
1239 3296 1423 3339 OPERIS
1449 3299 1851 3348 SUBSEQUENTIS.

596 3393 641 3450 0
668 3384 830 3461 quam
870 3407 1064 3462 magna
1090 3400 1192 3449 tua:
1211 3393 1417 3450 clarent
1443 3398 1709 3466 praeconia
1735 3398 1923 3466 laudis,

605 3481 717 3536 Rex
737 3481 946 3546 Carole,
970 3480 1097 3536 felix
1125 3491 1180 3538 et
1203 3491 1362 3539 notus
1383 3485 1436 3538 in
1458 3486 1706 3542 omnibus
1731 3488 1894 3543 alvis.

601 3574 824 3629 Finibus
844 3575 1102 3630 extremis
1127 3582 1216 3630 tua
1244 3576 1474 3631 maxime
1499 3575 1673 3646 jussio
1701 3579 1882 3648 pollet.

599 3663 730 3732 Quis
749 3664 891 3721 valet
909 3665 1110 3720 urbane
1131 3664 1314 3720 laudes
1339 3680 1586 3721 sermone
1611 3667 1775 3736 polito

604 3756 751 3822 Fari,
776 3771 986 3827 magne,
1010 3765 1150 3822 tuas,
1174 3757 1294 3812 coeli
1317 3759 1415 3813 sub
1441 3757 1674 3814 culmine
1699 3759 1874 3816 claras
1899 3760 1922 3814 ?

602 3845 736 3911 Quis
758 3853 848 3899 tua
871 3847 1037 3900 mixta
1059 3855 1216 3900 canat
1236 3847 1371 3900 mira
1395 3848 1594 3917 pietate
1624 3858 1842 3920 tropaea,

598 3933 932 4002 Divitiasque
955 3943 1074 3989 tuas
1093 3935 1248 4006 longo
1271 3937 1392 4006 quis
1415 3939 1652 3996 carmine
1678 3943 1923 4010 pandat?

600 4022 733 4090 Quis
755 4023 941 4079 saltem
965 4025 1166 4094 poterit
1190 4026 1383 4080 seriem
1405 4041 1719 4084 enumerare
1747 4031 2034 4098 librorum,

600 4111 752 4178 Quos
767 4119 860 4168 tua
880 4113 947 4168 de
966 4111 1148 4168 multis
1171 4114 1387 4183 copulat
1407 4119 1672 4172 sententia
1704 4122 1903 4176 terris?

602 4199 926 4257 Sanctorum
949 4215 1210 4258 renovans
1235 4202 1454 4258 Patrum
1498 4210 1800 4278 conscripta
1826 4211 2090 4279 priorum.

598 4291 732 4348 Nam
754 4293 1009 4363 quidquid
1031 4307 1242 4349 sacrum
1276 4293 1455 4349 divina
1479 4296 1753 4352 volumina
1779 4301 1975 4368 verbis,

599 4382 823 4452 Eloquio
848 4397 1115 4451 sensuque
1138 4383 1348 4450 docent,
1372 4385 1514 4455 quod
1557 4388 1810 4456 przedicat
1837 4389 1951 4462 ipse

595 4471 863 4543 Antiquus
888 4471 1073 4527 mundi
1104 4472 1367 4542 replicans
1393 4475 1614 4530 exordia
1641 4486 1818 4545 vates,

599 4561 710 4616 Seu
730 4561 818 4616 ille
843 4561 1097 4639 historias
1119 4570 1284 4628 texat,
1315 4578 1410 4619 seu
1446 4564 1586 4621 forte
1611 4566 1832 4638 figuras.

598 4651 753 4719 Quod
777 4652 987 4708 diversa
1012 4660 1158 4708 retro
1181 4654 1470 4710 multorum
1499 4665 1740 4728 tempora
1767 4675 1953 4731 regum

596 4747 727 4802 Post
751 4747 894 4802 Ruth
919 4748 1172 4803 succiduo
1193 4761 1473 4820 gesserunt
1493 4753 1680 4811 ordine
1709 4769 1990 4824 magnum,

598 4839 694 4895 Vel
716 4839 809 4910 qui
831 4849 953 4909 post
979 4841 1266 4909 reprobum
1288 4841 1543 4897 Davidica
1571 4858 1734 4912 regna
1773 4844 1989 4900 Saulem

598 4929 704 4984 Ter
723 4931 1126 5002 quinquagenos
1145 4931 1472 5001 scripserunt
1493 4935 1733 4988 carmine
1762 4935 2022 5004 psalmos.

598 5019 863 5077 Paciﬂcus
884 5021 1142 5092 quidquid
1165 5021 1274 5076 lata
1300 5023 1440 5077 inter
1470 5031 1680 5093 sceptra
1708 5023 1984 5092 Salomon,

597 5107 900 5166 Obscurum
923 5126 1081 5167 sensu
1102 5111 1356 5180 prmelara
1377 5114 1658 5184 proverbia
1697 5114 1866 5179 duxit,

598 5199 855 5270 Quodque
872 5201 956 5256 bis
983 5204 1162 5258 octoni
1187 5211 1308 5274 post
1329 5219 1388 5260 se
1410 5204 1590 5260 videre
1617 5205 1912 5275 prophetas,

597 5293 750 5360 Quod
770 5294 1011 5350 clausum
1035 5293 1135 5350 Job
1161 5297 1307 5352 mitis
1327 5296 1401 5352 ait
1425 5313 1547 5352 cum
1573 5297 1793 5352 vulnere
1817 5307 2025 5367 aperto.

597 5383 792 5439 Esther
812 5384 940 5454 quid
963 5400 1276 5452 memorem,
1299 5395 1353 5442 et
1376 5395 1540 5442 castae
1567 5388 1844 5443 mendacia
1866 5386 2095 5444 Iudith?

597 5474 783 5534 Ornati
808 5491 931 5530 cum
955 5475 1142 5532 fraude
1168 5485 1377 5548 satraps
1405 5478 1716 5533 accenditur
1749 5478 1886 5544 oris,

599 5562 733 5618 Cum
753 5574 932 5619 manet
956 5565 1184 5621 illudens
1202 5567 1492 5623 obscenum
1518 5566 1716 5623 femina
1743 5567 1971 5636 lectum,

671 5682 698 5712 ι
729 5668 891 5727 Forte
918 5674 1150 5728 meruisti
1189 5677 1359 5730 sorde.

2161 4409 2241 4514 ⁸Ι.)

2208 1731 2254 1792 Β
2286 1727 2620 1796 Desectoque
2646 1726 2790 1782 feros
2822 1727 3115 1797 compescit
3138 1727 3337 1783 vertice
3361 1729 3508 1784 visus.

2283 1815 2436 1882 Quod
2459 1815 2648 1872 melius
2674 1831 2900 1872 cernens
2925 1826 3127 1877 cmeato
3151 1817 3206 1871 in
3226 1833 3436 1886 corpore
3467 1819 3596 1883 Tobi,

2275 1906 2404 1973 Qua:
2427 1915 2634 1961 secreta
2660 1907 2847 1962 videns
2867 1908 3178 1978 perscripsit
3203 1909 3427 1964 conditor
3459 1908 3615 1972 Emis,

2275 1994 2543 2064 Quidquid
2570 2005 2690 2065 post
2712 1996 2942 2066 priscam
2971 1999 3267 2052 succedens
3291 1999 3449 2068 gratia
3472 1997 3611 2068 legem

2274 2086 2508 2152 Intonat,
2533 2095 2694 2158 atque
2719 2087 2853 2142 Novi
2879 2088 3142 2144 miracula
3170 2089 3500 2144 Testamenti.

2275 2161 2414 2231 Hinc
2441 2177 2674 2232 hominis
2702 2177 2898 2232 clamat
2923 2176 3114 2243 facies,
3145 2177 3242 2242 ait,
3266 2177 3380 2232 inde
3407 2177 3569 2242 leonis,

2274 2265 2342 2320 Et
2358 2267 2548 2336 pernix
2566 2267 2767 2338 aquila,
2791 2275 2844 2322 et
2872 2267 3026 2323 fortis
3059 2269 3354 2324 certamine
3382 2277 3562 2324 taurus.

2274 2353 2401 2410 Inde
2425 2364 2616 2424 quater
2638 2357 2777 2411 terni
2793 2357 2942 2426 puris
2963 2358 3108 2427 quod
3139 2358 3400 2412 mentibus
3427 2358 3535 2428 agni

2274 2446 2536 2518 Egerunt,
2566 2457 2679 2503 toto
2705 2457 3018 2519 spargentes
3046 2449 3257 2504 semina
3283 2449 3484 2504 mundo.

2274 2541 2364 2595 Bis
2388 2550 2608 2611 septena
2629 2542 2702 2612 pii
2730 2544 2872 2613 quod
2901 2543 3107 2615 spargit
3135 2545 3353 2616 epistola
3389 2543 3540 2606 Pauli,

2275 2631 2428 2698 Quod
2448 2632 2637 2688 Petrus
2664 2630 3024 2704 Jacobusque,
3055 2635 3207 2703 quod
3229 2633 3387 2690 Judas
3409 2644 3458 2689 et
3493 2634 3584 2703 ipse

2275 2721 2378 2788 Qui
2398 2731 2683 2793 conspecta
2708 2722 2872 2780 refert
2893 2724 3015 2780 εωιὶ
3036 2734 3247 2781 secreta
3275 2724 3509 2790 Joannes,

2275 2812 2415 2880 Quin
2438 2822 2492 2869 et
2517 2815 2737 2870 veridici
2759 2831 2880 2886 qua).
2903 2816 3137 2885 plurima
3158 2825 3465 2873 tractatores

2275 2902 2590 2972 Exposuere
2614 2904 2727 2958 suis
2749 2904 3005 2974 mysteria
3043 2904 3211 2976 digna
3239 2907 3442 2971 libellis,

2274 2989 2400 3045 Hazc
2427 2999 2482 3045 tu
2504 3000 2694 3047 cuncta
2720 3001 2907 3048 tenens
2935 2995 3121 3048 animo
3140 2995 3352 3050 sitiente
3375 2995 3552 3050 bibisti.

2196 3069 2245 3134 Ο
2275 3077 2384 3136 Nec
2399 3082 2444 3136 si
2469 3081 2598 3151 quid
2625 3087 2838 3138 sacrum
2859 3083 3107 3139 cecinere
3133 3085 3398 3155 propheta:

2274 3171 2349 3227 Te
2369 3171 2518 3238 latet,
2542 3173 2788 3244 agnoscis
2810 3173 2977 3244 leges,
3000 3181 3054 3229 et
3087 3184 3351 3230 commata
3385 3189 3558 3229 servas.

2268 3264 2445 3335 Atque
2467 3265 2640 3320 aliena
2665 3281 2759 3321 tuo
2800 3268 3152 3323 commendas
3180 3269 3411 3324 carmina
3443 3276 3590 3322 cantu.

2278 3353 2418 3421 Quid
2444 3362 2614 3410 totum
2639 3356 2937 3425 replicem?
2969 3364 3022 3412 tu
3050 3360 3301 3414 sensibus
3337 3368 3473 3412 utere
3495 3356 3645 3417 doctis,

2279 3442 2345 3496 Et
2367 3457 2485 3512 quae
2510 3451 2636 3498 nota
2659 3445 2755 3500 tibi
2779 3444 2860 3499 vel
2889 3461 3005 3514 qua:
3027 3456 3284 3518 percepta
3312 3447 3528 3518 legendo,

2267 3533 2351 3589 Ad
2371 3535 2586 3590 virtutis
2610 3550 2746 3605 opus
2769 3535 2945 3591 studio
2973 3547 3229 3592 converte
3257 3538 3431 3608 regali.

2269 3625 2338 3678 At
2363 3626 2410 3680 si
2436 3626 2502 3680 de
2527 3626 2680 3694 plebe
2706 3627 2990 3698 quisquam
3014 3628 3188 3684 livore
3214 3638 3452 3699 perustus

2194 3755 2196 3757 ›
2267 3715 2492 3780 Dixerit,
2521 3715 2622 3771 iste
2655 3717 2777 3786 quis
2800 3726 2882 3771 est
2902 3724 3148 3774 veterum
3175 3720 3266 3790 qui
3297 3719 3512 3773 carmina
3546 3718 3687 3770 mulal.

2267 3805 2620 3877 Inscribitque
2644 3807 2778 3863 levis
2801 3810 3191 3878 epigrammata
3220 3827 3350 3865 vana
3371 3807 3574 3865 libellis?

2267 3896 2486 3953 Noverit
2512 3899 2615 3954 hoc
2639 3900 2753 3968 ipse
2774 3901 2915 3969 quod
2939 3917 3206 3971 nusquam
3229 3903 3378 3972 culpa
3400 3908 3611 3958 mutatur,

2267 3989 2400 4046 Cum
2437 4006 2540 4045 non
2572 3991 2707 4046 velle
2731 3993 2872 4046 valet
2899 3999 2952 4046 et
2977 3992 3152 4061 major
3192 3993 3365 4063 jussio
3392 3992 3536 4063 cogit.

2267 4081 2504 4150 Denique
2518 4081 2669 4151 jussa
2689 4083 2830 4137 bona
2852 4099 2974 4138 cum
2998 4085 3404 4155 promulgantur
3425 4078 3614 4152 agenda.

2267 4170 2370 4237 Qui
2396 4171 2626 4241 complet
2647 4173 2881 4241 sapiens,
2902 4173 2994 4243 qui
3020 4175 3136 4228 vult
3164 4183 3489 4229 contemnere
3513 4171 3686 4223 demenso

2265 4260 2420 4327 Quod
2447 4261 2491 4316 si
2519 4261 2787 4333 Virgilius,
2819 4271 2873 4317 et
2894 4271 3075 4317 vatum
3101 4279 3344 4318 summus
3370 4263 3607 4317 Homerus,

2269 4350 2564 4406 Censuram
2587 4366 2832 4408 meruere
2857 4368 3048 4408 novam
3076 4363 3201 4423 post
3224 4354 3331 4407 fata
3356 4351 3535 4412 subire,

2270 4437 2437 4505 Quam
2463 4439 2554 4493 dat
2574 4438 2880 4496 Aristarcus
2923 4449 3038 4506 tua,
3061 4442 3388 4510 Varrusque,
3427 4437 3683 4500 Ρτοιιιιειιιιε·

2269 4527 2379 4583 Cur
2405 4529 2720 4600 dedignetur
2739 4530 2880 4600 quod
2897 4531 3080 4599 jussus
3104 4532 3344 4601 principe
3364 4540 3534 4599 magno

2267 4604 2494 4672 Parvula
2519 4621 2734 4689 excerpi
2764 4621 2997 4676 Mosaica
3023 4623 3264 4677 carmina
3295 4620 3417 4675 bibli

2268 4713 2577 4784 Vuigbodus
2600 4715 2817 4772 humilis
2842 4733 3102 4772 nucarum
3131 4716 3272 4771 mole
3301 4714 3452 4785 piari.

2267 4801 2392 4858 "me
2423 4804 2516 4858 tibi
2554 4819 2646 4859 rex
2686 4820 2895 4860 summe
2915 4805 3068 4875 jussu
3101 4807 3403 4876 compulsus
3429 4799 3580 4862 herili,

2268 4893 2544 4963 Servulus,
2573 4906 2632 4952 ut
2651 4898 2820 4967 potui,
2843 4899 3034 4954 devota
3058 4909 3236 4953 mente
3262 4897 3444 4952 dicavi.

2647 5005 2801 5061 Ratio
2823 5023 2895 5063 vn
2919 5009 3120 5062 dierum
3149 5009 3435 5061 ordinatur.

2263 5117 2479 5172 Primus
2512 5118 2566 5170 in
2589 5119 2720 5173 orbe
2745 5119 2860 5174 dies
2885 5119 3020 5175 lucis
3043 5118 3331 5189 primordia
3358 5111 3568 5184 sumpsit-

2263 5208 2412 5262 Alter
2438 5209 2765 5278 splendiﬂuis
2787 5211 2983 5268 coelum
3007 5211 3240 5266 firmavit
3265 5211 3315 5264 in
3345 5209 3462 5264 oris.

2265 5297 2477 5353 Tertius
2513 5299 2835 5371 undivagum
2876 5318 3024 5357 mare
3045 5301 3135 5356 dat
3159 5316 3279 5356 cum
3309 5297 3522 5371 germine
3539 5296 3666 5343 teme.

2262 5387 2498 5454 Quartus
2518 5389 2680 5445 habet
2701 5391 2956 5461 phmbum
2979 5393 3262 5461 lunamque
3281 5400 3331 5445 et
3353 5389 3506 5444 sidera
3523 5376 3632 5436 unli-

2262 5477 2488 5546 Quintus
2512 5481 2837 5553 plumigeras
2874 5485 3115 5541 volucres
3139 5487 3406 5553 piscesque
3437 5477 3646 5531 natantes

2263 5570 2458 5627 Sextus
2484 5573 2856 5644 quadrupedes
2877 5585 3094 5647 reptans
3118 5576 3447 5641 hominesque
3467 5571 3650 5634 sagaccs'

2335 5685 2362 5725 ι)
2402 5684 2501 5741 Hic
2538 5695 2620 5742 cst
2655 5688 2886 5758 spatium
2922 5689 3077 5743 unius
3102 5701 3285 5742 versus
3310 5692 3506 5739 vacuum
3531 5686 3573 5727 ιιι
3594 5677 3663 5720 n5.
