3986 6168
250 302 386 356 “03

249 413 517 480 Septimus
537 414 866 470 estDomino
889 408 1117 487 requies,
1147 421 1231 476 his
1257 423 1357 478 rite
1377 429 1630 494 peractis.

249 501 362 555 Non
389 502 516 570 quia
543 505 912 572 cunctipotens
936 508 1167 564 humano
1190 527 1339 566 more
1373 513 1599 582 laboret,

247 593 470 648 Actibus
489 601 583 647 aut
598 594 769 648 fessus
794 605 995 664 quan-at
1024 601 1301 668 quiescere
1323 605 1540 660 tandem

247 679 349 745 Qui
370 694 583 749 semper
607 682 877 750 requietus
901 685 1028 753 agit,
1058 684 1366 757 faciensque
1389 693 1635 759 quiescit.

249 769 356 823 Sed
381 769 522 837 quod
547 784 700 824 sacra
721 772 872 839 quies
891 773 1085 842 typicis
1102 783 1186 830 est
1206 787 1392 846 operta
1428 779 1634 848 ﬁguris,

251 858 413 914 Multa
437 873 586 930 gerat
607 862 792 929 signis,
823 873 877 918 et
902 867 1104 932 pandat
1127 870 1355 938 mystica
1378 872 1551 929 nobis.

248 950 400 1004 Dicta
421 950 514 1004 Dei
541 953 753 1020 ruluies
771 954 912 1022 quod
939 957 1096 1012 rebus
1119 957 1239 1027 jure
1264 962 1512 1017 creandis

248 1038 366 1107 Ipsa
391 1041 580 1096 modus
605 1041 765 1096 fuerit
792 1046 1020 1110 cunctis,
1045 1054 1100 1101 et
1139 1050 1373 1105 maxima
1402 1051 1544 1106 ﬁnis.

251 1127 384 1184 Nam
407 1145 543 1185 nova
579 1146 802 1202 quaeque
835 1134 989 1202 ﬁunt,
1023 1135 1136 1205 jam
1164 1147 1278 1194 tum
1311 1141 1555 1197 ordinata
1585 1146 1817 1214 proban-

1485 1273 1490 1280 .
1635 1232 1746 1304 [tur

253 1306 402 1362 Dicta
429 1309 522 1363 Dei
547 1302 774 1380 i-equies,
797 1326 902 1381 quo
927 1314 1184 1372 Dominus
1221 1332 1286 1374 ac
1321 1320 1617 1392 redemptio
1636 1302 1812 1378 _Chri-

1611 1413 1747 1485 [ειιιε

255 1488 311 1542 In
338 1504 501 1546 carne
524 1493 762 1560 veniens,
786 1510 849 1550 ac
869 1498 1046 1553 carnis
1076 1499 1249 1554 vincla
1286 1502 1574 1567 resolvens,

259 1578 366 1634 lloc
389 1583 640 1637 redeunte
670 1585 756 1640 die
785 1586 924 1641 felici
958 1598 1130 1643 morte
1151 1591 1370 1659 quievit,

254 1666 405 1722 Dicta
442 1670 536 1725 Dei
562 1673 792 1741 requies,
821 1677 961 1745 quod
986 1692 1083 1732 nos
1112 1687 1234 1747 post
1261 1680 1406 1737 mille
1429 1682 1658 1751 labores,

1139 309 1264 362 LIB.
1307 311 1780 378 ρυΑςδτιοΝυΜ
1821 318 2046 378 SUPER
2085 326 2215 381 LIB.
2258 326 2571 382 GENESIS.
2623 388 2627 392 Ἰ

1854 1682 1903 1742 Β

3353 325 3492 382 H06
3557 344 3559 346 ·

1838 443 1890 500 Α
1917 435 2074 492 Solus
2111 439 2309 508 ubique
2336 439 2523 494 fovens
2552 439 2606 491 in
2639 453 2698 493 se
2728 438 3063 507 requiescere
3093 439 3255 509 cogit.

1914 528 2024 583 Nec
2051 528 2209 583 datur
2242 528 2350 582 ulla
2383 529 2536 597 quies
2568 528 2801 595 miseris,
2828 529 2931 583 nisi
2961 528 3186 597 suscipit
3210 529 3344 597 ipsc.

1914 617 2065 672 Dicta
2091 633 2303 687 quoque
2343 617 2578 686 requies,
2613 617 2880 673 mundana
2909 620 3051 688 quod
3085 619 3225 674 actio
3251 632 3490 688 praesens

1915 707 2045 763 Post
2065 723 2158 762 sex
2183 716 2370 763 aetates
2399 724 2533 777 quas
2560 708 2788 763 mundus
2814 709 2867 762 in
2897 709 3086 764 ordine
3111 709 3300 775 currit,

1916 795 2036 850 Otia
2060 797 2363 867 percipiens
2385 806 2584 853 :eterna
2621 813 2752 867 pace
2779 798 3027 866 quiescit.

1917 885 2068 939 Dicta
2094 899 2304 954 quoque
2329 886 2561 954 requies,
2600 902 2719 956 qua:
2748 888 2902 942 nobis
2928 887 3115 942 ultima
3139 903 3256 945 sors
3277 897 3379 945 est.

1919 973 2053 1028 Nam
2074 976 2199 1030 vitae
2219 992 2427 1042 cursus,
2456 978 2738 1033 mundanae
2763 979 2920 1033 molis
2944 980 3011 1035 ad
3041 979 3210 1035 instar

1921 1065 2028 1120 Sex
2065 1075 2189 1122 sunt
2215 1076 2403 1123 aetates
2421 1069 2675 1135 hominis,
2700 1077 2754 1124 et
2779 1071 3006 1139 septima
3042 1086 3188 1126 mors
3207 1082 3309 1127 est.

1918 1155 2098 1210 Prima
2134 1165 2280 1211 tenet
2309 1166 2486 1213 ortum
2518 1159 2730 1226 generis
2748 1157 2970 1213 infantia
2997 1159 3243 1231 simplex,

1918 1244 2104 1299 Altera
2128 1244 2321 1301 deinde
2339 1246 2571 1316 pueritia
2593 1245 2768 1302 mollis
2788 1247 3035 1315 habetur,

1920 1332 2099 1386 Tertia
2125 1348 2244 1402 quae
2269 1333 2511 1404 sequitur
2535 1334 2650 1403 ipsa
2671 1335 2938 1390 vocitatur
2964 1336 3164 1402 adulta,

1919 1419 2120 1486 Quarta
2150 1423 2289 1492 gerit
2324 1423 2538 1478 virtutis
2564 1437 2721 1492 opem
2751 1425 2990 1494 speciosa
3011 1425 3252 1494 juventa,

1919 1509 2115 1576 Quinta
2141 1521 2357 1566 senecta
2392 1513 2571 1582 gravis
2592 1521 2647 1568 et
2666 1513 2852 1569 ultima
2878 1523 3116 1584 tempora
3147 1531 3389 1587 vergens,

1924 1599 2087 1656 Sexta
2118 1603 2264 1658 venit
2294 1605 2501 1659 senium
2525 1621 2644 1675 qum
2665 1606 2788 1661 vitse
2812 1608 3061 1662 terminat
3085 1623 3276 1663 navum.

2583 1694 2831 1766 Explicit.

1666 1932 2064 2014 INCIPIT

561 2098 900 2250 LIBER
969 2100 1697 2274 0Ulll8’l‘l0NUM
1769 2117 2130 2270 SUPER
2195 2124 2644 2280 LIBRUM.
2695 2112 3161 2286 GENESIS

288 2342 377 2397 EX
419 2341 638 2398 DICTIS
675 2342 1098 2402 SANCTORUM
1136 2347 1420 2408 PATRUM
1455 2355 1828 2413 AUGUSTINI
1857 2401 1871 2426 ,
1912 2363 2270 2430 GREGORII,
2315 2370 2728 2442 IIIERONYMJ,
2766 2376 3110 2443 AMBROSII,
3153 2380 3406 2441 HILARII
3431 2425 3450 2454 ,

1341 2447 1610 2517 lSlDORI,
1651 2453 1978 2510 EUCIIERII
2015 2457 2104 2514 ET
2144 2457 2401 2518 JUNILII.

326 2662 642 2734 Discipulus.
669 2665 849 2724 Primo
871 2670 1129 2737 omnium,
1169 2683 1468 2745 praeceptor
1495 2680 1586 2742 mi,
1619 2681 1815 2751 inquiri

256 2755 387 2809 mihi
412 2771 632 2812 necesse
651 2766 752 2823 est,
791 2760 912 2828 quis
939 2761 1096 2830 hujus
1134 2765 1274 2831 libri,
1305 2768 1397 2836 qui
1433 2768 1656 2826 Genesis
1684 2772 1821 2841 apud

254 2861 352 2902 nos
373 2847 587 2912 dicitur,
616 2849 847 2918 scriptor
884 2853 1164 2908 habeatur.

327 2935 594 3006 Magister.
621 2937 770 2993 Sicut
797 2955 826 2994 a
857 2940 1146 3009 majoribus
1173 2947 1371 3002 nostris
1408 2949 1562 3005 nobis
1581 2951 1821 3008 insinua-

1924 2700 2135 2756 quoque
2156 2687 2477 2758 linguarum,
2507 2699 2764 2764 gestaque
2785 2697 3025 2779 omnium
3061 2701 3488 2769 patriarcharum

1928 2791 2096 2846 usque
2126 2778 2192 2833 ad
2219 2778 2604 2849 ingressionem
2629 2783 2792 2840 Israel
2826 2786 2880 2840 in
2915 2778 3226 2860 Egyptum.

2577 2888 2829 2932 JUNILIUS.

1995 2957 2064 3012 Β.
2088 2957 2213 3015 Haec
2238 2958 2532 3030 Scriptura,
2559 2979 2678 3033 qua:
2697 2967 2763 3021 de
2786 2970 3035 3036 praesenti
3057 2972 3252 3029 smculo
3271 2973 3492 3045 loquens

260 3037 374 3083 tum
403 3038 563 3099 atque
591 3032 843 3087 traditum
884 3042 985 3099 est,
1024 3036 1238 3106 Moysen
1283 3038 1442 3108 hujus
1478 3045 1655 3112 operis
1691 3047 1824 3100 scri-
1849 3056 1897 3121 ο
1927 3049 2209 3121 signiﬁcet,
2233 3067 2390 3108 nosse
2411 3032 2586 3124 cupio.

261 3131 467 3192 ptorem
495 3121 659 3179 fuisse
684 3134 948 3191 asserunt,
971 3128 1025 3183 id
1049 3136 1132 3184 est
1155 3131 1390 3202 quinque
1426 3133 1685 3191 librorum
1712 3139 1822 3208 qui,

255 3211 407 3280 juxta
448 3212 681 3280 Gnecos,
727 3215 1107 3272 Pentateucum
1153 3223 1516 3289 nominantur,
1549 3241 1670 3280 cum
1720 3245 1828 3284 non

260 3300 400 3354 dicat
427 3302 530 3356 hoc
557 3302 760 3370 titulus,
793 3305 884 3360 sed
909 3309 1059 3374 quasi
1081 3310 1146 3364 de
1174 3309 1279 3366 alio
1307 3313 1420 3382 ipse
1449 3313 1615 3369 refert
1641 3333 1652 3369 :
1683 3315 1830 3370 Dixit

259 3390 514 3446 Dominus
534 3393 603 3445 ad
633 3393 868 3465 Moysen.
897 3395 1058 3468 Cujus
1091 3403 1391 3471 exemplum
1436 3405 1489 3458 in
1535 3405 1683 3462 Novo
1729 3407 1830 3462 Te-

260 3488 525 3537 stamento
563 3482 795 3541 Joannes
823 3502 1050 3557 sequens
1089 3494 1380 3561 apostolus,
1425 3497 1730 3566 ubicunque
1764 3497 1830 3553 de

260 3585 318 3626 se
354 3571 554 3640 aliquid
584 3574 784 3630 referre
810 3577 996 3642 voluit,
1046 3595 1238 3635 nomen
1274 3597 1430 3637 suum
1476 3586 1714 3640 studiose
1756 3587 1830 3640 si-

261 3656 374 3720 luit,
406 3660 597 3714 aiendo
629 3679 640 3713 :
671 3661 955 3717 Conversus
984 3665 1170 3719 Petrus
1194 3669 1316 3722 vidit
1341 3670 1490 3723 illum
1516 3672 1826 3742 discipulum

258 3764 410 3817 quem
447 3749 689 3817 diligebat
712 3751 863 3805 Jesus
891 3762 1200 3822 sequentem,
1231 3764 1336 3811 etc.
1369 3757 1547 3829 (Joan.
1575 3776 1685 3828 xxi,
1713 3761 1826 3831 ΞΟ.)

332 3856 400 3910 D.
440 3857 664 3912 Genesis
701 3861 840 3915 unde
862 3863 966 3917 hoc
999 3879 1195 3919 nomen
1225 3869 1469 3937 accepit?

340 3948 418 4002 Μ.
448 3949 588 4005 LXX
609 3952 803 4005 etenim
826 3951 1168 4025 Interpretes,
1197 3958 1549 4030 Symmachus
1574 3971 1628 4017 et
1653 3964 1828 4022 Theo-

263 4041 445 4096 dotion
475 4042 528 4094 in
553 4043 804 4113 principio
836 4048 1235 4114 transtulerunt,
1270 4060 1326 4106 et
1364 4053 1419 4106 in
1445 4053 1667 4108 Hebrazo
1699 4055 1831 4110 scri-

263 4139 413 4200 ptum
437 4140 519 4186 est
552 4131 774 4199 Bresith,
806 4139 945 4204 quod
977 4137 1167 4207 Aquila
1199 4142 1579 4211 interpretatur
1604 4147 1659 4199 in
1689 4148 1829 4217 capi-

266 4222 394 4276 tulo.
426 4223 493 4276 Et
535 4224 656 4295 ideo
689 4228 978 4281 secundum
1018 4244 1232 4285 sensum
1260 4235 1430 4303 magis
1455 4249 1615 4304 quam
1641 4251 1830 4291 secun-

267 4317 390 4370 dum
429 4316 576 4370 verbi
612 4316 1031 4384 translationem,
1075 4319 1142 4375 de
1176 4320 1392 4377 Christo
1433 4325 1600 4393 accipi
1631 4333 1824 4394 potest,

1999 3138 2077 3192 M.
2117 3140 2402 3210 Quinque:
2431 3152 2522 3197 aut
2547 3149 2943 3215 generationem
2978 3150 3111 3218 ejus,
3143 3153 3197 3209 id
3234 3164 3493 3212 estcrea-

1929 3230 2146 3294 tionem,
2173 3239 2267 3285 aut
2293 3234 2754 3303 gubernationem,
2801 3248 2893 3294 aut
2934 3243 3227 3298 accidentia
3260 3248 3491 3314 naturis,

1928 3327 2021 3374 aut
2049 3321 2350 3376 evenientia
2375 3324 2756 3392 voluntatibus,
2783 3337 2874 3384 aut
2897 3332 3280 3401 subsequentes
3308 3337 3494 3392 volun-

1928 3411 2055 3466 tatis
2086 3423 2333 3468 eventus.

1996 3503 2065 3555 D.
2091 3503 2296 3570 Quibus
2330 3507 2504 3564 modis
2527 3511 2925 3578 generationem
2971 3513 3151 3570 saeculi
3191 3515 3306 3572 haec
3347 3516 3493 3574 Scri-

1926 3599 2084 3660 ptura
2109 3593 2375 3662 signavit?

1998 3679 2075 3732 II.
2117 3681 2310 3740 Tribus
2339 3701 2350 3736 :
2385 3692 2477 3738 aut
2513 3686 2657 3740 enim
2704 3689 2814 3744 sola
2860 3691 2954 3746 Dei
2988 3690 3262 3749 voluntate
3291 3695 3490 3751 factum

1927 3765 2128 3835 aliquid
2153 3768 2428 3838 scribitur,
2472 3781 2532 3827 ut
2569 3782 2650 3830 est
2692 3793 2706 3830 :
2753 3776 2820 3832 In
2856 3780 3110 3850 principio
3134 3784 3322 3837 creauit
3353 3783 3498 3839 Deus

1927 3853 2109 3909 caelum
2137 3867 2184 3912 et
2211 3867 2404 3914 terram
2432 3861 2584 3932 (Gen.
2621 3865 2771 3937 ι,1);
2810 3875 2902 3922 aut
2947 3869 3220 3926 voluntate
3244 3872 3404 3928 simul
3439 3885 3496 3930 et

1927 3959 2057 4002 voce
2081 3948 2192 4003 sive
2212 3955 2556 4022 praeceptiva,
2581 3965 2641 4009 ut
2663 3966 2744 4012 est
2768 3959 2863 4027 ﬁat
2891 3959 2983 4014 lux
3005 3967 3060 4016 et
3079 3961 3173 4030 ﬁat
3192 3962 3494 4030 ﬁrmamen-

1927 4045 2071 4104 tum;
2116 4041 2228 4097 sive
2261 4044 2608 4103 deliberativa
2635 4089 2648 4112 ,
2681 4058 2740 4104 ut
2767 4060 2850 4106 est
2877 4070 2908 4106 τι
2924 4051 3207 4110 Faciamus
3236 4058 3495 4112 hominem

1927 4128 1996 4180 ad
2011 4129 2287 4200 imaginem
2312 4143 2358 4188 et
2377 4136 2764 4194 similitudinem
2791 4151 3038 4197 nostram.
3069 4143 3174 4199 Aut
3199 4147 3493 4213 voluntate,

1928 4234 2058 4276 voce
2082 4237 2146 4276 ac
2167 4224 2502 4293 diﬂinitione,
2530 4238 2590 4283 ut
2609 4239 2691 4286 est
2719 4250 2732 4285 :
2762 4232 2987 4287 Crescite
3009 4245 3057 4289 et
3079 4235 3495 4306 multiplicamini

1929 4321 1975 4364 et
2001 4313 2186 4382 replete
2212 4325 2423 4371 terram.
2465 4320 2534 4373 Et
2561 4321 2752 4376 iterum
2784 4341 2798 4376 :
2830 4323 3092 4379 Germinet
3118 4335 3257 4379 terra
3281 4328 3492 4381 herbam

267 4405 358 4472 qui
389 4414 495 4458 tam
525 4406 577 4459 in
611 4405 725 4473 ipso
749 4405 924 4461 fronte
964 4407 1252 4475 Geneseos,
1284 4414 1374 4481 qui
1405 4421 1563 4483 caput
1590 4416 1827 4470 omnium

1934 4401 2169 4456 virentem
2195 4414 2242 4458 et
2269 4407 2512 4474 ferentem
2549 4428 2719 4468 semen
2757 4414 2916 4483 juxta
2951 4431 3110 4484 genus
3153 4433 3325 4482 suum,
3353 4427 3400 4472 et
3430 4418 3496 4470 li—

267 4494 522 4549 librorum
546 4505 648 4560 est,
680 4512 838 4565 quam
863 4497 914 4550 in
937 4499 1198 4570 principio
1223 4501 1442 4559 Joannis
1469 4507 1824 4576 evangelista,

267 4585 387 4639 coeli
418 4593 470 4638 et
499 4593 654 4641 terra:
679 4587 920 4643 conditor
952 4592 1293 4660 approbatur.
1330 4593 1480 4650 Unde
1505 4603 1559 4648 et
1604 4596 1657 4648 in
1683 4595 1832 4649 Psal-

267 4673 405 4727 terio
428 4674 492 4727 de
519 4675 692 4743 seipso
733 4677 809 4729 ait
852 4691 866 4729 :
915 4677 982 4731 In
1027 4681 1190 4748 capite
1238 4680 1355 4734 libri
1394 4684 1638 4752 scriptum
1668 4693 1739 4737 est
1769 4684 1831 4738 de

266 4778 348 4815 me
377 4762 546 4832 (Psal.
572 4779 756 4830 xxxxx,
787 4765 862 4836 8).
890 4768 944 4820 Id
971 4775 1054 4821 est
1077 4770 1130 4822 in
1159 4770 1422 4839 principio
1441 4771 1729 4825 Geneseos.
1765 4774 1831 4826 Et

267 4851 323 4905 in
363 4852 670 4924 Evangelio,
707 4853 896 4908 Omnia
937 4873 1027 4925 per
1060 4858 1227 4926 ipsum
1277 4859 1419 4926 facta
1453 4875 1596 4926 sum,
1635 4873 1681 4914 et
1721 4862 1832 4914 sine

265 4940 378 5009 ipso
406 4940 603 5009 factum
650 4951 724 4995 est
764 4942 894 4996 nihil
938 4943 1116 5013 (Joan.
1169 4961 1208 5009 ι,
1263 4945 1339 5014 5).
1391 4945 1512 5000 Ideo
1556 4948 1830 5004 sciendum

267 5029 410 5096 quod
445 5030 581 5085 liber
615 5031 703 5085 hic
728 5033 869 5101 apud
907 5031 1158 5085 Hebraeos
1194 5031 1398 5086 Bresith
1421 5042 1656 5099 vocetur,
1693 5037 1833 5093 hanc

266 5117 527 5174 habentes
551 5115 986 5174 Consuetudinem
1011 5127 1070 5172 ut
1106 5120 1464 5176 voluminibus
1487 5137 1553 5176 ex
1577 5125 1833 5194 principi-

266 5209 369 5263 bus
395 5223 580 5264 eorum
609 5211 823 5264 nomina
853 5210 1149 5278 imponant.

726 5343 792 5396 In
815 5343 945 5396 libro
972 5345 1374 5414 pro/:emiorum.

340 5477 408 5531 D.
442 5476 832 5544 Gcncsisjuxta
865 5478 1020 5532 ﬁdem
1049 5478 1285 5534 historiae
1313 5496 1430 5550 quin
1456 5483 1743 5540 describit?

343 5565 421 5621 Μ.
448 5567 727 5622 Fabricam
755 5567 1007 5622 describit
1036 5570 1215 5623 mundi
1244 5578 1298 5624 et
1321 5572 1550 5627 hominis
1575 5575 1834 5630 conditio-

273 5671 417 5718 nem.
438 5656 819 5728 cataclysmum
849 5665 902 5712 et
930 5657 1242 5713 divisionem
1265 5668 1438 5727 terrae,
1466 5662 1831 5719 confusionem

1927 4506 2084 4558 gnum
2114 4491 2440 4563 fructiferum
2471 4497 2668 4565 faciens
2694 4503 2894 4571 fructus
2923 4505 3072 4572 cujus
3096 4521 3268 4558 semen
3299 4507 3354 4560 in
3383 4507 3491 4575 ipso

1927 4580 2012 4632 sit.
2057 4581 2124 4634 Et
2163 4591 2355 4638 cetera
2401 4601 2520 4655 qua:
2556 4600 2676 4659 post
2719 4593 3004 4661 septimum
3047 4595 3189 4650 diem
3229 4610 3397 4665 usque
3437 4597 3492 4649 in

1929 4669 2086 4725 ﬁnem
2125 4675 2303 4728 saeculi
2337 4691 2433 4745 per
2461 4690 2641 4748 partes
2665 4689 2935 4752 operatur,
2957 4699 3018 4740 ex
3061 4684 3151 4739 illa
3190 4688 3334 4742 enim
3358 4687 3491 4742 deli-

1928 4760 2130 4825 nitione
2153 4767 2491 4832 proveniunt.

1997 4851 2067 4904 D.
2095 4852 2190 4907 Est
2217 4855 2269 4907 in
2300 4856 2383 4912 his
2407 4861 2580 4917 tribus
2605 4857 2782 4935 aliqua
2811 4865 3144 4922 diﬁ‘erentia?

2003 4942 2081 4997 Μ.
2123 4945 2232 5012 Est,
2259 4949 2380 5016 quia
2401 4965 2464 5006 ea
2491 4968 2612 5022 quae
2636 4956 2747 5011 sola
2772 4957 3048 5013 voluntate
3073 4957 3158 5012 vel
3183 4944 3345 5012 etiam
3365 4972 3494 5013 voce

1931 5042 2054 5086 sunt
2083 5033 2240 5100 facta,
2270 5039 2476 5094 noviter
2508 5041 2648 5097 facta
2688 5055 2834 5110 sunt,
2861 5061 2979 5116 qua:
3002 5062 3132 5103 vero
3157 5045 3491 5112 dillinitione,

1931 5119 2036 5174 illis
2057 5122 2250 5177 similia
2271 5124 2383 5192 jam
2403 5143 2521 5196 quae
2543 5131 2683 5185 facta
2702 5135 2912 5189 noviter
2932 5136 3181 5191 diximus.
3213 5136 3282 5191 Et
3308 5151 3496 5197 rursus

1932 5211 2020 5264 illa
2051 5212 2264 5280 quidem
2295 5216 2348 5269 in
2393 5233 2485 5272 sex
2524 5221 2714 5289 primis
2752 5224 2970 5293 diebus;
3013 5227 3128 5282 haec
3164 5241 3292 5281 vero
3325 5227 3493 5282 donec

1933 5302 2186 5364 saeculum
2207 5305 2388 5359 stabit.

2001 5391 2068 5444 Β.
2099 5393 2173 5445 Da
2203 5395 2445 5451 ordinem
2475 5413 2573 5467 per
2597 5416 2692 5456 sex
2721 5405 2834 5460 dies
2855 5407 3116 5466 factarum
3142 5417 3359 5469 rerum?

2002 5479 2079 5532 Μ.
2116 5481 2174 5534 In
2219 5483 2334 5551 ipso
2387 5487 2600 5555 quidem
2661 5495 2924 5565 principio
2982 5504 3300 5562 conditionis
3353 5505 3496 5566 facta

1933 5579 2058 5624 sunt
2085 5572 2299 5638 coelum,
2327 5581 2492 5644 terra,
2519 5585 2712 5652 angeli,
2743 5601 2853 5652 aer,
2883 5603 3038 5659 aqua.

2002 5663 2069 5718 Β.
2099 5664 2268 5723 Proba
2293 5671 2508 5742 angelos
2532 5684 2584 5731 ct
2611 5691 2774 5748 aquas
2807 5689 2862 5736 et
2892 5699 3068 5741 acrem
3097 5685 3315 5744 factum.
