3986 6168
534 299 669 353 H07

2000 291 2283 346 WlCBODl
2377 305 2388 314 ·
3581 305 3689 361 1108

606 410 681 464 Μ.
709 409 869 466 Facta
891 410 1103 480 quidem
1125 424 1190 463 ex
1215 408 1332 462 aliis
1354 407 1644 478 Scripturae
1662 406 1794 459 locis
1811 403 2094 459 ostendnn-
2124 407 2169 460 Α
2198 400 2429 455 minibus
2475 409 2639 465 sunt,
2686 416 2784 470 pro
2838 400 3032 470 quibus
3081 390 3237 455 etiam
3287 401 3417 456 facta
3465 421 3568 462 esse
3613 427 3691 467 κιο-

533 509 642 566 tur,
687 510 743 555 ut
776 508 902 555 est:
947 498 1048 564 Qui
1092 499 1218 568 facit
1252 497 1458 568 angelos
1502 513 1623 550 suos
1670 496 1880 566 spiritus
1923 493 2093 564 (Psal.

533 607 652 655 cm,
684 589 772 660 4);
801 597 894 644 et:
928 588 1165 642 Laudate
1195 604 1334 654 eum,
1361 603 1535 642 omnes
1569 586 1738 656 angeli
1780 586 1894 655 ejus
1923 583 2094 654 (Psal.

531 679 784 749 cnvm);
813 686 868 732 et
893 696 906 732 :
937 678 1099 749 Aquae
1125 695 1242 748 qua:
1262 695 1416 748 super
1439 677 1589 733 ccelos
1617 687 1738 732 sunt
1769 677 1980 731 laudent
2007 692 2098 730 no-

531 785 650 822 men
678 769 903 833 Domini,
936 770 1180 839 quoniam
1209 772 1318 840 ipse
1344 769 1474 823 dixit
1502 778 1550 822 et
1579 768 1720 837 facta
1763 777 1880 821 sunt
1909 767 2095 839 (Ibid.,

533 874 666 912 vers.
701 856 788 930 v);
829 865 884 912 et
915 875 928 911 :
967 857 1226 924 Quoniam
1255 860 1421 929 ipsius
1457 869 1530 912 est
1576 874 1720 912 mare
1756 867 1803 912 et
1839 858 1944 927 ipse
1978 857 2098 926 fecit

535 947 668 1001 illud
693 947 863 1020 (Psal.
892 962 1032 1013 xcrv,
1057 946 1133 1018 5).
1154 948 1221 1002 Et
1241 963 1333 1003 aer
1356 949 1409 1002 in
1439 947 1732 1017 Scripturis
1753 947 1952 1002 sanctis
1976 947 2097 1002 coeli

537 1042 754 1096 nomine
775 1041 910 1096 solet
928 1040 1156 1106 ostendi,
1186 1048 1246 1095 ut
1271 1048 1390 1095 est:
1422 1039 1651 1095 volucres
1673 1040 1802 1099 creti,
1832 1055 1955 1094 cum
1983 1054 2101 1094 cer-

539 1139 650 1186 tum
693 1133 761 1186 sit
784 1146 910 1187 aves
934 1131 990 1186 in
1017 1145 1143 1186 aere
1181 1131 1448 1186 devolare.
1479 1129 1685 1186 Canum
1723 1137 1900 1184 autem
1926 1138 2102 1184 osten-

537 1225 712 1280 dimus
745 1221 966 1278 factum.
997 1222 1150 1290 Quod
1173 1236 1300 1277 vero
1336 1229 1723 1292 praecesserunt
1747 1221 1850 1275 ista
1878 1229 2102 1275 caeteras

539 1323 833 1382 creaturas,
865 1316 918 1369 in
951 1315 1174 1385 angelis,
1203 1322 1265 1370 ut
1295 1313 1571 1382 Scriptura
1597 1316 1951 1379 demonstrat,
1977 1314 2101 1368 dum

542 1405 594 1458 in
627 1406 872 1462 laudibus
894 1414 950 1461 et
973 1406 1430 1461 benedictionibus
1453 1404 1714 1460 creaturis
1739 1404 1948 1460 exteris
1967 1419 2104 1474 prte-

539 1505 830 1566 ponuntur,
863 1506 945 1553 est
973 1498 1110 1552 ratio
1134 1515 1149 1564 ;
1170 1497 1405 1569 oportuit
1427 1497 1571 1551 enim
1595 1504 1656 1551 ut
1685 1504 1925 1551 terrenas
1945 1494 2105 1551 caele-

540 1587 639 1642 stis
677 1596 919 1642 creatura
963 1587 1314 1657 praecesserit.
1347 1587 1424 1641 De
1452 1587 1606 1657 aquis
1636 1600 1764 1640 vero
1807 1586 1921 1654 ipsa
1960 1584 2106 1640 Scri-

541 1685 696 1747 ptura
735 1677 880 1743 dicit,
909 1679 1048 1746 quod
1076 1676 1304 1747 Spiritus
1334 1676 1431 1730 Dei
1460 1677 1721 1746 ferebatur
1739 1692 1894 1745 super
1917 1691 2100 1746 aquas.

611 1769 678 1822 D.
718 1767 953 1837 Sequere
975 1769 1215 1823 ordinem
1241 1767 1618 1836 generationis.

611 1857 688 1910 Μ.
717 1858 772 1910 1η
793 1857 1055 1927 principio
1089 1859 1192 1912 diei
1220 1858 1406 1926 prima:
1445 1858 1534 1912 lux
1563 1857 1704 1913 facta
1737 1865 1840 1921 est,
1872 1856 2103 1912 secunda

541 1961 670 2001 vero
703 1946 902 2002 factum
941 1947 1354 2014 ﬁrmamentum,
1385 1949 1544 2004 tertia
1578 1962 1725 2003 mare
1749 1956 1803 2003 et
1827 1956 1986 2003 terra:
2010 1964 2105 2002 na-

543 2038 766 2103 scentia,
803 2047 995 2107 quarta
1042 2038 1323 2093 luminaria
1361 2039 1504 2104 cmli,
1559 2039 1745 2108 quinta
1788 2041 2026 2094 natantia
2051 2049 2105 2094 et

541 2129 796 2194 volatilia,
825 2137 974 2184 sexta
1005 2129 1210 2198 reliqua
1235 2129 1484 2184 animalia
1518 2137 1572 2185 et
1597 2131 1778 2185 homo.

609 2221 676 2276 Β.
720 2221 849 2288 Qua:
886 2229 968 2277 est
1009 2222 1064 2276 in
1105 2222 1340 2291 ipsarum
1385 2229 1752 2278 creaturarum
1796 2223 2106 2291 operatione

540 2312 828 2368 distantia?

610 2403 686 2458 Μ.
713 2403 865 2470 Quod
897 2404 1139 2473 quaedam
1163 2419 1226 2459 ex
1257 2404 1424 2460 nihilo
1453 2405 1594 2460 facta
1627 2414 1768 2471 sunt,
1799 2416 1859 2462 ut
1884 2407 2102 2474 ccelum,

540 2503 705 2559 terra,
734 2502 863 2557 etc.,
897 2508 1015 2562 qua:
1049 2507 1219 2562 usque
1251 2495 1316 2548 ad
1344 2495 1664 2564 completum
1705 2498 1934 2566 primum
1962 2498 2104 2553 diem

538 2583 770 2638 diximus
794 2581 951 2646 facta,
978 2585 1222 2652 quietiam
1248 2598 1375 2639 vero
1397 2599 1460 2640 ex
1479 2584 1592 2655 jam
1615 2584 1772 2641 factis
1796 2580 1970 2656 primo
1995 2587 2100 2643 die.

606 2671 676 2726 D.
707 2672 784 2726 Da
804 2672 994 2726 horum
1025 2674 1389 2742 probationes.

609 2761 686 2816 Μ.
731 2760 950 2828 Quoties
993 2762 1270 2832 Scriptura
1317 2779 1384 2818 ex
1424 2764 1602 2833 aliquo
1629 2763 1799 2821 factas
1826 2781 1914 2820 res
1957 2767 2104 2836 cupit

537 2853 839 2918 ostendere,
868 2860 960 2907 aut
988 2853 1164 2924 palam
1186 2853 1468 2922 signiﬁcat,
1494 2862 1554 2910 ut
1581 2863 1664 2910 est
1686 2855 1937 2925 producat
1965 2866 2102 2911 terra

537 2951 592 2996 et
633 2943 923 3013 producant
963 2960 1112 3014 aqua:
1140 2952 1195 2999 et
1239 2944 1435 2999 similia
1464 2962 1477 2998 :
1512 2953 1604 2999 aut
1639 2953 1786 3000 certe
1825 2958 1887 2999 ex
1919 2946 2102 3002 subtili

537 3029 924 3101 significatione
949 3031 1255 3097 verborum,
1282 3040 1342 3086 ut
1362 3047 1483 3086 cum
1505 3033 1650 3098 dicit,
1675 3032 1767 3102 ﬁat
1800 3033 2103 3102 ﬁrmamen-

2197 502 2438 546 scuntur.
2491 490 2749 545 Ornatum
2812 507 2940 547 vero
2985 492 3144 546 etiam
3190 493 3405 548 invicem
3462 508 3690 565 prastant,

2195 584 2391 654 quippe
2430 591 2485 637 et
2531 582 2726 638 coelum
2788 583 3095 636 inornatum
3155 582 3270 636 sine
3305 584 3582 643 ccelestibus
3628 590 3692 643 lu-

2197 674 2492 729 minaribus
2546 672 2665 737 fuit,
2699 681 2753 728 et
2795 672 3081 727 luminaria
3131 673 3245 742 ipsa
3273 688 3339 727 ne
3374 676 3605 744 superﬂue
3629 679 3692 734 la-

2196 772 2282 818 eta
2324 773 2524 827 essent,
2575 763 2870 816 videntium
2917 762 3088 817 oculis
3134 761 3448 833 indigebant.
3490 765 3549 820 Et
3579 783 3696 824 mare

2196 857 2523 920 inornatum,
2573 857 2742 912 donee
2782 864 2874 910 aut
2921 855 3096 910 locum
3148 871 3302 910 suum
3346 859 3594 926 receperit,
3626 871 3695 914 aut

2197 946 2516 1001 animalibus
2545 946 2878 1016 impleretur.
2913 947 2982 1000 Et
3021 957 3162 1001 terra
3193 948 3520 1018 incomposita
3543 961 3696 1018 praeter

2198 1036 2554 1090 habitantium
2600 1036 2684 1090 vel
2730 1037 3065 1092 nascentium
3107 1051 3284 1101 usum,
3323 1046 3375 1090 et
3425 1038 3693 1094 in'ationalia

2199 1127 2448 1181 animalia
2465 1127 2582 1181 sine
2596 1127 2830 1182 hominis
2850 1128 3108 1196 regimine
3126 1129 3322 1197 inepta,
3343 1128 3506 1184 herlxe
3521 1132 3692 1187 absente

2200 1217 2508 1270 animalium
2533 1232 2632 1271 usu
2668 1215 2965 1287 superﬂuae.
3009 1218 3084 1272 lta
3128 1217 3305 1272 omnia
3327 1229 3560 1288 eguerunt
3591 1222 3694 1275 imi-

2201 1321 2341 1372 cem,
2364 1307 2447 1361 vel
2469 1307 2553 1362 his
2585 1323 2704 1376 qua;
2725 1309 2960 1377 quotidie
2979 1307 3132 1362 ﬁunt.
3163 1307 3268 1363 Sed
3295 1316 3352 1363 ut
3370 1307 3470 1376 jam
3491 1310 3691 1376 diximus,

2201 1398 2343 1454 aliud
2368 1407 2452 1454 est
2475 1413 2592 1453 esse
2625 1400 3056 1469 incompositum,
3093 1399 3236 1454 aliud
3258 1400 3410 1464 utile;
3437 1401 3694 1472 incomposi-

2204 1501 2316 1547 tum
2344 1493 2491 1546 enim
2522 1491 2720 1560 aliquid
2743 1505 2840 1559 per
2864 1505 2923 1545 se
2948 1491 3077 1545 utile
3103 1490 3258 1545 alteri
3289 1491 3576 1546 declaratur.

2273 1584 2340 1638 D.
2371 1583 2429 1637 ln
2462 1589 2776 1638 ornamento
2805 1581 3124 1650 ipso-aliqua
3148 1589 3231 1636 est
3255 1581 3560 1637 differentia?

2274 1674 2353 1727 Μ.
2377 1674 2508 1728 Est:
2537 1687 2659 1727 nam
2681 1671 2858 1740 aliqua
2893 1673 2947 1726 in
2975 1687 3068 1726 sex
3097 1672 3284 1727 diebus
3317 1682 3489 1726 ornata
3511 1681 3621 1736 sunt,
3645 1683 3688 1727 nt

2134 1742 2176 1800 Β
2203 1763 2397 1819 ccelum
2417 1762 2783 1827 luminaribus,
2801 1769 2855 1815 et
2877 1770 3018 1816 terra
3041 1763 3244 1828 herbis,
3259 1770 3311 1816 et
3330 1763 3540 1832 piscibus
3553 1780 3686 1818 mare:

2202 1855 2445 1926 quaedam
2465 1869 2593 1909 vero
2617 1853 2784 1908 donec
2807 1853 3037 1907 mundus
3068 1854 3205 1906 vivit
3222 1862 3483 1917 ornantur,
3505 1861 3555 1906 ut
3579 1868 3688 1907 mare

2202 1945 2451 2016 navigiis,
2493 1952 2547 1999 et
2583 1951 2723 1998 terra
2763 1942 3000 1998 aediﬁciis
3042 1950 3099 1997 et
3142 1943 3348 1997 caeteris
3375 1958 3479 2011 quae
3513 1944 3689 1996 humano

2201 2043 2586 2093 construuntur
2605 2033 2839 2104 ingenio,
2862 2040 2916 2088 et
2934 2033 3093 2088 homo
3117 2033 3231 2102 ipse
3250 2032 3473 2087 scientia.
3494 2033 3686 2099 Qumdam

2201 2144 2329 2184 vero
2364 2127 2610 2183 decorem
2653 2141 2808 2181 suum
2851 2127 2905 2180 in
2951 2120 3134 2179 futuro
3166 2125 3430 2195 recipient,
3457 2134 3508 2180 ut
3545 2140 3687 2193 corpus

2203 2218 2671 2288 incorruptionem,
2715 2224 2771 2271 et
2796 2215 3043 2271 mortalia
3070 2215 3528 2279 immortalitatem,
3549 2224 3590 2269 et
3613 2231 3688 2269 cm-

2200 2312 2333 2367 leste
2379 2325 2600 2381 regnum
2644 2308 3027 2364 habitationem
3081 2318 3406 2363 sanctorum.
3454 2304 3686 2360 Notandum

2201 2410 2379 2456 autem
2405 2401 2458 2455 in
2482 2399 2832 2465 ornamentis,
2869 2399 3010 2468 quod
3054 2413 3248 2452 eorum
3284 2413 3397 2467 qua:
3435 2397 3505 2452 vel
3532 2397 3688 2465 ingenio

2201 2489 2282 2544 vel
2307 2489 2509 2544 artibus
2535 2488 2688 2553 ﬁunt,
2718 2489 2771 2542 in
2798 2487 3106 2542 hominibus
3129 2501 3288 2542 causa
3317 2495 3412 2553 est,
3437 2485 3686 2555 reliquorum

2203 2588 2381 2635 autem
2418 2580 2472 2633 in
2513 2578 2758 2633 Domino.

2271 2665 2340 2718 Β.
2382 2665 2458 2719 Da
2480 2671 2729 2733 quartam
2759 2661 3146 2718 diﬁ‘erentiam.

2274 2757 2350 2811 Μ.
2391 2756 2543 2824 Quod
2589 2757 2832 2826 quaedam
2871 2755 3028 2810 simul
3072 2765 3132 2811 et
3178 2756 3317 2811 velut
3363 2755 3519 2810 subito
3557 2757 3685 2808 creata

2201 2857 2555 2913 emerserunt,
2587 2857 2646 2902 ut
2668 2848 2867 2915 herbae,
2914 2848 3205 2903 luminaria
3227 2889 3242 2915 ,
3287 2847 3502 2903 natantia
3526 2854 3569 2900 et
3586 2843 3687 2897 vola-

2204 2942 2318 2998 tilia
2335 2981 2348 3006 ,
2385 2956 2592 2996 necnon
2613 2947 2825 2995 terrena
2853 2940 3108 2995 animalia
3129 2949 3184 2996 et
3215 2939 3558 3010 quadrupedia.
3579 2935 3687 3001 Qua:-

2205 3033 2326 3088 dam
2347 3048 2476 3087 vero
2499 3047 2606 3086 non
2621 3029 2798 3097 simul,
2830 3031 2924 3086 sed
2945 3030 3094 3085 velut
3113 3047 3236 3087 cum
3262 3032 3474 3101 quadam
3499 3042 3629 3088 mora,
3646 3032 3688 3077 ut

537 3091 666 3186 tuin,
691 3121 876 3192 utique
899 3120 1168 3192 signiﬁcat
1187 3091 1351 3177 fuisse
1377 3122 1572 3192 aliquid
1603 3091 1823 3180 ﬂuidum
1856 3141 1918 3181 ac
1944 3126 2101 3196 liqui-
2128 3091 2172 3154 ϐ
2207 3139 2375 3189 mare,
2402 3130 2567 3190 terra,
2586 3124 2779 3188 homo;
2803 3129 2858 3177 et
2877 3122 2989 3196 ipse
3005 3123 3155 3178 enim
3175 3091 3424 3193 paulatim
3444 3121 3586 3176 factus
3597 3116 3687 3172 seri

536 3211 686 3277 dum,
717 3211 771 3266 id
797 3218 882 3266 est
914 3225 1103 3280 aquas,
1148 3226 1266 3280 quae
1307 3220 1368 3266 ut
1391 3212 1631 3268 solidata:
1667 3215 2099 3283 ostenderentur,

535 3302 931 3356 ﬁrmamentum
969 3310 1213 3357 vocatum
1259 3311 1359 3369 est,
1403 3305 1546 3373 quod
1577 3304 1757 3362 ﬁebat.
1804 3307 1870 3362 Et
1917 3325 2103 3365 rursus

535 3391 818 3447 luminaria
838 3393 1130 3448 derivative
1155 3394 1461 3464 appellavit,
1489 3410 1608 3464 quae
1633 3407 1826 3466 quarta
1853 3399 1941 3455 die
1962 3398 2102 3455 facta

534 3481 770 3548 fuerunt,
793 3491 850 3538 ut
876 3498 943 3538 ex
975 3483 1174 3538 lumine
1199 3485 1373 3556 primo
1395 3488 1481 3543 die
1507 3495 1748 3558 operate,
1780 3487 1922 3544 facta
1949 3505 2102 3544 mon-

533 3579 750 3628 straret.
772 3572 829 3626 ln
849 3573 934 3628 his
957 3582 1137 3628 autem
1162 3590 1281 3644 qua:
1298 3577 1472 3646 primo
1497 3577 1582 3632 die
1604 3576 1746 3633 facta
1767 3586 1912 3642 sunt,
1930 3591 2104 3646 neque

533 3674 720 3736 aperte
742 3680 915 3736 neque
944 3667 1125 3723 subtili
1160 3669 1324 3724 verbo
1352 3669 1552 3726 factum
1577 3672 1778 3740 aliquid
1799 3672 2105 3728 declaratur

533 3769 600 3809 ex
625 3755 814 3810 altero.
851 3755 993 3811 Nihil
1031 3757 1174 3812 enim
1207 3767 1328 3826 post
1359 3759 1591 3829 primum
1635 3760 1776 3815 diem
1803 3760 2105 3816 ostenditur

532 3859 599 3898 ex
623 3860 732 3900 non
754 3848 1090 3902 exstantibus
1132 3848 1352 3914 factum,
1399 3849 1513 3904 sola
1556 3851 1789 3904 hominis
1818 3851 2016 3914 anima;
2046 3850 2101 3904 in

532 3949 640 4003 quo
658 3935 836 3989 ethoc
860 3936 1263 4002 attendendum,
1286 3939 1412 4006 quia
1430 3954 1551 3994 cum
1573 3939 1674 3994 alia
1703 3948 1796 3994 aut
1819 3954 1886 3994 ex
1911 3939 2100 4003 nihilo,

537 4029 631 4076 aut
657 4035 725 4076 ex
745 4019 858 4090 jam
884 4021 1041 4078 factis
1072 4023 1212 4079 facta
1241 4032 1388 4091 sunt,
1428 4026 1572 4082 solus
1595 4027 1755 4082 homo
1777 4042 1843 4082 ex
1874 4036 2102 4096 utroque

532 4110 890 4180 componitur.

606 4199 676 4254 D.
705 4201 850 4268 Quas
882 4202 1016 4258 alias
1040 4205 1304 4260 creaturis
1327 4205 1644 4262 ascribimus
1671 4206 2032 4266 diﬁ‘erentias?

606 4288 685 4342 Μ.
713 4289 864 4356 Quod
887 4306 950 4346 ea
971 4307 1091 4361 qua:
1113 4292 1302 4362 primis
1321 4309 1413 4348 sex
1434 4294 1621 4350 diebus
1641 4294 1782 4350 facta
1813 4306 1958 4364 sunt,
1992 4315 2097 4354 non

530 4378 871 4446 naturaliter,
898 4394 996 4434 nec
1017 4396 1084 4436 ex
1103 4380 1451 4438 similitudine
1469 4394 1845 4451 provenerunt.
1872 4387 2095 4458 Reliqua

527 4483 656 4524 vero
701 4484 820 4539 quae
860 4469 1016 4536 ﬁunt,
1081 4471 1398 4528 naturaliter
1444 4487 1510 4528 ex
1562 4474 1740 4528 divina
1779 4475 2096 4535 diﬁinitione

527 4567 843 4624 nascuntur,
869 4561 1108 4631 exceptis
1127 4561 1330 4618 scilicet
1351 4563 1647 4620 miraculis.

596 4647 666 4700 1).
692 4647 767 4700 Da
795 4647 1007 4702 tertiam
1036 4648 1415 4707 differentiam.

595 4732 676 4788 Μ.
717 4734 870 4802 Quod
903 4745 1274 4795 creaturarum
1321 4741 1535 4812 aliquae,
1579 4743 1636 4798 id
1680 4753 1766 4800 est
1805 4748 2096 4805 rationales

525 4833 744 4894 propter
757 4827 962 4896 seipsas
982 4827 1137 4885 factas
1160 4839 1306 4898 sunt,
1332 4842 1392 4888 ut
1427 4836 1599 4906 angeli
1614 4846 1669 4892 et
1688 4838 1973 4896 homines:
2008 4859 2096 4898 re-

524 4914 670 4984 liqua
697 4931 826 4972 vero
847 4931 953 4970 non
975 4926 1193 4987 propter
1217 4933 1296 4986 se,
1330 4923 1423 4976 sed
1449 4932 1666 4993 propter
1692 4928 1978 4995 praedictos
1997 4945 2095 4984 an-

523 5005 670 5075 gelos
692 5014 786 5060 aut
821 5006 1066 5062 homines
1101 5007 1241 5064 facta
1275 5025 1394 5066 esse
1421 5023 1746 5070 noscuntur:
1780 5017 1942 5072 homo
1964 5035 2094 5076 vero

521 5095 884 5165 principaliter
914 5099 1204 5154 secundum
1247 5102 1480 5157 animam
1528 5114 1749 5174 propter
1799 5123 1858 5163 se
1894 5109 2095 5165 intelli-

523 5185 725 5253 gendus
749 5195 831 5242 est
855 5185 1048 5255 factus,
1069 5204 1192 5244 nam
1225 5194 1516 5247 secundum
1542 5209 1736 5264 corpus
1757 5212 2093 5270 consequen-

528 5281 628 5329 ter.

596 5364 661 5419 D.
695 5364 834 5434 Quid
874 5369 1036 5434 enim,
1081 5379 1279 5440 prater
1324 5376 1542 5446 angelos
1588 5384 1642 5432 et
1685 5378 1928 5436 homines
1971 5382 2088 5438 alite

524 5465 784 5511 creatura:
805 5459 994 5529 seipsis
1023 5461 1250 5517 invicem
1272 5481 1379 5520 non
1409 5469 1673 5537 egebant?

597 5548 675 5600 Μ.
716 5550 958 5618 Egebant
1000 5556 1235 5623 quidem,
1283 5574 1388 5614 non
1426 5561 1494 5614 ad
1535 5561 1842 5628 utilitatem,
1886 5567 1977 5620 sed
2023 5566 2089 5621 ad

527 5643 792 5701 amatum,
827 5639 976 5693 utilia
1023 5644 1164 5698 enim
1217 5661 1322 5700 non
1359 5649 1484 5713 sibi,
1520 5651 1611 5704 sed
1657 5654 1862 5721 angelis
1907 5664 1956 5709 et
1993 5657 2086 5712 lto-

2201 3216 2365 3280 bitur,
2393 3216 2531 3270 sicut
2554 3223 2610 3270 et
2627 3221 2826 3270 cetera.

2272 3307 2341 3360 D.
2379 3309 2455 3361 Da
2480 3308 2724 3377 quintam
2745 3314 3124 3362 creaturarum
3155 3293 3508 3363 differentiam.

2274 3398 2351 3452 Μ.
2389 3399 2541 3466 Quod
2563 3398 2806 3469 quaedam
2836 3414 3020 3454 eorum
3049 3402 3263 3455 ratione
3294 3400 3472 3455 ceteris
3495 3398 3684 3466 prtesunt,

2204 3499 2263 3546 ut
2284 3491 2591 3558 rationalia;
2631 3491 2872 3561 quaedam
2899 3505 3027 3545 vero
3055 3493 3180 3547 usui
3208 3491 3473 3553 habentur,
3499 3494 3547 3540 ut
3569 3481 3684 3538 cmle

2203 3581 2304 3636 stia
2325 3581 2628 3646 luminaria,
2653 3581 2894 3661 quaedam
2910 3587 3119 3635 naturae
3135 3581 3441 3636 necessitate
3455 3577 3687 3642 obsequunv

2203 3679 2310 3736 tur,
2342 3679 2400 3725 ut
2417 3686 2545 3726 aves
2563 3679 2616 3726 et
2643 3671 3012 3741 quadrupedes
3034 3679 3088 3726 et
3116 3672 3202 3727 his
3224 3671 3428 3726 similia.

2273 3762 2340 3816 Β.
2383 3762 2459 3816 Da
2485 3772 2691 3817 seruam
2721 3761 3102 3816 differentiam.

2274 3853 2350 3908 M.
2376 3853 2528 3920 Quod
2555 3869 2618 3909 ea
2643 3868 2763 3924 quae
2783 3854 2978 3909 ceteris
2997 3862 3257 3923 praesunt,
3287 3853 3338 3909 id
3358 3860 3433 3909 est
3454 3843 3685 3906 rationalia,

2202 3944 2476 4000 voluntate
2496 3959 2560 4000 ac
2581 3945 2788 4000 ratione
2813 3954 3129 4012 moventur;
3159 3962 3279 4016 quae
3318 3959 3438 3999 vero
3461 3939 3686 3996 inrationa-

2203 4034 2501 4101 bilia'sunt,
2537 4042 2628 4089 aut
2663 4034 2988 4090 necessitate
3023 4036 3405 4106 obsequuntur,
3445 4036 3686 4086 autnatura

2204 4129 2506 4176 moventur.

2273 4212 2341 4265 D.
2380 4213 2456 4266 Ea
2483 4228 2602 4282 quae
2635 4226 2702 4267 ex
2728 4212 2908 4283 aliquo
2940 4211 3082 4268 facta
3129 4221 3275 4280 sunt,
3323 4211 3457 4282 quod
3497 4200 3688 4262 materias

2201 4303 2540 4358 habuerunt?
2651 4296 2654 4300 ’

2270 4389 2347 4443 Μ.
2391 4389 2515 4457 Sex,
2565 4400 2781 4458 terram,
2817 4408 3019 4462 aquas,
3052 4408 3234 4449 aerem
3257 4433 3273 4458 ,
3315 4392 3508 4462 ignem,
3535 4384 3681 4439 lumen.

2197 4487 2423 4532 costam.

2265 4569 2330 4623 D.
2369 4571 2445 4624 Da
2469 4568 2697 4639 singulis
2720 4570 2958 4642 origines
2979 4586 3122 4626 suas.

2263 4658 2340 4712 Μ.
2378 4659 2456 4712 Ex
2478 4667 2622 4714 terra
2656 4659 2883 4713 virentia
2920 4659 3215 4730 plantaria,
3268 4667 3321 4712 et
3365 4651 3602 4709 animalia.
3628 4644 3684 4698 Et

2195 4749 2348 4816 aquis
2385 4749 2810 4815 ﬁrmamentum,
2857 4763 3029 4814 mare,
3073 4749 3312 4801 natantia
3336 4787 3350 4811 ,
3401 4753 3451 4799 et
3483 4734 3680 4795 volatilia.

2195 4838 2366 4893 Simul
2388 4846 2564 4891 autem
2588 4851 2651 4892 ex
2672 4846 2836 4903 terra,
2865 4839 3039 4907 aquis,
3070 4839 3192 4908 igne
3219 4845 3272 4891 et
3297 4850 3414 4890 aere
3432 4830 3583 4886 omnia
3599 4835 3684 4892 qua:

2193 4943 2290 4997 per
2322 4928 2689 4983 successiones
2713 4936 3012 4998 temporum
3059 4937 3397 4984 renovantur.
3441 4923 3513 4978 Ex
3533 4914 3683 4973 lumine

2193 5017 2499 5072 luminaria.
2531 5017 2610 5071 Ex
2641 5025 2792 5073 costa
2819 5018 2951 5072 Eva.

2261 5107 2329 5161 D.
2369 5108 2510 5178 Ignis
2531 5107 2799 5176 quomodo
2825 5109 3080 5177 probatur
3105 5108 3276 5165 factus
3295 5148 3310 5174 ,
3338 5115 3426 5162 aut
3464 5101 3596 5164 unde,
3619 5090 3679 5147 vel

2192 5197 2444 5266 quando?

2262 5286 2340 5339 Μ.
2381 5287 2601 5341 Factum
2629 5288 2845 5357 quidem
2878 5304 2945 5343 ex
2996 5288 3227 5360 generali
3269 5288 3508 5356 scriptura
3533 5286 3677 5348 possu-

2192 5393 2312 5432 mus
2337 5379 2633 5448 adprobare
2659 5395 2784 5434 cum
2811 5380 3008 5434 dicitur
3033 5382 3096 5435 de
3117 5379 3257 5434 Deo:
3297 5379 3392 5443 Qui
3411 5373 3516 5444 fecit
3535 5365 3673 5422 εωιωι

2191 5479 2238 5522 et
2267 5479 2480 5534 terram,
2511 5487 2654 5524 mare
2679 5481 2729 5525 et
2751 5473 2926 5526 omnia
2951 5489 3066 5544 qua:
3085 5473 3137 5525 in
3162 5473 3236 5525 eis
3257 5478 3370 5524 sunt
3390 5460 3670 5550 (Pacuvii:

2192 5561 2279 5630 6);
2308 5562 2433 5630 quia
2463 5563 2647 5632 utique
2675 5564 2838 5617 etiam
2865 5541 3006 5634 ignis
3042 5565 3092 5618 in
3113 5563 3192 5618 eis
3223 5569 3331 5627 est,
3357 5568 3406 5614 et
3423 5570 3480 5610 ex
3504 5541 3670 5622 speciali

2191 5653 2488 5722 prophetia.
2557 5655 2788 5708 Laudate
2833 5655 3138 5718 Dominum,
3171 5655 3407 5708 dracones
3454 5657 3496 5700 et
3539 5647 3670 5694 οηιηιδ
