3986 6168
325 342 462 399 H09

1245 323 1371 378 LIB.
1414 293 1886 389 QUAiSTIONUM
1923 321 2150 379 SUPER
2187 322 2313 377 LIB.
2351 321 2656 377 GENESIS.

3425 323 3558 375 me

331 443 532 511 abyssi,
575 442 725 510 ignis,
757 440 976 510 grando,
1007 440 1114 502 nix,
1143 437 1332 508 glacies
1358 446 1407 489 et
1446 436 1657 506 spiritus
1688 431 1892 503 procel-
1920 433 1967 489 Α
1996 435 2173 490 subito
2191 434 2366 490 facere
2379 436 2522 504 quod
2540 449 2813 502 nunquam
2853 432 3190 488 antefeccrat
3212 448 3310 503 per
3325 440 3559 503 tempora

331 533 499 584 larunt
524 531 694 601 (Psal.
727 546 956 595 CXLVIII,
985 527 1061 600 7).
1118 529 1193 582 De
1234 528 1430 596 quibus
1465 532 1589 578 ante
1627 525 1835 578 dixerat
1877 536 1892 576 :

332 621 592 685 Quoniam
617 621 723 689 ipse
749 619 880 672 dixit
907 628 955 672 et
985 618 1124 687 facta
1152 626 1270 671 sunt
1299 615 1470 687 (Psal.
1493 630 1714 678 chvuI,
1732 613 1807 686 5).
1829 613 1896 666 Et

332 725 548 764 rursus:
569 709 882 773 Benedicite,
907 709 1078 762 omnia
1100 724 1255 778 opera
1282 707 1514 770 Domini,
1553 705 1772 758 Domino
1794 721 1812 769 ;
1841 703 1921 758 et'

330 798 602 864 subjunxit
627 815 640 850 :
664 797 975 861 Benedicite,
991 797 1125 866 ignis
1148 805 1195 849 et
1225 805 1403 860 azstus,
1426 794 1706 848 Dominum
1725 792 1886 863 (Dan.

333 903 410 950 III,
436 886 524 950 57,
543 885 651 955 66).
674 885 863 941 Utrum
893 900 1019 940 vero
1035 899 1102 939 ex
1121 885 1310 948 nihilo,
1339 884 1479 938 sicut
1502 892 1557 938 et
1585 883 1688 936 alia
1713 881 1894 938 factus

329 977 427 1039 sit,
461 991 526 1028 an
551 991 616 1029 ex
644 975 823 1043 aliquo
855 974 1144 1029 dubitatur.
1176 972 1364 1028 Plures
1407 973 1551 1027 enim
1571 971 1758 1027 volunt
1781 987 1893 1028 cm—

329 1067 539 1121 lestium
593 1067 931 1122 luminarium
970 1082 1090 1123 esse
1118 1067 1435 1136 particulam
1455 1105 1470 1131 ,
1499 1065 1696 1134 quippe
1723 1064 1887 1118 etiam

330 1172 467 1210 nunc
489 1157 797 1226 frequenter
819 1158 1048 1212 vidimus
1074 1158 1318 1212 homines
1339 1165 1488 1212 certo
1521 1156 1679 1210 modo
1709 1155 1889 1224 ignem

329 1236 559 1300 exsulis
588 1248 750 1302 radiis
788 1248 1019 1301 mutuari
1065 1262 1080 1300 :
1133 1247 1284 1314 Quod
1339 1247 1385 1302 si
1421 1247 1496 1301 ita
1538 1254 1657 1310 est,
1714 1247 1888 1315 primo

330 1339 412 1393 die
448 1338 619 1392 factus
649 1346 750 1392 est.
792 1337 899 1392 Sed
937 1337 1228 1406 sapientius
1271 1338 1372 1392 hoc
1405 1336 1683 1405 Scriptura
1708 1336 1887 1390 lumen

329 1444 485 1496 quant
512 1427 692 1498 ignem
710 1427 938 1494 vocavit,
969 1436 1028 1481 ut
1056 1443 1123 1483 ex
1145 1426 1368 1483 meliore
1395 1443 1498 1482 usu
1523 1442 1718 1481 nomen
1747 1428 1893 1482 acci-

327 1525 498 1588 peret.

394 1611 461 1664 D.
504 1611 580 1664 Da
601 1611 884 1681 septimam
905 1618 1274 1666 creaturarum
1297 1611 1672 1666 differentiam.

397 1701 472 1754 M.
514 1701 667 1768 Quod
693 1702 878 1756 omnia
901 1717 1019 1770 quae
1043 1717 1108 1756 ex
1129 1700 1306 1771 aliquo
1323 1701 1467 1757 facta
1482 1709 1624 1766 sunt,
1658 1717 1884 1771 corpora

326 1802 468 1847 sunt.
504 1794 819 1862 Incorporea
846 1802 1026 1848 autem
1063 1807 1238 1862 neque
1282 1794 1397 1863 ipsa
1436 1807 1501 1849 ex
1544 1794 1725 1864 aliquo
1748 1836 1762 1860 ,
1800 1811 1894 1850 ne-

327 1901 429 1954 que
451 1901 515 1940 ex
549 1885 678 1954 ipsis
716 1884 857 1939 facta
900 1893 1025 1940 sunt
1075 1885 1274 1954 aliqua.
1322 1885 1448 1942 Ilaec
1475 1901 1604 1940 vero
1641 1887 1894 1956 incorpo-

326 1992 415 2030 rea
445 1974 752 2044 accipienda
777 1981 919 2038 sunt,
948 1990 1054 2031 non
1078 1975 1217 2030 sicut
1239 1976 1380 2030 Deus
1399 1976 1747 2046 incorporeus
1769 1977 1897 2031 dici-

326 2074 431 2129 tur,
470 2065 585 2133 ejus
612 2065 754 2118 enim
778 2065 1182 2134 comparatione
1225 2065 1360 2120 nihil
1388 2081 1709 2134 corporeum
1744 2066 1892 2138 [Leg.

323 2154 718 2226 incorporeum]
753 2164 836 2210 est
858 2197 872 2220 ,
905 2156 1044 2210 sicut
1071 2170 1170 2210 nec
1218 2156 1540 2221 immortale,
1575 2173 1674 2212 nec
1707 2158 1893 2212 invisi-

323 2248 449 2302 bile.
477 2248 627 2302 Alius
653 2249 795 2301 enim
822 2249 1010 2303 modus
1029 2255 1129 2313 est,
1157 2263 1264 2318 quo
1286 2249 1401 2303 haec
1427 2250 1588 2304 verba
1610 2250 1736 2304 sola:
1761 2249 1896 2303 divi-

323 2339 479 2392 nitati
509 2339 853 2401 conveniunt,
907 2338 1044 2394 alius
1089 2353 1196 2408 quo
1225 2339 1290 2394 de
1313 2339 1576 2394 creaturis
1602 2339 1892 2408 loquimur,

323 2430 463 2483 sicut
490 2428 555 2483 de
585 2429 904 2484 animalibus
922 2429 1251 2500 vel‘angelis.

395 2518 461 2572 I).
501 2519 778 2586 Quomodo
799 2519 939 2575 Deus
962 2521 1219 2576 mundum
1243 2517 1431 2575 fecerit
1452 2533 1736 2590 possumus
1756 2534 1899 2589 quae-

326 2623 447 2662 rere
461 2609 485 2661 ?

396 2700 471 2752 M.
513 2701 626 2756 Hoc
657 2702 940 2756 temerarie
983 2703 1153 2772 magis
1180 2717 1342 2772 quam
1373 2709 1530 2756 caute
1563 2703 1892 2772 exquiritur.

324 2788 466 2842 Nulli
505 2791 648 2844 enim
685 2791 878 2846 divina:
912 2800 1174 2846 creaturae
1229 2792 1448 2846 modum
1501 2793 1706 2847 homini
1770 2794 1896 2849 licet

323 2895 635 2950 agnoscere.
663 2881 798 2936 Nam
815 2883 861 2937 si
883 2882 1048 2936 sciret
1067 2881 1188 2950 quis
1209 2881 1477 2949 quomodo
1498 2880 1640 2962 facta
1657 2891 1781 2938 sunt
1799 2883 1896 2937 ali-

323 2988 426 3040 qua
445 2989 510 3026 ex
533 2973 720 3042 nihilo,
744 2974 974 3031 creatori
999 2974 1183 3045 utique
1205 2972 1429 3029 scientia
1452 2988 1516 3030 ac
1533 2975 1776 3045 potentia
1796 2991 1896 3047 par

326 3063 533 3120 fuisset.

939 3172 1285 3214 AUGUSTINUS.

395 3266 464 3320 D.
498 3267 556 3322 Si
579 3267 758 3322 omnia
782 3269 834 3322 in
869 3284 1124 3336 numero,
1152 3279 1207 3325 et
1252 3283 1525 3336 mensura,
1573 3278 1628 3325 et
1655 3269 1894 3340 pondere

323 3357 465 3410 Deus
512 3356 802 3426 disposuit;
837 3358 1012 3428 ipsum
1054 3375 1339 3416 numerum
1392 3367 1448 3416 et
1489 3375 1796 3415 mensuram
1838 3366 1894 3413 et

322 3449 531 3517 pondus
560 3449 650 3502 ubi
683 3449 979 3519 disposuit?

397 3536 453 3588 Μ
461 3577 474 3590 .
509 3536 774 3593 Numerus
808 3547 862 3594 et
887 3556 1140 3597 mensura
1169 3550 1224 3596 et
1252 3544 1462 3611 pondus
1490 3543 1603 3611 ipse
1624 3551 1706 3598 est
1729 3543 1893 3597 Deus.

324 3625 438 3694 Ipse
459 3634 541 3679 est
574 3627 716 3680 enim
743 3643 996 3683 numerus
1015 3630 1133 3684 sine
1158 3645 1404 3694 numero,
1430 3645 1461 3682 a
1487 3645 1594 3697 quo
1616 3638 1698 3683 est
1719 3629 1894 3684 omnis

322 3729 599 3768 numerus.
626 3715 741 3783 Ipse
764 3725 847 3769 est
868 3732 1117 3770 mensura
1143 3717 1261 3772 sine
1288 3733 1558 3782 mensura,
1594 3733 1626 3771 a
1661 3732 1767 3785 quo
1811 3724 1894 3771 est

320 3802 497 3856 omnis
525 3817 797 3856 mensura.
830 3804 946 3873 Ipse
967 3814 1050 3860 est
1073 3809 1282 3874 pondus
1309 3807 1426 3862 sine
1453 3807 1708 3876 pondere,
1740 3823 1894 3876 aquo

321 3898 405 3944 est
428 3905 586 3944 omne
608 3885 835 3960 pundus.
882 3893 999 3948 Non
1028 3895 1173 3950 enim
1202 3905 1506 3950 creaturam
1534 3905 1686 3952 extra
1718 3913 1775 3952 se
1800 3905 1894 3952 aut

319 3981 517 4037 alicubi
544 3981 704 4049 vidit;
742 3991 799 4037 ut
827 3984 965 4038 sicut
999 3985 1261 4050 homines,
1321 3986 1579 4041 memoria
1630 3988 1892 4042 retineret

319 4085 438 4142 qua:
453 4073 672 4129 faceret.
699 4074 888 4130 Omnis
910 4077 1074 4146 igitur
1098 4083 1344 4131 creatura
1373 4077 1619 4132 voluntas
1641 4085 1724 4132 est
1749 4093 1895 4132 crea-

316 4164 470 4228 toris,
505 4164 751 4218 voluntas
777 4164 957 4233 itaque
989 4166 1252 4220 crcatoris
1282 4183 1388 4222 non
1419 4175 1502 4222 est
1535 4175 1688 4222 extra
1731 4175 1890 4222 natu-

319 4269 434 4306 ram
459 4254 719 4308 creatoris
740 4293 754 4318 ,
803 4254 906 4309 hoc
931 4263 1014 4309 est
1038 4255 1110 4310 ibi
1138 4255 1388 4312 voluntas
1413 4273 1521 4326 quo
1553 4266 1771 4312 natura.
1801 4258 1892 4314 Sic

321 4352 496 4399 tamen
521 4353 722 4399 aeterna
752 4354 834 4400 est
861 4354 1073 4412 natura,
1096 4347 1237 4402 sicut
1260 4357 1463 4404 aeterna
1485 4349 1753 4416 voluntas,
1786 4366 1890 4406 non

318 4436 458 4489 enim
483 4438 691 4492 accedit
708 4439 816 4492 Deo
842 4424 1020 4507 aliqua
1046 4455 1180 4495 nova
1197 4441 1452 4509 cogitatio
1467 4443 1533 4498 ad
1556 4443 1887 4498 formandam

315 4537 638 4582 creaturam.
659 4528 890 4584 Proinde
909 4531 1088 4585 omnia
1113 4531 1166 4584 in
1190 4546 1247 4586 se
1273 4531 1509 4586 Trinitas
1551 4534 1692 4588 Deus
1713 4533 1891 4601 dispo-

313 4620 438 4682 suit,
464 4619 587 4688 quia
607 4619 659 4672 in
687 4635 743 4674 se
763 4629 956 4674 cuncta
981 4621 1168 4676 habuit
1187 4637 1304 4692 quae
1328 4620 1474 4677 fecit.
1491 4622 1814 4691 Intelligitur
1834 4629 1889 4675 et

313 4709 488 4774 aliter,
511 4710 690 4764 omnia
714 4711 766 4763 in
791 4725 1015 4765 numero
1035 4718 1087 4763 et
1101 4726 1351 4765 mensura
1373 4719 1427 4765 et
1449 4713 1687 4779 pondere
1710 4712 1890 4780 dispo—

312 4800 438 4864 suit,
468 4799 520 4852 id
543 4808 625 4854 est
658 4808 716 4853 ut
742 4801 922 4854 omnia
951 4816 1071 4870 quae
1091 4800 1240 4865 fecit,
1270 4816 1559 4855 numerum
1584 4809 1638 4855 et
1667 4816 1886 4857 mensu-

312 4905 428 4942 ram
451 4897 503 4943 et
527 4889 736 4958 pondus
751 4891 1036 4945 haberent.

433 5021 752 5092 Augustinus
790 5023 844 5075 in
881 5021 1013 5076 libro
1051 5021 1080 5075 Ι
1119 5029 1304 5074 contra
1341 5019 1661 5077 Manio/two;
1706 5023 1782 5076 ita

921 5108 1136 5146 επονδιιε
1173 5101 1270 5145 est.

385 5220 530 5277 More
563 5222 974 5280 Manichaeorum
1011 5223 1164 5278 multi
1200 5223 1432 5293 imperiti
1471 5232 1525 5279 et
1555 5225 1738 5280 rustici
1762 5265 1777 5291 ,
1831 5235 1887 5280 ct

308 5333 371 5374 ut
396 5318 468 5371 ita
495 5317 670 5373 dicam
686 5317 1117 5387 praesumptuosi,
1136 5323 1489 5386 percunctare
1515 5317 1692 5371 solent
1717 5327 1770 5372 ct
1792 5320 1887 5374 ob-

301 5409 505 5480 jiciunt
542 5427 554 5462 :
589 5409 646 5464 Si
673 5410 734 5462 -in
765 5409 1025 5479 principio
1059 5408 1238 5476 aliquo
1268 5409 1529 5477 temporis
1571 5408 1698 5465 fecit
1743 5411 1886 5466 Deus

308 5501 511 5554 cmlum
537 5508 591 5554 et
636 5506 868 5562 terram;
911 5498 1038 5567 quid
1091 5499 1286 5566 agebat
1334 5508 1628 5568 antequam
1682 5499 1887 5556 faceret

307 5589 508 5646 cwlum
534 5597 588 5646 et
637 5599 832 5645 terram
880 5588 928 5661 [ιι
956 5588 1038 5643 vel
1065 5589 1154 5642 ubi
1181 5587 1316 5659 erat]
1364 5597 1417 5642 et
1443 5589 1571 5658 quid
1599 5590 1650 5644 ei
1686 5592 1885 5660 placuit

343 5682 354 5695 ’
385 5718 410 5745 ιι
457 5704 617 5762 Uncis
645 5704 850 5761 inclusa
881 5719 986 5760 non
1016 5704 1135 5774 lego
1167 5703 1219 5757 in
1247 5703 1422 5757 editis.

1919 3091 1966 3154 C

1993 525 2235 577 aeterna?
2272 525 2368 579 llis
2389 525 2796 593 respondemus.

2064 615 2205 670 Deus
2254 616 2310 670 in
2351 617 2616 686 principio
2644 617 2847 672 creavit
2884 617 3079 672 coelum
3114 625 3169 672 et
3197 627 3420 683 terram,
3454 634 3560 674 non

1993 707 2045 760 in
2074 706 2336 774 principio
2365 708 2638 776 temporis,
2687 709 2780 762 sed
2807 708 2861 761 in
2896 708 3112 763 Christo
3137 749 3150 772 ,
3187 723 3308 762 cum
3337 709 3559 762 verbum

1991 806 2134 853 esset
2157 798 2294 867 apud
2317 807 2525 867 patrem
2549 841 2563 864 ,
2599 815 2694 868 per
2726 801 2868 868 quod
2911 799 3053 856 facta
3082 809 3137 854 et
3168 800 3220 853 in
3267 816 3373 869 quo
3421 799 3558 856 facta

1991 895 2117 942 sunt
2158 889 2357 942 omnia.
2391 890 2496 944 Sed
2519 890 2563 943 si
2607 891 2661 945 in
2696 890 2961 961 principio
2991 891 3247 960 temporis
3284 891 3449 947 Deum
3479 890 3560 946 fe-

1991 976 2129 1031 cisse
2154 979 2348 1033 etelum
2391 988 2446 1034 et
2495 987 2694 1034 terram
2730 981 3028 1042 credamus,
3070 982 3327 1036 debemus
3378 983 3562 1052 utique

1994 1066 2309 1138 intelligere,
2339 1069 2481 1138 quod
2508 1079 2636 1124 ante
2677 1070 3005 1140 principium
3032 1070 3288 1139 temporis
3311 1086 3416 1126 non
3444 1080 3562 1126 erat

1999 1164 2220 1224 tempus.
2262 1157 2404 1211 Deus
2433 1158 2577 1211 enim
2604 1157 2730 1212 fecit
2764 1166 2818 1213 et
2851 1167 3114 1229 tempora.
3153 1160 3220 1213 Et
3255 1161 3376 1215 ideo
3405 1170 3558 1216 ante-

1992 1257 2153 1312 quam
2201 1244 2405 1300 faceret
2456 1254 2729 1316 tempora,
2796 1263 2903 1302 non
2948 1257 3100 1303 erant
3134 1257 3394 1318 tempora.
3443 1251 3559 1306 Non

1995 1333 2133 1388 enim
2170 1349 2456 1403 possumus
2483 1337 2661 1391 dicere
2686 1336 2852 1392 fuisse
2871 1339 3085 1406 aliquod
3114 1346 3323 1408 tempus
3344 1341 3560 1409 quando

1991 1425 2136 1480 Deus
2161 1425 2400 1480 nondum
2429 1427 2633 1495 aliquid
2659 1425 2895 1494 fecerat,
2947 1430 3213 1497 quomodo
3265 1430 3408 1484 enim
3446 1438 3564 1484 erat

1993 1523 2202 1585 tempus
2238 1517 2380 1586 quod
2410 1517 2551 1572 Deus
2578 1533 2684 1571 non
2723 1500 2955 1582 fecerat,
2997 1534 3118 1573 cum
3156 1521 3397 1576 omnium
3423 1530 3561 1576 tem-

1991 1621 2178 1675 porum
2214 1607 2286 1662 sit
2315 1609 2430 1677 ipse
2458 1607 2769 1663 fabricator.
2813 1609 2880 1662 Et
2925 1610 2969 1663 si
3009 1618 3218 1680 tempus
3261 1626 3382 1666 cum
3426 1613 3563 1668 caelo

1993 1705 2048 1751 et
2071 1707 2216 1752 terra
2242 1713 2361 1754 esse
2389 1699 2552 1767 coepit
2573 1739 2586 1763 ,
2615 1714 2718 1752 non
2747 1707 2926 1768 potest
2951 1699 3178 1754 inveniri
3206 1708 3417 1770 tempus
3457 1717 3563 1770 quo

1924 1765 1970 1826 Β
1997 1789 2137 1845 Deus
2161 1791 2398 1844 nondum
2425 1765 2612 1843 fecerit
2646 1765 2839 1843 caelum
2866 1796 2920 1843 et
2941 1795 3163 1843 terram.
3201 1765 3335 1844 Cum
3383 1765 3560 1844 autem

1996 1881 2192 1936 dicitur
2220 1898 2232 1933 :
2263 1880 2404 1947 Quid
2428 1879 2478 1934 ei
2505 1880 2682 1934 subito
2703 1880 2935 1949 placuit?
2967 1881 3045 1935 sic
3065 1881 3264 1934 dicitur
3290 1883 3442 1950 quasi
3469 1881 3564 1934 ali-

1995 1986 2100 2040 qua
2125 1982 2367 2040 tempora
2391 1969 2724 2034 transierint,
2756 1971 2949 2038 quibus
2995 1970 3135 2025 Deus
3157 1971 3289 2025 nihil
3313 1979 3564 2040 operatus

1993 2069 2104 2126 est;
2145 2077 2252 2116 non
2281 2061 2425 2114 enim
2449 2061 2677 2115 transire
2717 2068 2928 2128 poterat
2976 2068 3220 2129 tempus,
3250 2062 3394 2130 quod
3426 2078 3563 2116 non-

1995 2154 2122 2208 dum
2159 2154 2359 2208 fecerat
2385 2155 2563 2218 Deus,
2613 2153 2740 2223 quia
2769 2169 2876 2206 non
2923 2159 3098 2222 potest
3142 2169 3261 2208 esse
3313 2161 3565 2222 operator

1998 2250 2298 2310 temporum
2330 2282 2344 2307 ,
2382 2241 2488 2295 nisi
2521 2241 2613 2309 qui
2641 2248 2723 2295 est
2752 2249 2878 2296 ante
2904 2250 3164 2310 tempora.
3195 2241 3354 2297 Certe
3376 2253 3431 2297 et
3464 2244 3561 2312 ipsi

1996 2330 2272 2385 Manichazi
2325 2330 2506 2400 legunt
2552 2330 2848 2398 apostolum
2887 2331 3112 2386 Paulum
3149 2340 3204 2386 et
3249 2333 3468 2386 laudant
3509 2342 3565 2388 et

1994 2421 2296 2484 honorant,
2327 2427 2382 2474 et
2411 2417 2528 2486 ejus
2551 2419 2808 2488 epistolas
2834 2419 2973 2474 male
3000 2419 3402 2489 interpretando
3427 2422 3563 2475 mul-

1997 2517 2078 2562 tos
2103 2508 2394 2578 decipiunt.
2422 2509 2611 2564 Dicant
2631 2524 2759 2580 ergo
2792 2510 2946 2564 nobis
2971 2509 3097 2578 quid
3123 2510 3318 2566 dixerit
3343 2520 3563 2581 aposto-

1994 2600 2079 2654 lus
2113 2599 2352 2654 Paulus:
2384 2600 2711 2670 Agnitionem
2755 2602 2986 2656 veritatis
3019 2617 3137 2672 qua:
3173 2611 3246 2656 est
3277 2603 3561 2657 secundum

1993 2691 2236 2760 pietatem
2264 2690 2362 2744 Dei
2383 2691 2437 2744 in
2464 2708 2552 2761 spe
2578 2691 2695 2745 vita:
2735 2700 2942 2746 (eterna:
2959 2732 2974 2758 ,
2997 2709 3154 2763 quam
3193 2694 3431 2763 promisit
3458 2710 3562 2747 non

1993 2779 2220 2834 mendax
2240 2780 2380 2834 Deus
2397 2790 2518 2834 ante
2533 2791 2764 2850 tempora
2793 2791 2986 2835 (eterna
3011 2781 3136 2851 (Tit.
3163 2797 3203 2846 I,
3230 2781 3305 2851 I).
3334 2781 3561 2836 Eterna

1993 2871 2135 2925 enim
2164 2880 2403 2941 tempora
2435 2871 2563 2940 quid
2603 2879 2729 2926 ante
2754 2886 2811 2925 se
2846 2871 3045 2925 habere
3073 2872 3403 2942 potuerant?
3447 2872 3560 2927 Hoc

1991 2977 2120 3033 ergo
2149 2970 2410 3034 cogantur
2433 2975 2702 3032 exponere
2719 3003 2732 3028 ,
2759 2969 2818 3015 ut
2839 2961 3142 3031 intelligant
3163 2975 3220 3016 se
3240 2977 3346 3017 non
3376 2963 3565 3018 intelli-

1994 3066 2142 3123 gere,
2170 3067 2293 3107 cum
2327 3060 2528 3107 temere
2550 3053 2737 3108 volunt
2765 3051 3162 3120 reprehendere
3177 3051 3319 3122 quod
3341 3052 3564 3123 diligen-

1997 3157 2079 3201 ter
2104 3160 2343 3215 quaerere
2365 3146 2686 3202 debuerunt.

2063 3235 2123 3290 Si
2156 3244 2334 3291 autem
2380 3251 2487 3290 non
2526 3237 2709 3291 dicunt
2755 3253 2768 3290 :
2806 3235 2944 3300 Quid
2997 3234 3195 3302 placuit
3243 3235 3352 3289 Deo
3383 3235 3560 3289 subito

1994 3325 2170 3381 facere
2205 3327 2399 3382 coelum
2437 3335 2493 3382 et
2514 3335 2744 3390 terram;
2771 3326 2865 3380 sed
2906 3325 3102 3379 tollunt
3128 3325 3483 3389 inde,subito,
3508 3333 3563 3380 et

1994 3415 2095 3468 hoc
2123 3424 2331 3469 tantum
2363 3416 2546 3470 dicunt
2573 3433 2585 3467 :
2619 3414 2756 3480 Quid
2792 3413 2993 3483 placuit
3025 3414 3135 3468 Deo
3162 3413 3340 3469 facere
3367 3415 3561 3469 cmlum

1992 3512 2048 3558 et
2085 3506 2318 3558 terram?
2347 3505 2464 3559 Non
2501 3505 2643 3559 enim
2672 3520 2908 3560 comvum
2937 3505 3048 3560 Deo
3090 3506 3347 3561 mundum
3397 3509 3561 3562 istum

1994 3595 2223 3650 dicimus
2247 3635 2263 3660 ,
2329 3596 2454 3665 quia
2506 3611 2612 3650 non
2659 3595 2774 3664 ejus
2821 3597 3139 3651 mternitatis
3172 3603 3254 3650 est
3290 3597 3379 3652 hic
3405 3613 3562 3652 mun-

1993 3689 2094 3741 dus
2123 3727 2138 3752 ,
2194 3685 2344 3756 cujus
2399 3689 2717 3743 aeternitatis
2766 3697 2848 3743 est
2881 3689 3042 3742 Deus.
3079 3688 3332 3743 Mundum
3368 3690 3564 3760 quippe

1993 3779 2135 3833 Deus
2167 3778 2294 3833 fecit
2321 3820 2335 3845 ,
2375 3787 2430 3834 et
2465 3780 2512 3835 si
2557 3795 2678 3834 cum
2733 3779 2846 3848 ipsa
2885 3786 3132 3833 creatura
3161 3819 3176 3844 ,
3227 3795 3388 3849 quam
3438 3780 3564 3834 fecit

1993 3871 2135 3926 Deus
2186 3881 2428 3940 tempora
2471 3886 2591 3926 esse
2649 3877 2927 3939 cmperunt
2953 3912 2968 3935 ,
3032 3876 3085 3924 et
3135 3871 3255 3925 ideo
3309 3871 3563 3926 dicuntur

1992 3973 2192 4017 mterna
2227 3971 2513 4032 tempora;
2556 3977 2662 4017 non
2704 3969 2882 4016 tamen
2928 3963 3007 4016 sic
3051 3969 3177 4017 sunt
3203 3969 3402 4016 .eterna
3430 3978 3560 4032 quo-

1992 4054 2150 4108 modo
2174 4062 2408 4108 aeternus
2438 4053 2579 4108 Deus
2602 4060 2706 4119 est,
2733 4054 2856 4122 quia
2879 4053 3018 4108 Deus
3043 4060 3127 4107 est
3151 4061 3275 4107 ante
3298 4061 3559 4124 tempora,

1990 4143 2082 4212 qui
2108 4142 2400 4197 fabricator
2433 4150 2517 4198 est
2547 4151 2883 4212 temporum,
2917 4142 3055 4197 sicut
3091 4143 3271 4198 omnia
3294 4157 3412 4211 qua:
3437 4141 3563 4195 fecit

1991 4233 2154 4298 Deus,
2182 4233 2320 4287 bona
2342 4239 2467 4285 sunt
2495 4232 2671 4298 valde,
2699 4233 2793 4286 sed
2822 4247 2928 4286 non
2957 4233 3036 4286 sic
3075 4232 3212 4284 bona
3247 4239 3394 4294 sunt,
3421 4245 3558 4299 quo-

1990 4323 2148 4377 modo
2171 4323 2344 4376 bonus
2365 4330 2447 4376 est
2473 4321 2636 4386 Deus,
2675 4323 2768 4390 qui
2812 4321 2899 4374 illa
2932 4320 3090 4384 fecit;
3127 4320 3243 4373 hmc
3267 4326 3448 4372 autem
3482 4318 3560 4370 fa-

1918 4431 1962 4490 ο
1989 4420 2076 4466 cta
2104 4419 2260 4476 sunt;
2293 4427 2393 4466 nec
2439 4426 2502 4464 ea
2530 4411 2714 4480 genuit
2755 4411 2821 4464 de
2867 4410 3044 4477 seipso
3069 4449 3082 4473 ,
3133 4418 3193 4462 ut
3237 4409 3340 4463 hoc
3379 4414 3563 4461 essent

1993 4504 2136 4573 quod
2161 4503 2274 4572 ipse
2300 4510 2411 4568 est;
2443 4502 2537 4555 sed
2566 4517 2630 4555 ea
2657 4499 2784 4555 fecit
2827 4501 2891 4555 de
2915 4499 3082 4553 nihilo
3102 4539 3116 4562 ,
3158 4507 3216 4552 ut
3241 4513 3346 4552 non
3376 4505 3558 4552 essent

1989 4593 2215 4663 aequalia
2241 4634 2257 4659 ,
2297 4608 2400 4647 nec
2422 4591 2472 4645 ci
2494 4606 2524 4644 a
2544 4606 2649 4660 quo
2677 4589 2817 4644 facta
2842 4597 2997 4653 sunt,
3031 4603 3130 4643 nec
3166 4586 3279 4642 filio
3316 4586 3432 4656 ejus
3462 4603 3558 4656 per

1989 4702 2149 4756 quem
2177 4685 2316 4740 facta
2345 4691 2490 4748 sunt,
2512 4681 2690 4751 justus
2715 4680 2915 4754 [Edit.,
2935 4678 3166 4752 justum]
3197 4687 3280 4735 est
3306 4679 3470 4734 enim.
3499 4678 3557 4732 Si

1987 4775 2131 4829 enim
2163 4773 2357 4846 [Edit.,
2410 4769 2561 4844 ergo]
2611 4771 2701 4826 isti
2744 4770 3019 4824 dixerint:
3057 4769 3196 4837 Quid
3220 4769 3421 4838 placuit
3449 4768 3559 4821 Deo

1987 4862 2167 4918 facere
2225 4862 2422 4917 caelum
2471 4868 2525 4916 et
2577 4861 2814 4917 terram?
2852 4859 3302 4930 Respondeudum
3337 4867 3420 4913 est
3451 4858 3553 4922 eis,

1986 4963 2046 5008 ut
2077 4953 2226 5023 prius
2250 4953 2358 5006 vim
2380 4951 2590 5006 discant
2615 4951 2905 5005 voluntatis
2930 4951 3200 5013 humana),
3227 4949 3319 5017 qui
3343 4947 3542 5024 .voluu-

1990 5056 2152 5102 tatem
2182 5047 2274 5100 Dei
2306 5059 2462 5099 nosse
2488 5043 2814 5098 desiderant.
2854 5041 3055 5096 Causas
3077 5041 3221 5095 enim
3248 5039 3343 5095 Dei
3369 5038 3556 5093 volun—

1987 5139 2114 5192 tatis
2196 5134 2502 5191 desiderant
2569 5133 2706 5187 scire
2773 5131 2949 5204 [Edit.
2980 5172 2994 5196 ,
3035 5131 3175 5185 scire
3226 5127 3556 5199 quaerunt],

1982 5246 2110 5286 cum
2188 5227 2432 5282 voluntas
2492 5225 2585 5278 Dei
2650 5224 2889 5277 omnium
2941 5238 3068 5292 qum
3125 5228 3250 5276 sunt
3311 5221 3427 5289 ipsa
3488 5219 3560 5274 sit

1987 5333 2169 5374 causa.
2212 5316 2270 5371 Si
2313 5315 2456 5368 enim
2496 5314 2657 5368 habet
2686 5327 2903 5368 causam
2941 5312 3185 5366 voluntas
3214 5309 3330 5374 D'ei,
3357 5317 3440 5364 est
3467 5308 3559 5363 ali-

1987 5412 2114 5481 quid
2136 5409 2279 5478 quod
2307 5406 2591 5461 antecedat
2620 5405 2946 5460 voluntatem
2981 5403 3104 5467 Dei,
3135 5402 3278 5472 quod
3299 5399 3449 5456 nefas
3475 5409 3560 5456 est

1988 5503 2229 5558 credere.
2255 5499 2357 5566 Qui
2387 5513 2515 5567 ergo
2540 5497 2690 5562 dicit,
2719 5511 2888 5566 quare
2933 5493 3059 5549 fecit
3105 5494 3246 5548 Deus
3278 5492 3472 5548 cmlum
3501 5502 3558 5547 et

1989 5591 2230 5648 terram?
2271 5587 2718 5659 Respondcndum
2747 5594 2830 5642 est
2855 5586 2948 5652 illi,
2982 5585 3106 5655 quia
3133 5584 3319 5641 voluit.
3351 5583 3551 5640 Volun-
