3986 6168
410 353 536 407 illi

1881 354 2166 413 WICBODI

3501 360 3646 416 illi

407 478 491 525 tas
515 470 656 524 enim
684 464 777 523 Dei
800 484 958 524 causa
988 478 1069 524 est
1101 471 1223 526 coeli
1257 481 1311 525 et
1337 479 1523 536 terrm;
1561 480 1616 527 et
1644 473 1762 527 ideo
1796 473 1967 541 major
1994 478 2040 532 Α
2070 473 2442 542 temporalium
2466 490 2525 530 se
2550 475 2617 530 ad
2636 473 2753 542 ejus
2784 483 3048 545 prtecepta
3072 477 3385 547 complenda
3412 494 3643 535 conver—

405 568 490 614 est
526 559 770 613 voluntas
796 559 889 613 Dei
933 575 1095 627 quant
1146 560 1338 615 etelum
1374 569 1429 615 et
1457 569 1620 615 terra.
1653 560 1761 626 Qui
1790 569 1969 615 autem

407 653 571 716 dicit;
609 666 774 720 quare
798 651 965 706 voluit
1000 652 1178 707 facere
1203 653 1397 707 coelum
1445 660 1499 708 et
1539 661 1770 718 terram;
1803 651 1852 724 [ο
1879 660 1971 706 aut

407 742 498 796 ubi
545 749 659 795 erat
705 750 992 811 antequam
1029 742 1272 815 fierent?]
1327 742 1502 811 majus
1547 742 1746 812 aliquid
1777 743 1971 812 quaerit

407 847 567 903 quam
597 836 681 887 est
718 833 966 887 voluntas
999 832 1114 887 Dei.
1152 833 1297 886 Nihil
1340 834 1486 888 enim
1519 832 1694 902 majus
1741 833 1971 888 inveniri

405 934 602 994 potest.
643 924 961 995 Compescat
988 940 1116 994 ergo
1143 940 1200 980 se
1228 926 1461 979 humana
1507 926 1806 991 temeritas,
1841 934 1896 980 et
1918 925 1971 979 id

405 1017 548 1084 quod
575 1031 680 1069 non
710 1025 792 1070 est
828 1032 935 1070 non
967 1025 1194 1085 quierat,
1225 1030 1292 1070 ne
1318 1016 1371 1071 id
1392 1017 1535 1085 quod
1561 1024 1644 1070 est
1672 1032 1776 1071 non
1820 1018 1969 1072 inve—

404 1110 551 1174 niat;
592 1116 645 1161 et
675 1108 720 1163 si
752 1108 1081 1161 voluntatem
1110 1107 1204 1161 Dei
1235 1122 1396 1162 nosse
1441 1107 1724 1177 quisquam
1756 1109 1970 1163 deside-

407 1208 531 1264 rat,
567 1199 659 1252 ﬁat
686 1199 892 1253 amicus
938 1199 1067 1253 Deo.
1103 1197 1263 1253 Certe
1291 1198 1336 1251 si
1381 1198 1707 1253 voluntatem
1739 1198 1972 1253 hominis

405 1291 528 1359 quis
555 1305 714 1346 nosse
746 1291 928 1355 vellet,
979 1288 1132 1358 cujus
1183 1289 1389 1344 amicus
1418 1305 1526 1344 non
1567 1297 1752 1356 esset,
1785 1305 1973 1346 omnes

330 1408 339 1419 -
406 1379 521 1449 ejus
574 1380 986 1449 imprudentiam
1023 1387 1117 1433 aut
1160 1379 1445 1433 stultitiam
1492 1378 1815 1434 deriderent.
1855 1379 1972 1433 Non

407 1469 549 1523 enim
578 1469 805 1538 quisque
831 1467 1061 1523 edicitur
1082 1468 1285 1523 amicus
1311 1469 1424 1534 Dei,
1458 1469 1559 1523 nisi
1580 1468 1974 1538 purgatissimis

410 1559 667 1623 moribus,
702 1566 756 1613 et
782 1558 874 1612 illo
901 1557 1006 1613 fine
1023 1558 1276 1627 praecepti
1303 1560 1366 1614 de
1381 1573 1487 1627 quo
1501 1558 1631 1614 dicit
1648 1558 1935 1629 Apostolus
1955 1578 1967 1613 :

408 1647 562 1702 Finis
584 1657 753 1702 autem
780 1649 1021 1718 pracepti
1041 1658 1114 1701 est
1141 1649 1368 1701 Charitas
1395 1648 1458 1702 de
1486 1649 1639 1702 corde
1657 1665 1787 1719 puro
1800 1658 1847 1703 et
1859 1648 1976 1704 con-

407 1741 624 1793 scientia
650 1740 783 1793 bona
796 1749 842 1792 et
857 1740 961 1809 ﬁde
987 1756 1090 1794 non
1110 1740 1235 1809 ﬁcta
1261 1738 1314 1809 (Ι
1334 1740 1467 1794 Tim.
1484 1757 1525 1805 ι,
1543 1740 1618 1811 5),
1643 1743 1785 1810 quod
1812 1743 1899 1797 isti
1926 1743 1971 1797 si

409 1828 685 1893 haberent,
708 1843 814 1883 non
837 1837 1018 1884 essent
1046 1830 1306 1884 haeretici.

481 1918 632 1984 Quod
689 1928 867 1973 autem
912 1922 1155 1990 sequitur
1181 1923 1233 1976 in
1262 1923 1399 1978 libro
1424 1923 1694 1980 Geneseos
1741 1941 1756 1979 :
1810 1925 1971 1979 Terra

410 2019 581 2064 autem
604 2020 713 2064 erat
734 2011 1003 2065 invisibilis
1024 2020 1071 2065 et
1091 2013 1449 2082 incomposita,
1476 2017 1555 2070 sic
1576 2017 1973 2084 reprehendunt

411 2098 721 2164 Manichzei,
776 2108 836 2155 ut
865 2101 1046 2156 dicant
1093 2120 1105 2155 :
1152 2102 1430 2168 Quomodo
1460 2106 1515 2159 in
1554 2107 1817 2175 principio
1844 2105 1973 2161 fecit

410 2192 551 2246 Deus
574 2192 767 2247 coelum
799 2198 853 2246 et
878 2200 1074 2247 terram
1098 2234 1113 2259 ,
1156 2195 1201 2248 si
1229 2192 1343 2262 jam
1376 2204 1518 2250 terra
1550 2204 1667 2251 erat
1687 2197 1972 2253 invisibilis

408 2293 463 2338 et
492 2284 877 2355 incomposita?
903 2284 1085 2354 Itaque
1108 2301 1230 2340 eum
1251 2287 1437 2342 volunt
1453 2289 1661 2344 divinas
1680 2289 1974 2358 scripturas

415 2374 565 2442 prius
593 2373 896 2442 vituperare
922 2389 1082 2443 quam
1104 2390 1285 2441 nosse,
1309 2377 1472 2431 etiam
1499 2392 1586 2432 res
1608 2377 1973 2447 apertissimas

410 2478 519 2518 non
546 2463 866 2533 intelligunt.
916 2463 1055 2530 Quid
1084 2466 1227 2519 enim
1274 2465 1610 2521 manifestius
1641 2467 1748 2522 dici
1774 2469 1971 2537 potuit,

408 2568 567 2623 quam
601 2554 703 2609 hoc
730 2552 935 2609 dictum
970 2562 1052 2609 est
1082 2572 1094 2607 :
1134 2554 1196 2609 In
1216 2557 1470 2627 principio
1492 2557 1612 2627 fecit
1632 2557 1773 2612 Deus
1789 2557 1973 2612 cwlum

409 2655 456 2697 et
478 2654 693 2709 terram,
722 2652 866 2698 terra
888 2652 1064 2700 autem
1088 2646 1203 2715 ipsa
1220 2661 1378 2715 quam
1397 2647 1523 2702 fecit
1544 2648 1704 2714 Deus,
1734 2649 1982 2703 invisibi-

411 2734 479 2788 lis
513 2742 702 2788 eratet
737 2734 1110 2803 incomposita.
1140 2733 1441 2805 Antequam
1462 2738 1602 2792 Deus
1624 2738 1862 2791 omnium
1887 2750 1977 2790 re-

411 2838 528 2876 rum
552 2820 894 2877 fo'rmaslocis
921 2831 976 2876 et
1005 2823 1220 2879 sedibus
1235 2825 1348 2879 suis
1369 2824 1612 2879 ordinata
1636 2826 1975 2881 distinctione

409 2913 737 2981 disponeret,
771 2920 1059 2981 antequam
1080 2912 1317 2980 diceret,
1342 2913 1468 2969 Fiat
1505 2915 1596 2970 tua:
1623 2955 1638 2981 ,
1672 2924 1727 2970 et
1759 2916 1852 2984 ﬁat
1883 2915 1974 2983 [ir-

408 3010 744 3067 mamentum,
772 3008 827 3056 et
851 3010 1222 3071 congregantur
1245 3019 1414 3072 aqum,
1444 3011 1498 3057 et
1525 3012 1772 3074 appareat
1798 3002 1969 3068 arida,

409 3098 513 3144 etc.
536 3131 551 3155 ,
573 3106 693 3160 qua:
718 3091 773 3144 in
799 3105 864 3146 co
916 3091 1053 3146 libro
1083 3107 1178 3160 per
1226 3092 1469 3172 ordinem
1498 3092 1577 3147 sic
1608 3100 1967 3162 exponuntur,

409 3150 854 3247 quemadmodum
882 3195 945 3235 ea
971 3150 1178 3251 parvuli
1208 3163 1443 3249 possent
1456 3150 1823 3251 capere..Qua3
1850 3150 1969 3237 om;
1997 3150 2043 3215 θ

408 3266 497 3322 nia
534 3269 813 3324 continent
831 3278 941 3324 tam
974 3285 1167 3340 magna
1192 3270 1448 3340 mysteria
1472 3311 1487 3334 ,
1538 3279 1598 3324 ut
1643 3271 1885 3340 quisquis
1909 3287 1971 3327 ea

410 3359 680 3425 didicerit,
701 3362 941 3415 omnium
965 3361 1340 3417 hteretieorum
1367 3361 1663 3416 vanitatem
1688 3362 1769 3417 vel
1797 3362 1974 3417 doleat

409 3450 534 3519 quia
558 3451 803 3506 homines
829 3458 951 3506 sunt
974 3492 990 3518 ,
1028 3452 1112 3507 vel
1135 3451 1306 3506 rideat
1335 3451 1459 3521 quia
1487 3451 1701 3523 superbi
1733 3459 1875 3506 sunt.

479 3539 734 3610 Sequitur
768 3540 822 3595 in
867 3540 957 3596 illo
996 3542 1134 3597 libro
1187 3557 1201 3596 :
1252 3541 1322 3595 Et
1365 3542 1586 3597 tenebrae
1633 3552 1779 3596 erant
1823 3558 1976 3612 super

409 3630 652 3701 abyssum
679 3628 832 3701 (Gen.
862 3648 902 3698 ι,
924 3632 977 3701 2)
998 3673 1013 3698 ,
1041 3632 1180 3702 quod
1195 3632 1471 3687 Manichzei
1495 3631 1546 3704 [δ
1571 3631 1653 3686 vel
1681 3640 1975 3687 sectatores

407 3720 617 3794 eorum]
649 3724 1046 3791 reprehendunt
1097 3723 1337 3778 dicentes
1390 3742 1403 3777 :
1458 3723 1517 3777 In
1555 3722 1794 3778 tenebris
1847 3737 1976 3793 ergo

409 3811 549 3865 Deus
580 3819 696 3865 erat
722 3821 1006 3881 antequam
1028 3811 1229 3868 faceret
1253 3814 1461 3868 lucem?
1490 3814 1627 3869 Vere
1649 3813 1751 3882 ipsi
1775 3822 1899 3868 sunt
1921 3813 1975 3867 in

410 3900 648 3955 tenebris
678 3901 1020 3970 ignorantite,
1048 3910 1102 3955 et
1131 3903 1252 3959 ideo
1280 3920 1387 3958 non
1435 3903 1740 3972 intelligunt
1765 3903 1937 3957 lucem
1959 3943 1974 3969 ,

412 3994 465 4047 in
491 4008 594 4062 qua
613 3993 754 4047 Deus
774 4002 892 4047 erat
920 4001 1203 4062 antequam
1236 3992 1436 4048 faceret
1461 3993 1619 4047 istam
1649 3993 1841 4047 lucem.
1859 3991 1976 4046 Non

411 4084 554 4137 enim
583 4090 842 4137 noverunt
882 4083 970 4136 isti
995 4083 1193 4147 lucem,
1243 4082 1349 4137 nisi
1377 4098 1538 4152 quam
1569 4082 1777 4136 carneis
1809 4081 1978 4137 oculis

411 4173 616 4239 vident,
639 4180 695 4227 et
722 4173 840 4228 ideo
866 4174 1025 4228 istum
1065 4172 1234 4227 solem
1257 4187 1416 4242 quem
1438 4172 1642 4241 pariter
1665 4186 1770 4225 non
1806 4170 1978 4226 solum

411 4283 532 4323 cum
559 4267 749 4323 bestiis
768 4265 1079 4336 majoribus,
1126 4280 1310 4321 verum
1339 4266 1503 4320 etiam
1532 4279 1652 4320 cum
1680 4265 1881 4319 muscis
1924 4272 1978 4319 et

410 4359 719 4423 vermiculis
749 4359 1020 4414 cernimus
1038 4399 1053 4424 ,
1107 4357 1183 4412 illi
1208 4358 1285 4412 sic
1307 4357 1523 4423 colunt,
1551 4364 1612 4412 ut
1653 4355 1976 4426 particulam

412 4453 593 4507 dicant
615 4467 733 4508 esse
757 4450 891 4506 lucis
917 4450 1059 4506 illius
1085 4450 1139 4504 in
1168 4465 1271 4519 qua
1314 4450 1520 4505 habitat
1550 4450 1711 4505 Deus.
1740 4449 1846 4504 Sed
1878 4465 1976 4505 nos

413 4542 772 4611 intelligamus
796 4541 955 4595 aliam
979 4555 1102 4596 esse
1127 4540 1302 4596 lucem
1332 4541 1387 4595 in
1417 4557 1520 4610 qua
1563 4541 1703 4596 Deus
1724 4541 1931 4596 habitat
1959 4556 1974 4595 :

415 4631 557 4686 unde
582 4641 665 4686 est
701 4632 831 4686 illud
873 4632 1052 4690 lumen
1099 4632 1165 4687 de
1195 4648 1300 4701 quo
1328 4632 1382 4686 in
1413 4632 1704 4702 Evangelio
1731 4633 1928 4687 dicitur
1961 4650 1973 4686 :

416 4732 439 4760 ε
478 4721 610 4775 Erat
647 4720 740 4775 tua:
783 4738 902 4776 vera
942 4739 1059 4793 qua:
1082 4721 1343 4776 illuminat
1373 4740 1575 4777 omnem
1612 4724 1869 4776 hominem
1901 4740 1982 4778 ve-

416 4816 637 4869 nientem
692 4814 749 4867 in
796 4814 932 4867 hunc
988 4813 1238 4868 mundum
1267 4814 1447 4884 (Joan.
1484 4831 1536 4879 ι,
1573 4815 1649 4886 9).
1682 4813 1815 4868 Nam
1852 4815 1981 4870 solis

416 4903 573 4958 istius
603 4903 782 4959 lumen
823 4919 929 4957 non
978 4903 1244 4957 illuminat
1301 4904 1573 4959 hominem
1603 4946 1618 4969 ,
1656 4905 1749 4959 sed
1787 4920 1981 4974 corpus

418 4992 674 5060 hominis,
696 5000 751 5048 et
770 4993 1025 5048 mortales
1045 4992 1228 5048 oculos
1247 4993 1443 5062 quibus
1466 5008 1565 5047 nos
1588 4994 1809 5048 vincunt
1832 4994 1984 5062 aqui-

416 5083 588 5138 larum
616 5085 777 5150 oculi,
823 5085 914 5154 qui
958 5084 1125 5139 solem
1160 5085 1322 5139 istum
1371 5084 1538 5139 multo
1593 5084 1784 5139 melius
1818 5101 1981 5153 quam

419 5190 517 5239 nos
538 5174 785 5229 dicuntur
799 5174 1055 5244 aspicere.
1082 5174 1214 5228 Illud
1238 5183 1417 5229 autem
1440 5175 1619 5229 lumen
1640 5188 1744 5228 non
1762 5173 1983 5227 inratio—
2000 5232 2020 5241 _

418 5266 622 5319 nalium
664 5265 842 5319 avium
872 5265 1058 5320 oculos
1080 5266 1282 5333 pascit;
1324 5264 1416 5318 sed
1440 5279 1573 5335 pura
1601 5264 1763 5318 corda
1794 5277 1981 5317 corum

419 5357 509 5426 qui
546 5358 654 5413 Deo
684 5358 937 5423 credunt,
966 5358 1111 5411 etab
1146 5370 1330 5410 amore
1365 5356 1657 5411 visibilium
1702 5370 1879 5410 rerum
1926 5363 1981 5408 et

489 5522 514 5549 α
554 5508 719 5563 Uncis
747 5510 949 5565 inclusa
986 5510 1038 5564 in
1060 5511 1215 5565 editis
1245 5525 1350 5564 non
1386 5509 1654 5577 leguntur.

490 5579 521 5617 ι)
558 5578 722 5649 _Unci_s_
752 5579 953 5649 inclusa
978 5579 1031 5632 in
1066 5582 1227 5649 editis
1256 5596 1361 5633 non
1394 5581 1657 5649 leguntur.

494 5658 516 5715 εξ
558 5646 615 5715 ln
641 5646 799 5715 editis
815 5648 1026 5715 legitur,
1057 5648 1184 5700 Erat
1210 5648 1384 5702 lumen
1406 5646 1577 5701 acrum
1600 5647 1756 5715 quod.

490 5713 616 5770 d'ln
642 5713 818 5779 editis,
843 5713 904 5767 de
929 5732 1030 5783 qua
1059 5727 1424 5782 consequenter
1461 5717 1557 5769 hoc
1605 5713 1715 5767 loco
1764 5716 1976 5770 dicitur.

2068 548 2208 615 tunt.
2241 562 2392 628 Quod
2420 578 2608 617 omnes
2649 564 2895 619 homines
2933 575 3159 634 possunt
3202 568 3249 622 si
3292 570 3481 636 velint,
3512 574 3643 640 quia

2070 650 2201 705 illud
2229 651 2410 707 lumen
2424 668 2637 708 omnem
2658 654 2922 709 illuminat
2950 657 3225 710 hominem
3248 658 3552 715 venientem
3584 662 3641 715 in

2070 739 2213 795 hunc
2241 741 2518 797 mundum.
2550 741 2691 811 Ergo
2735 744 2968 799 tenebrae
2992 751 3147 799 erant
3194 760 3357 814 super
3383 748 3642 818 abyssum

2070 836 2355 901 antequam
2386 830 2475 884 lux
2516 829 2615 885 ista
2643 832 2815 886 ﬁeret.
2840 832 2867 871 ἀ
2889 832 3295 905 Consequenter
3310 836 3377 892 de
3395 838 3499 893 hoc
3520 838 3644 895 loco

2069 917 2293 972 dicitur:

2141 1006 2210 1060 Et
2239 1007 2371 1061 dixit
2397 1007 2560 1073 Deus,
2586 1009 2680 1077 ﬁat
2711 1009 2824 1076 lux,
2851 1012 2977 1081 quia
3001 1014 3092 1069 ubi
3113 1014 3205 1069 lux
3233 1031 3339 1071 non
3364 1026 3466 1081 est,
3492 1027 3645 1074 tene-

2069 1095 2181 1149 brae
2217 1105 2371 1159 sunt,
2403 1112 2508 1152 non
2545 1098 2671 1167 quia
2709 1100 2909 1170 aliquid
2941 1111 3066 1156 sunt
3110 1106 3363 1171 tenebrae,
3389 1109 3486 1162 sed
3527 1109 3642 1179 ipsa

2071 1183 2204 1238 lucis
2229 1185 2469 1240 absentia
2498 1188 2733 1242 tenebrze
2754 1189 3032 1257 dicuntur;
3074 1193 3214 1247 sicut
3238 1194 3509 1249 silentium
3535 1213 3646 1251 non
3685 1240 3691 1244 .

2072 1273 2252 1342 aliqua
2278 1288 2365 1329 res
2394 1283 2494 1341 est,
2523 1277 2615 1331 sed
2644 1278 2733 1331 ubi
2757 1294 2922 1334 sonus
2947 1295 3053 1335 non
3078 1290 3181 1347 est,
3210 1283 3482 1339 silentium
3512 1288 3649 1341 dici—

2071 1368 2181 1415 tur.
2208 1363 2274 1417 Et
2305 1365 2520 1421 nuditas
2554 1368 2875 1438 non‘aliqua
2925 1385 3011 1426 res
3046 1382 3147 1437 est,
3179 1374 3272 1428 sed
3313 1375 3368 1429 in
3419 1392 3647 1446 corpore

2071 1453 2161 1507 ubi
2194 1459 2557 1522 tegumentum
2582 1472 2687 1512 non
2712 1467 2813 1525 est,
2844 1459 3057 1517 nuditas
3080 1462 3294 1517 dicitur.
3323 1465 3391 1518 Et
3411 1466 3647 1522 inanitas

2072 1559 2179 1598 non
2207 1552 2290 1599 est
2320 1545 2540 1613 aliquid,
2568 1548 2662 1602 sed
2685 1548 2835 1604 locus
2860 1551 2949 1605 ubi
2974 1566 3169 1624 corpus
3192 1569 3299 1609 non
3333 1563 3435 1621 est,
3468 1558 3644 1613 inanis

2072 1634 2288 1688 dicitur.
2323 1634 2413 1690 Sic
2443 1638 2696 1705 tenebrae,
2727 1651 2750 1678 ε
2782 1648 2841 1695 ut
2864 1640 2977 1710 jam
3005 1644 3259 1711 diximus,
3288 1663 3396 1702 non
3442 1648 3643 1717 aliquid

2074 1730 2230 1789 sunt;
2260 1725 2353 1779 sed
2383 1726 2473 1780 ubi
2497 1726 2586 1781 lux
2633 1744 2738 1783 non
2788 1740 2892 1796 est,
2920 1734 3153 1790 tenebrae
3198 1737 3468 1793 dicuntur.
3518 1741 3646 1796 [hec

2003 1807 2050 1866 Β
2076 1815 2194 1869 ideo
2223 1816 2473 1882 diximus,
2500 1819 2625 1887 quia
2649 1820 2823 1876 solent
2851 1824 3031 1878 dicere
3066 1840 3080 1878 :
3116 1827 3266 1882 Unde
3317 1839 3473 1884 erant
3516 1833 3645 1902 ipsae

2074 1906 2307 1960 tenebrae
2331 1922 2493 1975 super
2520 1910 2793 1980 abyssum,
2817 1922 3101 1983 antequam
3134 1917 3274 1973 Deus
3318 1918 3521 1975 faceret
3566 1922 3646 1976 lu-

2072 1995 2226 2049 cem?
2263 1995 2382 2065 quis
2411 1996 2530 2052 illas
2558 1997 2779 2067 fecerat,
2801 2002 2886 2055 vel
2911 2006 3203 2073 genuerat?
3255 2017 3348 2061 aut
3392 2009 3437 2062 si
3486 2026 3645 2065 nemo

2070 2086 2272 2142 fecerat
2324 2090 2408 2143 vel
2458 2100 2715 2158 genuerat
2762 2109 2885 2161 eas,
2913 2105 3131 2150 aeternae
3177 2107 3331 2153 erant
3377 2102 3647 2156 tenebras?

2071 2181 2225 2248 quasi
2253 2179 2452 2250 aliquid
2479 2183 2586 2236 sint
2618 2185 2869 2239 tenebrte.
2903 2185 3028 2250 Sed,
3053 2196 3112 2241 ut
3149 2189 3350 2244 dictum
3374 2198 3489 2255 est,
3513 2191 3648 2246 lucis

2072 2271 2315 2326 absentia
2346 2272 2449 2327 hoc
2478 2289 2673 2328 nomen
2701 2278 2929 2346 accepit.
2982 2277 3088 2334 Sed
3132 2281 3256 2348 quia
3304 2281 3404 2351 ipsi
3452 2283 3648 2338 fabulis

2072 2362 2184 2417 suis
2213 2362 2420 2432 decepti
2469 2366 2809 2420 crediderunt
2855 2377 3069 2437 gentem
3107 2386 3226 2425 esse
3275 2375 3642 2437 tenebrarum,

2072 2454 2128 2508 in
2156 2468 2260 2522 qua
2287 2460 2340 2507 et
2374 2469 2615 2522 corpora,
2647 2465 2702 2511 et
2740 2454 2957 2525 fortnas,
2985 2467 3039 2512 et
3066 2461 3274 2516 animas
3304 2462 3356 2515 in
3387 2463 3497 2516 illis
3529 2478 3646 2517 cor-

2071 2545 2291 2614 poribus
2326 2543 2493 2599 fuisse
2522 2545 2881 2613 arbitrantur;
2924 2547 3045 2604 ideo
3072 2558 3263 2619 putant
3306 2553 3449 2620 quod
3499 2562 3645 2607 tene-

2071 2634 2182 2687 brae
2207 2633 2407 2703 aliquid
2436 2634 2561 2699 sint,
2587 2642 2642 2689 et
2668 2650 2773 2690 non
2804 2637 3112 2708 intelligunt
3140 2656 3247 2695 non
3277 2643 3465 2696 sentiri
3505 2651 3646 2696 tene-

2071 2726 2218 2790 bras,
2240 2724 2343 2778 nisi
2375 2726 2586 2794 quando
2620 2742 2727 2781 non
2773 2728 3048 2797 videmus;
3098 2732 3237 2786 sicut
3289 2731 3307 2771 τ
3346 2749 3453 2787 non
3484 2733 3647 2787 senti-

2073 2831 2193 2870 mus
2253 2816 2556 2880 silentium,
2605 2818 2707 2871 nisi
2753 2819 2965 2887 quando
3012 2837 3121 2876 non
3171 2823 3435 2878 audimus.
3497 2823 3645 2877 Sicut

2072 2916 2251 2964 autem
2275 2910 2544 2964 silentium
2574 2911 2709 2965 nihil
2734 2920 2848 2978 est;
2882 2913 2961 2968 sic
2987 2924 3041 2969 et
3076 2916 3311 2970 tenebrae
3335 2916 3470 2970 nihil
3494 2924 3637 2970 sunt.

2074 3001 2225 3057 Sicut
2255 3009 2434 3057 autem
2473 3002 2561 3056 isti
2586 3001 2770 3057 dicunt
2802 3014 3017 3074 gentem
3066 3007 3409 3061 tenebrarum
3457 3016 3645 3061 contra

2074 3094 2169 3148 Dei
2190 3093 2360 3149 lucem
2386 3108 2679 3164 pugnasse;
2700 3095 2778 3151 sic
2799 3105 2973 3167 potest
2988 3098 3193 3154 etalius
3218 3098 3467 3153 similiter
3480 3115 3648 3153 vanus

2074 3185 2273 3247 dicere,
2315 3192 2526 3252 gentem
2577 3186 2908 3242 silentiorum
2961 3197 3149 3244 contra
3192 3190 3288 3244 Dei
3329 3206 3515 3245 vocem
3545 3206 3647 3259 pu-

2072 3290 2285 3344 gnasse.
2304 3273 2411 3330 Sed
2435 3275 2551 3330 illas
2573 3277 2839 3333 vanitates
2859 3279 3016 3334 modo
3036 3295 3140 3334 non
3158 3281 3480 3351 suscipimus
3495 3280 3647 3335 refel-

2074 3366 2184 3419 lere
2212 3374 2372 3434 atque
2397 3366 2745 3434 convincere;
2778 3383 2919 3422 nunc
2942 3360 3085 3423 enirn
3119 3384 3182 3424 ea
3217 3384 3336 3438 quae
3361 3371 3648 3438 reprehen-

2075 3456 2207 3510 dunt
2232 3455 2287 3510 in
2311 3457 2477 3511 veteri
2508 3465 2829 3513 testamento
2848 3458 3134 3513 statuimus
3158 3458 3465 3524 defendere,
3480 3475 3649 3529 quan-

2076 3553 2189 3600 tum
2220 3554 2278 3600 ut
2325 3560 2411 3601 res
2460 3547 2719 3603 Dominus
2761 3558 3017 3618 praestare
3058 3550 3326 3620 dignetur,
3359 3559 3414 3605 et
3470 3552 3525 3605 in
3574 3554 3650 3607 eis

2076 3637 2377 3701 ostendere,
2403 3644 2592 3690 contra
2639 3638 2921 3692 veritatem
2962 3638 3057 3694 Dei
3099 3639 3235 3694 nihil
3268 3639 3450 3695 valere
3478 3640 3649 3696 homi-

2076 3740 2204 3779 num
2231 3726 2545 3780 ctecitatem.
2573 3725 2845 3796 Sequitur.
3126 3766 3138 3774 .

2148 3813 2298 3881 Quod
2327 3823 2506 3869 autem
2533 3816 2794 3885 scriptum
2821 3823 2903 3872 est
2933 3831 2948 3871 :
2976 3816 3045 3871 Et
3076 3817 3306 3888 Spiritus
3332 3819 3431 3874 Dei
3452 3821 3652 3889 fereba-

2078 3916 2165 3960 tur
2196 3924 2350 3978 supcr
2374 3923 2563 3977 aquam
2593 3904 2748 3978 (Gen.
2777 3924 2816 3974 ι,
2842 3908 2897 3980 2)
2915 3950 2929 3974 ,
2954 3909 3033 3963 sic
3063 3910 3237 3964 solent
3264 3910 3540 3966 Manichaei
3571 3927 3652 3966 re-

2077 3996 2426 4065 prehendere,
2450 4006 2512 4050 ut
2545 3997 2727 4052 dicant
2762 4012 2777 4052 :
2807 3998 2959 4068 Aqua
2988 4013 3115 4067 ergo
3141 4009 3257 4054 erat
3290 4001 3651 4055 habitaculum

2079 4085 2299 4154 spiritus
2324 4086 2448 4151 Dei,
2473 4096 2527 4141 et
2557 4088 2670 4155 ipsa
2693 4087 3001 4143 continebat
3029 4089 3275 4158 spiritum
3303 4090 3432 4144 Dei?
3460 4090 3651 4144 Totum

2079 4187 2341 4232 conantur
2361 4193 2616 4249 perversa
2640 4187 2819 4233 mente
2852 4188 3182 4250 pervertere,
3210 4188 3263 4235 ΕΙ.
3308 4191 3653 4236 excazcantur

2080 4266 2281 4321 malitia
2335 4283 2451 4322 sua.
2504 4267 2637 4322 Cum
2689 4268 2832 4322 enim
2884 4269 3139 4333 dicimus,
3186 4270 3266 4325 sol
3318 4272 3654 4341 superfertur

2080 4370 2240 4425 super
2270 4363 2489 4423 terram,
2521 4356 2780 4427 numquid
2821 4358 2923 4412 hoc
2968 4357 3192 4429 intelligi
3220 4358 3485 4433 volumus,
3511 4362 3651 4430 quod

2082 4444 2134 4496 in
2171 4453 2312 4498 terra
2354 4444 2432 4498 sol
2477 4445 2701 4509 habitet,
2727 4452 2782 4498 et
2818 4452 2961 4499 terra
3007 4446 3175 4500 solem
3222 4448 3532 4501 contineat?
3589 4450 3654 4502 Et

2083 4540 2259 4587 tamen
2286 4549 2391 4588 non
2420 4534 2497 4588 sic
2525 4532 2757 4603 Spiritus
2777 4535 2872 4589 Dei
2902 4536 2926 4574 ε
2954 4534 3227 4591 ferebatur
3249 4552 3412 4607 super
3436 4553 3651 4607 aquam,

2081 4624 2218 4678 sicut
2264 4622 2599 4691 superfcrtur
2640 4624 2719 4679 sol
2773 4640 2935 4693 super
2983 4635 3200 4689 terram,
3230 4628 3321 4681 scd
3359 4627 3467 4682 alio
3496 4629 3657 4684 modo

2081 4729 2239 4783 quem
2266 4715 2420 4783 pauci
2452 4714 2773 4785 intelligunt.
2798 4714 2914 4770 Non
2936 4717 3077 4770 enim
3100 4732 3195 4785 per
3215 4719 3383 4786 spatia
3415 4719 3658 4773 locorum

2082 4803 2515 4873 superferebatur
2569 4821 2722 4874 aqute
2770 4805 2845 4859 illi
2893 4806 3135 4877 spiritus,
3184 4809 3321 4862 sicut
3369 4816 3528 4863 terrm
3579 4810 3661 4863 sol

2082 4894 2432 4964 superfertur,
2472 4897 2564 4949 sed
2592 4910 2690 4964 per
2720 4896 3011 4965 potentiam
3050 4897 3331 4952 invisibilis
3356 4898 3662 4954 sublimita-

2080 4986 2152 5039 tis
2174 5000 2302 5039 suae.
2344 4985 2535 5040 Dicant
2570 4994 2747 5040 autem
2775 4987 2931 5041 nobis
2957 4986 3065 5049 isti,
3092 4991 3357 5058 quomodo
3381 4990 3465 5044 his
3496 4992 3659 5046 rebus

2081 5091 2200 5145 quze
2226 5076 2548 5131 fabricanda:
2578 5085 2757 5142 erunt,
2785 5078 3152 5147 superferatur
3194 5081 3443 5136 voluntas
3480 5081 3653 5140 fabri.

2082 5169 2235 5236 Quod
2260 5168 2305 5223 si
2346 5171 2459 5223 hmc
2494 5169 2726 5223 humana
2757 5179 2811 5224 et
2843 5171 3150 5239 quotidiana
3176 5188 3280 5227 non
3310 5174 3658 5242 comprehen-

2082 5265 2232 5325 dunt.
2262 5264 2485 5317 timeant
2512 5263 2700 5327 Deum,
2725 5271 2779 5317 et
2804 5263 3031 5332 simplici
3066 5267 3224 5319 corde
3250 5265 3392 5334 quod
3431 5281 3538 5319 non
3572 5266 3653 5319 in-

2082 5357 2326 5427 telligunt
2359 5363 2631 5425 quaerant,
2661 5371 2728 5410 ne
2769 5372 2888 5410 cum
2932 5356 3115 5410 volunt
3153 5357 3331 5411 verbis
3382 5356 3654 5427 sacrilegis

2159 5522 2181 5582 ς
2208 5510 2264 5582 [in
2289 5510 2451 5582 editis
2479 5511 2669 5564 desunt
2702 5511 2815 5565 htrc
2849 5511 3032 5582 verba,
3056 5521 3110 5565 ut
3132 5529 3248 5582 1am
3278 5513 3526 5566 diximus.

2160 5580 2178 5619 ί
2223 5581 2359 5633 Editi
2395 5580 2596 5645 legunt,
2632 5596 2732 5633 non
2770 5581 3010 5633 sentitur.

2157 5653 2180 5689 ⁸
2218 5652 2349 5705 Cum
2379 5650 2540 5703 editis
2566 5650 2698 5718 lcgc,
2718 5650 3137 5720 superferebatur
3160 5669 3315 5721 super
3334 5668 3541 5723 «quam.
