3986 6168
318 324 453 377 HIS

1230 329 1356 384 LIB.
1398 326 1871 396 QUzESTlONUM
1914 327 2139 382 SUPER
2174 327 2303 382 LIB.
2347 328 2653 385 GENESIS.

3417 328 3556 383 lll-i

315 430 599 487 concidere
627 432 928 499 veritatem,
959 450 1119 505 quam
1146 437 1328 492 videre
1372 453 1481 493 non
1528 443 1767 507 possunt,
1792 451 1879 490 re-
1908 441 1957 497 Α
1983 444 2125 491 terra
2149 438 2412 508 appellata
2437 448 2541 495 est.
2576 441 2685 496 Isto
2714 454 2913 510 genere
2940 440 3231 497 locutionis
3258 439 3422 495 etiam
3453 441 3557 496 Do.

318 521 439 575 deat
465 519 571 574 illis
605 523 810 576 securis
859 522 913 576 in
963 538 1138 577 crura.
1191 525 1326 579 Nam
1375 526 1465 580 illa
1519 525 1727 581 concidi
1775 539 1881 579 non

316 617 514 679 potest,
543 627 663 681 quae
689 612 1140 669 incommutabilis
1172 624 1381 683 manet;
1420 616 1516 671 sed
1552 629 1883 686 quaecunque

316 702 487 773 plagae
533 704 588 759 in
641 703 787 759 illam
843 707 1053 762 emissae
1099 708 1317 775 fuerint,
1348 711 1802 780 repercutiuntur,
1829 720 1885 767 et

318 790 508 858 majori
536 792 645 846 ictu
670 794 897 849 redeunt
927 796 981 850 in
1007 810 1120 862 eos,
1148 798 1239 867 qui
1265 800 1470 854 caedere
1510 801 1708 857 audent
1744 806 1887 873 quod

318 883 539 938 credere
561 885 833 950 deberent,
855 894 914 940 ut
938 887 1234 959 intelligere
1253 899 1609 947 mererentur.

389 974 591 1028 Deinde
632 984 892 1043 quaerunt,
920 986 973 1031 et
1007 978 1311 1034 insultando
1357 978 1721 1054 interrogant,
1746 985 1887 1041 unde

319 1074 434 1120 erat
464 1067 574 1135 ipsa
602 1081 738 1135 aqua
772 1083 933 1137 super
964 1085 1125 1138 quam
1164 1069 1438 1127 ferebatur
1483 1075 1702 1144 spiritus
1755 1077 1882 1143 Dei;
1948 1070 1959 1085 ’

320 1155 579 1226 numquid
628 1159 771 1212 enim
824 1160 1072 1240 superius
1121 1161 1380 1230 scriptum
1418 1171 1527 1229 est,
1558 1167 1700 1235 quod
1745 1167 1887 1223 Deus

320 1262 514 1317 aquam
530 1247 716 1303 fecerit
729 1248 875 1305 ΠΙοε
891 1251 935 1304 si
951 1250 1037 1319 pie
1051 1262 1372 1320 quaererent,
1388 1254 1689 1311 invenirent
1701 1271 1888 1326 quem-

321 1339 602 1395 admodum
646 1341 1045 1411 intelligendum
1086 1353 1248 1399 esset.
1290 1344 1406 1400 Non
1450 1347 1594 1400 enim
1621 1363 1761 1417 aqua
1810 1348 1888 1403 sic

321 1433 584 1502 appeilata
610 1432 816 1488 esthoc
854 1433 993 1499 loco,
1021 1443 1081 1488 ut
1112 1436 1227 1491 haec
1263 1452 1293 1490 a
1336 1436 1491 1493 nobis
1537 1438 1884 1506 intelligatur,

322 1537 481 1591 quam
515 1522 696 1578 videre
716 1522 826 1591 jam
854 1532 908 1578 et
935 1532 1152 1595 tangere
1173 1528 1759 1596 possumus,quomodo
1789 1520 1888 1584 nec

318 1621 459 1667 terra
484 1627 604 1681 quae
635 1612 915 1667 invisibilis
937 1621 990 1668 et
1024 1615 1373 1685 incomposita
1422 1618 1561 1673 dicta
1605 1628 1687 1672 est
1709 1660 1723 1683 ,
1767 1620 1889 1675 talis

318 1710 465 1765 erat,
499 1700 673 1770 qualis
702 1702 805 1756 ista
848 1717 966 1771 quze
989 1702 1099 1772 jam
1137 1705 1303 1759 videri
1339 1714 1393 1760 et
1436 1709 1655 1762 tractari
1689 1717 1883 1778 potest.

1983 529 2161 585 minus
2185 530 2441 600 loquitur,
2469 548 2591 587 cum
2616 533 2746 588 dicit
2772 551 2785 587 :
2825 533 2947 588 1am
2972 549 3074 587 non
3105 532 3220 585 dico
3248 548 3335 585 vos
3362 548 3558 599 servos,

1981 620 2106 688 quia
2130 636 2307 674 servus
2329 622 2488 674 nescit
2503 622 2629 692 quid
2650 622 2814 691 faciat
2832 604 3075 676 dominus
3098 621 3234 691 ejus.
3271 618 3369 674 Vos
3385 630 3559 675 autem

1983 704 2095 760 dixi
2120 708 2473 778 amicos,quia
2492 710 2667 763 omnia
2694 726 2811 780 qua
2840 710 3017 763 audivi
3041 726 3073 762 a
3099 708 3259 762 Patre
3277 725 3415 770 meo,
3438 718 3560 762 nota

1985 797 2084 866 feci
2108 798 2249 852 vobis
2277 795 2460 870 (Joan.
2495 814 2586 864 xv,
2617 799 2726 870 15).
2750 798 2868 853 Non
2902 799 3027 868 quia
3056 797 3255 853 factum
3296 804 3435 862 erat,
3463 797 3557 852 sed

1984 889 2110 957 quia
2146 890 2444 944 certissime
2480 887 2719 944 futurum
2753 896 2891 945 erat.
2940 888 3074 943 Nam
3118 896 3240 958 post
3284 887 3558 957 paululum

1986 981 2115 1037 dicit
2143 981 2248 1037 illis
2276 995 2292 1034 :
2323 982 2505 1035 Adhuc
2536 981 2699 1035 multa
2738 983 2902 1035 habeo
2938 982 3109 1035 dicere
3142 980 3313 1045 vobis,
3334 980 3425 1034 sed
3456 995 3562 1034 non

1984 1073 2194 1142 potestis
2220 1080 2426 1143 portare
2449 1072 2603 1126 modo
2646 1073 2842 1144 (Joan.
2872 1070 3130 1143 xv1,12).
3176 1071 3248 1127 Ut
3274 1071 3400 1141 quid
3428 1085 3558 1140 ergo

1986 1161 2195 1217 dixerat
2218 1181 2230 1215 :
2261 1161 2452 1217 Omnia
2472 1179 2589 1233 quae
2614 1163 2788 1219 audivi
2818 1181 2851 1218 a
2877 1163 3038 1217 Patre
3057 1179 3170 1218 meo
3196 1172 3317 1218 nota
3347 1164 3445 1233 feci
3473 1179 3562 1217 uo-

1986 1250 2083 1315 bis,
2107 1251 2210 1305 nisi
2239 1252 2362 1321 quia
2386 1251 2589 1307 sciebat
2612 1252 2716 1308 hoc
2740 1267 2798 1307 se
2815 1267 2934 1308 esse
2954 1252 3253 1308 facturum?
3285 1252 3376 1308 Sic
3394 1253 3558 1307 etiam

1987 1341 2184 1397 coelum
2237 1349 2291 1397 et
2326 1347 2471 1396 terra
2512 1342 2684 1411 potuit
2728 1342 2831 1398 dici
2873 1342 3099 1396 materia
3133 1342 3276 1397 unde
3321 1342 3558 1397 nondum

1985 1438 2102 1485 erat
2130 1430 2330 1485 factum
2358 1430 2552 1486 ctelum
2583 1438 2638 1489 et
2663 1437 2826 1495 terra,
2856 1430 2950 1485 sed
2972 1438 3154 1485 tamen
3200 1446 3306 1486 non
3345 1431 3560 1486 aliunde

1985 1519 2285 1575 faciendum
2311 1531 2449 1577 erat.
2494 1519 2919 1575 Innumerabiles
2966 1520 3102 1576 tales
3156 1520 3451 1576 locutiones
3499 1521 3555 1575 in

1986 1610 2270 1680 scripturis
2305 1610 2503 1665 divinis
2529 1610 2896 1676 inveniuntur,
2924 1610 3064 1665 sicut
3091 1611 3147 1664 in
3173 1610 3561 1665 consuetudine

1989 1699 2251 1754 sermonis
2297 1699 2490 1766 nostri,
2522 1716 2645 1755 cum
2691 1701 2744 1755 id
2790 1701 2933 1770 quod
2981 1699 3280 1756 certissime
3321 1697 3559 1753 futurum

321 1790 423 1845 Sed
457 1791 584 1850 illud
612 1791 755 1861 quod
783 1791 984 1846 dictum
1014 1801 1097 1847 est
1121 1811 1133 1846 :
1159 1793 1225 1847 In
1252 1795 1504 1865 principio
1533 1772 1722 1850 creavit
1747 1797 1887 1853 Deus
1920 1772 1962 1832 Β
1991 1805 2287 1861 speramus.
2321 1791 2548 1846 diCimllS
2580 1790 2726 1860 tiam
2752 1790 2954 1847 factum
2973 1797 3122 1863 pulo.

321 1880 503 1934 cadum
557 1888 604 1933 et
648 1889 840 1934 terram
889 1880 1040 1952 (Gen.
1067 1899 1105 1948 1,
1138 1882 1209 1954 1),
1238 1883 1358 1938 cmli
1387 1893 1440 1939 et
1475 1893 1630 1940 terra:
1672 1889 1889 1943 nomine

323 1973 573 2026 universa
600 1980 847 2027 creatura
884 1975 1183 2045 significata
1215 1984 1313 2041 est,
1340 1993 1502 2047 quam
1532 1979 1656 2034 fecit
1683 1989 1737 2034 et
1765 1996 1890 2035 con-

324 2063 455 2117 didit
486 2064 644 2119 Deus.
669 2064 790 2119 ldeo
819 2073 995 2121 autem
1036 2068 1343 2123 nominibus
1381 2070 1673 2125 visibilium
1709 2088 1890 2126 rerum

322 2151 434 2206 haec
456 2152 718 2221 appellata
738 2161 880 2219 sunt,
894 2162 1113 2224 propter
1130 2157 1473 2224 parvulorum
1503 2158 1886 2228 inﬁrmitatem,

322 2245 413 2314 qui
462 2246 640 2301 minus
685 2246 858 2301 idonei
906 2254 1030 2302 sunt
1075 2248 1363 2302 invisibilia
1415 2251 1887 2318 comprehendere.

322 2333 502 2389 Primo
525 2351 652 2406 ergo
676 2336 900 2391 materia
936 2336 1077 2392 facta
1124 2345 1208 2392 est
1255 2338 1476 2393 confusa
1523 2346 1576 2393 et
1624 2339 1887 2406 informis,

322 2424 463 2479 unde
508 2427 688 2480 omnia
739 2426 931 2482 ﬁerent
979 2444 1098 2498 quae
1149 2427 1400 2483 distincta
1451 2436 1613 2499 atque
1663 2428 1891 2485 formata

323 2523 468 2579 sunt,
500 2515 642 2585 quod
668 2510 830 2572 credo
853 2532 884 2571 a
904 2516 1107 2573 Graecis
1129 2517 1298 2573 Chaos
1323 2518 1603 2589 appellari.
1633 2518 1723 2574 Sic
1748 2521 1891 2575 enim

322 2615 376 2660 et
402 2607 508 2664 alio
536 2607 653 2663 loco
674 2608 901 2679 legimus
925 2610 1126 2665 dictum
1152 2611 1205 2665 in
1234 2611 1479 2665 laudibus
1504 2611 1620 2676 Dei,
1669 2610 1772 2676 Qui
1821 2613 1895 2682 fe-

323 2698 438 2750 cisti
468 2699 717 2752 mundum
758 2699 822 2754 de
862 2701 1082 2753 materia
1137 2699 1372 2769 informi,
1403 2708 1533 2765 etc.,
1561 2701 1705 2769 quod
1730 2700 1893 2771 aliqui

324 2788 536 2843 codices
562 2788 762 2842 habent
788 2789 852 2841 de
874 2790 1092 2843 materia
1121 2790 1307 2842 invisa.

394 2881 460 2935 Et
485 2881 604 2936 ideo
628 2881 769 2936 Deus
798 2882 1097 2936 rectissime
1124 2881 1362 2935 creditur
1395 2881 1575 2937 omnia
1619 2882 1683 2936 de
1723 2883 1893 2937 nihilo

324 2968 533 3034 fecisse,
564 2970 688 3039 quia
713 2969 924 3025 etiamsi
956 2969 1135 3024 omnia
1164 2968 1391 3024 formata
1418 2971 1484 3025 de
1518 2970 1617 3025 ista
1664 2972 1893 3027 materia

323 3062 461 3119 facta
483 3070 625 3127 sunt,
658 3063 774 3118 haec
798 3063 911 3132 ipsa
945 3069 1122 3117 tamen
1154 3063 1378 3117 materia
1423 3063 1489 3118 de
1535 3063 1702 3117 nihilo
1751 3064 1891 3119 facta

320 3165 422 3212 est.
451 3154 568 3209 Non
591 3154 731 3208 enim
762 3151 1019 3209 debemus
1043 3168 1163 3209 esse
1191 3153 1392 3210 similes
1417 3153 1555 3218 istis,
1579 3154 1671 3222 qui
1717 3156 1890 3209 omni-

322 3252 596 3316 potentem
623 3244 791 3297 Deum
818 3258 922 3298 non
952 3242 1179 3298 credunt
1202 3242 1402 3311 aliquid
1425 3243 1490 3298 de
1520 3243 1688 3299 nihilo
1717 3239 1894 3299 facere

324 3335 580 3405 potuisse,
595 3340 716 3390 cum
737 3335 1078 3390 considerant
1093 3333 1274 3388 fabros
1296 3341 1350 3388 et
1374 3334 1647 3404 quoslibet
1669 3334 1891 3404 opifices

324 3444 429 3483 non
459 3442 617 3498 posse
642 3426 841 3496 aliquid
873 3425 1158 3492 fabricare,
1188 3425 1293 3480 nisi
1319 3425 1602 3481 habuerint
1632 3427 1773 3480 unde
1820 3425 1897 3479 fa-

323 3518 550 3573 bricent.
603 3517 672 3571 Et
724 3517 867 3588 ligna
911 3518 1054 3572 enim
1093 3516 1347 3586 adjuvant
1377 3517 1682 3580 fabrum,et
1705 3531 1895 3585 argen-

323 3615 436 3660 tum
478 3606 695 3675 adjuvat
744 3607 1128 3677 argentarium,
1174 3614 1229 3660 et
1275 3621 1466 3658 aurum
1515 3606 1808 3667 aurificem,
1844 3612 1898 3659 et

325 3704 467 3749 terra
496 3694 716 3764 ﬁgulum
743 3693 975 3761 adjuvat,
1002 3703 1061 3747 ut
1087 3694 1260 3762 possit
1287 3693 1548 3761 perficere
1568 3706 1729 3760 opera
1777 3708 1893 3747 sua.

327 3784 385 3837 Si
413 3784 556 3836 enim
586 3798 691 3835 non
712 3782 1029 3851 adjuventur
1052 3797 1116 3837 ea
1141 3783 1363 3836 materia
1401 3782 1543 3836 unde
1583 3781 1784 3850 aliquid
1817 3780 1897 3836 fa-

329 3872 500 3934 ciunt,
531 3871 663 3925 nihil
719 3879 944 3940 possunt
970 3870 1333 3936 facere,cum
1387 3870 1667 3924 materiam
1727 3871 1897 3939 ipsam

329 3977 435 4017 non
474 3962 575 4032 ipsi
603 3960 825 4016 faciunt.
874 3961 989 4017 Non
1031 3963 1175 4017 enim
1210 3962 1364 4018 faber
1392 3961 1521 4016 facit
1549 3962 1774 4032 lignum,
1802 3961 1897 4017 sed

326 4054 392 4108 de
422 4052 566 4122 ligno
593 4051 794 4122 aliquid
838 4051 989 4118 facit,
1015 4052 1095 4107 sic
1123 4060 1177 4107 et
1204 4052 1385 4106 caeteri
1427 4066 1616 4106 omnes
1656 4050 1895 4120 opifices.

288 4150 295 4155 '
326 4139 677 4210 Omnipotens
705 4148 884 4195 autem
920 4140 1060 4195 Deus
1096 4140 1244 4197 nulla
1282 4155 1342 4194 re
1384 4138 1715 4207 adjuvandus
1758 4148 1897 4205 erat,

326 4248 487 4302 quam
514 4232 628 4303 ipse
654 4248 760 4286 non
795 4230 1018 4297 fecerat,
1048 4240 1107 4286 ut
1131 4231 1271 4301 quod
1300 4231 1512 4287 volebat
1535 4229 1797 4297 elIiceret;
1851 4230 1897 4285 si

327 4326 471 4380 enim
496 4324 561 4379 ad
587 4338 680 4379 eas
709 4339 796 4379 res
821 4339 956 4393 quas
987 4323 1162 4379 facere
1201 4323 1434 4390 volebat,
1462 4322 1747 4392 adjuvabat
1773 4337 1897 4377 eum

328 4415 505 4484 aliqua
529 4429 615 4468 res
643 4429 801 4483 quam
833 4414 945 4484 ipse
978 4410 1084 4470 non
1110 4413 1346 4479 fecerat,
1375 4428 1482 4469 non
1510 4421 1628 4469 erat
1653 4414 1899 4483 omnipo-
1924 4441 1977 4501 Β

330 4513 477 4571 lens;
506 4504 649 4573 quod
674 4504 991 4573 sacrilegum
1020 4513 1102 4560 est
1129 4506 1370 4561 credere.
1806 4548 1815 4553 -

400 4595 647 4653 Informis
673 4611 799 4666 ergo
829 4595 917 4650 illa
956 4596 1179 4651 materia
1210 4612 1373 4665 quam
1425 4596 1492 4651 de
1542 4594 1710 4650 nihilo
1761 4594 1902 4648 Deus

326 4684 476 4751 fecit,
504 4687 765 4756 appellata
793 4694 876 4740 est
899 4687 1075 4755 primo
1117 4687 1314 4742 caelum
1352 4695 1407 4741 et
1449 4694 1616 4751 terra,
1638 4695 1743 4739 non
1773 4683 1898 4752 quia

330 4777 434 4831 hoc
453 4775 564 4845 jam
596 4764 734 4843 erat,
763 4778 855 4833 sed
882 4778 1010 4846 quia
1058 4778 1162 4832 hoc
1206 4792 1327 4832 esse
1371 4783 1602 4845 poterat.
1659 4775 1795 4828 Nam
1848 4780 1903 4827 et

328 4867 525 4922 coelum
555 4876 741 4938 postea
779 4870 1034 4924 scribitur
1077 4867 1295 4921 factum.
1348 4865 1811 4932 Quemadmodum
1857 4864 1903 4917 si

330 4973 514 5012 semen
551 4960 761 5014 arboris
797 4950 1221 5022 considerantes,
1245 4955 1488 5010 dicamus
1512 4956 1585 5010 ibi
1620 4969 1738 5010 esse
1764 4954 1905 5008 radi-

327 5062 421 5103 ces
448 5055 502 5103 et
531 5049 718 5114 robur,
748 5065 950 5115 ramos,
975 5037 1285 5113 fructusfet
1310 5045 1470 5111 folia;
1501 5060 1609 5100 non
1641 5046 1764 5114 quia
1790 5043 1902 5113 jam

330 5146 480 5205 sunt,
508 5141 602 5194 sed
632 5141 755 5209 quia
785 5140 906 5194 inde
946 5138 1123 5193 futura
1159 5146 1313 5192 sunt:
1360 5135 1452 5191 Sic
1497 5135 1702 5191 dictum
1752 5145 1834 5191 est
1886 5150 1901 5189 :

329 5229 399 5283 In
426 5231 679 5300 principio
708 5229 827 5299 fecit
852 5229 993 5282 Deus
1019 5227 1201 5282 caelum
1229 5236 1275 5281 et
1299 5235 1516 5291 terram,
1543 5226 1696 5296 quasi
1722 5239 1905 5280 semen

328 5318 454 5374 coeli
496 5327 549 5373 et
576 5329 756 5384 terrae,
788 5331 813 5359 ι
844 5334 966 5372 cum
1007 5316 1230 5372 confusa
1269 5317 1445 5372 adhuc
1494 5310 1638 5371 esset
1689 5315 1812 5371 caeli
1855 5322 1909 5369 et

329 5419 490 5465 terra:
516 5409 757 5464 materia.
799 5407 904 5463 Sed
932 5409 1057 5478 quia
1094 5416 1301 5463 certum
1334 5413 1450 5461 erat
1499 5407 1622 5461 inde
1667 5403 1905 5460 futurum

328 5514 449 5555 esse
476 5499 671 5555 ctelum
693 5506 747 5552 et
773 5505 994 5564 terram,
1014 5498 1123 5568 jam
1153 5507 1208 5553 et
1237 5499 1351 5568 ipsa
1380 5497 1605 5553 materia
1629 5495 1824 5552 coelum
1854 5502 1909 5549 et

401 5644 426 5672 ιι
462 5631 600 5686 Editi
626 5631 825 5699 legunt,
851 5646 967 5683 cum
996 5631 1050 5683 in
1076 5629 1293 5699 confuso
1324 5629 1497 5684 adhuc
1521 5635 1667 5683 esset.

408 5702 434 5742 ιθ
474 5702 616 5771 Lege
635 5697 755 5756 cum
783 5701 959 5766 editis,
987 5697 1265 5766 appellare.

2060 1881 2211 1936 Hanc
2237 1891 2414 1937 autem
2436 1883 2612 1939 adhuc
2637 1882 2919 1938 informem
2949 1883 3234 1939 materiam
3268 1882 3433 1938 etiam
3458 1889 3565 1936 ter—

1989 1986 2105 2025 ram
2134 1972 2452 2028 invisibilem
2486 1981 2541 2027 et
2566 1974 2974 2043 incompositam
3016 1973 3184 2028 voluit
3206 1974 3235 2013 δ
3263 1973 3558 2043 appellari;

1991 2063 2115 2132 quia
2141 2063 2283 2117 inter
2305 2064 2484 2118 omnia
2512 2063 2779 2117 elementa
2801 2063 3005 2128 mundi,
3036 2071 3181 2117 terra
3204 2062 3419 2117 videtur
3461 2061 3564 2114 mi-

1990 2169 2092 2207 nus
2116 2153 2358 2222 speciosa
2392 2168 2552 2221 quam
2582 2160 2797 2207 cmtera.
2829 2152 3157 2206 lnvisibilem
3196 2158 3374 2205 autem
3427 2151 3563 2205 dixit

1988 2251 2207 2315 propter
2232 2244 2633 2308 obscuritatem,
2664 2252 2719 2297 et
2763 2243 3170 2313 incompositam
3218 2250 3439 2312 propter
3484 2241 3564 2294 iu-

1991 2333 2336 2388 formitatem.
2366 2332 2620 2388 Eamdem
2657 2333 2829 2403 ipsam
2865 2334 3147 2389 materiam
3180 2333 3342 2387 etiam
3368 2346 3561 2400 aquam

1992 2424 2299 2495 appellavit,
2323 2437 2483 2494 super
2519 2439 2679 2493 quam
2714 2423 2987 2480 ferebatur
3021 2424 3255 2493 Spiritus
3280 2424 3397 2488 Dei,
3425 2424 3566 2478 sicut

1992 2514 2323 2586 superfertur
2343 2514 2669 2572 fabricandis
2695 2516 2941 2571 voluntas
2961 2516 3213 2581 artificis;
3271 2517 3414 2585 quod
3457 2516 3557 2570 etsi

1990 2620 2282 2687 paucorum
2328 2604 2677 2676 intelligentia
2739 2615 2915 2676 potest
2961 2607 3225 2676 attingere
3251 2647 3265 2671 ,
3313 2605 3566 2660 humanis

1994 2706 2170 2752 tamen
2189 2697 2367 2751 verbis
2391 2697 2572 2751 nescio
2596 2705 2776 2750 utrum
2801 2712 2830 2751 a
2851 2697 3037 2767 paucis
3064 2697 3369 2752 hominibus
3396 2698 3568 2766 possit

1993 2788 2206 2858 exponi.
2250 2774 2540 2858 Propterea
2585 2787 2730 2842 enim
2775 2802 2881 2842 non
2938 2787 3169 2842 absurde
3214 2787 3377 2842 etiam
3425 2800 3565 2854 aqua

1993 2877 2133 2932 dicta
2154 2884 2236 2931 est
2260 2876 2361 2931 ista
2388 2877 2636 2942 materia,
2664 2876 2788 2945 quia
2815 2876 2994 2929 omnia
3028 2890 3148 2945 qua:
3186 2875 3240 2929 in
3276 2862 3428 2929 terra
3469 2890 3567 2956 na-

1994 2973 2236 3030 scuntur,
2260 2966 2374 3020 sive
2418 2966 2689 3033 animalia,
2715 2966 2828 3020 sive
2868 2965 3048 3020 herba:
3064 3005 3078 3031 ,
3102 2964 3189 3020 vel
3230 2965 3454 3019 arbores
3473 3005 3495 3031 ,
3513 2972 3568 3019 et

1998 3056 2085 3110 bis
2109 3055 2326 3121 similia,
2354 3056 2422 3110 ab
2447 3056 2674 3110 humore
2708 3054 2969 3123 incipiunt
3004 3052 3227 3108 formari
3269 3061 3431 3122 atque
3467 3068 3570 3106 nu-

1999 3147 2135 3200 triri.
2159 3146 2286 3201 Haec
2303 3160 2429 3216 ergo
2454 3146 2671 3201 nomina
2696 3145 2895 3209 omnia,
2928 3145 3041 3200 sive
3071 3144 3265 3199 etelum
3295 3152 3349 3198 et
3394 3152 3561 3207 terra,

1996 3241 2108 3295 sive
2138 3248 2280 3295 terra
2305 3241 2592 3296 invisibilis
2615 3248 2669 3295 et
2698 3241 3073 3308 incomposita,
3097 3247 3151 3293 et
3177 3240 3407 3309 abyssus
3446 3254 3567 3294 cum

1995 3332 2250 3396 tenebris,
2281 3332 2393 3385 sive
2420 3347 2556 3401 aqua
2601 3346 2763 3400 super
2801 3346 2963 3399 quam
3001 3329 3234 3399 Spiritus
3272 3329 3565 3397 ferebatur,

1994 3421 2212 3476 nomina
2261 3428 2387 3475 sunt
2439 3421 2685 3475 informis
2724 3420 2996 3486 materiai;
3029 3428 3089 3474 ut
3116 3436 3204 3475 res
3225 3420 3405 3490 ignota
3428 3422 3571 3476 notis

1994 3510 2270 3565 vocabulis
2304 3511 2666 3565 insinuaretur
2698 3510 3153 3578 imperitioribus;
3208 3518 3263 3565 et
3308 3525 3415 3566 non
3459 3527 3570 3567 uno

1994 3599 2277 3665 vocabulo,
2307 3599 2401 3654 sed
2437 3599 2650 3665 multis;
2705 3613 2772 3653 ne
2815 3598 2861 3651 si
2903 3613 3067 3653 unum
3107 3606 3280 3663 esset,
3308 3598 3409 3653 hoc
3451 3614 3573 3654 esse

1994 3696 2278 3757 putaretur
2300 3687 2441 3756 quod
2456 3693 2845 3741 consueverant
2862 3685 3107 3740 homines
3126 3685 3181 3739 in
3204 3685 3293 3740 illo
3308 3687 3570 3742 vocabulo

1998 3774 2318 3846 intelligere.
2350 3787 2373 3815 ο
2404 3776 2557 3830 Dicta
2581 3783 2665 3830 est
2684 3775 2880 3831 omium
2915 3783 2969 3829 et
2992 3782 3159 3840 terra,
3181 3774 3306 3844 quia
3338 3773 3458 3829 inde
3487 3774 3573 3828 fu-

2000 3875 2181 3921 turum
2207 3874 2324 3921 erat
2353 3866 2547 3922 ctelum
2566 3874 2619 3921 et
2639 3874 2803 3920 terra.
2829 3865 2980 3919 Dicta
3002 3871 3085 3918 est
3113 3871 3259 3918 terra
3286 3862 3571 3918 invisibilis

1997 3967 2051 4015 et
2076 3954 2448 4029 incomposita,
2474 3966 2528 4013 et
2555 3958 2788 4014 tenebras
2822 3971 2983 4027 super
3016 3956 3292 4026 abyssum,
3319 3954 3446 4023 quia
3486 3955 3571 4010 in-

1997 4051 2187 4106 formis
2223 4057 2362 4116 erat,
2386 4057 2442 4105 et
2486 4049 2629 4105 nulla
2673 4048 2848 4120 specie
2874 4047 3024 4103 cerni
3045 4054 3139 4101 aut
3166 4046 3389 4101 tractari
3422 4056 3574 4115 pote.

1999 4148 2103 4206 rat,
2129 4142 2340 4196 etiamsi
2368 4148 2511 4196 esset
2537 4142 2699 4197 homo
2724 4142 2816 4212 qui
2849 4140 3056 4196 videret
3087 4147 3250 4211 atque
3291 4146 3571 4195 tractaret.

2000 4230 2151 4285 Dicta
2180 4240 2263 4286 est
2286 4231 2587 4300 aqua,quia
2612 4230 2788 4287 facilis
2811 4238 2866 4286 et
2887 4230 3101 4285 ductilis
3122 4229 3433 4298 subjacebat
3452 4243 3576 4296 ope-

1999 4322 2162 4386 ranti,
2194 4329 2253 4375 ut
2299 4322 2365 4376 de
2402 4321 2493 4375 illa
2527 4322 2709 4376 omnia
2753 4320 3116 4375 formarentur
3161 4335 3176 4373 :
3216 4319 3311 4374 sed
3350 4319 3451 4374 sub
3488 4318 3575 4373 his
3618 4376 3627 4381 _

2001 4406 2589 4465 omnibus'nominibus
2616 4409 2839 4463 materia
2862 4416 2980 4462 erat
3008 4407 3180 4462 invisa
3213 4415 3269 4462 et
3305 4404 3573 4472 informis,

2004 4501 2069 4556 de
2088 4514 2192 4568 qua
2222 4498 2363 4552 Deus
2398 4498 2634 4552 condidit
2663 4497 2941 4552 mundum.

2071 4586 2099 4626 (ι
2124 4586 2191 4640 1η
2209 4586 2466 4657 principio
2488 4588 2677 4641 creavit
2704 4585 2846 4640 Deus
2871 4584 3055 4640 caelum
3080 4594 3127 4640 et
3169 4593 3383 4640 terram.
3427 4584 3574 4640 Istud

2003 4675 2297 4745 capitulum
2324 4674 2583 4731 librorum
2609 4676 2846 4732 omnium
2872 4683 3030 4745 caput
3062 4684 3173 4741 est;
3212 4676 3388 4731 omnis
3424 4686 3564 4729 nam.

2003 4783 2107 4837 que
2119 4765 2394 4835 Scriptura
2410 4767 2586 4822 divina
2605 4768 2858 4837 bipertita
2878 4776 2981 4833 est,
2997 4769 3162 4824 Vetus
3175 4768 3576 4822 Testamentum

2004 4865 2059 4911 et
2083 4857 2310 4911 Novum.
2334 4856 2452 4911 Alia
2478 4858 2674 4926 quippe
2709 4868 2834 4913 sunt
2855 4858 2947 4912 ubi
2974 4865 3175 4912 aeterna
3226 4856 3569 4920 intimantur,

2003 4955 2064 5000 ut
2086 4953 2207 5000 est:
2241 4944 2311 4999 In
2339 4947 2596 5016 principio
2637 4932 2749 5001 erat
2792 4945 3016 5001 Verbum
3065 4945 3247 5017 (Joan.
3271 4960 3312 5009 1,
3338 4942 3582 5014 l).-Alia

2005 5040 2147 5096 facta
2190 5048 2503 5105 narrantur,
2531 5048 2593 5094 ut
2625 5047 2747 5095 est:
2779 5039 2875 5094 In’
2889 5039 3146 5110 principio
3195 5037 3400 5109 creavit.
3436 5035 3580 5090 Deus

2008 5132 2190 5187 caelum
2223 5142 2272 5187 et
2301 5141 2494 5186 terram
2521 5130 2674 5204 (Gen.
2706 5149 2746 5196 1,
2775 5131 2849 5201 1).
2879 5131 2998 5185 Alia
3026 5130 3205 5187 futura
3228 5127 3580 5198 pronuntian-

2008 5231 2114 5289 tur,
2140 5230 2200 5297 ut
2226 5231 2311 5277 est
2338 5239 2351 5274 :
2382 5222 2513 5297 Cum
2555 5222 2746 5276 venerit
2791 5219 2934 5289 ﬁlius
2974 5219 3197 5273 hominis
3226 5218 3283 5271 in
3307 5216 3579 5286 majestate

2008 5330 2106 5368 sua
2144 5312 2293 5383 (Luc.
2319 5328 2394 5378 1x,
2418 5299 2530 5381 26).
2558 5311 2676 5366 Alia
2698 5325 2825 5365 vero
2850 5318 2974 5365 sunt
3002 5325 3122 5379 qure
3156 5308 3357 5378 agenda
3386 5304 3578 5375 praeci-

2010 5402 2248 5470 piuntur,
2278 5415 2400 5481 cum
2428 5400 2627 5453 dicitur
2664 5416 2677 5453 :
2712 5399 2909 5469 Diliges
2934 5400 3229 5468 proximum
3272 5405 3421 5449 tuum
3447 5394 3579 5449 sicut

2010 5493 2253 5563 teipsum,
2278 5497 2383 5545 etc.
2403 5489 2617 5562 (Matth.
2641 5506 2776 5555 χιιι,
2796 5488 2909 5560 59).
2926 5488 3183 5558 Bipertita
3197 5500 3325 5542 vero
3335 5492 3438 5550 est,
3461 5482 3582 5554 quia

2082 5633 2105 5692 ς
2147 5622 2286 5675 Editi
2309 5620 2512 5692 legunt,
2542 5620 2736 5676 dictum
2764 5628 2838 5692 est
2865 5637 2986 5692 ergo
3020 5619 3223 5692 caelum.

2081 5691 2107 5731 ιι
2132 5692 2210 5747 Ex
2227 5683 2543 5764 Augustino,
2559 5692 2625 5748 de
2640 5691 2834 5748 Genesi
2855 5683 3199 5757 ad'littcram,
3220 5689 3312 5745 lib.
3331 5705 3372 5756 1,
3385 5698 3503 5756 cap.
3529 5683 3584 5752 ι,
