3986 6168
434 283 573 340 illi}

1920 256 2208 312 WlCBODl

3547 250 3691 303 ill6

433 401 560 447 sunt
588 389 691 444 alia
717 400 834 455 qua:
860 378 1149 440 secundum
1179 375 1403 446 figuram
1445 373 1587 428 dicta
1629 378 1782 434 sunt,
1810 379 1869 424 ut
1915 375 1999 422 est
2027 371 2071 426 Α
2101 375 2330 420 tantum.
2371 364 2522 420 Sicut
2553 365 2714 419 bomo
2745 365 2877 418 duas
2918 362 3205 432 parabolas
3239 363 3481 433 cognitas
3518 364 3687 418 simul

435 482 650 534 Cantica
674 476 1014 533 canticorum,
1040 477 1094 522 et
1127 477 1181 521 ut
1215 476 1297 522 est
1329 480 1342 519 :
1380 465 1588 519 Audivit
1624 461 1794 515 Adam
1829 474 2001 513 vocem

437 567 645 622 Domini
679 565 770 618 Dei
809 558 1188 615 deambulantis
1230 557 1286 610 in
1321 553 1566 624 paradiso
1617 551 1770 621 (Gen.
1800 565 1884 613 ιιι,
1908 547 1996 616 8);

434 666 490 712 et
505 657 608 709 alia
636 661 760 708 sunt
786 649 1076 705 secundum
1104 661 1283 700 rerum
1311 651 1581 712 gestarum
1602 640 1783 704 ﬁdem,
1799 646 1857 692 ut
1875 645 1958 691 est
1983 653 1996 688 :

434 745 575 814 quod
609 741 836 812 populus
861 739 1046 793 exiens
1091 737 1156 791 de
1195 735 1449 804 JEgypto,
1472 747 1570 800 per
1600 745 1745 784 mare
1778 728 2004 798 pedibus

434 833 745 888 ambulavit.
791 829 909 883 Alia
952 842 1078 881 vero
1124 832 1247 880 sunt
1291 838 1410 892 qua:
1447 829 1674 890 utroque
1703 818 1846 872 dicta
1878 824 2004 870 sunt

436 925 616 987 modo,
641 930 699 976 ut
722 929 804 976 est
835 920 1093 973 transitus
1117 916 1283 970 maris
1314 913 1502 979 Rubri,
1528 921 1582 967 et
1611 907 1866 966 miracula
1908 907 1997 961 illa

433 1031 554 1085 qua:
583 1014 836 1068 Dominus
871 1011 924 1063 in
959 1007 1246 1077 Evangelio
1275 1004 1420 1060 fecit.

505 1103 572 1156 In
592 1101 845 1172 principio
867 1098 1055 1152 creavit
1079 1096 1219 1150 Deus
1241 1093 1423 1149 coelum
1450 1101 1497 1148 et
1527 1101 1742 1146 terram.

505 1195 571 1247 D.
605 1191 983 1262 lnquireudum
1013 1201 1351 1256 summopere
1375 1192 1475 1248 est,
1500 1184 1555 1238 in
1583 1197 1688 1252 quo
1714 1179 2000 1251 principio,

435 1294 615 1339 utrum
644 1284 696 1336 in
721 1281 985 1352 principio
1011 1278 1286 1348 temporis,
1316 1292 1385 1330 an
1418 1276 1474 1330 in
1509 1273 1794 1345 principio,
1814 1278 1874 1324 ut
1901 1272 2005 1325 hoc

433 1383 577 1432 esset
617 1375 829 1430 initium
871 1379 1130 1428 creatura:
1173 1369 1288 1439 ejus
1323 1384 1390 1424 ex
1416 1383 1522 1438 quo
1549 1366 1653 1420 alia
1686 1379 1806 1420 esse
1829 1376 2007 1432 coepe-

437 1477 596 1532 runt,
619 1481 727 1520 non
760 1464 903 1520 enim
929 1470 1198 1519 comterna
1225 1461 1335 1515 Deo
1359 1473 1572 1528 semper
1592 1455 1828 1510 fuerunt.

508 1558 587 1611 Μ.
617 1558 868 1612 Dicamus
891 1555 1017 1624 quia
1058 1554 1112 1607 in
1143 1551 1407 1623 principio
1432 1547 1535 1605 sibi
1565 1556 1833 1602 coacteruo
1882 1542 2009 1598 fecit

435 1651 575 1705 Deus
620 1647 814 1704 caelum
859 1653 914 1701 et
958 1652 1181 1709 terram,
1210 1642 1265 1696 in
1302 1640 1575 1710 unigenito
1615 1636 1752 1692 Filio
1790 1635 1881 1704 qui
1919 1644 2006 1690 cst

2103 475 2207 513 non
2238 465 2411 527 potest
2436 471 2720 521 enarrare,
2762 457 2834 510 ita
2862 465 2916 510 et
2945 456 3201 510 Dominus
3228 455 3387 519 fecit,
3420 457 3545 524 quia
3579 457 3688 511 hoc

2100 549 2250 618 prius
2277 549 2550 603 enarravit
2570 547 2713 616 quod
2735 547 2997 616 originem
3021 546 3228 609 habuit,
3255 553 3308 598 et
3332 554 3518 614 postea
3541 547 3688 615 quod

2101 641 2294 695 exinde
2314 640 2515 695 factum
2537 639 2657 706 fuit,
2681 639 2928 709 quamvis
2948 647 3237 706 utrumque
3261 638 3421 692 simul
3445 636 3686 700 fecisset,

2103 742 2162 788 ut
2191 733 2333 802 quod
2359 733 2472 786 sola
2501 732 2708 798 origine
2742 731 2894 799 prius
2925 738 3008 784 est
3041 731 3094 783 in
3134 729 3400 793 faciendo,
3432 729 3584 799 prius
3619 731 3691 782 sit

2102 840 2166 878 ex
2197 833 2438 892 tempore
2466 821 2787 877 enarranda.
2822 821 2963 889 Ergo
2994 819 3122 874 dum
3153 820 3437 887 oportebat
3465 827 3524 871 ut
3553 819 3689 872 scri-

2099 923 2258 984 ptura
2299 920 2486 968 sancta
2529 921 2820 981 utrumque
2855 920 3184 975 enarrasset,
3229 919 3338 964 tam
3377 925 3464 964 res
3505 918 3686 979 gestas

2102 1019 2263 1074 quam
2288 1019 2377 1058 res
2401 1011 2705 1068 enarratas,
2735 1002 2876 1071 quod
2901 1001 3095 1056 exinde
3126 1000 3327 1056 factum
3354 1009 3438 1054 est
3466 1009 3688 1069 propter

2103 1097 2394 1150 tardiorem
2438 1094 2799 1160 intellectum,
2843 1102 2904 1148 ut
2949 1108 3144 1164 capere
3191 1092 3521 1161 potuissent,
3558 1091 3689 1159 quia

2106 1202 2192 1242 res
2219 1201 2494 1261 corporeae
2537 1201 2601 1240 ex
2627 1186 2810 1255 aliquo
2857 1184 3089 1249 ﬁebant;
3127 1184 3251 1252 quia
3299 1182 3430 1236 nihil
3463 1183 3692 1236 interest

2106 1276 2244 1332 inter
2271 1277 2599 1332 creationem
2627 1277 2750 1332 coeli
2775 1283 2830 1331 et
2860 1286 3018 1330 terra:
3047 1282 3100 1328 et
3125 1274 3280 1338 lucis,
3306 1273 3410 1327 nisi
3440 1273 3542 1327 hoc
3568 1281 3692 1326 tan-

2105 1374 2220 1420 tum
2245 1369 2389 1437 quod
2411 1375 2494 1422 est
2517 1369 2658 1423 inter
2679 1369 2904 1422 verbum
2931 1375 2984 1420 et
3007 1380 3215 1421 vocem.

2175 1459 2246 1512 D.
2287 1459 2396 1514 Cur
2424 1475 2530 1514 non
2561 1459 2726 1522 dixit,
2768 1460 2823 1513 in
2858 1458 3123 1529 principio
3152 1457 3281 1514 fecit
3318 1458 3461 1514 Deus
3493 1458 3689 1513 coelum

2106 1555 2163 1603 et
2192 1556 2423 1613 terram,
2453 1548 2546 1602 sed
2575 1547 2814 1602 creavit?

2182 1639 2259 1693 Μ.
2299 1639 2526 1709 Pr0pter
2556 1637 2941 1693 informitatem
2965 1637 3226 1693 materiae.

435 1739 700 1809 sapientia
733 1736 940 1802 Patris,
973 1735 1040 1790 de
1073 1747 1178 1803 quo
1219 1733 1350 1788 dicit
1388 1709 1711 1802 Apostolus,
1737 1727 2001 1782 Christum
2036 1709 2084 1770 Β
2179 1729 2248 1782 D.
2289 1729 2364 1783 Da
2393 1743 2609 1783 sensum
2641 1728 2959 1798 Spiritalem.

436 1831 530 1884 Dei
564 1831 800 1884 virtutem
836 1836 882 1881 et
922 1827 1018 1881 Dei
1052 1826 1359 1896 sapientiam
1401 1817 1456 1896 (1
1480 1821 1602 1877 Cor.
1635 1837 1671 1888 ι,
1696 1820 1808 1892 24).
1843 1819 1910 1872 Ει
1953 1817 2009 1872 in

435 1920 642 1990 psalmo
667 1919 796 1973 dicit
829 1932 844 1971 :
883 1916 1071 1972 Omnia
1100 1917 1155 1970 in
1183 1914 1439 1986 sapientia
1477 1912 1644 1981 fecisti
1686 1909 1858 1982 (Psai.
1890 1925 2009 1975 CIII,

437 2012 562 2081 ‘24);
594 2019 648 2064 et
671 2010 867 2063 iterum
894 2007 1025 2062 dicit
1057 2005 1346 2075 Apostolus
1370 2021 1383 2057 :
1411 2002 1550 2068 Quia
1579 2003 1634 2056 in
1659 2002 1771 2071 ipso
1800 1999 2010 2053 condita

433 2111 552 2155 sunt
579 2100 753 2154 omnia
780 2114 896 2168 qua:
921 2098 974 2150 in
1005 2095 1130 2150 calo
1157 2102 1278 2150 sunt
1296 2102 1346 2149 et
1371 2108 1490 2162 qua:
1511 2093 1567 2146 in
1591 2101 1760 2157 terra,
1785 2088 2012 2144 visibiiia

435 2206 482 2248 et
506 2191 784 2247 invisibilia
811 2188 947 2259 (Coi.
981 2204 1017 2252 ι,
1043 2187 1152 2258 16).

509 2286 571 2339 D.
605 2283 830 2340 Genesis
853 2281 1173 2351 principium
1201 2286 1302 2334 est.
1330 2276 1388 2333 Si
1414 2277 1478 2345 in,
1494 2275 1760 2347 principio
1803 2273 2013 2329 creavit

438 2378 576 2430 licus
604 2373 796 2430 cmlum
819 2380 874 2426 et
905 2380 1120 2435 terram,
1145 2370 1320 2440 angeli
1343 2366 1684 2439 postmodum
1711 2366 1836 2420 facti
1859 2374 2007 2419 sunt.

435 2467 492 2520 Si
525 2465 697 2533 angeli
726 2471 850 2518 ante
883 2462 1013 2518 facti
1047 2470 1194 2528 sunt,
1210 2477 1316 2516 non
1339 2461 1514 2532 primo
1535 2459 1779 2515 omnium
1804 2456 2015 2512 creavit

439 2559 578 2612 Deus
607 2557 803 2612 coelum
830 2563 884 2608 et
913 2565 1132 2610 terram.

507 2645 584 2697 Μ.
616 2644 838 2710 Quando
872 2645 1008 2714 facta
1043 2653 1162 2697 sunt
1189 2642 1344 2697 simul
1369 2642 1562 2706 sidera,
1587 2641 1663 2696 ait
1706 2639 2013 2710 Scriptura,

437 2735 777 2788 laudauerunt
819 2751 898 2788 me
925 2733 1093 2804 angeli
1126 2735 1226 2787 mei
1264 2749 1382 2787 voce
1414 2749 1624 2803 magna.
1673 2732 1873 2798 Quarta
1925 2733 2011 2786 die

438 2825 577 2880 facta
610 2833 736 2879 sunt
775 2825 969 2888 sidera,
995 2833 1051 2878 et
1087 2823 1199 2893 jam
1235 2831 1393 2878 erant
1418 2824 1613 2894 angeli.
1656 2823 1838 2892 Neque
1864 2823 2012 2876 enim

438 2917 525 2971 die
555 2917 733 2980 tertio,
758 2930 930 2984 neque
964 2915 1198 2970 secundo
1228 2913 1354 2969 facti
1377 2922 1522 2969 sunt.
1547 2914 1604 2968 ln
1631 2914 1715 2968 bis
1740 2914 1884 2969 enim
1911 2929 2014 2984 ap—

438 3015 592 3077 paret
633 3023 751 3077 quze
790 3005 931 3061 facta
973 3013 1117 3062 sunt.
1164 3005 1346 3060 Tertia
1385 3006 1471 3061 die
1509 3005 1716 3061 scilicet
1752 3014 1896 3061 terra
1943 3007 2015 3062 ab

439 3099 595 3170 aquis
621 3099 852 3155 discreta
877 3105 988 3163 est;
1013 3098 1244 3153 secunda
1263 3096 1461 3153 factum
1485 3107 1569 3153 est
1590 3097 2017 3166 firmamentum,

439 3194 531 3248 ubi
565 3192 645 3247 sol
673 3201 726 3247 et
768 3191 894 3246 luna
933 3191 1242 3246 discurrunt
1282 3199 1337 3245 et
1381 3191 1576 3246 sidera.
1609 3189 1778 3245 Porro
1808 3191 2017 3260 primus

439 3284 557 3338 dies
585 3283 698 3352 ipse
723 3289 805 3338 est
828 3283 1068 3354 angelica
1095 3291 1440 3352 natura,qua3
1461 3284 1634 3353 primo
1653 3283 1773 3338 coeli
1797 3283 2020 3338 nomine

442 3381 749 3444 nuncupata
779 3383 881 3428 est.
925 3373 1076 3429 Unde
1115 3374 1393 3429 evidenter
1434 3373 1735 3430 ostenditur
1779 3373 2017 3445 primum.

443 3463 586 3517 diem
621 3463 919 3532 spiritalem
946 3462 1169 3531 factum,
1198 3465 1251 3519 id
1287 3473 1371 3521 est
1397 3465 1694 3536 angelicam
1738 3473 2015 3531 naturam,

440 3561 495 3606 et
520 3551 597 3606 sic
631 3552 733 3605 boc
760 3553 955 3608 caelum
981 3554 1123 3623 quod
1146 3554 1317 3610 oculis
1361 3557 1653 3611 cernimus.
1701 3555 1837 3610 Nam
1872 3558 2020 3626 quod

442 3641 538 3705 ait,
567 3639 633 3694 In
657 3642 910 3712 principio
940 3644 1129 3697 creavit
1147 3643 1287 3698 Deus
1309 3645 1492 3699 caelum
1512 3653 1559 3699 et
1581 3656 1774 3700 terram
1797 3645 1949 3718 (Gen.
1973 3663 2018 3712 ι,

444 3731 520 3800 1),
540 3745 644 3784 non
671 3731 842 3799 primo
863 3732 1122 3799 omnium,
1149 3732 1290 3788 sicut
1315 3735 1414 3799 ais,
1439 3733 1535 3789 sed
1566 3735 1619 3788 in
1652 3735 1937 3805 principio,
1961 3732 2021 3790 id

441 3829 525 3874 est
577 3823 631 3875 in
679 3822 850 3888 Filio,
899 3824 1005 3878 imo
1051 3839 1147 3893 per
1190 3824 1407 3891 Filium,
1455 3826 1582 3881 fecit
1626 3827 1769 3882 Deus
1799 3843 1868 3881 0:1
1891 3842 2017 3881 nem

443 3912 739 3979 spiritalem
787 3914 1227 3982 corporalemque
1273 3924 1612 3982 creaturam,
1641 3933 1762 3986 quae
1803 3917 1922 3972 ασειί
1961 3927 2018 3972 et

448 4012 612 4057 terra:
635 4003 850 4056 nomine
878 4003 1139 4072 appellata
1168 4014 1270 4058 est.
1301 4005 1434 4058 Nam
1463 4006 1605 4074 quod
1635 4007 1750 4075 ipse
1778 4007 1848 4060 sit
1870 4008 2023 4076 prin-

447 4091 667 4159 cipium,
691 4091 756 4145 de
782 4105 839 4145 se
870 4092 1324 4162 interrogantibus
1351 4092 1548 4149 Judreis
1574 4096 1694 4164 quis
1735 4105 1901 4164 esset,
1926 4113 2014 4154 re-

445 4181 652 4253 spondit
688 4195 704 4238 :
747 4181 1071 4254 Principium
1100 4184 1188 4255 qui
1213 4193 1259 4240 et
1295 4183 1477 4257 loquor
1507 4187 1646 4241 vobis
1689 4188 1868 4258 (Joan.
1897 4205 2020 4257 vm,

443 4276 558 4347 ‘25).
579 4276 760 4332 Primo
785 4277 950 4348 igitur
971 4278 1136 4333 voluit
1159 4279 1354 4335 cmlum
1376 4287 1430 4333 et
1448 4289 1647 4336 terram
1668 4282 1812 4337 velut
1829 4299 2024 4353 quam—

2185 1817 2263 1871 M.
2304 1817 2633 1874 Principium
2658 1817 2908 1873 Christus
2931 1824 3033 1881 est,
3060 1816 3200 1872 sicut
3226 1817 3339 1887 ipse
3367 1818 3421 1872 in
3454 1818 3696 1880 Evange—

2111 1910 2311 1989 lio_ait:
2338 1908 2662 1979 Principium
2681 1910 2769 1980 qui
2791 1919 2840 1962 et
2861 1909 3046 1979 loquor
3067 1910 3207 1963 vobis
3231 1908 3413 1978 (Joan.
3438 1926 3555 1974 vui,
3577 1910 3691 1979 25).

2110 2004 2168 2058 ιιι
2201 2005 2304 2059 hoc
2334 2003 2488 2073 igitur
2530 2001 2796 2073 principio
2823 2001 2949 2058 fecit
2975 2003 3118 2056 Deus
3146 2003 3375 2068 caelum,
3405 2003 3458 2057 id
3489 2012 3574 2058 est
3599 2005 3691 2072 qui

2111 2095 2352 2150 caelestia
2377 2095 2705 2150 meditantur
2729 2103 2784 2149 et
2813 2104 3080 2164 quaerunt.
3117 2094 3174 2148 In
3198 2095 3315 2164 ipso
3339 2093 3470 2150 fecit
3489 2105 3544 2150 et
3576 2112 3692 2150 car-

2114 2185 2280 2250 nales,
2321 2185 2412 2254 qui
2443 2193 2716 2239 terrenum
2743 2185 3017 2241 hominem
3047 2185 3278 2240 necdum
3306 2184 3690 2254 deposuerunt.

2182 2276 2250 2329 D.
2295 2275 2455 2330 Terra
2497 2285 2669 2331 autem
2707 2285 2819 2330 erat
2860 2276 3034 2330 inanis
3059 2284 3108 2330 et
3142 2293 3306 2330 vacua
3337 2276 3496 2349 (Gen.
3532 2295 3582 2343 ι,
3614 2278 3691 2349 2).

2112 2364 2220 2421 Cur
2247 2366 2420 2420 inanis
2444 2373 2499 2420 et
2524 2367 2730 2421 vacua?

2187 2457 2262 2511 Μ.
2301 2457 2360 2512 1d
2384 2465 2468 2512 est
2495 2459 2621 2527 quia
2655 2475 2762 2515 non
2797 2467 2914 2515 erat
2947 2475 2979 2516 a
3021 2461 3158 2516 mari
3184 2462 3468 2526 distincta;
3504 2478 3694 2527 vacua,

2113 2548 2320 2618 inquit,
2346 2549 2470 2618 quia
2499 2549 2772 2606 littoribus
2794 2567 2900 2607 non
2927 2564 3048 2608 erat
3075 2553 3430 2620 circumdata,
3458 2556 3541 2608 vel
3570 2557 3696 2610 vici-

2113 2639 2214 2694 bus
2242 2640 2354 2694 suis
2383 2644 2594 2705 ornata,
2622 2641 2675 2695 id
2708 2653 2792 2697 est
2817 2644 3102 2699 arboribus
3132 2653 3185 2699 et
3211 2646 3554 2701 animalibus.

2184 2727 2315 2781 Item
2339 2728 2678 2797 spiritaliter:
2698 2730 2864 2785 Terra
2880 2732 3084 2786 scilicet
3101 2735 3281 2789 carnis
3305 2745 3504 2789 nostra:
3525 2737 3697 2791 inanis

2115 2825 2172 2872 et
2190 2833 2358 2873 vacua
2383 2827 2522 2885 erat,
2535 2820 2848 2890 priusquam
2870 2823 3130 2879 doctrinae
3149 2827 3421 2895 acceperit
3445 2825 3693 2882 fomlam.

2188 2907 2274 2964 Β..
2297 2908 2475 2975 Quare
2521 2910 2754 2966 tenebrae
2795 2912 3047 2969 dicuntur
3089 2930 3253 2986 super
3291 2915 3489 2973 faciem
3534 2917 3699 2975 fuisse

2119 3001 2299 3072 abyssi
2313 3001 2337 3055 ?

2190 3097 2269 3150 Μ.
2309 3097 2446 3165 Quia
2471 3114 2579 3154 non
2601 3107 2720 3154 erat
2746 3099 2836 3155 lux
2865 3116 2985 3172 quae
3011 3103 3524 3194 superfunderetur;
3557 3106 3699 3175 quod

2119 3187 2166 3242 si
2190 3197 2355 3254 esset,
2384 3189 2569 3258 utique
2599 3200 2924 3261 superesset.

2188 3278 2343 3345 Item,
2373 3280 2497 3349 quia
2523 3289 2641 3336 erat
2670 3283 2875 3352 spissus
2898 3299 2992 3338 aer
3014 3300 3206 3340 carens
3235 3285 3354 3342 lure
3378 3286 3594 3342 diurna.

2187 3370 2378 3426 Aliter.
2409 3372 2668 3429 Tenebrze
2707 3384 2864 3430 erant
2903 3392 3064 3446 super
3104 3377 3296 3433 faciem
3326 3380 3531 3450 abyssi,
3574 3380 3696 3449 quia

2120 3461 2437 3518 delictorum
2474 3465 2690 3520 caecitas
2721 3475 2776 3521 et
2809 3466 3124 3540 ignorantia:
3157 3469 3420 3540 profunda
3459 3471 3700 3527 obscuri-

2119 3561 2204 3608 tas
2227 3553 2389 3608 corda
2415 3563 2598 3610 nostra
2625 3558 2859 3626 tegebat.

2191 3645 2260 3699 D.
2299 3646 2576 3713 Quomodo
2609 3649 2834 3720 spiritus
2867 3650 2962 3706 Dei
3005 3648 3281 3707 ferebatur
3314 3666 3476 3724 super
3509 3667 3697 3723 aquas,

2121 3737 2357 3794 edissere
2370 3739 2394 3793 ?

2706 3849 3039 3889 IIIERONYLIUS
3063 3846 3112 3888 ⁸.

2193 3920 2272 3975 Μ.
2312 3921 2418 3976 Pro
2441 3936 2506 3977 eo
2532 3923 2676 3992 quod
2704 3923 2760 3978 in
2787 3925 2988 3979 nostris
3011 3926 3288 3982 codicibus
3311 3927 3571 4000 scriptum
3595 3937 3699 3992 est,

2123 4011 2417 4080 ferebatur;
2461 4013 2516 4066 in
2561 4013 2785 4070 Heber
2831 4014 3057 4070 habetur
3094 4018 3374 4086 mereplzet,
3416 4019 3560 4087 quod
3608 4036 3704 4073 nos

2123 4103 2391 4173 appellare
2427 4120 2733 4174 possumus,
2776 4107 3086 4172 incubabat,
3134 4107 3248 4161 sive
3291 4107 3610 4162 confovebat
3648 4111 3703 4162 in

2123 4193 2528 4249 similitudinem
2557 4195 2790 4250 volucris
2813 4212 2912 4250 ova
2937 4197 3114 4252 calore
3144 4198 3456 4252 animantis.
3487 4199 3568 4252 Ex
3597 4215 3703 4268 quo

2124 4282 2490 4351 intelligimus,
2523 4299 2629 4338 non
2663 4284 2729 4339 de
2763 4285 2955 4355 spiritu
2982 4287 3168 4340 mundi
3193 4287 3297 4342 dici
3317 4327 3333 4352 ,
3374 4297 3431 4341 ut
3463 4290 3704 4344 nonnulli

447 4371 570 4424 dam
601 4369 897 4438 spiritalem
937 4369 1374 4440 corporalemque
1411 4372 1693 4426 materiam
1737 4373 1937 4437 dicere,
1961 4381 2015 4428 et
2046 4394 2098 4454 υ
2125 4372 2478 4440 arbitrantur,
2521 4375 2616 4430 sed
2643 4377 2709 4431 de
2736 4375 2938 4445 Spiritu
2977 4386 3187 4443 sancto,
3218 4379 3308 4447 qui
3336 4389 3390 4431 et
3424 4379 3538 4449 ipse
3570 4381 3702 4434 vivi-

446 4459 526 4513 sic
571 4459 1018 4528 quemadmodum
1065 4459 1371 4530 singillatim
1414 4459 1555 4516 facta
1600 4469 1725 4516 sunt
1771 4463 2015 4517 ordinem

446 4559 649 4604 tenere.
679 4548 832 4614 Quod
859 4550 1001 4604 enim
1050 4551 1184 4605 dixit
1234 4551 1450 4618 caelum,
1481 4554 1584 4607 hoc
1633 4554 1763 4608 mihi
1819 4555 2022 4609 dixisse

449 4639 662 4694 videtur
712 4655 973 4708 aquarum
1017 4642 1268 4712 abyssum
1317 4645 1679 4710 tenebrosam,
1706 4644 1836 4700 Adae
1885 4662 2023 4715 quod

448 4731 735 4786 dummodo
760 4730 1056 4787 fluitantem
1080 4734 1264 4800 vitam,
1284 4736 1389 4790 nisi
1411 4745 1756 4791 convertatur
1781 4738 1847 4792 ad
1875 4755 2021 4794 crea-

445 4829 643 4886 torem,
664 4831 719 4876 et
750 4823 841 4876 fiat
874 4823 986 4890 lux,
1010 4833 1064 4879 et
1092 4828 1482 4896 contempletur
1506 4829 1822 4886 Trinitatem
1851 4831 2022 4886 Deum.

447 4927 569 4966 esse
596 4911 898 4967 indivisum.
934 4912 1118 4983 Neque
1140 4916 1283 4970 enim
1312 4917 1385 4970 ita
1413 4917 1664 4984 dicimus,
1690 4927 1749 4972 ut
1776 4921 1878 4974 ista
1910 4936 2025 4974 ma-

452 5002 584 5056 teria
612 5005 880 5070 prmccdat
907 5005 1133 5061 formam
1162 5023 1314 5062 suam
1333 5049 1349 5074 ,
1369 5010 1507 5064 sicut
1539 5013 1794 5080 praecedit
1818 5013 2024 5084 lignum

447 5106 628 5156 arcas,
656 5101 710 5146 et
759 5095 899 5148 sicut
942 5099 1194 5164 praecedit
1243 5114 1347 5153 vox
1383 5102 1628 5166 verbum,
1659 5116 1858 5172 neque~
1874 5105 2020 5159 enim

448 5191 714 5250 tempore,
742 5184 836 5238 sed
863 5185 1090 5255 origine.
1116 5189 1282 5258 Igitur
1305 5191 1477 5258 prima
1507 5200 1752 5246 creatura
1781 5193 1894 5258 lux,
1914 5212 2021 5251 non

455 5270 559 5325 ista
583 5287 702 5340 quae
729 5283 918 5342 quarta
965 5277 1051 5331 die
1097 5277 1241 5334 f..cta
1285 5289 1388 5346 est,
1426 5283 1520 5337 sed
1557 5283 1835 5352 spiritalis,
1862 5285 1914 5339 id
1940 5293 2027 5340 est

455 5361 697 5430 angelica
724 5372 935 5418 natura.
1517 5371 1529 5387 '

529 5450 642 5506 Hoc
663 5461 839 5508 tamen
870 5456 1272 5526 intelligendum
1304 5463 1446 5532 quod
1485 5465 1644 5520 simul
1677 5468 1880 5522 creavit
1912 5485 2026 5526 cm-

458 5538 568 5591 lum
591 5549 646 5592 et
671 5549 869 5596 terram
890 5554 944 5599 et
969 5547 1161 5616 lucem,
1182 5552 1305 5621 quia
1333 5553 1467 5609 nil-il
1493 5555 1717 5612 interest
1742 5559 1844 5614 nisi
1872 5561 2027 5632 origo

509 5659 528 5678 ·
595 5645 795 5713 Qumst.
829 5651 987 5707 llcbr.

2123 4467 2311 4522 ficator
2338 4468 2580 4523 omnium
2607 4483 2639 4522 a
2670 4469 2934 4539 principio
2961 4471 3176 4526 dicitur.
3206 4469 3297 4526 Sic
3322 4481 3503 4525 autem
3531 4472 3706 4525 vivifi-

2121 4569 2274 4613 cator
2315 4561 2468 4628 quasi
2510 4560 2758 4616 conditor
2795 4561 2982 4616 Deus:
3015 4560 3240 4627 Emitte,
3286 4562 3394 4627 ait,
3443 4561 3701 4632 Spiritum

2121 4661 2288 4717 tuum,
2319 4661 2365 4708 et
2393 4653 2704 4708 creabantur
2735 4653 2904 4726 (Psal.
2932 4671 3050 4720 cm,
3071 4655 3184 4727 50).

2739 4759 3080 4801 AUGUSTINUS.

2190 4831 2259 4885 D.
2301 4830 2535 4902 Spiritus
2563 4833 2658 4888 Dei
2693 4831 2967 4888 ferebatur
3000 4850 3162 4905 super
3189 4850 3357 4904 aquas
3387 4853 3400 4889 :
3431 4834 3704 4890 Localiter

2121 4921 2396 4977 ferebatur
2420 4924 2558 4977 sicut
2588 4923 2668 4978 sol
2695 4932 2748 4978 et
2773 4924 2972 4991 sidera,
3003 4940 3071 4979 an
3099 4926 3294 4982 aliter?

2196 5012 2271 5065 Μ.
2315 5012 2546 5081 Spiritus
2572 5024 2787 5070 sanctus
2820 5016 2962 5070 Deus
2985 5025 3102 5083 est,
3139 5033 3243 5086 qua
3276 5018 3327 5071 in
3359 5033 3416 5072 re
3445 5034 3553 5073 non
3584 5020 3701 5076 loco

2123 5107 2448 5172 continetur,
2476 5115 2532 5161 et
2558 5104 2901 5174 distenditur,
2934 5125 3032 5165 nec
3057 5119 3358 5181 temporum
3389 5114 3700 5167 mutationi—

2124 5201 2224 5252 bus
2265 5196 2525 5264 subjacet,
2569 5197 2663 5251 sed
2700 5206 2782 5252 est
2827 5200 3024 5268 ubique.
3064 5217 3305 5270 prmscns
3349 5210 3511 5258 totus.
3559 5203 3704 5272 Quo-

2123 5289 2283 5344 modo
2325 5303 2452 5343 sane
2472 5287 2778 5344 nominavit
2807 5300 3109 5345 creaturam
3132 5333 3146 5357 ,
3183 5294 3268 5347 cui
3297 5294 3590 5363 superferri
3623 5295 3704 5348 di-

2125 5388 2342 5435 ceretur
2366 5379 2599 5450 Spiritus
2623 5389 2863 5446 sanctus,
2895 5397 3000 5436 non
3029 5382 3290 5448 localiter,
3318 5386 3410 5438 sed
3435 5386 3703 5455 potentia-

2126 5471 2265 5525 liter.
2294 5470 2551 5524 Dominus
2575 5486 2684 5525 non
2712 5486 2780 5526 ex
2803 5471 3094 5542 indigentia
3121 5473 3248 5528 fecit
3271 5490 3431 5545 opera
3457 5491 3580 5539 sua,
3607 5474 3700 5528 sed

2125 5577 2191 5618 ex
2225 5560 2598 5630 beneficentia,
2631 5577 2803 5632 neque
2835 5565 3028 5621 borum
3057 5565 3260 5637 indiget
3286 5582 3405 5638 qum
3431 5567 3580 5623 fecit.
3615 5567 3700 5623 ln-
