3986 6168
368 268 504 323 ΗΠ

1291 265 1416 320 LIB.
1457 260 1931 332 QUASSTIONUM
1971 259 2198 317 SUPER
2234 265 2362 319 LIB.
2402 263 2713 320 GENESIS.

3481 276 3617 330 “18

359 382 516 453 digus
548 380 746 450 quippe
805 388 966 448 atque
1008 393 1209 449 egenus
1254 393 1409 433 amor
1446 376 1729 445 subjicitur
1775 379 1937 433 rebus
1964 380 2010 437 Α
2036 377 2324 435 dictionem
2355 396 2685 452 nuncupare.
2720 383 2790 440 Ut
2822 385 2868 440 si
2896 386 3045 441 verbi
3079 401 3241 442 causa
3278 388 3616 456 requiramus

357 485 494 541 quas
539 470 733 540 diligit.
782 469 905 525 Ideo
950 469 1126 524 dictus
1168 476 1251 523 est
1295 466 1587 538 superferri
1631 475 1937 522 creaturam

358 560 593 631 Spiritus
617 567 858 624 sanctus,
884 558 1009 627 quia
1034 572 1142 612 non
1164 571 1232 611 ex
1255 556 1547 627 indigentia
1576 566 1830 626 operatus
1856 564 1940 611 est

354 650 529 722 ipsam
554 656 883 705 creaturam.

959 753 1250 795 Αιιηιιοειυε
1287 750 1336 793 ³.

423 830 492 885 ι).
533 828 810 897 Quomodo
841 828 1077 899 Spiritus
1113 828 1208 885 Dei
1239 826 1515 884 ferebatur
1540 842 1704 898 super
1729 826 1938 897 aquas?

423 921 503 977 ιι.
545 921 697 978 Sicut
729 922 805 983 ait
831 920 1159 990 Apostolus:
1191 918 1696 991 Supereminentem,
1726 919 1935 989 inquit,

347 1016 622 1072 scientiam
658 1014 931 1071 charitatis
972 1012 1092 1067 Dei.
1140 1012 1208 1066 Et
1243 1011 1374 1067 alibi
1414 1012 1533 1066 ait:
1566 1009 1935 1082 Superexaltat

348 1116 525 1162 autem
569 1121 772 1160 omnem
813 1103 1151 1159 intellectum.
1196 1104 1338 1175 Ergo
1378 1103 1692 1159 inchoatum
1734 1102 1935 1171 aliquid

347 1198 583 1254 ostendit
611 1211 774 1267 super
798 1196 943 1265 quod
982 1195 1204 1265 spiritus
1228 1194 1323 1250 Dei
1352 1193 1479 1248 ferri
1506 1194 1797 1258 diceretur,
1825 1208 1933 1246 non

348 1288 487 1354 loco,
513 1288 610 1343 sed
635 1286 817 1343 omnia
845 1292 1130 1355 superante
1159 1291 1321 1353 atque
1360 1283 1702 1354 prtecellente
1741 1291 1934 1354 poten-

348 1379 443 1434 tia.
472 1378 589 1433 Duo
612 1378 810 1448 quippe
833 1384 961 1431 sunt
985 1382 1210 1446 propter
1235 1390 1357 1445 qua:
1381 1382 1527 1430 amat
1549 1376 1692 1431 Deus
1717 1384 1934 1430 creatu-

345 1485 462 1524 ram
491 1484 676 1535 suam;
716 1477 779 1523 ut
807 1467 878 1546 sit
914 1475 969 1522 et
1009 1474 1070 1521 ut
1109 1475 1346 1521 maneat.
1382 1465 1455 1522 Ut
1491 1467 1564 1522 sit
1594 1466 1846 1532 formata,
1877 1466 1932 1522 et

343 1569 561 1615 maneat
590 1560 644 1615 in
667 1565 937 1629 praecepto
961 1557 1287 1614 Conditoris.
1317 1556 1388 1614 Ut
1413 1566 1556 1613 esset
1578 1573 1728 1629 ergo,
1759 1558 1932 1630 Spiri-

346 1660 433 1706 tus
473 1651 566 1704 Dei
600 1649 876 1705 ferebatur
915 1663 1077 1720 super
1103 1664 1327 1718 aquam;
1369 1658 1428 1703 ut
1455 1656 1635 1703 autem
1661 1656 1926 1714 maneret,

2040 471 2306 537 quomodo
2330 470 2472 527 facta
2497 482 2581 528 est
2614 474 2704 529 lux
2725 516 2739 541 ,
2776 476 2983 542 audies,
3019 477 3074 531 in
3101 479 3268 534 verbo
3291 479 3385 533 Dei
3412 488 3529 534 erat
3557 490 3617 535 ut

2038 558 2214 626 fieret,
2250 563 2517 630 quomodo
2542 573 2596 620 et
2629 575 2823 621 caztera
2858 583 2954 637 per
2977 568 3243 623 ordinem.
3272 569 3332 623 Si
3370 571 3616 639 requiras

2038 652 2308 718 quomodo
2340 652 2481 709 facta
2516 665 2675 722 sunt;
2718 657 2772 710 in
2809 659 2974 713 verbo
3009 658 3102 713 Dei
3137 668 3292 713 erant
3318 668 3377 714 ut
3399 661 3635 715 ﬁerent.‘

2038 736 2176 793 Hinc
2199 748 2281 795 est
2305 742 2448 795 enim
2467 783 2482 807 ,
2516 743 2650 798 dixit
2681 745 2821 800 Deus
2847 747 2941 815 ﬁat
2967 746 3089 814 lux,
3118 763 3289 817 neque
3322 750 3466 803 enim
3495 764 3615 804 cor-

2035 828 2310 896 poralibus
2334 832 2508 887 modis
2535 833 2770 904 loquitur
2794 836 2971 890 divina
2999 848 3214 902 natura,
3240 851 3341 892 nec
3364 839 3613 907 quotiens

2036 919 2230 975 dicitur
2265 922 2421 988 dixit,
2463 924 2658 978 totiens
2689 926 2910 980 verbum
2947 925 3228 993 formavit,
3264 943 3431 983 unum
3469 929 3613 981 enim

2034 1010 2256 1065 verbum
2293 1012 2477 1081 genuit
2513 1022 2839 1068 coaeternum
2868 1023 2925 1070 et
2956 1017 3456 1071 consubstantivum
3483 1016 3611 1082 sibi,

2034 1098 2090 1153 in
2114 1115 2222 1169 quo
2249 1102 2429 1156 omnia
2456 1102 2799 1160 ineﬂ‘abiliter
2822 1106 2976 1161 dixit.

2756 1212 2908 1252 ῙΤΕΙο
3353 1218 3365 1231 ¹

2104 1278 2171 1333 D.
2210 1280 2357 1336 Dixit
2383 1301 2585 1356 quoque
2609 1285 2752 1341 Deus
2774 1287 2870 1356 ﬁat
2896 1286 3008 1342 lux.
3040 1289 3158 1345 Lux
3178 1299 3354 1347 autem
3385 1293 3503 1348 haec
3528 1300 3614 1349 est

2030 1369 2280 1438 visibilis,
2312 1388 2379 1427 an
2410 1374 2733 1431 invisibilis?

2102 1460 2180 1515 Μ.
2219 1462 2507 1520 invisibilis
2541 1466 2686 1520 enim
2722 1466 2940 1534 dicitur,
2979 1468 3104 1537 quia
3139 1471 3343 1527 creatio
3370 1471 3610 1542 angelica

2031 1562 2135 1620 est,
2168 1569 2330 1624 quam
2364 1557 2507 1613 oculi
2543 1560 2715 1614 nostri
2750 1576 2857 1615 non
2882 1562 3060 1617 valent
3095 1566 3420 1634 prOSpicere.
3453 1566 3611 1621 Ratio

2030 1646 2175 1700 enim
2200 1655 2320 1700 erat
2337 1687 2352 1713 ,
2378 1655 2438 1702 ut
2463 1648 2551 1703 die
2576 1657 2769 1718 quarto
2797 1650 2975 1705 sidera
3015 1652 3070 1706 in
3097 1652 3233 1708 etelo
3257 1652 3608 1722 fabricasset,

345 1738 477 1794 vidit
519 1740 661 1795 Deus
695 1740 822 1808 quia
856 1717 1057 1794 bonum
1094 1717 1197 1793 est.
1239 1737 1603 1805 Quamobrem
1639 1738 1794 1809 prius
1833 1753 1924 1794 res
1954 1717 2003 1777 Β
2027 1750 2147 1804 quae
2170 1736 2312 1791 oculi
2338 1738 2507 1793 nostri
2533 1717 2835 1808 potuissent
2860 1741 3188 1810 prospicere.

345 1829 660 1886 informatas
699 1839 754 1886 et
794 1837 983 1899 postea
1022 1829 1272 1899 spiritum
1315 1836 1562 1884 sanctum
1606 1828 1924 1895 nominavit,

342 1923 468 1994 quia
496 1923 674 1978 omnis
702 1922 929 1993 exiguus
957 1936 1111 1977 amor
1144 1922 1308 1977 rebus
1336 1935 1473 1991 quas
1506 1919 1680 1991 diligit
1716 1921 1927 1976 subter-

340 2015 581 2087 ponitur.

650 2139 785 2182 ITEI
821 2141 877 2180 IN
912 2138 1235 2180 BEXAIIERON
1272 2138 1619 2180 AUGUSTINUS.

409 2216 480 2271 D.
521 2217 600 2274 De
639 2216 971 2272 informitate
1012 2213 1255 2270 materiae
1294 2220 1353 2268 ut
1389 2213 1604 2285 plenius
1630 2221 1685 2270 et
1708 2214 1928 2270 uberius

339 2322 579 2378 exponas
604 2322 788 2378 posco.

412 2398 491 2453 Μ.
536 2398 732 2455 Verum
776 2406 831 2454 et
871 2399 1213 2456 manifestum
1246 2407 1329 2456 est
1367 2412 1528 2454 omne
1550 2398 1825 2454 mutabile
1859 2414 1926 2454 ex

340 2490 521 2560 aliqua
556 2488 886 2546 informitate
918 2489 1164 2557 formari,
1204 2491 1471 2560 simulque
1506 2497 1561 2545 et
1594 2488 1925 2545 manifestis-

339 2579 479 2635 sima
497 2578 637 2633 ratio
661 2578 839 2646 docet,
866 2578 1132 2634 nullarum
1153 2588 1471 2634 naturarum
1496 2579 1780 2633 materiam
1806 2593 1927 2635 esse

339 2669 607 2740 potuisse,
637 2668 745 2724 nisi
773 2684 841 2724 ex
870 2668 1000 2723 Deo.
1033 2670 1101 2723 Et
1134 2669 1259 2724 licet
1287 2670 1431 2725 dicat
1461 2668 1739 2738 Scriptura
1773 2683 1788 2722 :
1822 2667 1926 2734 Qui

341 2760 507 2830 fecisti
531 2761 784 2815 mundum
807 2777 873 2816 ea:
895 2762 1117 2815 materia
1140 2761 1358 2831 informi
1388 2760 1547 2833 (Sep,
1573 2776 1654 2827 ιι,
1681 2757 1794 2831 15),
1818 2774 1925 2814 non

341 2862 519 2907 tamen
543 2851 791 2908 informis
814 2853 1039 2907 materia
1062 2851 1308 2907 formatis
1334 2852 1497 2906 rebus
1516 2860 1758 2921 tempore
1776 2849 1928 2921 prior

339 2950 444 3008 est,
473 2957 596 2997 cum
641 2943 712 2997 sit
750 2949 1040 3011 utrumque
1081 2941 1240 2997 simul
1280 2950 1648 3007 concreatum,
1691 2949 1745 2995 et
1779 2940 1925 3011 quod

339 3031 540 3087 factum
578 3038 663 3087 est
697 3040 753 3087 et
796 3030 937 3087 unde
977 3030 1176 3087 factum
1218 3040 1322 3087 est.
1366 3030 1518 3086 Sicut
1550 3045 1654 3085 vox
1697 3031 1921 3085 materia
1946 3054 1995 3120 α

338 3125 624 3180 verborum
647 3130 730 3179 est
748 3164 764 3187 ,
787 3124 951 3179 verba
977 3139 1106 3179 vero
1131 3122 1419 3180 formatam
1446 3137 1633 3178 vocem
1660 3122 1919 3179 indicant.

334 3211 414 3268 Ita
443 3222 658 3270 creator
691 3214 833 3270 Deus
866 3228 972 3269 non
999 3214 1180 3285 priore
1209 3222 1451 3285 tempore
1478 3211 1607 3269 fecit
1634 3211 1922 3269 informem

336 3306 619 3360 materiam
637 3347 652 3372 ,
687 3314 743 3361 et
775 3291 895 3360 eam
925 3317 1110 3376 postea
1137 3320 1234 3377 per
1264 3305 1512 3362 ordinem
1540 3319 1923 3374 quarumcum-

335 3411 439 3467 que
468 3406 786 3453 naturarum
812 3398 966 3469 quasi
999 3399 1233 3455 secunda
1263 3396 1694 3454 consideratione
1721 3394 1924 3450 forma-

333 3490 434 3557 vit,
459 3492 555 3547 sed
587 3506 696 3548 non
731 3492 907 3561 potuit
944 3506 1051 3546 non
1085 3491 1325 3546 dividere
1361 3489 1629 3560 scriptura
1667 3483 1920 3556 loquendi

334 3566 672 3651 temporibus
697 3582 839 3649 quod
867 3581 1009 3634 Deus
1032 3578 1265 3635 faciendi
1295 3578 1629 3646 temporibus
1653 3590 1759 3628 non
1786 3571 1921 3628 divi-

331 3672 426 3727 sit.
451 3672 519 3725 Et
540 3686 641 3726 nos
660 3687 780 3726 cum
803 3672 1032 3727 dicimus
1051 3670 1336 3725 materiam
1358 3675 1412 3723 et
1435 3667 1689 3731 formam,
1712 3674 1921 3720 utrum-

330 3775 439 3830 que
473 3759 632 3814 simul
665 3759 1014 3829 intelligimus
1034 3800 1048 3824 ,
1084 3773 1187 3813 nec
1216 3764 1503 3827 utrumque
1538 3753 1698 3810 simul
1731 3768 1921 3824 possu-

331 3864 454 3905 mus
481 3849 783 3905 enuntiare.
816 3849 970 3916 Quod
997 3849 1044 3904 si
1074 3847 1334 3919 spiritalis
1358 3846 1449 3901 lux
1478 3845 1619 3900 facta
1643 3852 1758 3911 est,
1794 3858 1917 3899 cum

330 3939 469 3996 dixit
494 3941 636 3996 Deus
662 3940 756 3995 ﬁat
785 3941 874 3996 lux
892 3980 907 4007 ,
944 3955 1051 3995 non
1082 3939 1171 3993 illa
1204 3953 1336 3994 vera
1359 3938 1503 4008 patri
1528 3943 1794 3992 coaeterna
1828 3934 1915 3989 in-

332 4022 616 4106 telligenda
650 4042 763 4101 est,
802 4049 901 4104 per
932 4048 1092 4103 quam
1120 4030 1262 4086 facta
1299 4038 1424 4086 sunt
1451 4028 1654 4095 omnia,
1693 4027 1787 4084 sed
1826 4026 1917 4082 illa

331 4126 396 4182 de
420 4141 526 4196 qua
554 4125 659 4181 dici
700 4125 908 4197 potuit,
950 4124 1100 4195 prior
1125 4122 1364 4180 omnium
1389 4128 1569 4179 creata
1596 4128 1680 4175 est
1705 4121 1917 4190 sapien-

332 4217 429 4284 tia,
467 4218 593 4288 quia
629 4233 728 4289 per
760 4217 1081 4288 sapientiam
1114 4230 1223 4271 non
1252 4222 1490 4269 creatam
1515 4212 1656 4269 facta
1680 4220 1764 4268 est
1800 4212 1911 4267 lux.

329 4309 447 4378 Quo
486 4316 667 4383 autem
708 4311 867 4365 modo
895 4308 1057 4364 simul
1084 4306 1201 4360 fieri
1240 4305 1497 4375 potuerit,
1539 4313 1594 4360 et
1620 4305 1765 4375 quod
1794 4304 1916 4358 illu-

2092 1825 2162 1881 D.
2201 1826 2308 1883 Ista
2341 1828 2544 1885 creatio
2577 1828 2821 1901 angelica
2851 1838 2935 1886 est
2966 1830 3278 1900 temporalis
3311 1846 3379 1887 an
3416 1832 3611 1888 inlun-

2023 1919 2224 1988 poralis
2237 1920 2262 1973 ἲ

2095 2010 2174 2065 Μ.
2216 2010 2550 2082 Temporalis
2569 2012 2764 2068 eratin
2784 2013 3012 2086 angelis,
3034 2014 3402 2084 intemporalis
3426 2025 3609 2073 autem

2025 2101 2079 2156 in
2108 2102 2238 2157 Deo.
2261 2102 2595 2174 Temporalis
2617 2113 2736 2158 erat
2761 2106 2904 2173 quod
2931 2105 3136 2160 dictum
3165 2106 3517 2178 intelligimus
3540 2109 3609 2164 ab

2023 2199 2225 2247 mterno
2252 2192 2362 2248 Deo
2401 2207 2716 2263 expressum
2761 2209 2858 2265 per
2892 2195 3115 2250 verbum
3155 2205 3503 2264 coaeternum,
3550 2198 3606 2253 in

2024 2291 2270 2338 creatura
2296 2282 2526 2353 spiritali
2550 2298 2711 2353 quam
2733 2283 2844 2352 jam
2872 2292 3001 2339 tunc
3027 2282 3228 2339 fecerat
3254 2300 3375 2340 cum
3400 2285 3605 2341 dictum

2024 2383 2128 2440 est,
2158 2375 2215 2428 in
2262 2375 2516 2445 principio
2567 2375 2761 2431 crearit
2788 2374 2931 2430 Deus
2956 2375 3140 2430 calum
3166 2386 3213 2430 et
3242 2385 3458 2431 terram.
3494 2377 3604 2433 Sed

2024 2468 2127 2523 ista
2153 2466 2355 2522 locutio
2390 2480 2497 2520 non
2534 2473 2743 2521 tantum
2778 2465 2896 2522 sine
2921 2465 3101 2536 aliquo
3125 2481 3280 2531 sono,
3310 2468 3403 2521 sed
3439 2469 3608 2523 etiam

2024 2558 2141 2613 sine
2183 2556 2292 2611 ullo
2334 2555 2599 2626 corporali
2652 2563 2802 2610 motu
2843 2563 3107 2610 creatura:
3148 2555 3405 2625 spiritalis
3427 2596 3444 2622 ,
3488 2556 3615 2625 ejus

2023 2651 2191 2706 menti
2220 2659 2383 2721 atque
2411 2650 2607 2707 rationi
2636 2650 3034 2720 quodammodo
3061 2649 3223 2703 inﬁxa
3257 2663 3356 2719 per
3380 2649 3602 2704 verbum

2022 2743 2192 2814 patris
2215 2751 2562 2799 coaeternum.
2578 2742 2685 2798 Sed
2707 2742 2932 2798 multum
2954 2750 3116 2811 atque
3136 2739 3502 2796 difﬁcillimum
3526 2749 3606 2797 est

2024 2847 2218 2903 capere
2259 2834 2530 2902 quomodo
2573 2833 2775 2888 dicitur
2815 2833 2917 2887 deo
2956 2848 3063 2887 non
3113 2831 3481 2901 temporaliter
3517 2830 3606 2900 ju—

2023 2924 2204 2997 benti,
2239 2938 2414 2994 neque
2455 2923 2511 2979 id
2538 2924 2908 2995 temporaliter
2934 2923 3186 2977 audiente
3214 2930 3482 2987 creatura,
3512 2923 3607 2992 qui

2025 3014 2477 3086 contemplatione
2501 3014 2747 3070 veritatis
2772 3013 2954 3070 omnia
2981 3012 3193 3068 excedit
3218 3019 3484 3083 tempora,
3510 3015 3615 3070 sed.

2026 3105 2461 3162 intellectualiter
2485 3104 2703 3161 sibimet
2728 3104 2991 3175 impressa
3017 3118 3140 3159 eum
3168 3103 3311 3173 patri
3338 3110 3611 3159 comterna

2024 3198 2287 3270 sapientia
2334 3206 2589 3267 tanquam
2644 3196 2997 3266 intelligibilis
3040 3184 3328 3250 locutionis
3353 3234 3370 3260 ,
3427 3194 3496 3248 ad
3541 3208 3607 3250 ea

2024 3309 2143 3364 qua:
2181 3291 2321 3348 infra
2362 3300 2488 3349 sunt
2526 3290 2964 3355 transmittentis,
3003 3295 3064 3343 ut
3104 3287 3259 3342 fieret
3295 3287 3608 3357 temporalis

2023 3393 2203 3441 motus
2230 3385 2285 3439 in
2308 3386 2471 3439 rebus
2497 3380 2882 3453 temporalibus
2908 3379 3021 3435 sive
3053 3376 3351 3434 formandis
3375 3377 3489 3433 sive
3511 3376 3607 3432 ad-

2022 3473 2413 3529 ministrandis.
2726 3529 2753 3551 ο

2094 3562 2250 3618 Item.
2304 3562 2477 3616 Facta
2507 3569 2593 3617 est
2623 3559 2799 3631 inquit
2834 3559 2925 3614 lux
2949 3600 2964 3626 ,
3000 3559 3054 3615 id
3088 3565 3174 3614 est
3204 3558 3407 3615 creatio
3443 3573 3607 3629 ange-

2019 3652 2147 3719 lica,
2195 3651 2321 3722 quia
2365 3659 2494 3706 tunc
2538 3658 2816 3723 coeperunt
2857 3664 3149 3721 agnoscere
3178 3648 3263 3703 vel
3306 3649 3605 3718 intelligere

2019 3750 2320 3799 creatorem
2346 3757 2524 3798 suum.

2090 3834 2159 3889 D.
2200 3834 2379 3902 Quare
2406 3835 2602 3890 iterum
2625 3848 2733 3889 non
2759 3832 2975 3904 repetit,
3002 3841 3059 3888 et
3082 3830 3211 3887 fecit
3234 3833 3376 3887 Deus
3401 3832 3601 3900 lucem,

2019 3927 2160 3983 sicut
2200 3934 2477 3983 creaturas
2501 3934 2725 3982 caeteras
2762 3925 2960 3996 repetit
2998 3940 3134 3994 quas
3173 3925 3398 3990 creavit,
3443 3934 3505 3979 ut
3547 3924 3601 3979 in

2017 4019 2359 4074 ﬁrmamento
2399 4016 2531 4073 dicit
2574 4034 2587 4070 :
2634 4014 2763 4070 Fiat
2800 4015 3208 4085 ﬁrmamentum.
3253 4014 3321 4068 Et
3359 4014 3597 4069 iterum:

2016 4102 2168 4164 Fecit
2195 4108 2336 4163 Deus
2363 4107 2749 4178 ﬁrmamentum
2767 4106 2793 4159 γ

2087 4202 2167 4256 M.
2207 4201 2438 4258 Necesse
2474 4214 2711 4269 namque
2745 4215 2853 4255 non
2887 4206 3006 4254 erat
3038 4205 3101 4252 ut
3135 4197 3358 4253 dixisset
3395 4216 3409 4251 :
3450 4197 3601 4253 Fecit

2017 4299 2157 4354 Deus
2186 4298 2392 4361 lumen,
2423 4298 2548 4366 quia
2581 4295 2958 4352 intellectualis
2988 4299 3235 4349 creatura
3264 4299 3411 4357 erat,
3439 4292 3492 4347 id
3515 4300 3604 4348 est

327 4380 627 4457 minaretur
667 4408 722 4456 et
765 4401 880 4471 ipsa
908 4398 1266 4461 villuminatio,
1311 4411 1376 4452 ac
1416 4396 1631 4451 diverso
1673 4402 1912 4465 tempore
1943 4395 1991 4479 ρ
2015 4390 2209 4460 angeli.
2243 4386 2470 4479 Quando
2497 4394 2679 4441 autem
2706 4386 2878 4479 dicit:
2915 4383 3039 4479 F-‘iat
3069 4379 3600 4479 ﬁrmamentum,:'el

327 4492 595 4547 narranda
621 4491 842 4559 fuerint,
869 4490 1026 4562 paulo
1048 4497 1173 4544 ante
1194 4488 1430 4544 diximus
1450 4503 1573 4543 cum
1599 4487 1664 4544 de
1690 4485 1915 4541 materia

329 4590 712 4639 tractaremus.

952 4685 1296 4727 AUGUSTINUS.

396 4764 467 4819 D.
508 4763 653 4819 Dixit
698 4779 900 4837 quoque
944 4761 1088 4816 Deus
1132 4760 1227 4828 ﬁat
1271 4757 1384 4812 lux.
1426 4756 1486 4810 In
1527 4755 1614 4812 die
1654 4755 1810 4821 dixit,
1848 4770 1919 4809 an

325 4864 456 4912 ante
504 4870 721 4911 omnem
768 4854 952 4911 diem?
999 4852 1057 4909 Si
1106 4852 1160 4906 in
1204 4850 1290 4906 die
1333 4848 1500 4914 dixit,
1547 4847 1921 4916 temporaliter

325 4948 484 5014 dixit,
528 4947 575 5003 si
605 4944 973 5016 temporaliter
1013 4942 1166 5007 dixit,
1199 4956 1295 5012 per
1330 4939 1566 5008 aliquam
1606 4946 1910 4994 creaturam

323 5037 494 5105 dixit,
534 5038 699 5110 igitur
734 5052 840 5091 non
876 5043 960 5090 est
987 5034 1160 5106 prima
1184 5038 1433 5087 creatura
1458 5029 1569 5083 lux.

396 5128 475 5184 Μ.
512 5128 625 5184 Nec
658 5128 714 5183 in
748 5127 836 5183 die
869 5124 1036 5191 dixit,
1074 5138 1177 5178 nec
1210 5119 1576 5191 temporaliter
1609 5118 1779 5187 dixit,
1815 5121 1910 5177 sed

322 5227 450 5275 ante
485 5234 700 5275 omnem
739 5215 983 5288 profecto
1017 5221 1320 5269 creaturam
1360 5210 1584 5266 verbum
1623 5224 1779 5264 suum
1819 5224 1911 5281 ge-

320 5313 461 5369 nuit.
501 5312 675 5367 Dictio
712 5312 892 5381 itaque
924 5308 1020 5363 Dei
1052 5307 1276 5363 verbum
1311 5304 1407 5359 Dei
1443 5312 1544 5359 est.
1586 5301 1693 5359 Sed
1726 5303 1907 5360 divina

321 5399 604 5473 Scriptura
644 5398 881 5472 parvulis
920 5411 1241 5469 congruens,
1283 5403 1338 5450 et
1378 5394 1774 5464 quodammodo
1812 5409 1907 5450 eos

322 5495 555 5561 lactans,
590 5502 648 5550 ut
684 5491 988 5564 proficiant,
1028 5499 1082 5545 et
1116 5489 1299 5545 cibum
1340 5487 1637 5559 spiritalem
1668 5486 1903 5556 capiant,

324 5584 493 5640 voluit
543 5598 755 5652 semper
805 5597 904 5651 per
949 5594 1163 5637 omnem
1214 5587 1476 5635 creaturae
1526 5575 1903 5631 formationem

2014 4487 2208 4533 uetera
2244 4475 2299 4528 in
2335 4473 2454 4528 aliis
2487 4472 2773 4537 creaturis,
2795 4471 2900 4526 hoc
2932 4471 2988 4524 in
3025 4468 3332 4539 cognitione
3358 4466 3598 4537 angelica

2014 4568 2170 4633 dixit,
2201 4566 2326 4637 quia
2370 4578 2470 4619 nec
2514 4563 2711 4618 mirum
2739 4568 2822 4615 est
2866 4559 2915 4614 si
2957 4560 3100 4613 Deus
3145 4556 3348 4611 sanctis
3389 4554 3599 4625 angelis

2013 4661 2127 4717 suis
2152 4660 2207 4713 in
2236 4658 2414 4729 prima
2440 4655 2577 4710 lucis
2601 4651 2908 4709 conditione
2936 4651 3003 4705 ad
3032 4664 3089 4704 se
3106 4647 3415 4712 ,conversis,
3446 4645 3611 4716 prius

2014 4751 2182 4807 voluit
2204 4748 2491 4805 ostendere
2512 4746 2640 4817 quid
2668 4750 2784 4799 erat
2809 4742 3062 4812 deinceps
3088 4738 3347 4794 facturus.
3372 4734 3613 4804 Quando—

2012 4858 2141 4899 vero
2166 4841 2335 4898 dicit:
2367 4837 2437 4892 Et
2466 4837 2586 4907 fecit
2625 4834 2800 4898 Deus,
2836 4831 2892 4887 id
2928 4837 3012 4885 est
3055 4829 3111 4884 in
3152 4826 3371 4899 propria
3403 4832 3611 4879 natura

2012 4948 2218 4998 rerum,
2257 4930 2371 5000 jam
2411 4942 2519 4982 non
2563 4932 2685 4982 erat
2725 4925 2829 4978 hoc
2870 4936 3005 4991 opus
3048 4921 3115 4974 de
3155 4915 3360 4987 angelis
3400 4913 3601 4969 iterum

2011 5032 2287 5095 repetere,
2339 5019 2466 5089 quia
2513 5016 2587 5071 illi
2636 5024 2786 5079 tunc,
2839 5012 2980 5067 sicut
3029 5007 3298 5072 diximus,
3348 5003 3608 5061 conversi.

2011 5117 2225 5172 fuerant
2274 5113 2341 5168 ad
2391 5108 2823 5181 cognoscendum
2875 5111 3173 5159 creatorem
3225 5112 3403 5154 suum.
3459 5095 3596 5151 Cum

2011 5207 2156 5264 enim
2192 5212 2395 5260 mterua
2418 5201 2506 5255 illa
2534 5207 2589 5253 et
2611 5193 2983 5258 immutabilis,
3013 5205 3132 5261 qua:
3175 5204 3281 5244 non
3311 5195 3396 5242 est
3431 5186 3605 5251 facta,

2012 5298 2107 5355 sed
2135 5295 2316 5368 genita
2350 5291 2643 5362 sapientia,
2676 5288 2730 5342 in
2757 5284 3050 5356 spiritalem
3082 5290 3244 5351 atque
3278 5276 3603 5334 rationalem

2014 5394 2317 5445 creaturam
2341 5398 2397 5437 se
2423 5378 2679 5437 transfert
2700 5418 2713 5444 ,
2756 5377 2897 5432 sicut
2929 5374 2984 5428 in
3020 5373 3230 5428 animas
3258 5376 3507 5433 sanctas,
3536 5372 3605 5423 ut:

2011 5475 2316 5534 inluminati
2338 5474 2518 5528 lucere
2538 5470 2765 5542 possint,
2788 5467 2848 5522 fit
2871 5467 2927 5521 in
2951 5465 3032 5521 eis
3057 5463 3302 5533 quaedam
3324 5459 3605 5515 luculenta

2011 5542 2237 5624 rationis
2282 5565 2515 5632 affectio,
2560 5577 2680 5633 quae
2726 5567 2903 5632 potest
2946 5556 3140 5627 accipi,
3181 5553 3321 5610 facta
3357 5558 3440 5609 est
3478 5550 3605 5615 lux,

393 5708 418 5736 ι
457 5695 569 5751 lmo
593 5694 949 5765 Augustinus,
986 5691 1078 5747 lib.
1118 5688 1294 5759 primo
1332 5687 1397 5742 de
1426 5684 1621 5741 Genesi
1650 5684 1716 5739 ad
1752 5683 2004 5751 litteram,
2035 5694 2153 5749 cap.
2185 5676 2239 5733 7,
