3986 6168
358 286 410 373 ει
431 286 489 339 ιθ
1843 261 1972 317 W1C

2091 262 2131 316 )ι
3455 261 3598 315 1120

350 372 477 450 eum
516 392 724 447 dixerat
760 387 902 441 Deus
928 385 1023 453 ﬁat
1052 385 1172 451 lux,
1198 381 1310 453 jam
1336 381 1481 436 enim
1507 384 1624 434 erat
1664 374 1927 446 spiritalis
1955 377 1996 432 Α
2031 372 2270 428 facienda
2296 374 2580 442 cogitando
2606 374 2887 443 disposuit.
2919 374 2989 429 Et
3026 390 3152 431 eum
3185 376 3289 431 hoc
3330 376 3384 430 in
3427 378 3602 431 homi-

354 485 579 549 ereatio,
608 496 727 551 qum
754 479 874 534 οωιί
902 477 1119 533 nomine
1154 472 1453 545 signiﬁcata
1489 479 1605 535 est,
1640 483 1761 523 cum
1788 465 1923 521 scri—
2030 478 2153 518 nem
2198 464 2390 519 cadere
2425 479 2531 519 non
2560 465 2753 534 possit,
2793 472 2853 518 ut
2899 465 3102 534 aliquid
3130 466 3386 536 ignorans
3414 465 3602 531 faciat,

353 583 508 646 ptum
528 572 635 627 sit:
667 569 735 623 In
762 568 1017 638 principio
1040 566 1228 619 creavit
1252 563 1389 628 Deus
1422 560 1603 615 caelum
1632 568 1679 613 et
1707 565 1922 611 terram.
2030 563 2230 624 quanto
2264 555 2435 624 magis
2466 555 2523 609 in
2549 554 2739 620 Deum,
2768 555 2860 625 qui
2890 556 3072 611 omnia
3101 565 3306 611 aeterno
3333 564 3392 610 et
3418 558 3604 612 stabili

355 645 471 718 Non
495 662 614 717 οωιί
638 659 903 730 corporei,
920 657 1015 711 sed
1034 655 1156 711 οωὶί
1184 652 1575 722 ineorporei,in
1597 664 1703 719 qua
1727 654 1924 701 natura
2031 646 2256 701 consilio
2281 661 2378 701 suo
2403 648 2671 717 quomodo
2692 647 2862 701 voluit
2895 645 3056 703 fecit?
3085 646 3197 702 Nec
3220 648 3379 703 aliter
3403 649 3607 703 etenim

359 752 728 822 intelliguntur
749 763 936 805 omnes
960 745 1134 800 sancti
1155 742 1348 812 angeli.

987 847 1300 889 GREGOBIUS.

432 929 590 985 Tales
619 939 852 995 namque
878 923 1044 978 creati
1079 928 1204 975 sunt
1231 917 1425 987 angeli,
1452 923 1513 970 ut
1543 914 1589 969 si
1623 912 1844 977 vellent,
1873 911 1929 965 in

363 1020 709 1077 beatitudinis
756 1019 874 1072 luce
918 1013 1312 1085 persisterent;
1376 1009 1423 1062 si
1469 1013 1648 1060 autem
1693 1002 1930 1065 nollent,

366 1112 529 1166 etiam
555 1108 659 1164 labi
686 1106 1002 1177 potuissent.
1031 1101 1183 1158 Unde
1207 1107 1263 1154 et
1288 1097 1452 1153 Satan
1472 1110 1596 1150 eum
1619 1091 1938 1160 sequacibus

367 1198 665 1269 legionibus
694 1194 916 1259 cecidit;
962 1190 1057 1247 sed
1088 1197 1211 1260 post
1237 1186 1354 1255 ejus
1384 1186 1593 1253 lapsum
1630 1182 1704 1235 ita
1734 1178 1937 1269 conﬁr-

369 1268 501 1345 mati
528 1295 653 1344 sunt
680 1284 853 1355 angeli
892 1282 984 1352 qui
1015 1280 1384 1350 perstiterunt,
1408 1282 1468 1329 ut
1492 1273 1685 1327 cadere
1718 1268 1939 1324 omnino

372 1396 476 1436 non
514 1379 737 1449 possint.
786 1372 938 1440 Quod
972 1373 1109 1426 bene
1157 1369 1213 1423 in
1249 1367 1366 1437 ipso
1408 1364 1631 1420 exordio
1669 1360 1942 1416 Geneseos

369 1470 652 1540 praesentis
698 1467 820 1523 libri
856 1462 1112 1519 historica
1144 1458 1505 1528 descriptione
1530 1456 1799 1525 signatum
1837 1458 1939 1507 est.

375 1561 512 1627 Quia
553 1558 756 1614 creavit
794 1557 935 1610 Deus
962 1552 1156 1609 coelum
1193 1546 1335 1619 quod
1362 1546 1706 1616 postmodum
1729 1540 1945 1598 vocavit
2656 1570 3001 1613 AUGUSTmUS.

378 1655 791 1708 ﬁrmamentum
818 1644 951 1702 Coeli
976 1657 1103 1712 ergo
1128 1640 1362 1701 fuerunt,
1400 1644 1460 1691 ιιι
1488 1636 1735 1697 diximus,
1765 1632 1821 1686 hi
1850 1631 1943 1701 qui
1976 1700 2023 1723 η
2121 1646 2190 1700 D.
2229 1646 2299 1701 Et
2340 1647 2516 1701 divisit
2554 1647 2719 1702 lucem
2744 1650 3017 1705 atenebris
3046 1650 3256 1723 (Ibid.).
3297 1652 3510 1719 Divisit,
3539 1654 3627 1709 in-

378 1745 683 1817 prius'bene
706 1748 831 1796 sunt
873 1736 1097 1802 conditi,
1141 1734 1234 1789 sed
1264 1729 1601 1801 postmodum
1639 1726 1949 1780 ﬁrmamen-
1976 1700 2024 1762 Β
2049 1738 2166 1807 quit
2190 1738 2476 1808 scriptum,
2504 1737 2674 1793 lucem
2698 1755 2728 1794 α
2747 1741 2983 1796 tenebris
2999 1756 3014 1795 ε
3031 1700 3192 1798 smne
3209 1700 3353 1798 έηίω
3373 1700 3517 1814 (μιοᾶ
3542 1700 3627 1799 (ἦ-

383 1855 496 1894 ιιιπι
531 1834 778 1907 appellati
822 1839 966 1895 sum,
1013 1828 1140 1897 quia
1181 1824 1401 1881 οωηίηο
1431 1821 1542 1890 iam
1592 1832 1662 1874 ne
1696 1817 1952 1875 caderem
2047 1827 2272 1893 viditur,
2301 1835 2356 1881 et
2383 1842 2501 1882 esse
2524 1836 2723 1897 potest.
2763 1829 2916 1884 Sicut
2937 1845 3065 1901 ergo
3088 1839 3171 1886 est
3197 1834 3431 1887 essentia
3467 1834 3625 1899 lucis,

384 1930 635 1983 virtutem
662 1916 1215 1981 incommutabilitatis
1244 1920 1585 1984 acceperunt.

2091 1932 2126 1970 ,a
2153 1917 2389 1971 essentia
2415 1918 2780 1973 tenebrarum.
2810 1918 2878 1972 Et
2909 1935 3007 1974 cur
3032 1935 3141 1974 non
3169 1921 3297 1977 dicit
3324 1922 3631 1992 Scriptura,

918 2027 1047 2067 ιτειί
1087 2022 1398 2066 θηεεοιιιυε.
2051 2007 2185 2061 vidit
2209 2007 2350 2062 Deus
2378 2010 2628 2064 tenebras
2655 2010 2799 2079 quod
2826 2018 3007 2064 essent
3032 2011 3221 2078 honre,
3250 2012 3391 2068 sicut
3416 2015 3487 2068 de
3510 2013 3636 2069 luce

462 2108 602 2162 Dixit
627 2106 762 2160 Deus
787 2120 805 2158 :
828 2102 950 2156 Fiat
977 2100 1068 2154 lux
1092 2109 1139 2153 et
1158 2098 1299 2167 facta
1320 2105 1393 2149 est
1421 2094 1514 2147 (ua:
1546 2090 1698 2163 (Gen.
1727 2106 1767 2155 ι,
1796 2087 1873 2157 5),
1900 2091 1956 2138 et
2054 2098 2255 2153 dictum
2277 2098 2399 2153 est?

385 2198 546 2270 paulo
567 2205 690 2266 post
729 2213 742 2248 :
789 2192 1012 2246 Factum
1043 2198 1116 2243 est
1151 2202 1371 2257 vespere.
1408 2182 1758 2252 Nequaquam
1785 2179 1865 2233 sic
1900 2176 1955 2229 in

2128 2185 2205 2238 Μ.
2246 2186 2385 2241 Deus
2410 2188 2552 2243 bona
2586 2195 2640 2242 et
2675 2186 3098 2244 incommutabili
3129 2189 3403 2245 voluntate
3428 2190 3638 2245 creavit

389 2268 490 2345 hac
510 2288 619 2341 vita
650 2300 745 2355 per
771 2280 1213 2337 exercitationem
1232 2274 1459 2344 iustitiae
1495 2277 1778 2342 peccatum
1805 2268 1959 2322 dese-
2055 2291 2243 2333 omnes
2276 2278 2494 2349 angelos
2516 2279 2708 2343 honos,
2735 2278 2828 2333 sed
2866 2280 2990 2348 quia
3017 2294 3083 2334 εχ
3112 2280 3199 2334 his
3234 2281 3500 2349 quosdam
3535 2296 3637 2350 ρει-

2033 738 2173 794 facta
2203 748 2257 794 et
2285 740 2442 795 aliter
2484 740 2728 797 facienda
2756 741 2922 808 vidit;
2973 757 3041 798 eo
3069 743 3253 812 itaque
3286 743 3447 798 modo
3473 743 3609 798 vidit

2034 827 2198 895 facta,
2229 845 2336 899 quo
2355 830 2563 884 viderat
2587 829 2851 886 facienda.
3564 872 3571 877 η

2107 918 2175 972 D.
2215 919 2286 973 Et
2313 920 2438 974 vidit
2461 920 2596 974 Deus
2621 920 2786 975 lucem
2806 921 2945 992 quod
2964 931 3096 976 esset
3118 923 3253 977 bona
3277 922 3430 994 (Gen.
3454 940 3498 990 ι,
3518 924 3579 996 4)
3594 963 3613 979 .

2040 1010 2217 1077 Quare
2241 1011 2418 1067 lucem
2445 1019 2656 1066 tantum
2687 1012 2947 1078 laudavit,
2973 1021 3029 1067 et
3055 1028 3164 1068 non
3185 1015 3441 1069 noctem?

2112 1102 2191 1157 Μ.
2230 1104 2287 1158 ld
2311 1112 2416 1170 est,
2445 1104 2571 1174 quia
2595 1120 2703 1160 nox
2741 1106 2918 1161 adhuc
2957 1121 3059 1162 nec
3086 1107 3203 1161 dies
3244 1106 3399 1163 facta:
3433 1119 3617 1175 erant,

2044 1195 2139 1249 sed
2167 1202 2376 1249 tantum
2411 1194 2503 1249 lux
2546 1195 2818 1264 angelica,
2866 1196 2989 1266 quia
3025 1197 3303 1267 indignum
3344 1207 3464 1253 erat
3504 1200 3622 1254 Deo

2044 1300 2159 1340 rem
2185 1283 2472 1339 informem
2492 1284 2732 1350 laudare,
2753 1301 2873 1355 quae
2893 1287 3069 1341 adhuc
3096 1287 3324 1342 formata
3342 1303 3451 1343 non
3474 1297 3620 1354 erat,

2046 1376 2142 1431 sed
2197 1391 2313 1431 rem
2365 1375 2511 1429 illam
2554 1390 2673 1445 quae
2719 1374 2951 1431 formata
2991 1387 3107 1433 erat
3141 1378 3399 1446 laudavit,
3442 1381 3497 1435 id
3533 1389 3625 1436 est

2047 1463 2221 1519 lucem
2250 1463 2566 1534 angelicam.
2686 1467 2697 1471 ’

390 2383 544 2445 ritur,
592 2386 651 2431 ut
696 2377 750 2431 in
793 2374 978 2430 eadem
1030 2369 1239 2439 iustitia
1286 2368 1604 2421 inconcusse
1654 2364 1954 2415 maneatur.

391 2471 526 2537 Quia
550 2468 650 2522 etsi
673 2465 786 2534 jam
816 2479 848 2518 a
884 2461 1061 2517 cordis
1103 2455 1406 2513 habitaculo
1447 2453 1655 2521 culpam
1694 2448 1959 2537 rectitudo

392 2535 648 2620 eliminat,
686 2557 801 2625 ipsa
836 2562 1013 2607 tamen
1036 2549 1193 2617 culpa
1215 2561 1336 2617 qua:
1360 2543 1655 2614 repellitur,
1680 2535 1962 2608 cogitatio-

395 2652 478 2705 nis
510 2655 707 2702 nostrm
732 2644 936 2699 foribus
958 2640 1224 2703 assidens,
1252 2645 1312 2691 ut
1339 2636 1441 2690 sibi
1466 2632 1738 2703 aperiatur
1762 2627 1957 2698 pulsat.

396 2740 548 2805 Quod
572 2736 780 2806 Moyses
807 2730 1119 2802 spiritaliter
1152 2728 1345 2791 innuit,
1385 2740 1506 2779 cum
1534 2722 1677 2777 facta
1706 2732 1961 2788 corpora-

400 2829 523 2884 liter
552 2835 851 2894 temporum
884 2827 1154 2876 momenta
1181 2816 1422 2871 narravit
1460 2829 1474 2867 :
1519 2812 1690 2866 Facta
1728 2818 1804 2864 est
1850 2807 1962 2871 lux,

402 2925 564 2986 atque
613 2913 772 2984 paulo
811 2919 933 2981 post
981 2906 1272 2976 subiiciens
1298 2944 1313 2971 ,
1361 2904 1557 2973 factum
1615 2907 1689 2953 est
1742 2912 1963 2966 vespere.

2058 2369 2360 2440 superbiam
2379 2369 2705 2449 priesciebat
2725 2385 2965 2434 casuros,
2990 2383 3088 2438 per
3115 2370 3635 2426 incommutabilita-

2059 2469 2167 2515 tem
2208 2457 2558 2529 prreseientiie
2606 2474 2716 2514 suae
2756 2459 2936 2514 divisit
2979 2460 3121 2514 inter
3157 2460 3329 2516 bonos
3357 2470 3412 2516 et
3440 2462 3638 2516 malos.

2062 2550 2228 2604 Malos
2280 2550 2441 2619 igitur
2482 2548 2758 2618 appellans
2805 2549 3053 2604 tenebras
3080 2589 3094 2614 ,
3146 2550 3316 2605 bonos
3362 2550 3643 2620 appellans

2062 2641 2258 2705 lucem,
2301 2640 2357 2694 in
2405 2639 2487 2694 his
2525 2640 2711 2694 dicens
2753 2639 2877 2708 quia
2902 2639 3028 2695 boni
3056 2648 3200 2704 sunt,
3240 2638 3295 2693 in
3332 2639 3439 2693 illis
3465 2639 3641 2694 nulla-

2064 2743 2221 2788 tenus
2251 2732 2469 2795 dicens,
2495 2744 2564 2784 ne
2586 2739 2805 2800 peccata
2841 2745 2960 2799 quae
2989 2737 3144 2785 erant
3173 2730 3407 2785 tenebras
3448 2729 3645 2799 adpro-

2066 2825 2198 2879 bare
2223 2822 2517 2877 videretur.

2675 2922 2807 2963 ΙτΕὶί
2845 2922 3013 2962 ΛιιΙΒῐ.

403 3009 626 3064 circa“)?
660 3004 856 3073 (ἰυίρρθ
904 2999 1145 3056 οωηίυω
1188 2997 1436 3096 humi“?
1476 2991 1646 3061 culpae
1686 2987 1962 3091 Ρνίθδθίιιξν
1997 3028 2045 3096 c
2144 3001 2210 3056 D.
2248 3001 2437 3057 Divisit
2460 3000 2624 3055 lucem
2646 3016 2679 3053 a
2702 2997 2941 3053 tenebris.
2973 2996 3113 3065 Quid
3139 3006 3223 3053 est
3240 2997 3414 3052 lucem
3440 3012 3471 3051 a
3495 3004 3651 3052 tene-

405 3109 533 3155 tuuc
560 3095 824 3165 expressit
867 3094 923 3147 in
963 3098 1204 3160 tempore
1248 3086 1391 3156 quod
1437 3099 1579 3139 nunc
1625 3088 1872 3136 versatur
1915 3080 1973 3133 in
2000 3080 2045 3096 "
2075 3091 2189 3147 bris
2222 3091 2495 3146 dividere?

403 3197 602 3246 mente.
639 3187 757 3242 Lux
784 3185 980 3255 quippe
1005 3183 1073 3238 ad
1100 3193 1384 3250 vesperum
1410 3177 1639 3237 ducitur,
1669 3173 1795 3243 quia
1817 3171 1976 3226 nimi-

405 3296 526 3336 rum
565 3280 744 3334 lumen
787 3275 1129 3332 rectitudinis
1150 3273 1341 3327 umbra
1376 3269 1617 3338 sequitur
1643 3266 1972 3321 tentationis.

406 3371 514 3426 Sed
533 3369 659 3439 quia
688 3367 980 3422 electorum
1010 3364 1100 3418 lux
1138 3361 1433 3417 tentatione
1457 3374 1564 3414 non
1598 3355 1973 3425 exstinguitur,

410 3472 748 3529 nequaquam
781 3472 910 3521 nox,
941 3453 1035 3510 sed
1060 3466 1281 3522 vespere
1323 3451 1464 3505 facta
1489 3448 1820 3519 perhibetur,
1852 3445 1979 3515 quia

413 3552 667 3606 nimirum
696 3560 836 3617 saepe
864 3546 1090 3602 tentatio
1118 3544 1173 3599 in
1215 3544 1377 3599 corde
1407 3550 1672 3596 rectorum
1694 3537 1872 3592 lumen
1893 3533 1982 3603 ju-

357 3691 360 3694 .
410 3642 573 3699 stitize
602 3640 900 3705 abscondit,
931 3638 1025 3694 sed
1062 3652 1169 3693 non
1189 3634 1467 3697 interimit,
1514 3630 1668 3700 quasi
1705 3630 1773 3684 ad
1813 3628 1981 3698 pallo-

410 3749 525 3787 rem
555 3732 925 3802 trepidationis
958 3729 1236 3800 pertrahit,
1269 3727 1360 3783 sed
1384 3724 1624 3781 funditus
1650 3738 1756 3778 non
1779 3721 1983 3777 exstin-

414 3824 548 3892 guit.

1042 3924 1351 3965 AMBROSIUS.

486 4003 632 4057 Dixit
651 4017 851 4071 quoque
876 3999 1049 4053 Deus:
1070 3996 1190 4052 Fiat
1216 3999 1324 4064 lum,
1345 4001 1496 4055 idest
1519 3999 1836 4055 illuminatio
1861 4015 1982 4055 cre-

418 4092 657 4148 dulitatis
684 4096 955 4160 appareat.
983 4088 1163 4142 Prima
1190 4089 1331 4143 enim
1353 4089 1440 4143 die
1460 4088 1634 4144 lucem
1664 4089 1788 4144 ﬁdei
1817 4090 1981 4155 dedit,

417 4183 543 4252 quia
569 4180 739 4249 prima
776 4179 940 4234 estin
974 4176 1324 4232 conversione
1352 4178 1514 4246 ﬁdes,
1554 4179 1695 4235 unde
1722 4188 1775 4233 et
1812 4181 1986 4250 ipsum

418 4274 653 4344 primum
695 4271 946 4340 praecepti
999 4271 1305 4331 mandatum
1370 4279 1480 4336 est,
1538 4271 1793 4327 Dominus
1847 4273 1987 4328 Deus

2148 3180 2228 3234 M.
2269 3181 2324 3236 ld
2349 3189 2454 3246 est,
2484 3178 2756 3234 distinctio
2777 3177 2854 3232 rei
2880 3176 3123 3233 formatae
3150 3178 3216 3232 ab
3238 3175 3477 3232 informi.

2147 3273 2215 3327 D.
2255 3270 2640 3343 Appellavitque
2679 3269 2845 3324 lucem
2884 3269 3043 3335 diem,
3092 3278 3138 3323 et
3174 3269 3408 3323 tenebras
3444 3278 3651 3323 noctem

2080 3364 2232 3437 (Gen.
2261 3381 2302 3431 ι,
2343 3364 2420 3429 5).
2467 3362 2575 3418 Cur
2602 3362 2887 3432 appellavit
2914 3361 3089 3416 lucem
3128 3362 3268 3416 diem
3302 3371 3358 3416 et
3400 3363 3653 3418 tenebras

2080 3455 2324 3511 noctem?
2350 3468 2468 3523 quae
2489 3452 2661 3508 adhuc
2691 3450 2918 3507 formata
2945 3464 3051 3507 non
3080 3452 3270 3505 erant?

2153 3545 2231 3599 Μ.
2272 3545 2558 3615 Propterea
2600 3542 2745 3598 enim
2784 3542 3067 3612 appellavit
3102 3541 3276 3596 lucem
3322 3542 3486 3609 diem,
3522 3543 3655 3611 quia

2083 3637 2196 3693 dies
2219 3637 2362 3692 circa
2405 3635 2633 3705 speciem
2671 3632 2825 3688 factae
2850 3634 2926 3689 rei
2951 3634 3247 3703 appellatus
3274 3644 3383 3700 est;
3411 3642 3466 3687 et
3504 3643 3660 3689 tene-

2083 3730 2217 3784 bras
2236 3737 2470 3793 noctem,
2496 3726 2618 3796 quia
2644 3742 2751 3781 nox
2776 3725 2878 3779 ista
2903 3741 3022 3795 quae
3048 3726 3203 3781 nobis
3234 3726 3511 3780 notissima
3543 3734 3656 3791 est,

2084 3822 2215 3878 facit
2241 3836 2359 3877 eam
2382 3835 2499 3876 esse
2529 3819 2769 3876 absentia
2794 3819 2922 3873 solis
2947 3833 3107 3887 super
3131 3826 3356 3883 terram,
3394 3819 3519 3888 quia
3566 3819 3659 3873 de-

2087 3914 2299 3969 cidente
2342 3910 2475 3976 sole,
2526 3923 2779 3964 vocamus
2826 3922 3129 3977 vesperam,
3170 3906 3456 3961 inchoante
3497 3921 3661 3960 mane

2088 4017 2344 4058 vocamus
2371 4001 2533 4056 diem.
2580 3998 2697 4053 Nox
2737 4005 2916 4052 autem
2959 3996 3049 4051 hic
3087 3996 3319 4066 privatio
3344 3996 3521 4064 operis
3551 4003 3657 4060 est,

2088 4102 2181 4149 aut
2219 4108 2326 4147 nox
2373 4092 2487 4160 ipsa
2534 4089 2861 4160 possibilitas
2913 4087 3177 4157 appellata
3216 4095 3333 4153 est,
3356 4104 3477 4157 qua:
3518 4087 3663 4141 inest

2093 4184 2253 4237 rebus
2298 4180 2483 4244 factis,
2526 4180 2667 4235 unde
2708 4178 2825 4233 ﬁeri
2871 4186 3090 4247 potest,
3133 4178 3345 4232 etiamsi
3388 4193 3493 4232 non
3542 4193 3662 4231 mu-

2092 4282 2293 4330 tentur.

420 4370 541 4415 tuus
567 4359 704 4414 Deus
731 4375 864 4413 unus
890 4367 964 4412 est
1000 4358 1175 4431 (Deut.
1206 4369 1279 4425 iv,
1306 4358 1382 4430 6),
1408 4368 1627 4429 propter
1649 4377 1807 4431 quam
1830 4361 1987 4417 ﬁdem
2015 4365 2067 4426 ι)
2161 4365 2229 4417 D.
2248 4362 2568 4434 Factumque
2586 4371 2660 4416 est
2687 4377 2886 4432 vespere
2908 4368 2953 4414 et
2979 4377 3131 4414 mane
3150 4360 3260 4414 dies
3286 4374 3421 4414 unus
3448 4358 3659 4430 (lbia'q.

422 4450 538 4518 ipse
564 4449 823 4504 Dominus
856 4447 1140 4503 visibiliter
1179 4448 1235 4501 in
1276 4449 1475 4503 mundo
1513 4464 1773 4520 apparere
1800 4451 1986 4519 voluit,

415 4537 534 4610 jam
561 4546 689 4592 tunc
713 4538 854 4591 Deus
874 4535 1028 4605 juxta
1050 4537 1401 4605 priescientia:
1422 4553 1532 4592 suae
1559 4540 1787 4610 gratiam
1814 4542 1994 4596 divisit

420 4627 612 4696 justos,
652 4627 706 4680 id
743 4634 826 4681 est
853 4626 989 4682 ﬁlios
1023 4629 1116 4682 Dei
1144 4636 1198 4682 et
1233 4630 1369 4685 lucis
1404 4647 1434 4684 a
1472 4634 1845 4700 peccatoribus
1877 4642 1996 4688 tan-

429 4731 592 4785 quam
623 4730 653 4769 a
694 4705 928 4770 tenebris
952 4755 966 4780 ,
1003 4716 1136 4771 istos
1169 4732 1367 4773 vocans
1403 4719 1571 4784 diem,
1612 4721 1730 4775 illos
1773 4732 1993 4787 noctem,

430 4823 556 4862 nam
592 4806 718 4875 quia
756 4806 809 4860 in
861 4806 995 4861 lucis
1046 4807 1260 4862 nomine
1303 4806 1436 4875 justi
1483 4811 1835 4879 appellantur,
1873 4811 1997 4868 audi

429 4896 745 4966 Apostolum
777 4909 795 4949 :
832 4893 1032 4950 Fuistis
1076 4896 1242 4965 inquit
1268 4897 1550 4967 aliquando
1586 4899 1825 4966 tenebra’,
1863 4915 1999 4953 nunc

430 4999 605 5045 autem
627 4987 719 5043 lux
742 4989 799 5042 in
827 4986 1049 5043 Domino
1074 4986 1288 5058 (Ephes.
1318 5004 1372 5054 v,
1399 4988 1475 5061 8).

1056 5095 1403 5138 AUGUSTINUS.

502 5168 573 5225 Et
594 5168 716 5223 vidit
746 5167 885 5223 Deus
914 5168 1078 5222 lucem
1099 5171 1236 5240 quod
1261 5181 1390 5225 esset
1416 5172 1549 5226 bona
1574 5169 1727 5243 (Gen.
1750 5188 1789 5237 ι,
1815 5170 1892 5242 4).

505 5258 574 5315 D.
614 5257 672 5312 Si
694 5258 872 5313 subito
897 5258 1037 5312 Deus
1061 5260 1193 5313 vidit
1214 5259 1388 5314 lucem
1414 5262 1557 5330 quod
1581 5269 1724 5316 esset
1745 5262 1905 5327 bona,
1934 5277 2002 5316 an

436 5354 591 5405 antea
621 5348 865 5411 nescivit,
896 5356 951 5403 et
979 5348 1114 5403 visio
1142 5349 1191 5404 ei
1220 5351 1444 5406 contulit
1471 5350 1781 5406 scientiam?

508 5438 587 5492 Μ.
627 5440 796 5495 Omne
825 5441 970 5495 enim
993 5456 1126 5509 opus
1152 5442 1406 5510 praecedit
1434 5443 1703 5509 voluntas,
1727 5460 1851 5498 nam
1878 5445 2006 5499 dum

440 5528 737 5595 cogitamus
757 5530 885 5598 quid
907 5544 1129 5598 operare
1156 5530 1461 5595 debeamus,
1491 5547 1665 5602 neque
1688 5534 1831 5589 enim
1857 5534 2008 5604 igno—

446 5629 569 5671 rans
609 5614 808 5685 aliquid
849 5615 1010 5682 facit,
1057 5618 1182 5672 dum
1207 5620 1406 5689 cogitat
1450 5622 1678 5690 qualiter
1720 5623 1850 5681 ﬁant
1884 5640 2001 5697 quae

2095 4454 2370 4522 Quomodo
2391 4455 2495 4509 hoc
2522 4451 2923 4521 intelligendum
2949 4451 3066 4505 est?

2165 4545 2241 4599 Μ.
2284 4544 2420 4612 Quid
2450 4560 2548 4614 per
2577 4558 2851 4613 vesperam
2889 4542 2991 4597 nisi
3035 4541 3294 4611 perfectio
3331 4540 3661 4613 singulorum

2093 4650 2337 4705 operum,
2366 4641 2421 4689 et
2443 4648 2599 4687 mane
2617 4640 2701 4688 est
2724 4632 2994 4687 inchoatio
3016 4628 3391 4701 sequentium?

2709 4737 3052 4778 AUGUSTINUS.

2171 4814 2234 4869 D.
2273 4814 2512 4869 Primum
2568 4813 2712 4867 enim
2758 4811 2900 4866 diem
2953 4811 3154 4868 astruis
3200 4810 3497 4881 spiritalem
3547 4824 3666 4865 esse

2097 4914 2422 4970 creaturam,
2449 4912 2505 4960 et
2525 4901 2793 4974 quomodo
2814 4902 3000 4957 habuit
3019 4915 3239 4971 vespere
3268 4908 3322 4956 et
3351 4915 3511 4954 mane
3527 4900 3553 4952 ?

2171 4993 2249 5048 Μ.
2291 4993 2478 5049 Omnis
2521 5005 2753 5062 namque
2798 4998 3047 5046 creatura
3090 4999 3379 5059 antequam
3426 4996 3669 5057 tempore

2101 5102 2198 5143 suo
2227 5084 2401 5147 ﬁeret,
2429 5083 2485 5137 in
2515 5082 2629 5151 ipso
2666 5080 2764 5135 Dei
2786 5080 2963 5134 Verbo
2992 5087 3107 5133 erat
3132 5119 3147 5144 ,
3188 5079 3339 5148 prius
3364 5078 3431 5132 ab
3465 5075 3666 5146 angelis

2101 5174 2491 5245 cognoscenda,
2526 5180 2580 5225 et
2608 5171 2688 5226 sic
2721 5186 2819 5226 suo
2849 5178 3089 5239 tempore
3118 5168 3381 5224 facienda.
3427 5167 3669 5235 Quapro-

2100 5272 2221 5337 pter
2265 5265 2380 5332 ipsa
2427 5268 2689 5316 creatura:
2734 5260 2970 5338 cognitio
3019 5260 3072 5313 in
3116 5258 3404 5327 semetipsa
3445 5268 3665 5325 vespera

2102 5362 2238 5419 erat,
2279 5354 2333 5407 in
2372 5353 2482 5406 Deo
2532 5357 2711 5404 autem
2758 5362 2913 5403 mane
2939 5388 2954 5415 ,
2994 5348 3119 5418 quia
3155 5347 3276 5417 plus
3314 5347 3527 5401 videtur
3555 5344 3666 5411 ipsa

2103 5452 2349 5501 creatura
2392 5441 2448 5495 in
2485 5435 2730 5504 Domino,
2766 5454 2927 5509 quam
2974 5440 3027 5493 in
3067 5438 3242 5507 seipsa
3282 5437 3494 5491 videtur
3520 5446 3665 5488 crea-

2104 5544 2244 5589 tura.
2293 5534 2419 5589 Plus
2463 5533 2669 5589 scilicet
2716 5532 2927 5588 videtur
2967 5530 3020 5585 in
3066 5541 3183 5597 arte
3228 5543 3334 5596 qua
3379 5524 3517 5580 facta
3562 5528 3663 5584 est,

2104 5639 2265 5697 quam
2308 5624 2361 5679 in
2399 5624 2573 5694 seipsa
2610 5638 2730 5694 quae
2766 5621 2908 5677 facta
2944 5629 3051 5679 est.
3094 5618 3381 5689 Propterea
3412 5615 3552 5669 enim
3590 5609 3660 5663 ait
