3986 6168
428 253 558 308 1121

1350 250 1474 309 LIB.
1514 233 1990 322 ρωΕδΤιοΝὐιι
2028 257 2251 313 SUPER
2289 258 2415 311 LIB.
2457 258 2764 317 GENESIS.

3522 279 3661 332 “22

424 366 748 437 evangelista
779 365 1012 422 Joannes
1040 367 1259 456 :AQuod
1303 368 1498 437 factum
1531 379 1604 422 est
1632 371 1689 423 in
1731 370 1842 439 ipso
1885 370 1992 423 vita
2018 372 2065 430 Α
2093 379 2147 423 et
2173 376 2282 424 tres
2301 379 2485 439 partes
2511 372 2708 438 habet,
2735 377 3027 431 secundum
3053 382 3195 448 quod
3217 398 3375 456 supra
3404 386 3659 456 diximus,

421 465 533 509 erat
563 455 744 525 (Joan.
770 473 811 522 ι,
851 457 904 521 5,
946 456 1024 527 4).
1062 454 1254 513 Omnia
1282 458 1445 529 igitur
1469 475 1589 528 quae
1613 459 1754 514 facta
1786 467 1912 515 sunt
1938 467 1993 513 et
2091 461 2335 514 senarius
2364 476 2638 516 numerus.
2663 462 2795 517 Nam
2835 480 2995 521 xxxv:
3019 468 3165 523 hora:
3186 454 3380 540 quibus
3401 454 3659 536 Dominus

422 545 588 599 vitam
633 562 742 601 non
780 547 1000 612 habent,
1036 547 1091 601 in
1131 548 1248 616 ipso
1284 549 1460 604 Verbo
1484 549 1580 604 Dei
1615 550 1723 603 vita
1748 556 1892 613 sunt,
1935 549 1990 603 in

422 635 616 704 seipsis
660 650 768 691 non
812 646 936 692 sunt
985 638 1116 692 vita.
1163 637 1394 704 leum,
1432 647 1597 705 terra,
1631 640 1789 709 lapis,
1824 639 1989 695 vitam

421 739 531 779 non
558 725 779 789 habent,
806 734 860 781 et
887 733 1065 782 tamen
1107 726 1162 781 in
1199 728 1429 783 Domino
1461 728 1572 782 vita
1600 737 1744 783 sunt.
1792 730 1989 785 Vivunt

423 818 587 888 igitur
630 816 685 871 in
722 817 832 873 Deo
878 819 993 873 sine
1030 818 1186 874 initio
1211 859 1227 885 ,
1278 827 1439 890 atque
1479 821 1990 877 incommutabiliter

418 924 612 968 omnes
658 910 895 964 rationes
927 918 1317 966 creaturarum.
1361 912 1441 966 Ac
1476 926 1572 981 per
1606 912 1709 968 hoc
1750 912 1868 983 plus
1904 914 1986 967 vi-

422 1003 616 1057 dentur
633 1002 702 1057 ab
725 1001 927 1071 angelis
957 1001 1159 1057 sanctis
1182 1001 1239 1055 in
1266 1002 1442 1056 Verbo
1463 1002 1558 1057 Dei
1584 1002 1676 1057 ubi
1701 1009 1827 1087 sunt
1853 1003 1983 1069 vita,

420 1106 584 1161 quam
616 1092 670 1145 in
698 1092 895 1162 seipsa,
919 1092 1046 1161 quia
1081 1091 1306 1146 scientia
1332 1091 1644 1161 angelorum
1683 1092 1736 1146 in
1771 1107 1986 1161 compa-

421 1181 630 1237 ratione
660 1182 754 1236 Dei
779 1180 1171 1250 quodammodo
1190 1181 1535 1250 vesperascit.
1563 1182 1703 1253 Ergo
1728 1182 1782 1236 in
1810 1183 1988 1252 cogni-

421 1271 569 1326 tione
594 1270 917 1325 ﬁrmamenti
951 1269 1236 1325 secundus.
1285 1270 1341 1324 lu
1381 1270 1685 1340 cognitione
1709 1271 1988 1327 discretio-

420 1363 505 1417 nis
534 1370 692 1416 terrte
736 1376 801 1416 ac
840 1361 1006 1416 maris
1040 1360 1250 1415 tertius.
1293 1360 1353 1415 In
1399 1361 1706 1431 cognitione
1745 1362 1883 1418 solis-
1922 1378 1987 1418 ac

421 1453 562 1507 lunae
591 1451 679 1505 vel
701 1451 998 1517 stellarum,
1018 1458 1262 1520 quartus.
1284 1450 1343 1505 In
1362 1451 1666 1521 cognitione
1690 1451 1984 1521 reptilium,

419 1542 504 1596 vel
532 1542 865 1608 animalium,
905 1541 1146 1611 quintus.
1186 1541 1241 1596 In
1283 1541 1589 1613 cognitione
1619 1540 1986 1609 iumentorum

420 1640 475 1686 et
497 1632 731 1687 ferarum
754 1632 838 1687 vel
868 1632 1034 1701 ipsius
1062 1630 1296 1686 hominis
1319 1669 1335 1696 ,
1377 1640 1581 1685 sextus.
1627 1631 1810 1701 Neque
1840 1632 1985 1686 enim

2087 547 2190 602 fuit
2230 550 2283 603 in
2313 549 2544 617 inferno,
2570 552 2697 608 huic
2732 555 2925 625 simplo
2948 566 3003 613 et
3036 560 3197 629 duplo
3225 577 3545 634 congruunt.
3576 587 3654 627 xu

2088 637 2254 705 igitur
2293 637 2509 693 fuerunt
2548 641 2773 708 diurnte,
2819 652 2873 698 et
2916 661 3043 701 xxrv
3083 657 3373 717 nocturnae,
3420 671 3549 711 xxtv
3587 661 3662 715 ad

2088 724 2300 795 duplam
2326 735 2552 781 mortem
2582 738 2821 787 nostram
2852 736 3196 803 conveniunt,
3220 746 3274 794 et
3294 741 3396 797 illa:
3412 759 3487 799 xu
3508 747 3659 804 horae

2086 816 2155 869 ad
2182 824 2411 875 mortem
2440 818 2652 874 Domini
2679 821 2945 891 simplam.
2985 826 3188 882 Revera
3217 832 3361 886 enim
3385 842 3439 887 et
3466 838 3659 892 nativi-

2086 909 2171 957 tas
2195 902 2311 971 ejus
2335 906 2612 961 senarium
2633 902 2916 964 numerum
2941 912 3117 967 habet.
3159 931 3283 973 vat
3316 922 3472 976 annis
3494 924 3657 979 adifi-

2086 993 2303 1049 Ilcatum
2346 1012 2467 1052 esse
2491 999 2750 1068 templum
2777 1010 3024 1058 astrnunt
3052 1005 3219 1062 Judaei
3254 1010 3309 1064 in
3343 1012 3655 1085 Evangelia,

2085 1088 2228 1155 quod
2258 1089 2575 1159 intelligitur
2601 1093 2667 1147 de
2694 1108 2920 1163 corpore
2954 1096 3186 1153 Domini.
3224 1117 3347 1157 xm
3389 1107 3516 1160 anni
3558 1122 3657 1176 pro

2085 1176 2277 1232 diebus
2304 1180 2464 1247 positi
2487 1190 2630 1234 sunt.
2669 1198 2791 1237 xavr
2820 1185 3010 1240 diebus
3041 1187 3226 1244 dicunt
3259 1191 3516 1249 infantem
3547 1197 3657 1251 for-

2086 1266 2222 1320 mari
2248 1267 2303 1321 in
2344 1277 2535 1335 utero,
2578 1278 2633 1325 et
2665 1272 2891 1329 subinde
2934 1290 3103 1345 usque
3147 1280 3203 1334 in
3243 1282 3386 1338 diem
3423 1288 3658 1353 parturi-

2085 1358 2251 1414 tionis
2312 1363 2667 1431 augmentari.
2717 1363 3049 1438 Quadragies
3094 1371 3292 1442 quippe
3344 1377 3459 1430 seni
3521 1378 3656 1435 fiunt

2085 1464 2337 1516 ccaxxvr,
2387 1452 2478 1520 qui
2517 1451 2724 1508 faciunt
2764 1470 2978 1511 menses
3011 1473 3204 1514 novem
3228 1470 3283 1517 et
3307 1464 3420 1520 dies
3444 1466 3655 1524 decem.

2085 1539 2347 1610 Computa
2369 1558 2496 1611 ergo
2516 1544 2584 1598 ab
2602 1554 2793 1600 octavo
2817 1545 2925 1600 kal.
2956 1547 3179 1618 Aprilis,
3216 1555 3430 1621 quando
3461 1571 3655 1625 passus

2085 1639 2169 1686 est
2209 1632 2486 1698 Dominus,
2534 1642 2662 1689 tunc
2686 1634 2850 1688 etiam
2885 1636 3124 1694 creditur
3164 1639 3331 1697 fuisse
3362 1654 3654 1715 conceptus

420 1725 524 1779 diei
554 1724 712 1779 unius
753 1737 912 1793 quem
949 1723 1294 1795 intelligimus
1322 1722 1617 1793 spiritalem
1655 1731 1982 1801 creaturam,
2013 1702 2063 1764 Β
2085 1734 2258 1788 usque
2288 1719 2343 1773 in
2387 1721 2530 1776 diem
2565 1738 2663 1777 vni
2705 1722 2823 1777 Kal.
2863 1722 3128 1794 Januarii,
3166 1738 3221 1784 et
3261 1734 3495 1801 reperies

422 1817 480 1874 id
501 1822 584 1868 est
611 1813 928 1884 angelicam,
965 1814 1138 1869 sexies
1177 1812 1319 1869 facta
1348 1814 1622 1882 cognitio:
1655 1800 1835 1870 sexies
1859 1812 1986 1871 fecit
2084 1823 2329 1876 ccuxvi,
2360 1810 2452 1879 qui
2492 1819 2704 1867 constat
2736 1825 2833 1881 per
2870 1816 3138 1871 senarium
3174 1800 3476 1877 numerum.
3515 1824 3657 1891 Quid

416 1913 636 1979 propter
677 1904 876 1959 senarii
920 1903 1133 1959 numeri
1185 1902 1591 1973 perfectionem.
1640 1903 1746 1960 Sed
1783 1904 1851 1959 de
1886 1920 1984 1959 nu—
2085 1898 2151 1953 de
2177 1898 2267 1953 illa
2297 1900 2520 1956 muliere
2545 1902 2598 1955 in
2634 1901 2922 1972 Evangelio
2944 1921 3104 1975 quam
3137 1923 3269 1964 xvm
3298 1912 3657 1970 annisincur-

412 2008 567 2049 mero
587 2002 643 2049 et
674 1995 741 2049 de
764 1994 962 2050 senarii
986 1994 1192 2048 numeri
1216 1992 1544 2063 perfectione
1564 1994 1765 2071 aliquid
1797 1994 1894 2049 tibi
1916 2010 1983 2048 ex
2083 2000 2302 2045 vaverat
2343 1990 2589 2058 Satanas,
2632 2008 2791 2062 quam
2835 1999 3046 2052 sanavit
3090 2000 3344 2058 Dominus
3367 2045 3381 2069 ,
3429 2006 3655 2063 dicimus

420 2084 712 2154 Scripturis
760 2083 967 2139 sanctis
1004 2083 1270 2153 colligam.
1320 2084 1520 2138 Libens
1573 2083 1782 2148 adesto,
1828 2092 1884 2137 et
1932 2092 1984 2137 te
2082 2080 2209 2148 quia
2250 2089 2305 2133 et
2357 2081 2456 2149 ipsi
2506 2083 2632 2136 anni
2672 2086 2941 2141 senarium
2977 2103 3260 2143 numerum
3297 2093 3535 2161 habent;
3571 2105 3654 2152 ter

417 2184 587 2229 tutum
615 2175 683 2229 ad
708 2173 1028 2229 audiendum
1065 2188 1327 2243 praepara.
1370 2172 1518 2228 Unus
1556 2172 1611 2227 in
1638 2172 1880 2228 numeris
1908 2174 1985 2228 di-
2083 2171 2414 2242 igitursenix
2439 2180 2620 2228 etvm.
2651 2173 2744 2232 Illa
2770 2176 3135 2243 igiturmulier
3155 2181 3469 2251 intelligitur
3483 2201 3653 2253 genus

414 2266 522 2320 vidi
549 2281 657 2322 non
680 2272 882 2335 potest,
908 2265 976 2320 ab
998 2264 1114 2334 ipso
1141 2264 1284 2318 enim
1305 2263 1476 2333 surgit
1494 2264 1669 2318 omnis
1692 2278 1979 2331 numerus;
2082 2260 2398 2326 humanum,
2424 2278 2589 2332 quam
2620 2263 2676 2317 in
2701 2274 2853 2319 sexta
2885 2275 3044 2322 :etate
3068 2269 3249 2323 smculi
3273 2286 3304 2324 a
3327 2273 3525 2329 diaboli
3561 2293 3652 2332 ca-

413 2370 542 2426 ergo
587 2355 693 2410 duo
734 2355 899 2410 dividi
945 2362 1187 2423 possunt.
1238 2352 1297 2408 Si
1342 2368 1467 2423 pars
1519 2351 1635 2421 ejus
1686 2368 1826 2408 unus
1876 2363 1980 2420 est,
2080 2351 2324 2420 ptivitate
2363 2352 2630 2408 liberavit.
2678 2352 2860 2408 Prima
2905 2364 3037 2411 tetas
3080 2358 3147 2413 ab
3189 2358 3361 2425 Adam
3392 2379 3559 2433 usque
3583 2369 3652 2422 ad

412 2446 577 2517 igitur
620 2445 810 2501 divisio
852 2443 1082 2500 duorum
1125 2444 1180 2499 in
1224 2459 1389 2499 unum
1420 2483 1435 2509 ,
1491 2443 1682 2498 divisio
1728 2443 1892 2497 trium
1925 2444 1982 2498 in
2080 2440 2213 2495 Noe.
2243 2440 2487 2497 Secunda
2526 2458 2558 2496 a
2595 2442 2707 2498 Noe
2748 2459 2919 2513 usque
2951 2446 3017 2500 ad
3051 2447 3340 2504 Abraham.
3373 2452 3552 2509 Tertia
3582 2458 3651 2512 ab

413 2552 599 2592 unum.
630 2535 954 2617 9nidaliud
989 2536 1079 2591 hic
1103 2549 1359 2590 numerus
1382 2535 1619 2590 ostendit
1660 2534 1763 2589 nisi
1802 2534 1981 2589 Trini-
2079 2529 2349 2584 Abraham
2383 2546 2553 2601 usque
2578 2533 2645 2587 ad
2667 2533 2850 2588 David.
2893 2533 3095 2601 Quarta
3128 2553 3159 2591 a
3190 2539 3359 2597 David
3384 2559 3554 2613 usque
3586 2549 3651 2602 ad

413 2632 579 2683 tatem
603 2641 722 2696 qua:
745 2626 887 2680 Deus
908 2633 1013 2691 est,
1038 2625 1165 2694 quia
1185 2623 1431 2693 quamvis
1454 2631 1566 2677 tres
1590 2624 1699 2677 sint
1717 2637 1979 2692 personze,
2080 2623 2606 2693 trausmigrationem
2618 2626 3654 2706 Babylonis.Quintaatransmigratione

412 2718 467 2772 in
491 2732 595 2772 una
618 2716 912 2772 creduntur
937 2716 1141 2769 unitate
1176 2723 1400 2767 natum.
1433 2711 1821 2777 Quaternarius
1849 2712 1981 2767 duas
2081 2715 2367 2787 Babylonis
2394 2733 2563 2788 usque
2588 2722 2654 2774 ad
2667 2718 2931 2776 Joannem
2951 2723 3247 2792 Baptistam
3279 2734 3335 2780 et
3358 2728 3649 2785 adventum

410 2819 593 2881 partes
638 2811 819 2866 habet.
869 2807 1003 2862 Nam
1055 2814 1247 2877 quarta
1292 2804 1408 2874 ejus
1455 2819 1621 2859 unum
1664 2812 1769 2870 est,
1801 2804 1979 2860 media
2081 2806 2293 2862 Domini
2336 2807 2648 2865 Salvatoris.
2689 2809 2854 2865 Sexta
2899 2827 3020 2881 qua:
3056 2829 3200 2869 nunc
3235 2817 3444 2886 agitur,
3484 2821 3654 2877 donec

410 2902 527 2971 ejus
572 2902 697 2956 duo.
750 2899 925 2954 Unum
968 2897 1215 2952 videlicet
1249 2903 1306 2950 et
1350 2894 1457 2949 duo
1496 2896 1599 2950 tria
1648 2903 1792 2949 sunt.
1840 2897 1980 2954 Ecce
2081 2896 2340 2954 Excelsus
2382 2900 2561 2955 veniat
2596 2899 2665 2954 ad
2711 2898 2997 2969 judicium.
3038 2901 3204 2959 Sexto
3247 2905 3427 2975 itaque
3458 2909 3656 2964 saeculo

406 2999 589 3067 partes
629 3004 778 3054 suas,
811 3001 912 3043 nec
958 2986 1099 3042 ultra
1151 2985 1450 3050 excrescit,
1486 3000 1588 3040 nec
1630 2986 1895 3056 complet,
1924 2995 1980 3043 et
2008 3042 2052 3067 η
2082 2987 2409 3044 reformatur
2447 3005 2617 3059 genus
2650 2990 2944 3046 humanum
2981 2992 3049 3046 ad
3072 2992 3356 3063 imaginem
3382 2996 3496 3051 Dei.
3524 2997 3656 3052 Pro-

410 3081 529 3135 ideo
560 3077 1007 3150 imperfectusest
1050 3090 1323 3130 numems.
1356 3074 1645 3141 Quinarius
1670 3090 1780 3129 non
1816 3076 1979 3131 habet
2006 3074 2055 3106 υ
2084 3078 2228 3134 feeto
2266 3079 2410 3133 enim
2455 3080 2579 3134 anni
2633 3096 2766 3136 xvm
2821 3097 2927 3136 non
2970 3082 3141 3138 solum
3182 3099 3272 3138 sex
3311 3094 3522 3151 aetates,
3560 3090 3663 3144 sed.

410 3172 514 3228 nisi
542 3186 708 3227 unum
741 3168 884 3240 quod
909 3175 993 3223 est
1011 3167 1217 3236 quinta.
1260 3164 1517 3220 Senarius
1540 3165 1704 3236 igitur
1723 3179 1980 3220 numerus
2084 3168 2247 3222 etiam
2286 3167 2386 3221 tria
2427 3175 2668 3237 tempora
2714 3172 2988 3226 evidenter
3033 3173 3420 3229 demonstrant.
3479 3177 3657 3232 Unum

408 3261 679 3332 perfectus
717 3267 823 3326 est,
868 3259 994 3329 quia
1031 3256 1275 3328 partibus
1302 3256 1416 3311 suis
1452 3255 1772 3325 completur,
1817 3255 1981 3311 habet
2083 3260 2293 3314 scilicet
2331 3269 2456 3315 ante
2492 3260 2663 3331 legem
2685 3301 2701 3327 ,
2727 3262 2957 3316 alterum
2986 3264 3084 3318 sub
3102 3264 3253 3334 lege,
3293 3269 3513 3322 tertium
3554 3271 3655 3325 sub

409 3353 554 3408 enim
610 3366 777 3406 unum
830 3349 974 3421 quod
1022 3356 1107 3403 est
1144 3355 1296 3403 sexta
1323 3387 1338 3413 ,
1388 3347 1492 3402 duo
1542 3345 1684 3416 quod
1740 3352 1824 3399 est
1873 3353 1982 3399 ter-
2083 3350 2274 3419 gratia.
2317 3348 2485 3419 Igitur
2508 3359 2562 3405 et
2584 3351 2697 3420 ipse
2737 3366 2907 3405 annus
2927 3354 3139 3407 senario
3163 3370 3387 3413 numero
3414 3360 3655 3416 contine-

300 3502 309 3507 _
409 3445 504 3508 tia,
536 3444 638 3497 tria
663 3443 805 3513 quod
828 3449 910 3497 est
928 3440 1104 3495 media
1136 3457 1150 3493 :
1191 3453 1359 3493 unum
1386 3452 1516 3507 ergo
1544 3438 1649 3492 duo
1674 3444 1729 3490 et
1753 3435 1858 3490 tria
1885 3448 1981 3490 sex
2083 3449 2172 3493 tur
2199 3478 2213 3502 ,
2259 3439 2422 3493 habet
2464 3441 2608 3494 enim
2654 3441 2768 3496 dies
2814 3457 3013 3498 cccxxv
3038 3453 3092 3499 et
3126 3447 3416 3516 quadrans.
3466 3449 3658 3508 Sexics

408 3535 633 3590 faciunt.
660 3533 783 3587 Ideo
802 3538 1020 3600 propter
1046 3528 1207 3596 hujus
1230 3527 1439 3581 numeri
1459 3524 1865 3594 perfectionem,
1886 3538 1979 3578 sex
2082 3529 2277 3599 quippe
2300 3531 2552 3601 sexageni
2578 3546 2671 3586 ccc
2692 3537 2964 3606 sexageni,
2990 3550 3268 3594 remanent
3286 3541 3526 3611 profecto
3542 3545 3657 3600 dies

409 3624 600 3679 diebus
621 3631 872 3691 operatus
897 3629 980 3673 est
1003 3631 1218 3673 omnem
1243 3623 1566 3671 creaturam.
1590 3614 1725 3668 Tres
1747 3613 1831 3668 hae
1854 3628 1980 3682 par—
2081 3621 2319 3691 quinque
2345 3631 2399 3678 et
2425 3625 2696 3692 quadrans
2728 3625 2965 3696 quinque
3002 3628 3116 3683 dies
3158 3630 3294 3683 sexti
3338 3632 3541 3688 mensis
3556 3673 3579 3699 ,,
3599 3644 3655 3689 et

411 3723 494 3769 tes
537 3713 733 3768 senarii
781 3710 990 3765 numeri
1041 3709 1413 3763 demonstrant
1451 3704 1607 3762 nobis
1661 3705 1980 3760 Trinitatem
2082 3718 2262 3765 tamen
2291 3711 2337 3766 si
2366 3712 2494 3767 illud
2522 3716 2793 3784 quadrans
2811 3731 2909 3786 pro
2930 3717 3016 3772 die
3040 3733 3232 3788 ponas,
3254 3736 3284 3774 a
3306 3730 3457 3791 parte
3482 3731 3656 3780 totum

412 3806 581 3860 Deum
626 3804 679 3857 in
729 3802 968 3856 trinitate
1009 3798 1220 3855 numeri
1260 3806 1317 3854 et
1357 3811 1623 3853 mensurae
1648 3804 1702 3852 et
1728 3796 1981 3866 ponderis
2082 3817 2175 3857 sex
2193 3799 2415 3857 faciunt.
2440 3804 2598 3870 Ecce,
2622 3815 2879 3876 quantum
2904 3808 3034 3865 mihi
3050 3808 3191 3864 Deus
3206 3810 3459 3880 adjuvare
3474 3814 3657 3884 digna-

412 3896 604 3951 fecisse
634 3909 849 3950 omnem
879 3899 1202 3947 creaturam.
1244 3888 1542 3945 Plurimum
1566 3890 1746 3945 valere
1780 3889 1979 3944 senarii
2081 3900 2169 3947 tus
2185 3901 2292 3959 est,
2315 3894 2382 3948 de
2404 3895 2601 3949 senarii
2625 3896 2834 3950 numeri
2851 3896 3199 3965 perfectione,
3226 3909 3279 3954 et
3297 3900 3342 3955 si
3364 3917 3469 3957 non
3489 3918 3657 3972 quan.

410 3985 620 4041 numeri
643 3982 1026 4054 perfectionem
1048 3981 1104 4035 in
1131 3979 1426 4051 Scripturis
1452 3980 1657 4035 sanctis
1672 3978 1981 4050 frequenter
2080 3991 2194 4037 tum
2220 3985 2388 4051 volui,
2413 3995 2593 4041 tamen
2620 3994 2878 4057 quantum
2907 3990 3082 4058 potui,
3112 3990 3315 4047 reddidi
3339 3995 3627 4050 rationem.

411 4076 733 4147 reperimus,
761 4073 1061 4144 praesertim
1098 4073 1154 4126 in
1190 4079 1365 4126 morte
1392 4070 1603 4126 Domini
1630 4070 1819 4141 simpla
1842 4078 1899 4125 et
1923 4070 1977 4125 in

411 4165 805 4221 resurrectione
830 4162 947 4233 ejus
968 4160 1176 4230 simpla.
1206 4160 1348 4216 Mors
1370 4161 1551 4230 itaque
1572 4160 1781 4215 Domini
1808 4159 1978 4214 nostri

410 4256 537 4312 Iesu
562 4255 766 4312 Christi
820 4270 927 4309 non
968 4252 1070 4308 fuit
1111 4252 1167 4307 in
1213 4252 1410 4316 anima,
1444 4252 1536 4306 sed
1575 4251 1629 4304 in
1658 4266 1820 4306 carne
1842 4250 1974 4305 sola.

2194 4116 2444 4174 INCIPIT
2482 4118 2571 4173 DE
2619 4119 2729 4174 DIE
2767 4118 3084 4177 SECUNDA
3118 4123 3549 4183 DISPUTATIO.

2148 4225 2301 4282 Dixit
2342 4245 2542 4299 quoque
2592 4229 2731 4283 Deus
2769 4246 2788 4284 :
2819 4229 2944 4285 Fiat
2986 4233 3369 4301 ﬁrmamentum
3393 4238 3447 4290 in
3482 4238 3657 4292 medio

413 4347 557 4402 Mors
596 4361 727 4402 vero
753 4352 936 4402 nostra
965 4359 1072 4399 non
1112 4342 1282 4398 solum
1325 4342 1380 4396 in
1404 4354 1587 4408 carne,
1613 4342 1706 4397 sed
1733 4342 1895 4396 etiam
1922 4340 1979 4394 in

2092 4331 2342 4383 τίμιαι-ατη
2375 4325 2421 4369 et
2444 4316 2642 4371 dividat
2677 4334 2844 4389 aquas
2872 4319 2937 4372 ab
2964 4322 3112 4390 aquis
3150 4321 3301 4393 (Gen.
3342 4340 3381 4387 ι,
3413 4324 3494 4394 6).

412 4436 610 4491 anima.
656 4436 714 4490 In
753 4435 931 4489 anima
959 4442 1178 4504 propter
1203 4440 1482 4503 peccatum
1506 4472 1522 4499 ,
1572 4432 1626 4487 in
1655 4445 1817 4487 carne
1850 4445 1977 4486 vero

412 4536 627 4598 propter
643 4540 857 4596 prunam
877 4525 1103 4595 peccati.
1135 4523 1227 4578 Ille
1254 4538 1383 4578 vero
1410 4523 1534 4593 quia
1560 4530 1841 4591 peccatum
1870 4536 1977 4576 non

412 4616 598 4671 habuit
638 4616 693 4670 in
738 4615 938 4681 anima,
986 4629 1093 4668 non
1128 4620 1212 4669 est
1255 4620 1499 4668 mortuus
1539 4613 1640 4667 nisi
1684 4619 1891 4666 tantum
1924 4612 1978 4669 in

2661 4440 2987 4483 AUGUSTINUS
3013 4441 3064 4482 ⁸.

2160 4512 2224 4566 D.
2257 4512 2400 4568 Ordo
2426 4512 2808 4569 elementorum
2846 4524 2900 4571 et
2941 4517 3149 4586 pondus
3184 4534 3289 4573 non
3321 4520 3449 4575 sinit
3493 4532 3552 4578 ut
3584 4524 3654 4578 sit

2080 4626 2346 4681 aquarum
2399 4611 2697 4667 substantia
2739 4625 2902 4681 super
2940 4612 3123 4679 caelos,
3150 4630 3289 4684 aqua
3326 4617 3468 4671 enim
3513 4619 3654 4673 cedit

412 4722 597 4775 carne,
621 4715 677 4763 et
719 4708 822 4762 hoc
862 4713 1082 4777 propter
1123 4704 1527 4762 similitudinem
1569 4704 1747 4757 carnis
1774 4703 1980 4773 peccati
2082 4714 2264 4767 terrae,
2296 4708 2350 4756 et
2368 4715 2465 4755 aer
2487 4700 2628 4755 cedit
2672 4716 2844 4771 aquae,
2885 4710 2939 4756 et
2963 4703 3100 4773 ignis
3143 4706 3284 4760 cedit
3320 4707 3454 4773 aeri,
3507 4708 3661 4762 nullo

410 4797 555 4867 quod
602 4796 667 4851 de
711 4794 883 4851 Adam
924 4801 1183 4849 traxerat.
1227 4794 1393 4865 Igitur
1437 4791 1625 4862 simpla
1671 4790 1787 4859 ejus
1834 4806 1981 4847 mors

411 4886 731 4953 fuit,nostra
748 4885 961 4956 duplex.
986 4885 1081 4939 Est
1100 4893 1155 4939 et
1177 4884 1366 4953 simpla
1385 4882 1709 4937 resurrectio
1734 4879 1872 4950 ejus,
1897 4895 1983 4937 re-

412 4980 674 5038 surrectio
707 4985 890 5033 nostra
923 4976 1117 5047 duplex
1137 4983 1238 5031 est.
1279 4976 1421 5031 Mors
1457 4975 1635 5029 carnis
1659 4971 1773 5042 ejus
1814 4980 1869 5029 et
1897 4988 1984 5028 re-

412 5074 675 5133 surrectio
715 5070 852 5141 ejus,
894 5084 1040 5125 mors
1089 5069 1270 5124 carnis
1319 5075 1518 5123 nostrae
1567 5074 1621 5119 et
1656 5064 1982 5122 resurrectio

412 5165 552 5235 ejus,
579 5178 727 5219 mors
768 5161 961 5216 anima:
1005 5167 1203 5214 nostra:
1236 5166 1292 5213 et
1332 5156 1657 5212 resurrectio
1682 5154 1816 5223 ejus.
1856 5155 1983 5210 Ilua:

412 5265 616 5314 mortes
653 5262 850 5310 nostra:
886 5261 941 5307 et
971 5253 1089 5307 dua:
1107 5250 1529 5306 resurrectioues
1551 5256 1774 5314 nostrae,
1793 5249 1910 5304 duae
1930 5257 1984 5303 et

413 5352 531 5407 dum
559 5355 791 5419 quatuor
830 5350 977 5399 sunt.
1009 5342 1110 5397 Uni
1150 5342 1311 5397 morti
1352 5340 1561 5397 Domini
1589 5349 1641 5396 et
1677 5342 1765 5395 uni
1806 5354 1985 5395 resur-

409 5438 641 5500 rectioni
668 5435 782 5503 ejus
818 5434 953 5489 adde
988 5442 1041 5487 et
1085 5441 1316 5503 quatuor
1342 5439 1575 5495 nostras,
1616 5446 1708 5485 sex
1757 5429 1980 5485 faciunt.

2086 4790 2246 4845 modo
2280 4788 2424 4844 enim
2466 4797 2641 4860 potest
2689 4805 2809 4846 esse
2852 4800 2913 4845 ut
2962 4794 3255 4847 secundum
3306 4794 3655 4860 elementum,

2089 4885 2340 4967 quodest
2384 4899 2541 4953 aqua,
2576 4884 2646 4939 sit
2688 4899 2850 4953 super
2872 4892 3121 4954 quartum
3153 4886 3295 4955 quod
3344 4893 3427 4940 est
3475 4886 3654 4956 ignis;

2085 4988 2144 5032 et
2181 4978 2447 5047 quomodo
2493 4976 2696 5031 dictum
2722 4984 2823 5040 est,
2845 4977 2940 5042 ﬁat
2980 4975 3365 5043 ﬁrmamentum
3394 4977 3449 5031 in
3483 4977 3659 5031 medio

2091 5084 2364 5142 aquarum,
2395 5077 2442 5122 et
2467 5067 2661 5121 dividat
2695 5083 2855 5135 aquas
2882 5066 2945 5119 ab’
2976 5067 3161 5136 aquis?
3354 5062 3355 5065 “

2161 5161 2239 5215 Μ.
2266 5161 2542 5228 Quomodo
2586 5168 2679 5213 aut
2705 5159 3023 5229 qualeslibet
3050 5158 3157 5215 sint
3202 5174 3352 5229 aqua:
3380 5160 3484 5215 illa:
3522 5174 3660 5229 quas

2098 5254 2367 5323 Smiptura
2412 5252 2539 5307 dicit
2586 5265 2747 5322 super
2789 5250 2955 5305 cml'os
2986 5265 3124 5315 esse,
3166 5265 3286 5305 esse
3324 5266 3417 5305 eas
3460 5252 3655 5305 ibidem

2097 5343 2312 5400 minime
2336 5342 2660 5397 dubitemus.
2680 5339 2985 5395 Sicutenim
3010 5342 3124 5395 ista}
3148 5343 3318 5396 nubes
3331 5357 3449 5412 quze
3469 5341 3659 5411 utique

2084 5444 2218 5491 sunt
2237 5434 2483 5490 feruntur
2499 5449 2660 5504 super
2693 5440 2893 5497 aerem,
2919 5434 2991 5487 ita
3017 5434 3129 5488 fieri
3157 5449 3315 5504 posse
3342 5434 3575 5489 arbitror
3599 5443 3658 5487 ut

409 5536 579 5607 Igitur
606 5529 855 5600 simplum
878 5528 1087 5581 Domini
1114 5535 1168 5581 et
1194 5526 1411 5596 duplum
1432 5535 1673 5580 nostrum
1701 5533 1811 5579 tres
1838 5532 1982 5591 sunt,
2081 5542 2243 5599 aqua:
2280 5534 2466 5583 tenues
2489 5535 2650 5595 atque
2695 5525 2923 5580 subtiles
2961 5525 3203 5580 ferantur
3249 5540 3409 5595 super
3436 5525 3655 5581 cmltun.

458 5655 511 5711 να
549 5641 668 5699 Lib.
694 5657 733 5696 ll
766 5639 830 5697 de
862 5637 1059 5695 Genesi
1092 5637 1160 5693 ad
1189 5631 1453 5704 litteram,
1478 5651 1596 5706 cap.
1638 5636 1671 5690 5
1704 5646 1852 5701 seqq.
