3986 6168
355 262 490 316 11ὶό

349 463 797 520 resurrectionem
856 462 1034 516 carnis
1089 461 1390 524 illudentes,
1450 477 1555 516 non
1596 476 1756 529 posse
1807 459 1925 514 ﬁeri

351 555 618 624 inquiunt,
644 562 702 607 ut
723 553 883 606 homo
907 553 998 625 qui
1027 551 1211 620 utique
1235 566 1300 606 ex
1327 559 1470 606 terra
1502 549 1682 605 factus
1703 559 1807 614 est,
1853 550 1926 604 sit

352 643 405 696 in
428 643 594 707 emlo;
627 641 720 696 sed
760 641 859 697 hos
890 644 1100 699 Veritas
1134 640 1420 703 convincit,
1452 639 1544 708 qui
1577 637 1706 693 facit
1755 637 1923 692 multa

351 733 602 787 animalia
628 740 841 787 terrena
871 733 1049 788 volare
1086 732 1141 785 in
1175 744 1320 795 aere,
1348 738 1402 784 et
1447 729 1626 798 ignem
1673 728 1816 795 quod
1841 733 1926 781 est

351 826 535 894 utique
553 834 802 894 quartum
833 825 1183 884 elementum,
1207 837 1326 876 esse
1355 820 1408 874 in
1443 828 1608 874 terra.
1649 819 1793 890 Ergo
1829 818 1926 873 Dei

351 916 590 982 potentia
618 931 737 984 quae
761 916 875 970 lucc
899 913 1078 969 facere
1119 913 1466 982 approbatur,
1494 909 1618 965 facit
1653 917 1713 964 ut
1764 910 1924 964 homo

351 1014 406 1058 et
440 1020 591 1072 aqua:
639 1004 746 1062 sint
777 1017 938 1071 super
968 1003 1184 1058 ccelum.
1217 1001 1324 1056 Sed
1369 1001 1562 1056 talibus
1589 1001 1923 1056 adversarioo

352 1112 472 1150 rum
535 1095 983 1165 disputationibus
1037 1095 1256 1164 quidam
1296 1095 1524 1158 cedens,
1583 1094 1927 1149 laudabiliter

351 1194 574 1241 conatus
599 1193 682 1240 est
718 1187 1090 1242 demonstrare
1135 1200 1303 1254 aquas
1355 1199 1517 1254 super
1551 1185 1737 1250 οωιοε,
1770 1193 1832 1239 ut
1858 1201 1926 1240 ex

353 1278 482 1346 ipsis
504 1278 803 1333 visibilibus
826 1278 1236 1348 conspicuisque
1258 1277 1467 1332 naturis
1493 1276 1768 1332 adsereret
1793 1277 1928 1332 scri-

350 1377 521 1438 pturae
571 1367 751 1422 ﬁdem.
777 1369 844 1422 Et
869 1368 1019 1438 prius
1043 1369 1260 1438 quidem
1299 1368 1440 1436 quod
1487 1365 1798 1422 facillimum
1826 1367 1928 1421 fuit

349 1459 604 1525 ostendit,
631 1468 685 1514 et
725 1461 865 1515 hunc
895 1476 1075 1516 aerem
1123 1461 1318 1516 caelum
1362 1461 1616 1529 appellari
1652 1475 1667 1513 :
1706 1469 1929 1531 propter

349 1551 492 1620 quod
514 1553 743 1606 dicimus
773 1568 1022 1607 serenum
1043 1552 1127 1607 vel
1161 1551 1401 1607 nubilum
1421 1551 1640 1618 ctnlum,
1662 1552 1746 1606 vel
1783 1551 1929 1621 quod

349 1652 610 1698 vocantur
655 1644 889 1698 volatilia
933 1644 1075 1699 caeli.
1108 1643 1242 1700 Cum
1287 1658 1416 1713 ergo
1466 1643 1749 1711 probasset
1783 1643 1927 1698 hunc

349 1747 529 1786 aerem
567 1733 763 1788 ctelum
815 1733 922 1788 dici
947 1774 962 1799 ,
998 1733 1144 1787 nulla
1191 1733 1295 1787 alia
1336 1747 1499 1788 causa
1544 1733 1709 1788 etiam
1745 1733 1929 1788 ﬁrma-
1963 1703 2005 1765 Β

349 1833 590 1878 mentum
617 1824 938 1893 appellatum
966 1825 1134 1879 voluit
1183 1825 1504 1890 existimari,
1535 1825 1642 1880 nisi
1672 1827 1800 1896 quia
1855 1827 1930 1880 in-

350 1914 634 1966 tervallum
659 1913 774 1983 ejus
797 1915 986 1970 dividit
1008 1915 1151 1969 inter
1180 1929 1408 1984 vapores
1439 1929 1702 1985 aquarum
1725 1923 1779 1970 et
1799 1915 1930 1972 istas

349 2018 540 2073 aquas,
567 2019 687 2072 quae
731 2005 1094 2074 corpulentius
1130 2005 1187 2059 in
1230 2007 1392 2062 terris
1415 2004 1646 2061 fluitant.
1683 2007 1826 2077 Ergo
1862 2022 1930 2062 ex

349 2109 479 2148 aere
503 2094 594 2163 qui
627 2101 712 2148 est
743 2093 882 2148 inter
908 2108 1135 2162 vapores
1164 2094 1436 2160 humidos,
1482 2095 1626 2150 unde
1654 2095 1932 2164 superiora

347 2187 533 2240 nubila
560 2185 969 2255 conglobantur,
1002 2194 1058 2240 et
1095 2187 1266 2241 maria
1289 2185 1618 2252 subterfusa,
1647 2188 1932 2243 ostendere

350 2274 440 2328 ille
463 2273 628 2328 voluit
656 2289 775 2329 esse
795 2275 992 2330 malum
1022 2277 1165 2330 inter
1195 2291 1390 2346 aquam
1419 2287 1475 2334 et
1497 2295 1717 2349 aquam,
1743 2296 1932 2350 quam-

350 2380 512 2434 quam
532 2365 702 2435 possit
727 2367 896 2421 videri
925 2383 1032 2423 non
1047 2368 1305 2439 impedire
1327 2371 1543 2441 propria
1564 2372 1806 2440 pondera
1827 2372 1934 2426 ele-

352 2465 680 2535 mentorum,
709 2459 976 2527 quomodo
1013 2461 1177 2514 etiam
1205 2475 1367 2530 super
1400 2462 1531 2517 illud
1561 2463 1788 2519 sublime
1815 2478 1928 2519 coe-

351 2549 466 2602 lum
495 2539 704 2619 possint
747 2565 866 2606 esse
893 2567 1046 2620 aquae
1070 2567 1168 2621 per
1204 2552 1322 2608 illas
1370 2554 1624 2610 minutias
1659 2570 1756 2625 per
1798 2570 1932 2624 quas

346 2641 517 2694 etiam
555 2656 721 2710 super
746 2641 850 2696 hoc
893 2643 1125 2712 spatium
1158 2643 1300 2697 aeris
1324 2657 1444 2698 esse
1474 2652 1785 2714 potuerunt.
1827 2645 1930 2714 lpsi

349 2733 549 2800 quippe
573 2732 924 2787 subtilissima
961 2734 1169 2788 ratione
1204 2734 1547 2804 persuadent,
1575 2735 1781 2790 nullum
1814 2751 1932 2791 esse

351 2824 652 2892 quamlibet
706 2824 962 2894 exiguum
1030 2825 1408 2893 corpusculum
1462 2827 1518 2880 in
1575 2841 1683 2896 quo
1739 2826 1932 2882 divisio

356 2913 595 2968 ﬁniatur.
631 2914 710 2969 Ac
743 2929 842 2984 per
863 2915 966 2969 hoc
992 2915 1038 2970 si
1084 2924 1261 2986 potest
1303 2932 1463 2986 aqua,
1492 2918 1635 2974 sicut
1663 2919 1928 2986 videmus,

357 3005 426 3059 ad
480 3013 654 3061 tantas
695 3014 967 3076 guttarum
1018 3007 1275 3062 minutias
1321 3009 1628 3078 pervenire,
1663 3018 1722 3064 ut
1767 3025 1930 3080 super

359 3096 521 3151 istum
553 3110 735 3151 aerem
763 3097 1087 3167 vaporaliter
1107 3095 1380 3165 ferantur,
1411 3115 1509 3155 cur
1532 3115 1639 3156 non
1677 3102 1848 3171 possit
1876 3110 1931 3157 et

358 3201 520 3255 super
569 3185 697 3241 illud
736 3185 932 3242 caelum
986 3186 1158 3242 levius
1225 3188 1609 3246 minutioribus
1663 3192 1828 3262 guttis
1879 3201 1936 3248 et

355 3279 649 3335 levioribus
675 3279 960 3335 imminere
982 3280 1312 3350 vaporibus?

424 3393 656 3461 Quidam
687 3394 852 3449 etiam
899 3393 1071 3448 nostri
1116 3393 1249 3450 istos
1293 3395 1360 3450 de
1409 3396 1647 3466 ipsorum
1699 3397 1956 3469 siderum3

354 3485 707 3554 qualitatibus
770 3491 824 3538 et
892 3484 1158 3540 meatibus
1220 3487 1540 3542 convincere
1605 3488 1930 3556 moliuntur;

358 3580 502 3634 idem
548 3594 783 3649 namque
818 3588 1067 3634 asserunt
1105 3580 1336 3648 stellam,
1384 3598 1546 3653 quam
1593 3583 1814 3640 Saturni
1843 3601 1936 3656 ap-

355 3659 579 3738 pellant:
608 3684 728 3725 esse
755 3669 1187 3740 frigidissimam,
1222 3687 1449 3742 eamque
1500 3689 1598 3743 per
1630 3690 1800 3730 annos
1830 3693 1936 3731 xxx

356 3759 673 3831 signiferum
717 3774 976 3829 peragere
1020 3760 1299 3816 circulum.
1356 3761 1627 3830 Quaeritur
1674 3764 1838 3835 igitur
1867 3767 1936 3822 ab

353 3851 458 3914 eis,
487 3850 626 3904 unde
655 3849 746 3903 illa
784 3849 855 3902 sit
899 3847 1112 3918 frigida,
1147 3865 1266 3919 quae
1312 3859 1464 3905 tanto
1499 3853 1777 3908 ardentior
1817 3869 1937 3909 esse

355 3943 602 4007 deberet,
625 3949 827 4009 quanto
848 3941 1170 3995 sublimiore
1186 3942 1324 3996 caelo
1351 3945 1577 4012 rapitur.
1596 3942 1731 3997 Nam
1748 3946 1937 4015 procul

355 4031 524 4086 dubio
549 4046 672 4084 cum
715 4031 943 4085 rotunda
973 4029 1142 4085 moles
1169 4031 1421 4086 circulari
1453 4041 1599 4088 motu
1631 4035 1822 4104 agitur,
1855 4035 1938 4089 in-

359 4122 562 4177 teriora
607 4120 724 4190 ejus
757 4122 963 4177 tardius
1006 4131 1156 4188 eunt,
1189 4123 1459 4179 exteriora
1507 4125 1757 4182 celerius.
1806 4127 1937 4194 Quae

357 4222 542 4268 autem
595 4211 860 4277 celerius,
911 4211 1098 4281 utique
1159 4211 1475 4269 ferventius.
1527 4214 1760 4272 Proinde
1823 4232 1936 4273 me-

359 4311 566 4360 morata
594 4303 748 4359 stella
792 4304 966 4375 magis
995 4305 1178 4361 debuit
1206 4305 1380 4361 calida
1417 4321 1538 4362 esse
1572 4323 1734 4379 quam
1775 4309 1932 4380 frigi-

1845 257 2135 312 WICBODI

349 377 482 430 Nam
508 391 573 430 ex
602 373 705 429 hoc
742 371 977 442 pondere
1007 372 1395 426 elementorum
1438 371 1588 425 multi
1622 368 1927 440 philosophi
1958 373 2008 431 Α

3472 273 3608 327 Ilii

2633 391 2923 432 annuosws
2958 378 3007 430 ι’.

2098 457 2172 513 De
2207 468 2352 516 motu
2384 461 2549 517 etiam
2577 465 2700 519 coeli
2747 466 2988 520 nonnulli
3018 461 3555 537 fratres‘quzesttone
3568 489 3618 524 ιιι

2026 557 2260 614 movent,
2289 560 2468 606 utrum
2507 561 2631 616 stet,
2663 569 2732 609 an
2766 562 3075 620 moveatur;
3104 557 3232 624 quia
3259 557 3307 612 si
3341 571 3620 639 movetur.

2025 638 2292 708 inquiunt,
2318 643 2583 711 quomodo
2613 643 3046 700 ﬁrmamentum?
3074 645 3212 702 Hinc
3233 649 3482 704 noverint
3508 638 3611 704 no;

2025 744 2150 784 men
2179 730 2503 787 ﬁrmamenti
2543 748 2650 788 non
2693 749 2906 805 cogere,
2945 744 3005 791 ut
3031 744 3178 792 stare
3221 739 3418 794 caalum
3457 750 3627 810 pute-

2026 828 2132 876 tur.
2153 822 2579 878 Firmamentum
2610 825 2756 879 enim
2784 841 2892 895 non
2917 836 3141 897 propter
3177 830 3485 895 stationem,
3515 832 3612 886 sed

2024 920 2247 981 propter
2289 911 2622 978 ﬁrmitatem,
2663 922 2756 968 aut
2783 925 3010 985 propter
3057 917 3612 986 intransgressibilem

2027 1001 2314 1055 terminum
2338 997 2676 1071 superiorum
2697 1011 2858 1073 atque
2883 1004 3200 1061 inferiorum
3221 1022 3485 1076 aquarum
3516 1025 3614 1063 vo-

2025 1099 2205 1144 catum
2263 1091 2561 1161 intelligere
2608 1093 2752 1148 licet.
2802 1094 2916 1149 Hoc
2969 1103 3151 1150 tamen
3202 1097 3608 1168 intelligendum

2025 1181 2167 1251 quod
2191 1182 2368 1238 sidera
2390 1183 2656 1249 circuunt,
2685 1183 2882 1240 caelum
2914 1194 3092 1241 autem
3131 1185 3351 1242 ﬁrmum
3396 1196 3525 1254 stat,
3551 1197 3609 1242 ut

2026 1283 2206 1342 poeta.

2098 1363 2232 1419 Nam
2257 1363 2381 1419 cceli
2406 1365 2462 1419 in
2491 1380 2666 1420 aevum
2694 1380 2849 1421 suum
2877 1366 3301 1423 incontaminata
3331 1371 3604 1426 materies.

2027 1453 2290 1509 Naturam
2315 1464 2496 1510 tamen
2526 1471 2789 1524 aquarum
2815 1456 2926 1511 illic
2946 1455 3061 1525 jam
3093 1473 3200 1512 non
3239 1459 3480 1528 vaporali
3534 1469 3607 1514 tc-

2028 1547 2252 1610 nuitate,
2282 1547 2375 1601 sed
2426 1547 2639 1617 glaciali
2687 1547 2956 1603 soliditate
2999 1549 3236 1618 pendere
3278 1553 3605 1608 aestimamus

2028 1645 2250 1706 propter
2296 1635 2534 1691 siderum
2569 1645 2790 1692 naturas
2829 1637 3183 1708 mitigandas,
3230 1655 3299 1695 ne
3329 1650 3606 1696 creaturas

2034 1725 2128 1780 Dei
2154 1725 2546 1796 subterpositas
2571 1725 2738 1780 nimio
2767 1725 2960 1781 ardore
2981 1737 3344 1784 concrement.
3371 1729 3609 1785 Dicimus

2032 1831 2162 1885 ergo
2187 1817 2252 1871 de
2291 1817 2421 1886 ipsis
2467 1817 2624 1885 aquis
2651 1817 2795 1886 quod
2821 1817 3152 1889 conglobate
3182 1819 3420 1875 minima:
3446 1830 3610 1892 gutta:

2033 1906 2090 1960 in
2118 1921 2304 1971 unum,
2350 1914 2406 1960 et
2445 1905 2648 1960 faciunt
2675 1907 3046 1964 collectionem
3076 1924 3260 1975 unam,
3298 1919 3354 1964 et
3386 1921 3612 1981 propter

2032 1999 2352 2069 gravitatem
2400 1999 2654 2069 ponderis
2681 2015 2787 2056 non
2835 2016 2928 2057 eas
2969 2000 3157 2057 suffert
3194 2019 3290 2059 aer
3318 2005 3608 2072 sustinere,

2032 2093 2126 2147 sed
2139 2091 2255 2161 ejus
2280 2093 2606 2162 ponderibus
2628 2094 2697 2149 ad
2725 2093 2893 2150 imum
2919 2093 3264 2151 diﬁ'undendo
3289 2097 3382 2152 dat
3409 2097 3607 2163 locum,

2033 2184 2150 2239 haec
2191 2193 2275 2240 est
2301 2185 2503 2255 pluvia.

2033 2301 2045 2314 υ
2104 2277 2246 2348 Ergo
2286 2293 2490 2343 aerem,
2517 2277 2609 2348 qui
2638 2284 2722 2332 est
2751 2277 2893 2332 inter
2919 2293 3145 2348 vapores
3169 2279 3440 2343 bumidos,
3471 2280 3610 2335 unde

2033 2368 2262 2435 desuper
2283 2367 2468 2421 nubila
2512 2367 2814 2436 globantur,
2861 2376 2916 2422 et
2958 2369 3129 2422 maria
3170 2367 3498 2433 subterfusa,
3527 2385 3612 2424 vo-

2031 2458 2149 2512 lunt
2170 2457 2468 2527 intelligere
2493 2455 2693 2512 coelum
2722 2471 2842 2512 esse
2888 2457 3029 2513 inter
3059 2473 3252 2528 aquam
3285 2466 3341 2512 et
3390 2473 3607 2528 aquam.

2034 2547 2340 2603 Secundum
2386 2563 2514 2603 vero
2551 2549 2770 2614 cmlum,
2818 2550 2962 2620 quod
3002 2565 3099 2620 per
3148 2550 3398 2619 spiritum
3437 2551 3612 2605 cemi-

2033 2653 2173 2700 mus,
2195 2639 2338 2692 unde
2365 2637 2693 2694 animalibus
2727 2638 2917 2708 plenus
2959 2640 3140 2696 discus
3161 2641 3253 2694 ille
3281 2642 3350 2697 ad
3389 2641 3608 2697 Petrum

2033 2727 2231 2782 missus
2279 2728 2335 2781 in
2383 2729 2556 2784 extasi
2596 2730 2794 2784 mentis
2846 2730 3142 2786 descendit.
3190 2731 3435 2786 Tertium
3483 2748 3610 2787 vero

2032 2814 2228 2869 cmlum
2296 2815 2440 2884 quod
2495 2824 2677 2872 mente
2734 2819 3144 2888 cognoscimus,
3202 2819 3275 2874 ita
3338 2829 3608 2876 secretqu

2033 2913 2195 2974 atque
2239 2915 2528 2970 remotum,
2567 2907 2652 2962 vel
2687 2910 2906 2962 omnino
2949 2909 3285 2977 mundatum,
3323 2911 3404 2966 vel
3429 2911 3609 2967 carnis

2033 2996 2281 3051 sensibus
2300 2997 2604 3066 abreptum,
2622 3006 2764 3053 utea
2793 3013 2914 3068 qua:
2933 2999 2992 3052 in
3009 2999 3100 3054 illo
3120 3000 3257 3055 ccelo
3277 3010 3422 3068 sunt,
3438 3003 3607 3072 ipsam

2037 3087 2133 3143 Dei
2154 3088 2511 3144 substantiam
2542 3089 2797 3155 Verbum,
2812 3105 2908 3161 per
2922 3091 3065 3160 quod
3085 3089 3224 3146 facta
3253 3103 3377 3147 sunt
3405 3095 3606 3158 omnia,

2037 3180 2093 3233 in
2117 3179 2380 3236 cbaritate
2410 3179 2645 3251 Spiritus
2695 3181 2874 3237 sancti
2903 3180 3248 3238 ineliabiliter
3284 3184 3466 3240 videre
3509 3200 3604 3238 va-

2037 3268 2202 3323 leant.

2686 3375 2946 3418 lSlDORUS.

2106 3450 2345 3506 Tandem
2371 3451 2612 3506 insanire
2632 3451 2878 3508 desinant
2912 3455 3173 3520 haeretici,
3203 3463 3361 3526 atque
3399 3455 3604 3512 confusi

2037 3553 2350 3616 agnoscant,
2377 3546 2504 3615 quia
2540 3547 2632 3616 qui
2657 3557 2850 3604 cuncta
2883 3551 3058 3620 potuit
3085 3567 3273 3608 creare
3304 3567 3369 3608 ex
3415 3554 3601 3619 nihilo,

2035 3639 2207 3710 potuit
2234 3646 2288 3693 et
2318 3638 2464 3693 illam
2494 3654 2757 3709 aquarum
2790 3650 3043 3697 naturam
3084 3643 3296 3713 glaciali
3340 3644 3606 3700 soliditate

2036 3729 2278 3785 stabilire
2297 3729 2354 3784 in
2391 3730 2549 3786 caalo.
2578 3730 2712 3785 Nam
2737 3748 2860 3787 cum
2908 3741 2962 3788 et
2997 3733 3100 3804 ipsi
3128 3735 3327 3800 dicant,
3353 3735 3489 3790 volvi
3518 3753 3605 3790 or-

2035 3823 2159 3878 bem
2193 3821 2365 3876 stellis
2411 3822 2724 3880 ardentibus
2781 3823 3157 3894 refulgentem,
3206 3843 3382 3883 nonne
3424 3829 3603 3884 divina

2035 3914 2371 3984 providentia
2411 3916 2719 3971 necessario
2770 3919 3077 3989 prospexit,
3128 3928 3190 3974 ut
3241 3920 3383 3974 intra
3421 3921 3604 3976 orbem

2035 4007 2158 4061 οωιί
2189 4015 2243 4060 et
2264 4021 2425 4076 supra
2446 4008 2632 4063 orbem
2663 4008 2990 4066 redundaret
3039 4027 3198 4083 aqua,
3237 4029 3356 4084 quze
3377 4013 3464 4068 illa
3493 4015 3605 4071 fer—

2035 4099 2212 4154 ventis
2240 4098 2358 4154 axis
2388 4100 2634 4156 incendia
2657 4109 3003 4173 temperaret.

2719 4229 2875 4269 ITEI.

2110 4310 2131 4338 ε
2167 4299 2430 4367 Secunda,
2473 4302 2667 4372 inquit,
2699 4303 2786 4358 die
2824 4305 3087 4375 disposuit
3117 4305 3257 4360 Deus
3306 4305 3604 4361 ﬁrmamen-

359 4398 427 4452 da
478 4415 491 4450 :
529 4396 780 4450 nimirum
829 4410 958 4467 ergo
1001 4410 1121 4451 eam
1174 4397 1423 4468 frigidam
1481 4398 1611 4455 facit
1669 4408 1930 4470 aquarum
1966 4383 2013 4444 D
2039 4397 2172 4456 tum,
2211 4391 2265 4446 id
2303 4399 2388 4447 est
2411 4392 2821 4449 solidamcntum
2845 4404 3154 4450 sanctarum
3182 4395 3601 4466 Scripturarum,

358 4503 520 4556 super
569 4487 767 4542 cmlum
824 4487 1239 4542 constitutarum
1294 4487 1382 4542 illa
1434 4489 1703 4545 vicinitas.
1754 4491 1934 4559 Quaeri

357 4578 522 4630 etiam
546 4575 681 4630 solet
701 4592 819 4645 quae
855 4576 1028 4632 forma
1061 4585 1115 4632 et
1153 4577 1321 4648 ﬁgura
1359 4578 1482 4633 coeli
1507 4594 1627 4634 esse
1668 4581 1935 4636 credenda

358 4672 452 4736 sit,
491 4678 671 4724 utrum
696 4669 892 4725 caelum
933 4669 1072 4724 sicut
1119 4681 1144 4709 ι
1185 4685 1340 4740 spera
1369 4670 1606 4740 undique
1649 4671 1934 4728 concludat

359 4771 560 4818 terram
591 4761 645 4814 in
690 4758 865 4815 media
902 4758 1088 4814 mundi
1119 4760 1260 4814 mole
1291 4759 1577 4827 libratam;
1620 4777 1688 4815 an
1716 4777 1837 4817 eam
1865 4778 1931 4817 ex

358 4869 462 4907 una
490 4859 646 4921 parte
687 4849 918 4920 desuper
946 4850 1091 4905 velut
1116 4851 1294 4905 discus
1331 4852 1626 4920 cooperiat.
1679 4851 1786 4907 Sed
1834 4854 1936 4907 ali-

357 4943 478 5011 quis
499 4942 574 4995 ait
609 4956 623 4995 :
661 4940 938 5008 Quomodo
962 4956 1070 4995 non
1094 4950 1176 4997 est
1202 4943 1534 4997 contrarium
1573 4943 1657 4997 his
1679 4944 1769 5012 qui
1793 4943 1930 5012 ﬁgu-

357 5048 446 5087 ras
474 5047 643 5101 sperae
683 5031 821 5087 caelo
845 5033 1107 5099 tribuunt,
1144 5032 1284 5103 quod
1325 5035 1584 5103 scriptum
1606 5042 1689 5090 est
1714 5037 1768 5089 in
1793 5035 1936 5089 litte-

359 5123 434 5177 ris
461 5121 659 5176 nostris
691 5139 703 5174 :
749 5119 851 5186 Qui
885 5122 1113 5177 extendit
1166 5122 1348 5177 calum
1397 5125 1531 5178 sicut
1554 5122 1738 5190 pellem
1759 5125 1784 5176 Ρ
1833 5123 1932 5178 Cui

358 5211 667 5279 responderi
705 5219 901 5282 potest,
949 5209 1092 5283 quod
1149 5214 1302 5284 pellis
1350 5230 1456 5270 non
1484 5215 1657 5270 solum
1707 5216 1762 5269 in
1813 5215 1932 5285 pla-

358 5317 516 5366 num,
551 5313 739 5356 verum
775 5303 938 5357 etiam
971 5304 1025 5357 in
1060 5303 1347 5359 rotundum
1373 5306 1549 5360 sinum
1574 5307 1924 5362 extenditur:

359 5405 485 5444 nam
521 5401 581 5446 et
607 5402 729 5447 uter
751 5401 804 5448 et
838 5395 1016 5448 vesica
1039 5394 1192 5464 pellis
1221 5407 1324 5450 est.

427 5575 457 5687 In,
496 5565 572 5617 lta
599 5567 651 5618 in
677 5568 904 5622 vetustis
936 5569 1209 5626 codicibus
1265 5571 1401 5627 solet
1444 5573 1605 5628 scribi
1640 5592 1789 5645 spera
1833 5592 1930 5646 pro

462 5649 590 5687 tera.
1605 5651 1626 5657 "

364 5649 590 5709 :pntera.
1605 5651 1626 5657 ’”

2038 4479 2437 4536 ﬁrmamentum
2486 4483 2630 4537 enim
2672 4483 2726 4538 in
2768 4483 3017 4550 ecclesia,
3079 4484 3373 4556 Scriptura:
3414 4487 3604 4540 divina:

2036 4574 2441 4645 intelliguntur,
2503 4577 2628 4646 quia
2680 4577 2874 4639 caelum
2924 4579 3212 4648 plicabitur
3256 4580 3397 4634 sicut
3446 4579 3600 4633 liber.

2036 4666 2405 4738 Discrevitque
2453 4683 2614 4739 super
2650 4669 2754 4725 hoc
2796 4670 3136 4727 ﬁrmamento
3187 4687 3375 4742 aquas,
3418 4672 3470 4727 id
3523 4682 3605 4726 est

2036 4758 2284 4814 cmlestes
2309 4760 2533 4831 populos
2579 4761 2910 4833 angelorum,
2944 4764 3036 4833 qui
3085 4780 3190 4819 non
3221 4781 3356 4835 opus
3407 4764 3608 4819 habent

2036 4848 2139 4904 hoc
2181 4850 2456 4920 suscipere
2500 4848 2899 4906 ﬁrmamentum
2924 4893 2940 4918 ,
3001 4862 3063 4908 ut
3108 4853 3343 4924 legentes
3385 4856 3605 4910 audiant

2035 4939 2256 4995 verbum
2279 4940 2393 4994 Dei.
2423 4939 2620 4996 Vident
2647 4943 2792 4997 enim
2823 4957 3036 5014 semper
3081 4959 3205 4999 eum
3249 4954 3305 5000 et
3345 4946 3600 5016 diligunt;

2036 5031 2129 5086 sed
2155 5032 2492 5102 superposuit
2513 5031 2656 5087 istud
2684 5033 3077 5089 ﬁrmamentum
3111 5035 3244 5106 legis
3286 5051 3416 5104 suae,
3444 5053 3607 5108 super

2035 5120 2348 5176 inferiorum
2399 5122 2714 5192 populorum
2775 5123 3177 5190 inﬁrmitatem,
3225 5133 3284 5180 ut
3313 5127 3388 5182 ibi
3432 5128 3606 5196 suspi-

2037 5213 2240 5266 cientes
2269 5222 2596 5282 cognoscant
2623 5214 2854 5283 qualiter
2878 5216 3187 5271 discemant
3206 5218 3348 5273 inter
3369 5219 3601 5273 carnalia

2041 5310 2097 5356 et
2140 5303 2431 5373 spiritalia,
2461 5305 2614 5374 quasi
2664 5305 2804 5360 inter
2843 5322 3010 5376 aquas
3059 5309 3360 5378 superiores
3394 5319 3448 5366 et
3475 5311 3605 5364 infe-

2042 5397 2229 5453 riores.
2262 5395 2585 5469 Factumque
2615 5407 2689 5452 est
2738 5415 2939 5470 vespere
2965 5410 3011 5455 et
3040 5418 3192 5456 mane
3220 5402 3330 5458 dies
3353 5406 3599 5459 secunda.

2109 5581 2136 5618 ι’
2174 5579 2301 5649 Leg.
2331 5579 2676 5649 Augustinus.

2112 5661 2133 5688 ε
2176 5621 2484 5705 lsidorusJin
2511 5650 2668 5718 Gen.,
2697 5667 2744 5707 ο.
2767 5651 2821 5704 2.
