3962 6166
305 277 446 334 ΗΞὸ

477 387 564 444 DE
603 388 712 442 DIE
747 387 1004 442 TERTIA
1043 387 1302 444 ORITUR
1346 384 1690 454 QUzESTIO.
1743 404 1745 407 '
1783 442 1786 444 ν

370 505 441 558 D.
474 503 616 558 Dixit
651 521 768 558 vero
795 505 933 558 Deus
961 521 978 558 :
1006 503 1391 573 Congregentur
1426 517 1576 572 aqua:
1615 517 1732 572 qua:
1774 501 1868 555 sub

295 595 426 649 caelo
451 603 570 648 sunt
610 593 665 646 in
689 593 860 646 locum
888 609 1065 657 unum,
1099 603 1145 646 et
1170 600 1412 662 appareat
1440 591 1592 644 arida
1634 590 1786 662 (Gen.
1827 607 1863 653 ι,

296 686 377 754 9).
411 698 438 726 ιι
465 684 601 738 Hinc
631 697 846 752 quoque
883 682 1056 736 oritur
1077 681 1320 750 quaestio.
1371 679 1428 735 Si
1464 688 1629 734 totam
1669 689 1868 734 terram

296 791 442 846 aqua
493 775 724 844 tegebat,
770 788 875 827 non
925 781 1041 827 erat
1069 772 1218 827 locus
1243 772 1334 826 ubi
1362 786 1524 840 ,aquze
1569 784 1866 840 congrega-

295 876 512 933 rentur,
547 867 672 921 dum
713 871 882 918 totam
934 870 1132 918 terram
1168 863 1380 932 tegebat
1429 876 1587 930 aqua.
1636 860 1703 914 Et
1730 874 1865 928 quo-

293 958 459 1012 modo
504 955 780 1024 Scriptura
813 953 979 1009 dicit:
1007 952 1390 1024 Congregentur
1424 967 1574 1022 aqua:
1609 967 1726 1021 qua
1771 949 1865 1004 sub

292 1050 423 1104 malo
457 1050 654 1103 suntin
681 1047 851 1101 locum
885 1063 1066 1112 unum,
1092 1055 1139 1099 et
1168 1054 1414 1116 appareat
1451 1043 1604 1098 arida
1622 1044 1648 1096 7

370 1139 447 1191 Μ.
483 1139 672 1193 Totam
711 1148 910 1192 terram
956 1137 1170 1207 tegebat
1217 1151 1356 1205 aqua
1403 1135 1542 1189 sicut
1587 1133 1864 1188 rarissima

294 1229 512 1292 nebula,
537 1243 655 1297 quae
674 1237 859 1297 postea
893 1226 950 1281 in
978 1242 1145 1281 unum
1183 1227 1399 1281 redacta
1430 1233 1590 1294 atque
1633 1224 1862 1278 collecta

293 1330 398 1382 est,
427 1327 488 1373 ut
513 1319 683 1388 possit
725 1327 882 1372 terra:
918 1317 1124 1386 species
1152 1329 1429 1385 apparere,
1458 1328 1764 1384 quanquam
1809 1322 1863 1368 et

292 1420 438 1465 terra
466 1411 618 1478 longe
645 1410 856 1478 lateque
884 1407 1182 1471 subsidens,
1201 1405 1370 1476 potuit
1395 1419 1659 1460 concavas
1681 1411 1862 1472 partes

289 1504 557 1572 praebere,
575 1517 692 1572 qua:
714 1499 1044 1556 confluentes
1069 1513 1238 1568 aquas
1261 1497 1615 1568 susciperent,
1631 1504 1690 1550 ut
1711 1496 1861 1550 arida

291 1600 597 1662 appareret.

915 1694 1136 1736 LIBROS]
1144 1694 1226 1736 US.

364 1796 611 1851 Breviter
637 1795 1005 1862 admonemus,
1054 1801 1115 1847 ut
1151 1777 1313 1863 quem
1362 1791 1498 1848 forte
1533 1807 1640 1847 non
1685 1805 1841 1847 move

291 1902 540 1956 qumrere
562 1885 774 1956 quando
795 1885 1000 1954 species
1019 1899 1278 1954 aquarum
1299 1891 1672 1953 terrarumque
1685 1890 1866 1938 creata

291 1979 397 2044 sit;
423 1977 690 2046 accipiant
717 1976 820 2030 isto
861 1974 948 2030 die
975 1991 1080 2031 non
1112 1989 1232 2030 esse
1277 1973 1510 2040 factum,
1548 1974 1653 2029 nisi
1695 1981 1753 2028 ut
1779 1987 1866 2028 se-

290 2076 646 2123 cernerentur
691 2067 806 2121 hazc
837 2067 961 2122 duo.
999 2065 1133 2120 Nam
1167 2065 1298 2121 illud
1343 2065 1484 2135 quod
1516 2063 1719 2120 dictum
1758 2070 1861 2130 est,

290 2167 421 2213 ante
473 2157 678 2213 dierum
733 2157 1191 2212 enumerationem
1244 2165 1389 2212 terra
1426 2164 1545 2210 erat
1583 2154 1868 2210 invisibilis

289 2258 347 2304 et
376 2249 748 2318 incomposita,
779 2264 900 2303 cum
929 2250 1330 2304 commendaret
1372 2248 1649 2317 Scriptura
1688 2244 1864 2314 cujus~

290 2340 439 2395 modi
470 2348 668 2394 terram
693 2339 893 2394 iecerat
912 2339 1073 2404 Deus,
1099 2339 1224 2407 quia
1254 2337 1594 2407 praedixerat,
1619 2334 1686 2388 In
1713 2335 1860 2404 prin-

289 2429 429 2500 cipio
459 2430 652 2483 creavit
681 2429 820 2484 Deus
846 2429 1029 2483 cretum
1073 2439 1123 2484 et
1153 2438 1366 2494 terram,
1413 2427 1548 2482 nihil
1595 2425 1738 2480 aliud
1779 2424 1865 2478 his

288 2521 475 2575 verbis
515 2519 919 2590 intelligendum
963 2527 1065 2584 est,
1111 2534 1270 2588 quam
1301 2518 1541 2572 materia:
1568 2513 1863 2585 corporalis

287 2611 677 2667 informitatem
709 2611 984 2664 insinuare
1012 2610 1270 2675 voluisse;
1303 2609 1348 2663 si
1395 2616 1570 2662 tamen
1598 2605 1752 2659 tardo
1783 2603 1864 2656 in-

289 2701 528 2756 tellectui
557 2715 663 2755 non
691 2702 962 2769 subrepat,
986 2708 1044 2754 ut
1077 2700 1358 2754 materiam
1379 2706 1434 2752 et
1453 2697 1708 2767 speciem,
1737 2695 1861 2764 quia

289 2791 478 2844 verbis
502 2791 780 2860 Scriptura
829 2799 1072 2860 separat,
1118 2799 1342 2845 conetur
1393 2790 1509 2844 haec
1547 2789 1652 2844 duo
1697 2787 1862 2843 etiam

293 2888 541 2949 tempore
575 2894 852 2950 separare.

851 2985 981 3025 ΠἙΙΙ
1025 2985 1109 3026 UBI
1148 2984 1334 3026 SUPlA.

1241 275 1367 334 LIB.
1405 273 1881 344 QUA‘IS'I‘IONUM
1918 273 2144 332 SUPER
2178 275 2307 332 LIB.
2343 275 2652 331 GENESIS.

1844 1731 1940 1843 ιΒ

3405 278 3539 332 1126

1896 391 1941 448 Α
1972 388 2168 453 tentis,
2221 388 2506 457 prmbendo
2561 387 2906 457 protectionis
2945 386 3315 442 umbraculum
3364 391 3540 444 valido

1970 477 2163 531 robore
2193 476 2327 545 justi
2366 477 2575 544 judicii.
2607 477 2892 546 Sequitur:

2051 569 2354 642 Vocavitque
2376 570 2511 625 Deus
2539 571 2743 624 aridam
2770 580 2982 633 terram,
3019 571 3540 640 congregationesque

1967 676 2221 729 aquarum
2257 660 2533 730 appellavit
2570 661 2744 713 maria
2775 658 2982 730 (Cenes.
3008 676 3044 723 ι,
3073 659 3179 728 l0).

2036 750 2391 821 Hieronymus
2441 753 2494 806 in
2540 753 2678 806 libro
2719 752 3085 818 Quaestionum
3131 752 3533 807 llcbraicarum.

1964 837 2267 893 Notandum
2301 841 2442 910 quod
2483 841 2662 894 omnis
2714 841 3062 910 congregatio
3110 855 3387 909 aquarum,
3423 844 3536 897 sive

1965 928 2119 982 salsae
2141 929 2248 982 sint
2273 930 2384 983 sive
2406 929 2610 994 dulces,
2626 927 2778 996 juxta
2799 931 2996 985 idioma
3021 930 3216 998 lingua:
3249 932 3536 995 hebraicm,

1964 1019 2132 1072 maria
2157 1029 2548 1088 nuncupentur.
2579 1019 2798 1074 Frustra
2827 1019 2988 1088 igitur
3016 1020 3346 1090 Porphyrius
3375 1036 3537 1076 evan-

1963 1109 2182 1177 gelistas
2213 1110 2280 1164 ad
2310 1109 2612 1164 faciendum
2663 1111 3035 1179 ignorantibus
3082 1112 3399 1166 miraculum
3420 1154 3434 1179 ,
3473 1130 3538 1168 eo

1963 1202 2104 1269 quod
2153 1203 2408 1256 Dominus
2456 1217 2620 1271 super
2669 1217 2818 1255 mare
2855 1203 3228 1270 ambulaverit,
3266 1221 3366 1274 pro
3417 1207 3536 1260 lacn

1962 1289 2292 1345 Genesareth
2317 1306 2466 1346 mare
2487 1292 2782 1362 appellasse
2810 1294 3185 1361 calumniatur,
3213 1311 3334 1349 cum
3359 1299 3536 1352 omnis

1918 1391 1921 1402 '
1962 1379 2113 1435 lacus
2142 1389 2196 1436 et
2242 1396 2505 1451 aquarum
2545 1382 2891 1454 congregatio
2920 1384 3089 1438 maria
3139 1395 3533 1456 nuncupentur.

1965 1468 2221 1540 Sequitur
2241 1486 2255 1524 :

2032 1563 2099 1616 Et
2134 1564 2256 1618 vidit
2286 1563 2426 1618 Deus
2452 1563 2590 1634 quod
2622 1574 2750 1619 esset
2787 1566 2996 1631 bonum,
3041 1575 3088 1620 et
3137 1567 3251 1621 ait:
3276 1567 3545 1622 Germinet

1962 1663 2101 1706 terra
2130 1653 2340 1706 herbam
2371 1654 2632 1718 virentem,
2679 1664 2808 1722 etc.,
2839 1672 3009 1726 usque
3057 1667 3104 1710 et
3135 1657 3332 1727 factum
3361 1669 3436 1713 est
3462 1660 3549 1712 ita.

1968 1741 2120 1815 (Gen.
2151 1761 2188 1808 ι,
2227 1743 2335 1814 ll).

2039 1832 2108 1886 Et
2144 1832 2356 1903 protulit
2398 1843 2539 1888 terra
2587 1835 2797 1889 herbam
2841 1836 3118 1900 virentem,
3174 1847 3222 1891 et
3262 1839 3549 1906 facientem

1965 1940 2138 1977 semen
2158 1924 2314 1994 juxta
2352 1941 2512 1994 genus
2548 1941 2721 1978 suum.
2755 1937 2776 1964 ο
2810 1925 2948 1993 Quid
2972 1930 3076 1984 hoc
3125 1927 3243 1983 loco
3287 1943 3383 1998 per
3421 1929 3542 1983 her-

1963 2015 2119 2081 bam,
2167 2015 2271 2069 nisi
2326 2015 2465 2070 bona
2513 2018 2754 2086 operatio
2804 2019 3052 2088 ponitur;
3097 2019 3223 2074 licet
3268 2021 3321 2075 in
3361 2021 3545 2076 condi-

1966 2104 2114 2159 tione
2141 2105 2324 2159 mundi
2358 2105 2433 2159 ita
2461 2106 2717 2161 historice
2744 2106 2942 2162 factum
2995 2116 3307 2165 teneamus:
3342 2118 3541 2166 terram

1965 2201 2142 2248 tamen
2167 2194 2449 2249 ecclesiam
2493 2196 2754 2265 ﬁgurasse
2801 2214 2906 2253 non
2937 2200 3374 2257 inconvenienler
3399 2202 3539 2256 acci-

1963 2284 2162 2353 pimus,
2183 2299 2301 2353 qua:
2329 2285 2384 2339 in
2429 2301 2495 2340 eo
2537 2287 2858 2356 germinavit
2896 2289 3117 2344 herbam
3158 2291 3443 2356 virentem,
3485 2292 3545 2344 in

1963 2389 2071 2443 quo
2121 2377 2190 2431 ad
2233 2377 2456 2431 verbum
2500 2378 2595 2432 Dei
2647 2377 2895 2435 foecunda
2943 2381 3326 2438 misericordiae
3373 2398 3545 2452 opera

1961 2465 2205 2536 protulit.
2248 2465 2500 2535 Sequitur
2533 2485 2546 2522 :

2034 2556 2357 2628 Lignumque
2391 2557 2590 2628 faciens
2625 2559 2853 2630 fructum
2874 2559 3032 2630 juxta
3064 2577 3224 2632 genus
3258 2578 3430 2615 suum.
3467 2562 3536 2616 Et

1962 2649 2154 2703 habens
2209 2651 2612 2720 unumquodque
2661 2661 2938 2705 sementem
2985 2652 3268 2706 secundum
3315 2653 3535 2722 speciem

1961 2755 2112 2792 suam
2135 2737 2284 2811 (Cen.
2311 2756 2346 2803 ι,
2378 2739 2484 2808 ll).
2511 2741 2537 2779 ἀ
2560 2740 2787 2810 Lignum
2813 2742 3104 2797 secundum
3130 2757 3281 2797 suam
3304 2743 3536 2812 speciem

1961 2837 2144 2878 semen
2174 2825 2443 2894 producit,
2471 2839 2593 2878 cum
2623 2841 2778 2881 mens
2806 2835 2989 2881 nostra
3027 2842 3094 2882 cx
3138 2843 3196 2882 se
3228 2829 3538 2884 considera-

1963 2911 2163 2967 tionem
2213 2911 2267 2966 in
2309 2913 2538 2967 alterum
2585 2913 2803 2984 colligit,
2851 2925 2905 2970 et
2934 2915 3068 2970 recti
3111 2916 3290 2985 operis
3319 2931 3542 2986 germen

1961 3001 2119 3070 parit.
2157 3000 2294 3055 llinc
2332 3002 2550 3070 quidam
2581 3003 2794 3072 sapiens
2829 3004 2958 3059 dicit
2989 3020 3003 3057 :
3033 3003 3184 3068 Quod
3209 3005 3304 3059 tibi
3329 3022 3433 3060 non
3459 3007 3536 3060 vis
3623 3017 3625 3019 ‘

366 3082 434 3136 Β.
485 3081 871 3154 Congregentur
930 3098 1078 3153 aqua:
1135 3097 1252 3152 qua!
1315 3079 1409 3134 sub
1459 3079 1582 3134 εαιο
1637 3088 1757 3134 sunt
1804 3081 1860 3134 ῖιι
1890 3078 1934 3142 C
1966 3093 2102 3162 ﬁeri,
2130 3092 2223 3146 alii
2250 3110 2324 3168 ne.
2353 3094 2536 3162 feceris
2575 3094 2727 3166 (Tob.
2755 3111 2830 3160 Iv,
2862 3094 2973 3164 16).
3001 3094 3137 3150 Hinc
3164 3095 3216 3149 in
3248 3095 3540 3166 E‘vangelio

288 3172 467 3225 locum
516 3187 718 3236 unum,
776 3180 824 3224 et
879 3179 1126 3240 appareat
1175 3169 1368 3223 arida?
1417 3168 1554 3236 Quid
1598 3178 1680 3224 cst
1739 3185 1866 3239 ergo

290 3263 437 3332 quod
466 3277 572 3316 non
597 3261 708 3329 ait,
754 3261 847 3316 ﬁat
889 3261 1040 3315 arida
1080 3261 1306 3316 visibilis
1340 3261 1424 3315 vel
1466 3275 1605 3332 aqua
1645 3277 1869 3332 congre-

291 3364 421 3427 gata
437 3356 463 3408 ?

375 3442 455 3496 Μ.
513 3441 646 3510 Quia
710 3443 1091 3512 propinquiora
1145 3451 1268 3497 sunt
1333 3441 1508 3496 eidem
1555 3440 1869 3496 informitati

292 3549 459 3602 quam
512 3533 750 3588 cmlestia
782 3548 1025 3603 corpora,
1056 3543 1147 3588 aut
1176 3533 1242 3586 de
1273 3533 1360 3587 his
1398 3548 1495 3602 per
1538 3533 1867 3586 numeratio-

291 3640 421 3680 nem
470 3625 676 3679 dierum
722 3624 934 3679 infirma
985 3639 1166 3679 rerum
1213 3624 1566 3689 condiuntur,
1608 3624 1728 3678 ideo
1773 3639 1874 3679 no-

293 3718 399 3779 tuit
435 3716 643 3784 inferri,
685 3726 746 3772 ut
790 3718 1042 3772 similiter
1068 3732 1189 3772 cum
1224 3717 1594 3788 superioribus
1623 3716 1739 3771 fieri
1765 3718 1870 3772 im-

297 3815 541 3878 peraret.

904 3915 1040 3954 UNDE
1082 3912 1271 3954 SUPBA.

373 4007 716 4079 Spiritaliter.
743 4009 771 4049 δ
795 4009 998 4075 Tertia,
1028 4009 1222 4078 inquit,
1255 4009 1342 4065 die
1365 4008 1581 4081 collegit
1608 4009 1662 4064 in
1703 4025 1872 4064 unum

301 4115 474 4169 aquas
503 4100 783 4156 inferiores
827 4101 1016 4167 sabas,
1046 4101 1149 4156 hoc
1197 4108 1282 4156 est
1329 4101 1571 4156 homines
1608 4100 1871 4167 inﬁdeles,

296 4192 394 4262 qui
439 4191 787 4260 cupiditatum
824 4199 1137 4260 tempestate
1178 4200 1233 4247 et
1284 4193 1639 4248 tentationum
1681 4209 1872 4250 carna-

294 4281 431 4334 lium
459 4279 706 4334 lluctibus
737 4280 1071 4347 quatiuntur,
1112 4287 1165 4336 et
1189 4282 1243 4335 in
1280 4281 1470 4350 seipsis
1494 4283 1647 4350 quasi
1673 4281 1870 4336 amari-

295 4372 428 4427 tudo
454 4370 799 4425 includuntur
816 4371 844 4435 ;‘
879 4373 1285 4443 segregavitque
1312 4374 1380 4428 ab
1405 4373 1484 4428 eis
1509 4373 1739 4438 aridam,
1774 4387 1870 4442 po-

293 4457 484 4529 pulum
527 4457 735 4512 scilicet
798 4457 1000 4514 fontem
1049 4459 1172 4515 vita:
1217 4461 1506 4515 sitientem.
1561 4460 1870 4530 Obfixitque

294 4548 493 4603 dehinc
519 4549 873 4618 superborum
916 4549 1129 4614 limites,
1173 4560 1228 4605 et
1271 4552 1507 4606 coercuit
1534 4566 1628 4606 eos
1655 4565 1724 4605 ne
1758 4560 1872 4604 tur-

293 4637 535 4693 bulentis
567 4639 908 4708 iniquitatum
961 4655 1180 4694 suarum
1236 4638 1484 4695 ﬂuctibus
1526 4641 1767 4704 aridam,
1817 4639 1871 4694 id

293 4735 384 4782 est
436 4728 672 4782 animam
707 4728 980 4783 sitientem
1022 4729 1190 4783 Deum
1227 4729 1568 4794 conturbent,
1610 4729 1872 4798 liceatque

295 4819 350 4874 ei
395 4818 698 4888 germinare
743 4821 1008 4875 bonorum
1054 4835 1276 4888 operum
1312 4817 1521 4873 fructus
1571 4819 1868 4875 secundum

294 4925 472 4981 genus
495 4925 673 4975 suum,
717 4911 947 4982 diligens
973 4911 1276 4980 proximum
1307 4910 1362 4964 in
1394 4911 1648 4965 subsidiis
1683 4925 1874 4966 neces-

295 5005 522 5058 sitatum
575 5002 897 5068 carnalium,
948 5003 1151 5056 habens
1180 5003 1233 5056 in
1262 5017 1322 5056 se
1362 5015 1545 5056 semen
1581 4999 1875 5056 secundum

294 5093 728 5159 similitudinem,
750 5101 809 5148 ut
831 5107 899 5148 ex
949 5109 1043 5148 sua
1078 5092 1391 5148 infirmitate
1422 5092 1778 5161 compatiatur
1806 5092 1875 5146 ad

295 5183 728 5262 subveniendum
774 5182 1157 5254 indigentibus.
1213 5181 1524 5236 Producens
1567 5188 1624 5236 et
1670 5181 1872 5252 lignum

295 5273 429 5329 forti
481 5274 694 5336 robore,
747 5281 801 5326 et
832 5270 1192 5338 fructiferum,
1224 5272 1276 5326 id
1323 5280 1407 5326 est
1449 5269 1766 5327 beneficium
1805 5269 1875 5324 ad

295 5362 636 5434 eripiendum
665 5377 790 5418 eum
815 5363 908 5434 qui
952 5361 1202 5432 injuriam
1247 5363 1447 5434 patitur
1490 5364 1556 5418 de
1591 5378 1753 5417 manu
1780 5377 1876 5434 po-

374 5537 401 5565 a
453 5523 782 5592 Augustinus
839 5525 906 5580 de
954 5523 1089 5580 Gen.
1143 5524 1212 5580 ad
1264 5523 1404 5592 litt.;
1463 5523 1560 5580 lib.
1621 5522 1874 5593 impcrf.,

303 5608 455 5662 cap,
485 5593 572 5646 10.

377 5661 405 5705 Β
440 5661 676 5718 lsidorus
713 5663 768 5718 in
811 5663 982 5728 Gem,
1025 5680 1076 5720 c.
1120 5663 1174 5716 2.

1896 4413 1950 4472 ο

1969 3183 2140 3238 dicit:
2176 3183 2526 3255 Quaecumque
2575 3185 2724 3240 vultis
2775 3195 2830 3238 ut
2865 3186 3065 3255 faciant
3113 3187 3252 3240 vobis
3279 3187 3536 3251 homines,

1967 3283 2014 3327 et
2043 3291 2129 3329 vos
2157 3275 2338 3329 eadem
2367 3275 2526 3344 facite
2553 3275 2656 3330 illis
2683 3275 2893 3346 (Matth.
2918 3293 3014 3341 vn,
3041 3277 3160 3347 l2);
3191 3293 3255 3332 ac
3282 3278 3330 3332 si
3355 3287 3546 3348 aperte

1968 3363 2200 3418 diceret:
2228 3364 2474 3434 Speciem
2495 3375 2728 3420 vestram
2756 3365 2811 3419 in
2835 3365 3061 3420 alterum
3091 3368 3360 3438 respicite,
3379 3377 3543 3438 atque

1970 3469 2036 3508 ex
2071 3453 2468 3524 vobismetipsis
2497 3443 2802 3526 cognoscite
2847 3457 2974 3526 quid
3015 3473 3108 3513 vos
3131 3468 3376 3528 oporteat
3419 3461 3547 3517 aliis

1970 3544 2246 3599 exhibere.
2275 3545 2343 3598 Et
2378 3546 2517 3601 sicut
2552 3547 2798 3618 superius
2820 3549 3052 3604 diximus
3095 3558 3292 3605 terram
3331 3552 3540 3622 signiti-

1972 3649 2101 3689 care
2149 3635 2460 3701 ecclesiam,
2496 3652 2616 3707 qua:
2641 3638 2862 3692 etverbi
2902 3655 3001 3693 nos
3029 3639 3222 3708 pabulo
3262 3641 3455 3706 reficit,
3485 3652 3542 3697 et

1971 3725 2259 3793 patrocinii
2313 3727 2627 3783 umbraculo
2681 3729 2932 3784 custodit.
2997 3729 3126 3798 Qua:
3173 3740 3228 3786 et
3272 3733 3547 3803 loquendo

1971 3819 2163 3887 pascit,
2188 3827 2242 3874 et
2265 3819 2572 3890 opitulando
2595 3821 2846 3892 protegit,
2870 3829 2930 3876 ut
2971 3839 3077 3878 non
3121 3823 3292 3878 solum
3318 3825 3542 3880 herbam

1973 3907 2286 3963 refectionis
2327 3907 2585 3977 proferat,
2631 3911 2726 3965 sed
2772 3912 2936 3966 etiam
2984 3926 3105 3966 cum
3141 3911 3316 3970 fructu
3361 3916 3548 3988 operis

1972 3999 2222 4055 arborem
2249 4002 2619 4071 protectionis.

2582 4111 2932 4153 AUGUSTINUS.

1990 4229 1997 4234 .
2043 4184 2112 4239 1).
2142 4184 2276 4241 Cum
2307 4186 2504 4243 dixerit
2525 4186 2686 4254 Deus,
2716 4189 2981 4257 germinet
3016 4196 3162 4244 terra
3197 4189 3418 4246 herbam
3463 4191 3540 4244 vi-

1974 4288 2180 4333 rentem
2208 4286 2263 4333 et
2291 4278 2618 4334 adferentem
2661 4294 2843 4333 semen
2873 4287 2928 4334 et
2964 4280 3107 4350 ligna
3135 4279 3439 4345 fructifera;
3471 4280 3542 4333 li-

1973 4386 2076 4441 gna
2120 4369 2447 4425 infructuosa
2474 4369 2559 4423 vel
2587 4369 2770 4438 spinas
2798 4379 2853 4423 et
2881 4369 3110 4424 tribulos
3130 4371 3342 4438 quando
3381 4371 3549 4424 fecit?

2043 4457 2121 4511 M.
2173 4456 2345 4511 Simul
2385 4457 2566 4512 omnia
2619 4459 2760 4514 Deus
2801 4458 2945 4524 fecit,
2977 4460 3186 4514 dicente
3222 4459 3542 4529 Scriptura:

1973 4546 2077 4613 Qui
2099 4547 2215 4601 vivit
2239 4547 2296 4600 in
2323 4556 2572 4600 aeternum
2602 4549 2793 4601 creavit
2815 4550 2991 4602 omnia
3017 4547 3196 4602 simul.
3223 4549 3546 4603 Nullatenus

1972 4637 2137 4707 igitur
2184 4635 2408 4691 dicenda
2438 4643 2563 4691 sunt
2611 4635 2940 4693 infructuosa
2992 4639 3158 4709 ligna,
3194 4656 3315 4711 qute
3360 4640 3548 4710 aliquo

1972 4730 2130 4786 modo
2151 4731 2464 4786 hominibus
2484 4729 2734 4786 adferunt
2762 4731 3090 4801 adiumenta.
3120 4733 3249 4800 Qua:
3275 4742 3330 4788 et
3353 4747 3544 4789 revera

1972 4821 2016 4877 si
2051 4837 2159 4876 non
2206 4821 2511 4877 invenimus
2555 4822 2609 4876 in
2639 4821 2719 4878 eis
2745 4821 2952 4892 aliquid
2981 4824 3048 4879 ad
3073 4824 3360 4889 edendum,
3390 4823 3545 4877 inve—

1972 4911 2150 4965 nimus
2177 4910 2380 4980 aliquid
2407 4913 2475 4965 ad
2517 4911 2987 4978 medicamentum,
3027 4913 3336 4968 invenimus.
3353 4911 3420 4965 ad
3449 4910 3547 4965 ad-

1965 5002 2249 5072 jutorium.
2282 5004 2414 5058 Nam
2459 5011 2673 5074 quanta:
2716 5004 2976 5060 utilitates
3020 5005 3129 5060 sint
3174 5004 3228 5059 in
3277 5004 3381 5070 eis,
3428 5003 3549 5073 ipse

1978 5097 2280 5153 considera.
2326 5094 2628 5150 Fructil‘era
2675 5096 2816 5165 ligna
2851 5112 2917 5150 ex
2953 5095 3176 5151 fruendo
3215 5095 3358 5150 dicta
3397 5101 3545 5158 sunt,

1974 5189 2020 5244 si
2049 5189 2118 5242 ab
2141 5187 2288 5242 omni
2321 5186 2464 5256 ligno
2492 5201 2778 5254 possumus
2801 5185 3002 5240 habere
3027 5185 3384 5254 adiutorium;
3420 5181 3547 5251 jure

1975 5279 2180 5333 nullum
2207 5279 2408 5348 lignum
2437 5277 2667 5332 dicimus
2695 5273 3106 5331 infructuosum.
3135 5274 3384 5330 Tribulos
3411 5287 3547 5326 vero

1975 5377 2030 5424 et
2058 5369 2240 5440 spinas
2261 5365 2510 5437 quamvis
2533 5373 2657 5435 post
2693 5372 2970 5434 peccatum
2996 5363 3231 5424 hominis
3258 5370 3546 5418 nascantur

2049 5534 2072 5562 ο
2112 5521 2273 5590 Greg.
2296 5561 2310 5585 ,
2348 5519 2442 5573 lib.
2465 5535 2591 5590 xxix
2616 5517 2826 5584 Moral.,
2858 5534 2908 5573 c.
2937 5519 2992 5590 2.

2048 5591 2074 5630 ἀ
2113 5589 2300 5663 Greg.,
2327 5591 2420 5645 lib.
2452 5607 2484 5645 v
2511 5589 2725 5657 Moral.,
2756 5605 2875 5660 cap.
2905 5589 2997 5645 35.
