3986 6168
418 284 443 335 1
462 281 556 336 19.7
1908 267 2025 323 Νι(

2139 266 2196 320 Dl
3523 245 3666 299 119.8

417 394 484 448 ad
518 392 791 454 laborem,
834 387 1044 442 dicente
1092 383 1371 451 Scriptura
1403 397 1416 434 :
1450 381 1641 451 Spinas
1684 388 1731 433 et
1770 376 1989 432 tribulos
2015 380 2065 438 Α
2092 374 2479 446 longitudinem
2507 372 2659 435 vitm;
2705 367 2901 437 partim
2948 381 2977 419 a
3023 362 3226 418 sanctis
3255 361 3478 454 angelis,
3523 360 3682 454 quod

412 482 584 549 pariet
613 480 736 543 tibi;
766 448 945 531 tamen
974 490 1082 529 non
1111 483 1193 528 est
1214 448 1510 528 dicendum
1541 481 1671 526 tunc
1696 487 1761 525 ea
1788 469 1991 525 aboriri
2092 466 2196 536 ipsi
2235 466 2304 520 ab
2346 463 2715 531 omnipotente
2744 460 2854 513 Deo
2905 458 3138 520 discunt,
3168 454 3330 508 etiam
3356 450 3512 549 jussu
3552 448 3686 549 ejus

419 540 487 628 ex
514 580 678 634 terra,
708 540 834 637 quia
873 565 985 635 jam
1015 572 1170 620 erant
1206 563 1391 632 utique
1426 562 1494 616 ad
1516 570 1700 631 pastus
1731 574 1991 629 pecorum
2039 615 2048 624 ,
2092 557 2198 611 sibi
2244 554 2628 616 revelantibus,
2657 550 2748 619 qui
2774 548 2968 603 merita
3013 546 3247 599 humana
3289 540 3685 637 occultissima:

416 674 486 715 ac
506 630 805 714 volatilium
850 630 1011 719 facta,
1034 668 1144 707 non
1187 652 1256 706 ad
1280 630 1583 721 augendum
1609 648 1847 703 hominis
1870 660 1991 717 pm-
2086 647 2313 717 iustitiae
2341 645 2648 699 sinceritate
2668 638 2958 696 distribuit.
2980 633 3282 705 Aliquando
3306 641 3486 686 autem
3510 630 3685 684 iidem

410 768 444 809 n
459 766 548 805 am
582 749 866 819 producta.

507 840 744 912 Viditque
767 841 905 894 Deus
937 838 1077 909 quod
1112 845 1243 892 esset
1268 837 1477 900 bonum,
1505 844 1552 890 et
1586 836 1782 905 factum
1811 844 1886 888 est
1914 851 1997 888 ve-

424 950 571 1005 spere
598 942 644 987 et
667 948 815 985 mane
834 930 941 983 dies
958 929 1147 983 tertius
1171 926 1325 998 (Gen.
1353 943 1391 991 ι,
1428 924 1540 996 15).
1624 962 1629 967 ι

497 1021 755 1088 Quotiens
796 1017 892 1072 tibi
941 1018 1045 1071 hoc
1075 1016 1299 1069 verbum
1343 1013 1680 1078 occurrerit,
1711 1018 1997 1066 .memento

427 1112 707 1169 sententiae
748 1110 909 1180 primi
954 1108 1081 1174 diei,
1131 1122 1294 1177 quam
1336 1107 1614 1176 posuimus
1660 1106 1733 1158 ita
1775 1122 1789 1157 :
1834 1102 1891 1159 Si
1921 1102 2000 1159 sic

426 1204 604 1259 subito
632 1203 774 1257 Deus
796 1200 931 1254 vidit
953 1199 1148 1263 lucem,
1178 1197 1323 1267 quod
1346 1203 1487 1252 esset
1524 1196 1685 1252 bona.
1712 1202 1818 1248 etc.

774 1310 1018 1366 INCIPIT
1067 1310 1155 1364 DE
1201 1307 1311 1363 DIE
1346 1305 1651 1375 QUARTA,

498 1403 645 1457 Dixit
681 1404 838 1457 etiam
864 1401 1005 1455 Deus
1032 1417 1049 1455 :
1081 1398 1243 1453 Fiant
1275 1397 1559 1452 luminaria
1593 1397 1649 1450 in
1671 1395 2000 1465 firmamento

428 1493 563 1559 caeli,
590 1502 639 1548 et
666 1492 957 1546 illuminent
987 1500 1179 1545 terram
1206 1488 1359 1561 (Gen.
1401 1504 1440 1554 ι,
1466 1486 1577 1557 14).

503 1584 571 1639 D.
596 1583 713 1639 Non
733 1590 892 1640 antea
914 1590 1154 1650 tempora
1173 1578 1425 1635 fuerunt?

993 1686 1049 1725 IN
1092 1683 1433 1724 HEXAIEBON.

2093 737 2311 794 nefandi
2354 735 2581 806 spiritus
2608 732 2772 787 etiam
2815 744 2934 799 quze
2974 727 3078 796 ipsi
3128 724 3322 780 facturi
3349 730 3495 788 sunt,
3532 721 3692 775 velut

2095 828 2384 883 divinando
2399 824 2717 894 praedicunt.
2741 819 3026 890 Sequitur:

2171 914 2318 967 Fecit
2344 930 2546 984 quoque
2560 911 2700 964 Deus
2730 909 2834 962 duo
2856 924 3046 977 magna
3071 904 3392 975 luminaria;
3417 902 3691 957 luminare

2097 1005 2272 1073 majus
2294 1011 2351 1056 ut
2370 1010 2611 1073 prwesset
2633 999 2757 1064 diei,
2785 1007 2833 1051 et
2855 996 3113 1049 luminare
3135 994 3328 1057 minus,
3354 1001 3410 1045 ut
3436 1000 3689 1061 pra’esset

2102 1095 2260 1159 nocti,
2292 1101 2340 1149 et
2383 1091 2579 1157 stellas,
2614 1100 2662 1144 et
2691 1088 2861 1160 posuit
2890 1103 2978 1141 eas
3005 1087 3061 1139 in
3084 1085 3414 1155 ﬁrmamento
3448 1081 3585 1145 cazli,
3624 1093 3689 1134 ut

2103 1187 2337 1241 lucerent
2374 1199 2530 1254 super
2565 1186 2780 1244 terram,
2824 1187 2871 1232 et
2915 1184 3189 1248 praeessent
3216 1175 3320 1227 diei
3359 1191 3423 1228 ac
3444 1172 3606 1238 nocti,
3631 1182 3688 1226 et

2102 1279 2387 1334 dividerent
2408 1275 2575 1329 lucem
2599 1290 2660 1327 ac
2687 1272 2920 1326 tenebras
2960 1268 3113 1339 (Gen.
3145 1284 3186 1333 ι,
3212 1266 3319 1338 16).

2179 1372 2244 1425 D.
2289 1368 2566 1436 Quomodo
2609 1366 2713 1421 ista
2757 1363 3053 1420 secundum
3082 1376 3301 1417 sensum
3333 1359 3686 1431 intelligenda

2104 1461 2234 1525 sint,
2260 1472 2441 1529 quasso
2463 1463 2522 1511 ut
2550 1453 2733 1510 dicas?

2759 1578 3017 1619 ISIDOBUS.

2178 1678 2257 1733 Μ.
2282 1679 2311 1718 δ
2335 1676 2536 1743 Quarta
2579 1686 2813 1743 namque
2858 1671 2947 1727 die
2991 1670 3328 1726 emicuerunt
3392 1669 3683 1724 luminaria

503 1762 583 1818 Μ.
633 1762 764 1829 Quis
808 1775 915 1816 non
962 1760 1144 1815 videat
1187 1773 1350 1828 quam
1387 1759 1615 1813 obscure
1658 1756 1889 1827 positum
1936 1756 2007 1811 sit

2139 1778 2445 1827 eramento
2495 1769 2631 1839 legis
2684 1766 2847 1822 infixa
2870 1806 2886 1832 ,
2931 1766 2985 1820 id
3032 1775 3115 1820 est
3151 1763 3533 1834 evangelistae,
3584 1765 3686 1820 do—

433 1862 627 1925 quarto
652 1853 739 1909 die
767 1853 997 1921 coepisse
1019 1859 1284 1921 tempora,
1312 1848 1469 1919 quasi
1498 1848 1743 1918 superius
1770 1848 2007 1902 triduum

436 1947 556 2001 sine
597 1953 839 2014 tempore
877 1941 1155 2012 praaterire
1195 1939 1466 2010 potuerit,
1527 1938 1622 2009 qui
1669 1953 1781 1993 suae
1827 1948 2009 1991 tamen

438 2037 732 2093 errationis
777 2044 989 2105 tempus
1039 2034 1373 2099 habuerunt,
1408 2032 1648 2087 siderum
1692 2037 1873 2084 tamen
1904 2029 2011 2083 dis-

440 2128 703 2181 tinctione
750 2125 883 2189 illud
942 2123 1180 2179 triduum
1231 2138 1337 2177 non
1383 2122 1708 2177 habuerunt.
1760 2133 1786 2161 α
1825 2119 2012 2186 Qualis

437 2219 601 2271 etiam
632 2217 757 2271 luna
798 2214 940 2270 facta
968 2214 1057 2278 sit,
1085 2222 1266 2268 utrum
1303 2211 1495 2282 prima,
1556 2227 1624 2265 an
1648 2211 1826 2280 plena,
1859 2209 2011 2264 multi

438 2308 816 2378 loquacissime
852 2306 1151 2375 inquirunt.
1199 2304 1305 2360 Sed
1335 2303 1493 2375 plane
1530 2303 1728 2367 dicam,
1760 2302 1873 2357 sive
1896 2302 2009 2371 prio

439 2414 583 2455 mam
623 2399 737 2454 sive
767 2397 979 2467 plenam
1020 2397 1203 2451 lunam
1230 2395 1372 2450 Deus
1396 2393 1604 2460 fecerit,
1626 2391 1818 2447 fecisse
1839 2391 2014 2461 perfe-

436 2500 600 2548 ctam.
630 2488 818 2545 Omnis
844 2498 1022 2555 autem
1043 2503 1132 2543 res
1166 2485 1422 2557 quiequid
1459 2500 1752 2557 progressu
1781 2484 2014 2539 naturali

436 2595 536 2651 per
585 2589 825 2649 tempora
873 2593 1113 2648 congrua
1178 2577 1576 2648 quodammodo
1627 2577 1811 2647 prodit
1854 2586 2015 2645 atque

439 2672 691 2740 explicat,
712 2670 876 2725 etiam
909 2678 1035 2725 ante
1073 2670 1383 2726 continebat
1428 2668 1718 2734 occultum,
1753 2668 1878 2723 etsi
1908 2683 2015 2722 non

441 2761 622 2830 specie
666 2759 751 2814 vel
796 2760 941 2815 mole
985 2762 1247 2829 corporis,
1290 2758 1345 2812 vi
1383 2765 1561 2813 tamen
1603 2764 1657 2812 et
1684 2756 1893 2812 ratione
1916 2771 2014 2810 na-

441 2860 605 2917 turae;
636 2849 742 2905 nisi
766 2848 906 2904 forte
933 2850 1095 2904 arbor
1127 2864 1246 2918 qua:
1265 2863 1363 2918 per
1389 2847 1623 2902 hiemem
1648 2846 1824 2917 pomis
1849 2861 2018 2901 vacua

443 2940 692 3011 foliisque
727 2941 925 2997 nudata
963 2948 1064 3005 est,
1118 2949 1247 2995 tunc
1284 2939 1600 3011 imperfecta
1648 2939 1872 2995 dicenda
1915 2948 2016 2995 ρει.

2107 1869 2309 1927 ctores,
2338 1871 2361 1899 ο
2389 1857 2727 1929 Scripturam
2775 1862 3017 1911 sanctam
3045 1855 3363 1924 disputando
3404 1855 3689 1910 cohaeren-

2108 1960 2212 2017 tes,
2258 1961 2312 2005 et
2350 1948 2601 2003 omnibus
2648 1945 2994 2002 inferioribus
3044 1945 3227 1999 lumen
3268 1945 3553 2014 sapientia:
3594 1945 3689 2001 de-

2109 2048 2505 2105 monstrantes;
2553 2038 2755 2109 prodiit
2781 2038 2944 2093 etiam
2970 2036 3129 2092 simul
3170 2045 3225 2092 et
3244 2045 3439 2091 caetera
3479 2036 3685 2091 mican-

2111 2134 2245 2187 tium
2280 2130 2515 2186 siderum
2544 2130 2724 2194 turba,
2750 2128 2806 2183 id
2830 2136 2915 2183 est
2939 2128 3272 2182 diversarum
3317 2127 3587 2180 virtutum
3633 2127 3688 2180 in

2111 2221 2340 2277 ecclesia
2374 2218 2762 2284 numerositas,
2785 2233 2903 2287 quae
2931 2217 2985 2272 in
3007 2214 3166 2284 hujus
3190 2216 3312 2271 vita:
3356 2216 3689 2271 obscuritate

2112 2323 2387 2380 tamquam
2429 2310 2484 2365 in
2522 2318 2678 2366 nocte
2706 2308 3057 2380 refulgentes,
3086 2308 3331 2364 dividunt
3362 2309 3420 2362 in
3450 2310 3559 2364 hoc
3595 2309 3688 2363 tir-

2112 2410 2384 2458 mamento
2412 2402 2693 2473 scriptura:
2740 2401 3014 2456 sensibilia
3043 2409 3097 2454 et
3122 2400 3504 2470 intelligibilia,
3538 2401 3690 2471 quasi

2112 2496 2253 2551 inter
2288 2496 2462 2550 lucem
2494 2493 2882 2563 perlecturum,
2930 2501 2985 2548 et
3029 2493 3279 2548 tenebras
3314 2493 3689 2561 parvulorum,

2112 2596 2168 2644 et
2207 2595 2331 2643 sunt
2373 2586 2428 2640 in
2469 2584 2944 2656 signis‘virtutum
2997 2593 3052 2639 et
3095 2583 3511 2646 miraculorum;
3567 2593 3692 2637 sunt

2114 2678 2277 2734 etiam
2303 2678 2357 2732 in
2381 2684 2644 2745 tempora,
2669 2683 2726 2730 et
2748 2675 2886 2736 dies,
2913 2681 2968 2728 et
2994 2689 3187 2739 annos,
3215 2673 3341 2742 quia
3369 2674 3692 2742 praedicato-

2117 2785 2207 2827 res
2229 2767 2463 2840 propriis
2486 2765 2818 2836 temporibus
2840 2765 3028 2818 vivunt
3045 2771 3101 2819 et
3127 2771 3439 2829 transeunt;
3464 2765 3691 2818 verbum

2118 2866 2296 2913 autem
2327 2856 2539 2912 Domini
2566 2854 2731 2911 stabit
2755 2855 2811 2908 in
2833 2862 3135 2924 :eternum.

2190 2947 2259 3001 D.
2285 2946 2394 3001 Cur
2413 2946 2586 3015 primo
2608 2953 2751 2999 terra
2776 2943 3179 3015 germinaverit,
3205 2942 3396 2998 deinde
3422 2943 3535 2998 sint
3556 2942 3695 2997 facta

444 3030 694 3129 Nonnulli
743 3030 907 3129 etiam
948 3030 1147 3129 multas
1189 3031 1373 3129 stellas
1414 3030 1760 3129 vel-aequales
1789 3031 2021 3129 solt-vel
2046 3066 2091 3128 Ο
2122 3038 2447 3094 luminaria?

444 3123 608 3178 etiam
653 3122 886 3191 majores
932 3122 1131 3177 audent
1172 3122 1372 3187 dicere,
1425 3123 1520 3178 sed
1568 3122 1779 3192 longius
1815 3122 2018 3191 positas

444 3229 642 3285 parvas
679 3213 871 3268 videri.
915 3212 982 3267 Et
1022 3213 1069 3268 si
1112 3213 1187 3268 ita
1232 3221 1347 3278 est,
1397 3228 1495 3268 cur
1530 3212 1678 3269 istas
1724 3228 1822 3283 per
1867 3214 2018 3286 signa

447 3307 843 3362 circumeuntes
916 3305 1145 3376 amplius
1197 3307 1561 3361 venerantur?
1609 3321 1709 3361 cur
1769 3322 1877 3362 non
1928 3322 2022 3363 eas

448 3399 726 3469 signorum
771 3398 1016 3453 dominas
1058 3412 1178 3453 esse
1219 3397 1545 3467 perhibent?
1584 3397 1797 3453 Etenim
1840 3399 1886 3454 si
1931 3415 2021 3455 re~

448 3488 793 3560 gradationes
817 3487 938 3543 illas
960 3488 1215 3552 siderum,
1242 3487 1329 3543 vel
1350 3486 1578 3544 fortasse
1607 3488 1890 3545 tarditates
1915 3505 2022 3544 non

451 3593 482 3632 a
513 3577 626 3633 sole
648 3577 765 3632 ﬁeri
795 3577 1023 3648 quisque
1044 3566 1350 3643 contendat,
1381 3576 1475 3633 sed
1495 3578 1614 3634 aliis
1641 3578 2025 3635 oceultioribus

453 3669 652 3733 causis,
682 3669 781 3724 soli
813 3676 993 3724 tamen
1035 3669 1140 3724 isto
1182 3669 1238 3723 in
1278 3669 1390 3724 suis
1436 3669 1805 3725 deliramentis
1833 3670 2026 3741 quibus

455 3761 566 3815 vim
617 3760 851 3814 fatorum
897 3774 929 3812 a
976 3759 1205 3813 veritate
1249 3759 1390 3814 devii
1440 3759 1797 3828 suspicantur,
1840 3759 2029 3829 praeci-

455 3867 619 3925 puam
674 3852 915 3906 tribuere
962 3857 1284 3919 potestatem
1329 3865 1397 3905 ex
1447 3851 1600 3907 libris
1642 3867 1829 3907 eorum
1883 3860 2029 3907 certe

456 3942 803 3998 manifestum
832 3950 935 3996 est.
974 3939 1112 4007 Quia
1142 3955 1271 3995 vero
1314 3942 1544 3995 terrenis
1585 3944 2032 4012 etcorporalibus

461 4032 552 4087 illa
581 4046 808 4100 corpora
836 4046 944 4084 non
986 4030 1054 4084 ad
1083 4044 1146 4084 ea
1178 4044 1297 4097 qua:
1326 4031 1427 4099 ipsi
1457 4038 1691 4086 tractant
1727 4033 2031 4102 potentiora

460 4130 605 4188 sunt,
629 4122 714 4177 vel
734 4121 859 4176 hinc
886 4119 1172 4190 aliquando
1201 4127 1544 4190 cognoscant,
1573 4123 1698 4190 quia
1717 4137 1840 4176 cum
1864 4124 2034 4179 multa

462 4229 689 4284 corpora
717 4215 1054 4270 diversorum
1087 4229 1363 4286 generum,
1408 4216 1493 4269 vel
1542 4215 1921 4285 animantium,
1948 4220 2034 4275 vel

464 4305 749 4361 herbarum
777 4312 831 4361 et
856 4307 1218 4373 arbustorum,
1237 4323 1344 4363 uno
1368 4307 1526 4364 simul
1554 4318 1752 4380 puncto
1780 4313 2035 4382 temporis

462 4397 815 4464 seminentur,
840 4413 1055 4468 unoque
1080 4408 1278 4469 puncto
1326 4403 1580 4473 temporis
1621 4402 2032 4463 innumerabilia
2062 4416 2114 4479 ι)

464 4490 632 4545 multa
677 4499 987 4557 nascantur,
1032 4507 1141 4548 non
1187 4501 1394 4549 tantum
1437 4495 1691 4563 diversis,
1738 4499 1830 4554 sed
1868 4500 2032 4556 etiam

464 4581 675 4636 hisdem
728 4591 995 4637 terrarum
1045 4582 1180 4638 locis
1246 4592 1408 4641 tantm
1457 4593 1584 4640 sunt
1638 4588 1929 4645 varietates
1976 4591 2032 4645 in

461 4676 866 4746 progressibus,
909 4676 965 4731 in
1009 4678 1217 4735 actibus
1260 4686 1316 4733 et
1359 4670 1699 4751 passionihus
1738 4700 1943 4752 eorum,
1975 4696 2035 4741 ut

464 4782 591 4821 vere
628 4767 738 4832 isti,
765 4769 905 4823 sicut
942 4768 1157 4835 dicitur,
1183 4771 1409 4840 perdant
1436 4771 1633 4841 sidera,
1662 4774 1709 4829 si
1749 4774 1824 4830 ita
1860 4779 2037 4833 consi-

462 4862 671 4915 derent.
712 4859 1013 4916 Fatendum
1056 4876 1184 4931 ergo
1208 4870 1308 4928 est,
1347 4865 1560 4932 quando
1594 4866 1663 4921 ab
1688 4867 1773 4923 his
1800 4884 1927 4923 vera
1957 4869 2038 4924 di-

462 4963 676 5021 cuntur,
721 4955 977 5010 instinctu
1030 4958 1263 5026 quodam
1304 4957 1669 5013 occultissimo
1703 4960 1829 5025 dici,
1875 4977 2034 5031 quem

461 5044 765 5098 nescientes
795 5044 1044 5099 humana:
1072 5053 1279 5101 mentes
1301 5047 1598 5116 patiuntur.
1629 5046 1782 5115 Quod
1810 5066 1933 5106 cum
1967 5052 2036 5107 ad

464 5133 807 5202 decipiendos
840 5135 1086 5190 homines
1109 5134 1190 5201 lit,
1221 5137 1508 5207 spirituum
1533 5139 1879 5194 seductorum
1907 5156 2037 5211 ope-

463 5226 602 5280 ratio
663 5233 765 5292 est,
813 5227 1007 5296 quibus
1067 5228 1310 5297 quaedam
1355 5242 1484 5283 vera
1536 5229 1601 5286 de
1654 5232 2040 5301 temporalibus

464 5317 627 5371 rebus
671 5332 831 5372 nosse
880 5318 1231 5388 permittitur,
1271 5320 1468 5388 partim
1503 5321 1799 5376 subtilioris
1848 5338 2039 5379 sensus

468 5408 732 5474 acumine,
768 5410 896 5477 quia
930 5411 1245 5475 corporibus
1282 5411 1652 5467 subtilioribus
1687 5413 1888 5483 vigent,
1915 5429 2041 5483 par-

468 5495 565 5549 tim
614 5498 946 5565 experientia
993 5500 1305 5567 callidiore,
1374 5510 1595 5571 propter
1634 5512 1742 5559 tam
1789 5521 2041 5576 magnam

539 5613 565 5673 ξ
605 5603 855 5673 august”
881 5607 975 5661 lib.
1007 5623 1046 5660 ιι
1081 5608 1147 5662 de
1182 5607 1377 5663 Genesi
1410 5610 1477 5664 ad
1505 5611 1631 5672 litt.,
1658 5628 1707 5668 c.
1738 5615 1823 5670 15.

539 5670 568 5711 δ
607 5670 757 5738 Isid.,
785 5674 1087 5731 Comment.
1117 5678 1171 5732 in
1197 5677 1417 5745 Cenes,
1450 5695 1574 5748 cap.
1604 5670 1657 5735 2.

2194 3129 2272 3184 Μ.
2311 3128 2447 3195 Quia
2487 3135 2611 3199 post
2642 3142 2806 3198 opera
2852 3127 2990 3182 bona
3026 3128 3171 3182 venit
3211 3128 3533 3184 illuminatio
3562 3128 3699 3184 lucis

2121 3229 2189 3284 ad
2215 3225 2682 3296 contemplandam
2705 3224 2935 3292 speciem
2960 3221 3156 3278 divina:
3177 3223 3412 3279 virtutis.

2192 3318 2260 3372 Et
2289 3316 2414 3371 vidit
2436 3316 2575 3369 Deus
2614 3314 2753 3385 quod
2790 3323 2917 3368 esset
2950 3313 3160 3380 bonum,
3195 3324 3241 3368 et
3276 3314 3475 3384 factum
3506 3325 3583 3369 est
3615 3333 3697 3371 tie-

2121 3423 2266 3479 spere
2297 3415 2345 3460 et
2365 3421 2517 3459 mane
2538 3404 2647 3458 dies
2669 3415 2888 3474 quartus
2915 3401 3067 3475 (Gen.
3096 3420 3138 3469 ι,
3166 3404 3277 3475 18).

2196 3499 2262 3553 D.
2299 3498 2408 3553 Cur
2438 3511 2662 3565 vespera
2684 3495 2770 3551 vel
2794 3510 2951 3550 mane
2976 3495 3294 3561 nominavit,
3322 3494 3389 3550 de
3413 3504 3571 3551 nocte
3597 3511 3693 3551 au-

2125 3599 2235 3645 tem
2264 3589 2395 3644 nihil
2433 3587 2727 3643 indicavit?

2196 3683 2275 3738 ΙΙ.
2306 3681 2444 3749 Quid
2485 3695 2614 3751 ergo
2642 3681 2784 3735 aliud
2811 3687 3023 3735 noctem
3070 3680 3336 3747 dicamus,
3366 3682 3469 3736 nisi
3501 3684 3694 3737 absen-

2130 3779 2258 3833 tiam
2303 3775 2473 3840 lucis,
2520 3778 2642 3844 Quae
2686 3773 2827 3827 inter
2867 3787 3147 3842 vesperam
3188 3780 3243 3828 et
3284 3787 3441 3827 mane
3496 3783 3699 3829 restare

2128 3866 2447 3923 videbatur?
2472 3866 2556 3921 An
2583 3863 2709 3933 quia
2736 3863 2910 3933 prima
2939 3863 3027 3918 lux
3052 3862 3350 3933 angelicam
3377 3865 3703 3934 significavit

2130 3958 2457 4014 creationem
2482 3996 2497 4020 ,
2553 3954 2645 4023 qui
2697 3954 3108 4025 contemplando
3166 3963 3465 4010 creatorem
3518 3972 3697 4021 suum,

2131 4064 2253 4104 cum
2284 4046 2707 4103 concordissima
2742 4046 2992 4113 caritate,
3023 4048 3139 4102 sine
3165 4048 3408 4104 excitate
3450 4049 3702 4120 ignoran-

2132 4140 2221 4193 tiae
2264 4144 2561 4193 creatorem
2602 4136 2657 4190 in
2694 4127 3010 4207 perpetuum
3062 4137 3282 4194 laudare
3326 4155 3432 4195 non
3467 4151 3700 4195 cessant.

2134 4229 2241 4286 Sed
2270 4237 2450 4284 tamen
2501 4228 2658 4283 initio
2703 4227 2882 4297 operis
2905 4234 2960 4282 et
2985 4227 3091 4283 line
3127 4229 3304 4286 lucide
3340 4243 3707 4301 cognoverunt

2134 4319 2277 4391 quod
2305 4334 2529 4391 vespera
2554 4326 2609 4374 et
2637 4333 2795 4374 mane
2817 4326 3061 4374 vocatur.

2486 4429 2730 4485 INCIPIT
2778 4431 2866 4485 DE
2914 4430 3023 4485 DIE
3069 4429 3343 4497 QUINTA.

2143 4614 2149 4619 ν
2208 4542 2356 4597 Dixit
2384 4541 2542 4595 etiam
2571 4540 2742 4595 Deus:
2766 4539 3068 4595 Producant
3106 4558 3253 4611 aqua:
3292 4541 3472 4612 reptile
3514 4546 3707 4600 animi:

2133 4634 2365 4697 viventis,
2397 4641 2445 4686 et
2472 4630 2677 4686 volatile
2703 4647 2859 4702 super
2884 4640 3076 4685 terram
3111 4630 3207 4685 sub
3235 4631 3567 4701 ﬁrmamento
3592 4636 3709 4689 ccli

2134 4724 2287 4799 (Gen.
2317 4741 2359 4791 ι,
2388 4722 2501 4795 20).

2207 4836 2273 4889 D.
2317 4834 2456 4903 Quid
2494 4851 2622 4906 ergo
2661 4843 2743 4891 est
2780 4837 2921 4905 quod
2959 4836 3111 4905 prius
3157 4838 3371 4892 ornavit
3423 4855 3593 4910 aquas
3647 4845 3712 4899 de

2137 4925 2438 4995 reptilibus,
2465 4933 2751 4994 antequam
2779 4936 2978 4979 terram
3001 4926 3067 4981 de
3092 4927 3435 4984 animalibus.

2546 5054 2834 5094 AMBROSIUS
2870 5056 2925 5093 IN
2961 5055 3299 5097 HEXAIEBON.

2210 5150 2288 5205 M.
2339 5150 2501 5205 Ratio
2550 5164 2785 5220 namque
2832 5158 2971 5217 erat,
3021 5160 3082 5206 ut
3121 5169 3242 5223 quae
3287 5156 3439 5225 prius
3484 5158 3717 5215 visibilis

2141 5242 2407 5312 apparuit,
2432 5241 2582 5310 prius
2612 5242 2771 5296 etiam
2809 5250 3056 5297 ornatum
3088 5259 3245 5298 suum
3271 5248 3557 5317 reciperet.
3604 5251 3715 5305 Aut

2142 5332 2266 5401 quia
2300 5333 2353 5385 in
2376 5332 2641 5402 principio
2666 5332 2863 5387 coelum
2893 5334 3098 5404 recepit
3138 5344 3387 5391 ornatum
3430 5354 3608 5405 suum,
3658 5341 3717 5397 id

2143 5422 2313 5476 estde
2345 5421 2551 5489 angelis
2580 5422 2793 5491 quando
2822 5423 2995 5477 creati
3042 5422 3276 5478 fuerunt.
3328 5426 3590 5502 Similiter
3615 5445 3716 5483 an-

2143 5522 2251 5570 tem
2277 5524 2331 5570 et
2357 5523 2520 5581 terra,
2548 5514 2762 5583 quando
2784 5530 2902 5569 eam
2929 5516 2998 5572 de
3017 5517 3199 5574 herbis
3225 5518 3307 5574 vel
3336 5520 3402 5576 de
3429 5521 3717 5578 arboribus

2219 5637 2234 5667 ι
2272 5623 2332 5699 lu
2362 5621 2541 5689 editis,
2568 5624 2855 5696 Scriptura:
2887 5637 3099 5684 sanctw.
