3986 6168
203 337 343 393 “29

1144 329 1270 384 LIB.
1311 322 1785 395 QU/ESTIOKLTM
1824 321 2048 379 SUPER
2087 323 2213 377 LIB.
2249 322 2557 379 GENESIS.

3297 322 3429 377 1150

196 452 433 509 vestivit.
470 449 630 505 Ratio
658 449 801 504 enim
826 452 963 512 erat,
991 455 1049 501 ut
1077 462 1229 515 aqum
1264 445 1561 514 reciperent
1598 456 1764 497 orua-
1792 439 2037 506 A‘usque
2062 439 2129 492 ad
2157 452 2271 505 ejus
2295 437 2490 492 lucem.
2516 435 2575 489 In
2598 433 2781 490 auditu
2807 448 2978 503 usque
2998 438 3066 491 ad
3091 435 3428 506 liquidiomn

196 554 436 601 mentum
463 557 621 596 suum
650 542 716 595 de
744 540 1044 608 rcptilibus,
1074 538 1156 591 vel
1188 552 1281 591 aer
1306 537 1371 591 de
1405 534 1732 590 volatilibus.

266 632 336 686 ι).
366 630 509 698 Quid
535 637 619 684 est
645 630 813 695 enim,
839 628 983 697 quod
1014 642 1155 695 saepe
1183 625 1409 695 legimus
1431 624 1496 679 de
1520 631 1769 680 creatura

194 718 319 775 εωιί
349 727 403 773 et
428 725 587 772 terra:
612 717 882 781 ctJnaris,
912 716 1159 770 similiter
1181 714 1395 784 quando
1424 713 1593 769 creati
1621 720 1766 777 sunt,
1816 764 1821 768 .

196 809 280 864 vel
302 807 593 877 quomodo,
617 806 682 861 de
719 820 844 860 aere
872 813 1053 860 autem
1080 803 1213 858 nihil
1243 802 1534 857 indicavit?

268 894 348 949 Μ.
374 907 400 935 ι
428 893 545 948 Non
572 893 714 947 enim
744 892 1135 956 arbitrandum,
1164 898 1225 944 ut
1249 889 1415 943 ullum
1443 888 1767 943 elementum

194 989 249 1047 in
270 990 373 1044 hac
396 986 664 1055 scriptura
686 983 1137 1053 prmtermisisset,
1163 981 1265 1036 nisi
1289 980 1414 1049 quia
1441 978 1769 1034 consuetudo

191 1086 276 1134 est
303 1074 497 1132 divina:
533 1071 846 1141 Scripturae,
875 1070 1069 1126 cmlum
1103 1078 1157 1124 et
1185 1077 1383 1122 terram
1417 1075 1587 1120 totum
1615 1080 1769 1119 mun-

191 1167 322 1222 dum
371 1163 662 1233 appellare,
695 1169 747 1215 et
779 1161 898 1215 ideo
943 1159 1317 1215 aestimandum
1358 1165 1443 1212 est
1482 1170 1661 1211 aerem
1700 1153 1768 1209 ad

192 1256 391 1312 cmlum
420 1261 474 1307 et
500 1259 702 1304 terram
738 1250 1027 1320 pertinere.
1080 1250 1147 1303 Et
1185 1247 1443 1318 quidquid
1479 1254 1562 1301 est
1589 1244 1769 1299 humi-

195 1345 347 1408 dum,
371 1341 455 1395 vel
485 1338 806 1408 vaporaliter
843 1354 1160 1407 expansum,
1191 1338 1293 1391 hoc
1329 1336 1396 1391 ad
1423 1344 1623 1390 teriam
1647 1347 1765 1402 per-

192 1433 362 1485 tinet:
393 1427 654 1511 quidquid
690 1442 817 1482 vero
840 1428 1185 1495 tranquillum
1223 1435 1277 1481 et
1303 1421 1540 1495 quietum
1570 1432 1672 1486 est,
1700 1422 1768 1477 ad

192 1519 390 1575 coelum
431 1516 703 1587 pertinere
744 1516 958 1571 dicitur.
1006 1517 1073 1570 Et
1109 1515 1250 1587 quod
1289 1516 1364 1573 ita
1399 1515 1469 1569 sit
1495 1529 1589 1569 aer
1615 1527 1767 1581 aqua:

193 1609 410 1672 similis,
434 1618 488 1661 et
508 1621 573 1659 ex
599 1605 716 1674 ejus
741 1605 1103 1661 halationihus
1120 1606 1466 1675 pinguescere
1484 1604 1763 1673 probatur,

192 1701 267 1754 ita
297 1710 355 1753 ut
384 1699 628 1768 spiritum
659 1697 906 1766 procella:
950 1697 1134 1762 faciat,
1163 1698 1215 1752 id
1243 1705 1327 1752 est
1356 1695 1625 1751 nebulam.
1657 1693 1768 1748 Aer

1870 543 2071 583 aerem.
2104 528 2162 580 ln
2194 526 2398 582 olfactu
2428 525 2622 580 transit
2657 526 2725 578 ad
2759 540 2937 579 aerem
2973 540 3187 595 purum,
3222 537 3275 583 et
3311 545 3410 598 per

1869 618 2015 672 venit
2065 616 2132 670 ad
2159 614 2432 670 humidam
2467 613 2859 668 exhalationem
2892 615 3032 668 unde
3060 615 3293 670 crassior
3322 618 3433 671 ha‘t‘.

1869 721 2000 760 aura
2030 705 2295 760 subsistit.
2326 703 2383 757 In
2415 710 2572 772 gustu
2603 710 2657 755 et
2682 702 2823 756 hanc
2854 704 3065 768 transit,
3099 713 3155 757 et
3191 707 3429 773 pervenit

1869 809 2039 863 usque
2066 794 2132 849 ad
2159 795 2438 848 humorem
2483 791 2953 860 corpulentiorem.
2994 797 3111 858 Quo
3143 793 3303 847 etiam
3341 806 3433 863 ps:-

1868 890 2079 937 netrato
2102 890 2264 950 atque
2293 880 2537 949 traiecto.
2575 894 2696 934 cum
2722 879 2787 933 ad
2822 888 3090 935 terrenam
3115 883 3430 950 gravitatem

1866 973 2131 1044 pervenit,
2168 971 2422 1041 tangendi
2453 968 2699 1023 ultimum
2736 983 2953 1024 sensum
2984 970 3112 1039 agit.
3152 970 3270 1027 Non
3302 988 3433 1043 ergo

1869 1066 2151 1135 ignorabat
2198 1072 2421 1118 naturas
2464 1064 2871 1125 elementorum,
2899 1063 2989 1130 qui
3017 1062 3168 1130 prius
3193 1064 3431 1122 ctelestia

1868 1156 2177 1220 luminaria,
2234 1153 2427 1209 deinde
2467 1163 2734 1218 aquarum
2791 1151 3113 1216 animantia,
3167 1162 3432 1211 terrarum

1867 1253 2045 1301 autem
2073 1250 2345 1313 postrema
2378 1236 2647 1302 narravit,
2693 1253 2798 1292 non
2824 1241 2966 1308 quod
2992 1254 3168 1295 aerem
3212 1253 3434 1311 ιιι-πίει·-

1868 1334 2099 1399 miserit,
2134 1333 2228 1387 sed
2258 1331 2383 1401 quia
2414 1331 2683 1399 puriorem
2714 1337 2920 1397 partem
2964 1329 3080 1399 ejus
3109 1333 3265 1397 caelo,
3307 1334 3430 1402 pin-

1868 1427 2109 1496 guiorem
2147 1438 2275 1478 vero
2310 1421 2469 1476 terris
2502 1427 2792 1488 nuncupat.
2829 1419 2980 1487 Quod
3013 1423 3158 1476 enim
3194 1431 3250 1477 et
3291 1433 3432 1479 tactu

1868 1530 2036 1586 aquas
2069 1522 2367 1581 ventosque
2394 1511 2671 1574 sentimus,
2709 1511 2809 1564 hoc
2842 1517 2924 1566 cst
2953 1512 3093 1580 quod
3126 1521 3281 1569 terra:
3309 1516 3435 1570 soli-

1868 1612 1995 1667 dum
2031 1610 2282 1666 omnibus
2323 1606 2649 1662 admiscetur
2683 1604 2980 1660 elementis.
3028 1604 3087 1659 ln
3124 1607 3261 1663 cmlo
3306 1623 3435 1679 ergo

1868 1706 2051 1763 volant
2098 1719 2246 1769 aves,
2296 1701 2391 1756 sed
2442 1700 2547 1754 isto
2588 1698 2729 1768 quod
2770 1699 3008 1769 psalmus
3063 1700 3224 1755 etiam
3274 1710 3435 1756 terra:

192 1808 425 1861 namque
446 1791 602 1852 cmlo,
630 1790 681 1843 in
709 1805 816 1859 quo
838 1799 963 1845 sunt
992 1790 1300 1853 luminaria,
1326 1790 1396 1843 ita
1424 1788 1631 1842 vicinus
1658 1794 1763 1852 est,
1794 1781 1843 1842 Β
1869 1797 2085 1851 nomine
2122 1793 2366 1850 includit.
2395 1791 2511 1845 Non
2549 1790 2621 1843 ita
2653 1790 2706 1843 in
2733 1789 3090 1855 ﬁnnamemo,
3118 1791 3211 1845 sed
3245 1806 3435 1846 εοειιη-

191 1891 252 1937 ut
284 1892 337 1938 ct
369 1884 481 1953 ipse
509 1882 628 1937 cu-lt
661 1896 854 1936 nomen
882 1881 1127 1950 accipiat.
1178 1879 1309 1934 Nam
1338 1894 1458 1933 cum
1488 1876 1682 1931 dicitur
1708 1877 1761 1930 in

189 1976 438 2044 psalmo:
464 1972 855 2036 Laudateeum,
893 1973 1006 2026 caeli
1043 1971 1286 2026 caelorum
1327 1967 1498 2040 (Psal.
1538 1982 1761 2029 chvnt,

190 2064 270 2131 4),
309 2063 442 2117 satis
468 2070 690 2131 apparet
716 2063 859 2116 hunc
884 2077 1064 2115 aerem
1091 2075 1197 2114 non
1224 2059 1396 2113 solum
1425 2058 1642 2123 emlum,
1670 2057 1763 2111 sed

190 2153 354 2207 etiam
396 2151 562 2207 cuilos
603 2152 730 2216 dici,
759 2153 897 2207 sicut
942 2152 1194 2206 dicuntur
1222 2159 1273 2203 et
1304 2158 1483 2214 terrze,
1509 2165 1629 2204 cum
1659 2164 1762 2202 una

193 2239 286 2292 sit.
334 2237 443 2291 Hos
468 2238 631 2293 etiam
658 2250 846 2291 aereos
870 2230 1036 2290 caelos
1063 2234 1332 2305 quondam
1358 2235 1585 2304 periisse
1625 2232 1766 2287 dilu-

190 2326 303 2391 vio,
330 2325 382 2379 in
417 2324 648 2395 quadam
696 2339 880 2379 earum
911 2338 1030 2392 quae
1075 2322 1347 2377 canonica:
1390 2327 1766 2390 nuncupantur

190 2416 417 2485 epistola
459 2415 706 2484 legimus,
747 2414 887 2482 quod
914 2412 1098 2467 nescio
1122 2410 1570 2481 quemadmodum
1598 2410 1768 2479 possit

193 2503 437 2575 intelligi,
466 2503 568 2557 nisi
614 2503 669 2557 in
716 2517 976 2571 aquarum
1015 2510 1260 2555 naturam
1290 2499 1586 2571 pinguioris
1609 2497 1765 2567 hujus

194 2593 340 2648 aeris
382 2592 699 2661 qualitatem
744 2605 1080 2646 conversam.
1140 2589 1433 2660 Oportebat
1470 2604 1596 2658 ergo
1622 2598 1679 2642 ut
1709 2587 1763 2642 in

194 2684 442 2739 creandis
492 2681 886 2737 habitatoribus
927 2681 1199 2736 inferioris
1231 2680 1389 2749 hujus
1418 2676 1597 2733 mundi
1642 2694 1766 2748 par-

194 2783 283 2845 tis,
331 2780 418 2850 qui
466 2794 606 2849 saepe
656 2788 816 2833 terra:
865 2780 1081 2832 nomine
1129 2786 1239 2831 tota
1289 2784 1761 2837 commemoratur,

192 2870 342 2941 prius
382 2868 810 2940 producerentur
848 2881 911 2919 ex
945 2866 1099 2935 aquis
1126 2865 1399 2927 animalia,
1426 2871 1612 2935 postea
1634 2878 1764 2917 vero

195 2960 263 3013 de
301 2966 465 3023 terra,
494 2965 547 3012 et
571 2956 712 3026 quod
759 2958 855 3019 ita,
888 2963 946 3009 ut
967 2953 1078 3022 jam
1109 2968 1267 3022 supra
1292 2953 1545 3015 diximus,
1576 2950 1646 3004 sit
1671 2964 1764 3003 aer

190 3064 346 3118 aqum
390 3048 603 3112 similis,
635 3055 692 3101 ut
733 3061 800 3100 ex
838 3044 954 3114 ejus
1005 3043 1363 3099 halationibus
1408 3044 1763 3113 pinguescere

195 3113 465 3207 probetur.
510 3136 587 3191 Ac
615 3151 714 3205 per
740 3136 843 3190 hoc
870 3113 987 3189 non
1020 3134 1277 3203 scriptum
1306 3142 1387 3187 est
1416 3150 1427 3184 :
1457 3131 1765 3187 Producant
1788 3113 1841 3179 ο

196 3241 348 3296 aquae
390 3226 601 3296 reptilia
640 3225 939 3279 animarum
968 3226 1233 3290 vivarum,
1268 3233 1322 3303 et
1361 3225 1624 3295 producat
1670 3239 1764 3278 aer

194 3319 429 3374 volatilia
454 3319 687 3375 volantia
719 3334 878 3389 super
919 3328 1118 3374 terram
1138 3334 1177 3385 ;'
1207 3322 1299 3375 sed
1342 3329 1629 3389 utrumque
1660 3319 1762 3375 hoc

195 3413 545 3467 animantium
583 3427 750 3483 genus
778 3427 842 3467 ex
872 3412 1026 3481 aquis
1070 3412 1386 3484 productum
1417 3427 1535 3467 csse
1577 3426 1763 3465 narra—

196 3514 301 3556 tur.
333 3502 596 3571 Quidquid
624 3518 752 3573 ergo
785 3516 1044 3571 aquarum
1082 3504 1194 3557 sive
1233 3503 1470 3556 labiliter
1499 3500 1763 3554 undosum

197 3601 251 3645 et
277 3591 493 3647 ﬂuidum
522 3601 625 3656 est,
651 3594 760 3648 sive
802 3593 1127 3662 vaporaliter
1149 3600 1422 3646 tenuatum
1451 3576 1612 3660 atque
1647 3606 1764 3644 sus-

195 3694 437 3748 pensum,
495 3688 557 3733 ut
580 3679 706 3732 illud
733 3680 1034 3747 reptilibus,
1056 3679 1160 3734 hoc
1189 3680 1489 3734 volatilibus
1513 3686 1765 3745 appareat

195 3768 563 3831 distributum,
612 3773 901 3835 utrumque
935 3774 1113 3820 tamen
1148 3767 1382 3821 humidae
1425 3773 1630 3821 natura:
1675 3765 1763 3820 de.

194 3864 432 3928 putatur.
460 3857 528 3910 Et
554 3856 673 3911 ideo
700 3865 819 3911 sunt
846 3857 934 3927 qui
962 3857 1311 3912 subtilissima
1337 3854 1765 3913 consideratione

194 3949 431 4019 quinque
465 3948 598 4003 istos
644 3948 886 4019 corporis
937 3963 1148 4013 sensus,
1198 3947 1491 4003 secundum
1535 3955 1767 4016 quatuor

197 4040 389 4095 usitata
440 4039 706 4095 elementa
749 4040 1102 4112 distinguunt,
1145 4048 1207 4095 ut
1249 4040 1433 4095 oculos
1465 4041 1532 4095 ad
1567 4040 1762 4110 ignem,

195 4145 354 4187 aures
380 4130 447 4186 ad
473 4145 676 4195 aerem,
711 4145 901 4200 purum
931 4130 1113 4186 dicant
1153 4132 1460 4200 pertinere;
1512 4129 1765 4184 olfactum

195 4228 373 4274 autem
404 4220 470 4275 ad
498 4234 678 4274 aerem
718 4219 1017 4285 humidum,
1060 4230 1275 4291 gustum
1304 4234 1432 4274 vero
1465 4220 1532 4274 ad
1569 4234 1764 4287 corpu-

196 4310 370 4364 lentos
407 4309 680 4372 humores,
729 4316 931 4363 tactum
987 4310 1054 4365 ad
1103 4309 1425 4365 elementum
1458 4317 1761 4373 terrenum;

196 4415 263 4455 ac
302 4416 400 4470 per
427 4401 531 4454 hoc
562 4399 828 4454 elementa
880 4401 1060 4456 omnia
1114 4400 1166 4454 in
1214 4401 1463 4455 omnibus
1505 4412 1644 4462 esse,
1673 4400 1765 4453 sed

198 4493 612 4563 unumquodque
635 4508 819 4548 eorum
843 4508 909 4548 ex
930 4508 994 4548 eo
1016 4494 1157 4562 quod
1181 4492 1408 4563 amplius
1432 4493 1594 4548 habet
1615 4508 1770 4548 acce—

197 4584 342 4653 pisse
389 4582 729 4639 vocabulum.
786 4583 910 4639 Ideo
964 4592 1141 4638 autem
1192 4585 1389 4639 caloris
1444 4585 1767 4653 privatione,

196 4692 322 4732 cum
355 4691 550 4747 corpus
580 4676 746 4732 nimie
776 4675 1033 4746 frigescit,
1079 4677 1301 4732 obtundi
1348 4692 1594 4743 sensum;
1642 4678 1768 4746 quia

198 4773 378 4819 motus
434 4766 692 4837 pigrescit
737 4766 829 4835 qui
860 4781 927 4820 es
971 4766 1151 4820 calore
1182 4767 1321 4820 inest
1355 4766 1592 4835 corpori,
1640 4767 1767 4822 dum

196 4856 341 4926 ignis
389 4870 603 4920 aerem,
656 4864 711 4909 et
762 4871 856 4911 aer
906 4856 1161 4921 humida,
1211 4865 1266 4911 et
1315 4857 1508 4912 humor
1556 4865 1769 4913 terrena

196 4959 431 5016 quaeque
476 4943 658 5009 adicit,
707 4945 1076 5001 subtilioribus
1118 4946 1324 5001 scilicet
1369 4946 1634 5002 crassiora
1680 4962 1768 5017 pe—

197 5034 559 5089 netrantibus.
601 5033 813 5101 Quanto
849 5043 1028 5089 autem
1058 5033 1294 5104 quidque
1326 5034 1573 5089 subtilius
1602 5044 1680 5089 est
1715 5034 1767 5089 in

194 5131 392 5181 natura
418 5124 706 5195 corporali,
735 5133 882 5180 tanto
914 5131 998 5178 est
1026 5123 1255 5178 vicinius
1289 5130 1495 5177 naturae
1520 5123 1765 5192 spiritali.

191 5211 392 5267 Anima
428 5217 607 5266 tamen
638 5212 725 5266 cui
756 5210 1020 5265 sentiendi
1050 5209 1132 5263 vis
1166 5209 1323 5275 inest,
1354 5224 1475 5263 cum
1512 5224 1770 5278 corporea

1798 4447 1848 4507 D

1863 1888 1992 1942 dum
2018 1886 2435 1942 firmamentum.
2467 1881 2579 1937 Nec
2605 1882 2795 1951 ignoro
2811 1882 3071 1950 quosdam
3090 1882 3436 1951 philosophos

1864 1993 1961 2031 sua
1986 1977 2179 2045 cuique
2202 1974 2464 2029 elemento
2485 1971 2824 2027 distribuisse
2844 1971 3060 2026 animali
3077 1989 3109 2037 ι,
3135 1982 3195 2027 ut
3221 1982 3431 2027 terrena

1864 2082 1985 2122 esse
2010 2066 2247 2121 dicerent
2273 2080 2377 2119 non
2407 2069 2612 2117 tantum
2639 2076 2759 2129 quae
2797 2060 2851 2114 in
2877 2069 3018 2115 terra
3050 2071 3242 2131 repunt
3273 2071 3433 2133 atque

1866 2156 2204 2226 gradiuntur,
2248 2154 2341 2208 sed
2376 2166 2504 2207 aves
2540 2152 2703 2205 etiam
2739 2150 2883 2218 quod
2921 2158 2976 2205 et
3019 2152 3147 2221 ipsa:
3195 2154 3248 2207 in
3289 2168 3430 2208 terra

1868 2246 2209 2315 requiescant
2249 2241 2477 2297 volando
2515 2239 2783 2310 fatigatae;
2823 2255 2980 2295 aerea
3015 2255 3144 2295 vero
3182 2242 3430 2296 animalia

1866 2337 2139 2390 daemones
2176 2348 2316 2396 esse,
2345 2331 2583 2387 cmlestia
2624 2330 2774 2394 deos,
2813 2344 3039 2399 quorum
3074 2331 3288 2399 quidem
3338 2348 3432 2386 nos

1865 2423 2061 2494 partim
2095 2420 2408 2485 luminaria,
2456 2419 2653 2488 partim
2708 2418 2923 2487 angelos
2970 2419 3216 2474 dicimus.
3264 2421 3434 2491 Aquis

1868 2519 2049 2565 tamen
2090 2511 2267 2582 pisces
2314 2518 2368 2563 et
2413 2508 2496 2563 sui
2544 2507 2757 2577 generis
2810 2507 3015 2562 belluas
3060 2509 3322 2575 tribuunt,
3374 2523 3434 2567 ut

1866 2601 2070 2656 nullum
2116 2600 2441 2655 elementum
2488 2598 2601 2652 suis
2650 2596 2969 2653 animalibus
3015 2608 3186 2655 vacet.
3247 2601 3432 2657 Distri»

1865 2694 2104 2748 buuntnr
2131 2689 2276 2744 enim
2311 2687 2575 2742 elementa
2621 2688 2687 2742 ad
2712 2688 3020 2758 patiendum
3066 2691 3192 2756 duo,
3240 2692 3432 2748 humor

1866 2794 1921 2839 et
1943 2785 2166 2848 humus;
2195 2780 2261 2835 ad
2284 2778 2585 2834 faciendum
2611 2786 2788 2833 autem
2811 2779 2913 2834 alia
2937 2780 3063 2845 duo,
3085 2797 3178 2836 aer
3198 2792 3253 2839 et
3274 2784 3431 2854 ignis.

1865 2874 1974 2930 Aer
2017 2887 2248 2942 namque
2308 2887 2340 2926 a
2388 2870 2621 2927 conﬁnio
2666 2870 2919 2927 luminosi
2967 2875 3087 2929 coeli
3137 2891 3308 2946 usque
3367 2878 3433 2932 ad

1868 2980 2128 3036 aquarum
2155 2963 2315 3019 fluida
2355 2972 2411 3018 et
2445 2965 2588 3017 nuda
2616 2970 2883 3017 terrarum
2912 2966 3175 3033 pervenit.
3213 2967 3328 3024 Non
3358 2978 3441 3025 ta-

1868 3072 1995 3113 men
2018 3064 2189 3112 totum
2213 3054 2442 3124 spatium
2461 3052 2579 3123 ejus
2618 3054 2990 3110 exhalationes
3026 3057 3259 3113 humidae
3290 3059 3436 3115 infu-

1867 3155 2039 3212 scant,
2058 3145 2152 3201 sed
2172 3160 2342 3214 usque
2368 3153 2434 3198 ad
2452 3158 2576 3199 eum
2600 3144 2757 3198 tinem
2781 3143 2922 3198 unde
2948 3144 3137 3215 incipit
3155 3145 3265 3214 jam
3290 3156 3437 3206 terra

1866 3233 2154 3297 nominari,
2176 3234 2316 3288 sicut
2339 3232 2390 3286 in
2415 3231 2645 3302 psalmo,
2664 3231 2897 3284 Laudate
2910 3227 3190 3286 Don'n'num
3212 3235 3275 3288 de
3293 3245 3435 3291 terra

1867 3324 2040 3397 (Paul.
2067 3339 2285 3384 CXLVIII,
2316 3323 2391 3393 7).
2453 3321 2712 3391 Superior
2737 3336 2863 3376 vero
2890 3337 3016 3389 pars
3052 3324 3193 3378 aeris
3217 3335 3434 3395 propter

1864 3431 2055 3487 puram
2075 3412 2517 3482 tranquillitatem
2536 3410 2674 3466 celo
2694 3411 2779 3464 cui
2803 3410 3142 3475 conlimatur,
3161 3418 3431 3471 communi

1863 3520 1995 3574 pace
2014 3501 2372 3571 conjungitnr,
2387 3508 2443 3554 et
2460 3499 2576 3566 ejus
2597 3500 2860 3555 vocabulo
2879 3512 3322 3572 connuncnpatur
3341 3522 3354 3565 :
3381 3507 3431 3560 in

1864 3607 1969 3662 qua
2000 3590 2248 3646 fortassis
2277 3597 2451 3659 parte,
2474 3590 2523 3643 si
2550 3587 2767 3643 fuerunt
2796 3598 2923 3645 ante
2956 3595 3433 3663 transgressionem

1865 3698 2018 3738 suam
2052 3690 2473 3750 transgressores
2518 3678 2692 3749 angeli
2721 3693 2842 3733 cum
2871 3681 3113 3750 principe
3146 3697 3265 3746 suo.
3295 3702 3438 3741 nunc

1866 3769 2077 3827 diabolo
2102 3776 2229 3823 tunc
2253 3766 2597 3837 archangelo,
2629 3767 2867 3821 nonnulli
2893 3768 3060 3824 nostri
3112 3784 3205 3825 eos
3245 3781 3433 3843 putant

1866 3858 2112 3915 cmlestes
2135 3856 2217 3913 vel
2256 3869 2417 3926 super
2473 3855 2720 3912 00:18st
2767 3857 2987 3927 angelos
3048 3857 3217 3915 fuisse
3265 3877 3279 3915 :
3327 3879 3434 3919 non

1865 3950 2061 4005 mirum
2096 3948 2143 4003 si
2178 3955 2298 4018 post
2321 3954 2599 4021 peccatum
2638 3947 2691 4000 in
2728 3946 2887 4001 istam
2917 3956 3041 4003 sunt
3066 3948 3267 4007 detrusi
3305 3955 3436 4008 cali-

1867 4041 2064 4111 ginem.
2096 4037 2197 4093 Ubi
2225 4046 2402 4093 tamen
2427 4044 2482 4091 et
2509 4052 2604 4091 aer
2629 4035 2703 4092 sit
2736 4044 2791 4091 et
2814 4037 3040 4094 humore
3078 4041 3223 4095 tenui
3254 4054 3439 4100 conte—

1868 4139 2043 4194 satur,
2056 4128 2146 4198 qui
2162 4136 2459 4191 commotus
2472 4143 2572 4182 ven
2580 4135 2663 4183 tos
2679 4135 2735 4183 et
2751 4130 3118 4187 vehementius
3137 4136 3439 4190 concitatus

1867 4221 2030 4277 etiam
2079 4218 2248 4288 ignes,
2292 4227 2347 4274 et
2385 4226 2698 4274 contractus
2740 4218 2945 4284 nubila,
2981 4224 3037 4273 et
3072 4224 3438 4293 eonSpissatus

1868 4308 2125 4382 pluviam,
2173 4319 2228 4366 et
2269 4312 2674 4380 congelantibus
2716 4312 2919 4367 nubilis
2944 4314 3144 4379 nivem,
3171 4322 3227 4368 et
3253 4318 3439 4369 turbu-

1874 4405 2068 4458 lentius
2088 4403 2493 4472 congelantihus
2521 4402 2863 4458 densioribus
2886 4404 3081 4460 nubilis
3104 4407 3440 4475 grandinem,

1870 4503 1927 4549 et
1970 4493 2239 4547 distentus
2282 4504 2534 4545 serenum
2582 4490 2751 4555 facit,
2819 4492 3046 4547 occultis
3100 4494 3340 4564 imperiis
3388 4504 3445 4552 et

1870 4598 2031 4651 opere
2053 4581 2145 4635 Dei
2175 4596 2206 4633 a
2237 4579 2463 4634 summis
2496 4579 2563 4632 ad
2594 4579 2777 4634 intima
2808 4581 3058 4638 universa
3086 4599 3206 4654 quae
3239 4587 3445 4643 creavit

1872 4669 2321 4729 administrantis.
2375 4667 2480 4724 Sed
2517 4677 2577 4723 ut
2614 4668 2728 4737 jam
2777 4670 3034 4738 diximus,
3070 4690 3164 4730 aer
3199 4692 3265 4731 ex
3304 4692 3444 4747 aqua

1871 4766 1951 4829 fit,
1982 4766 2037 4819 in
2068 4779 2191 4820 aere
2216 4762 2360 4819 enim
2389 4761 2627 4818 volatilia
2655 4761 2777 4817 οωιῆ
2806 4763 3126 4832 consistunt,
3155 4767 3296 4822 unde
3319 4784 3447 4825 aves

1871 4855 1993 4910 creti
2037 4853 2399 4917 nominamus,
2430 4859 2485 4906 et
2520 4852 2805 4908 dremones'
2833 4852 2889 4907 in
2926 4868 3052 4909 aere
3084 4856 3329 4910 habitare
3365 4858 3447 4910 di-

1871 4953 2085 5009 cuntur,
2116 4951 2174 4998 et
2201 4949 2487 5013 propterea
2516 4956 2611 4997 eos
2638 4940 2826 4998 suffert
2854 4958 2948 4997 aer
2984 4944 3282 5006 sustinere,
3316 4947 3442 5014 quia

1871 5050 2085 5092 aeream
2130 5034 2419 5104 imaginem
2468 5042 2711 5098 utuntur,
2762 5042 2817 5090 et
2868 5035 3060 5089 exinde
3128 5036 3446 5108 impugnant

1871 5124 2164 5178 humanum
2187 5138 2378 5193 genus,
2402 5122 2526 5192 quia
2554 5123 2735 5178 statim
2757 5124 2973 5193 quando
2998 5125 3167 5180 creati
3203 5124 3441 5191 fuerunt,

1870 5212 1940 5268 de
1977 5222 2266 5282 conspectu
2306 5213 2399 5267 Dei
2448 5212 2673 5282 projecti
2724 5224 2869 5268 sunt.
2918 5214 3069 5270 Unde
3096 5214 3343 5271 Salvator
3390 5218 3444 5272 in

193 5315 307 5356 non
348 5300 452 5365 sit,
497 5315 596 5372 per
631 5300 880 5356 subtilius
916 5313 1110 5368 corpus
1154 5298 1319 5369 agitat
1360 5298 1599 5369 vigorem
1650 5311 1774 5353 sen-
1873 5303 2163 5374 Evangelio
2192 5304 2310 5359 ait:
2353 5301 2468 5357 Vidi
2492 5302 2749 5359 Satanam
2783 5305 2918 5358 sicut
2958 5304 3139 5376 fulgur
3176 5306 3444 5359 cadentem

194 5391 390 5447 tiendi.
436 5390 608 5447 Habet
652 5391 833 5461 itaque
878 5397 1082 5445 motum
1127 5389 1181 5444 in
1228 5389 1476 5444 omnibus
1525 5388 1775 5443 sensibus
1874 5392 1939 5447 de
1960 5390 2106 5446 εωιο.
2140 5390 2406 5459 Ubijuste
2425 5392 2687 5461 quazritur
2710 5392 2980 5462 quomodo
3007 5394 3201 5449 cadere
3224 5393 3445 5457 dicitur,

196 5498 300 5555 per
338 5481 691 5538 subtilitatem
725 5479 884 5550 ignis,
914 5480 1007 5535 sed
1033 5494 1141 5534 non
1170 5479 1224 5534 in
1258 5478 1506 5533 omnibus
1534 5477 1602 5532 ad
1631 5476 1772 5532 idem

197 5573 465 5646 pervenit.
518 5570 578 5625 ln
622 5570 741 5625 visu
786 5570 931 5624 enim
994 5570 1240 5639 pervenit
1288 5583 1535 5639 represso
1592 5568 1772 5625 calore

276 5694 303 5723 ι
339 5682 591 5753 August,
619 5681 714 5737 lib.
746 5698 803 5736 tn
832 5681 898 5737 de
919 5679 1115 5736 Genesi
1149 5680 1216 5734 ad
1237 5679 1363 5748 litt.,
1393 5694 1441 5734 c.
1472 5680 1494 5732 l
1528 5693 1680 5748 seqq.

601 5775 869 5834 PATROL.
909 5770 1128 5833 XCVI.

1877 5480 1923 5537 si
1954 5495 2059 5535 non
2099 5481 2267 5535 stetit.
2319 5479 2427 5535 Sed
2454 5481 2752 5546 sciendum,
2782 5481 2907 5552 quia
2945 5498 3049 5538 non
3080 5482 3444 5554 perseveravit

1876 5570 1931 5626 in
1960 5568 2230 5625 consortio
2251 5579 2563 5627 sanctorum
2585 5570 2893 5643 angelorum
2923 5586 2937 5625 :
2960 5572 3055 5627 sed
3074 5572 3255 5628 statim
3284 5587 3443 5644 quam

2933 5765 3011 5827 36
