3986 6168
507 311 639 365 1151

1979 305 2268 363 WlCBODl

3622 298 3777 353 “32

509 427 618 480 cito
645 424 876 492 scipsum
925 421 1134 491 aspexit
1181 419 1235 473 in
1281 419 1528 476 claritate
1574 422 1690 484 Det,
1722 421 1895 475 erexit
1936 434 1995 474 se
2027 419 2080 471 lh
2110 424 2154 477 Α
2183 431 2346 484 super
2369 417 2661 482 prudentes
2688 410 2897 467 fundati
2923 419 3067 466 sunt.
3107 408 3256 466 Vivat
3295 409 3474 479 itaque
3499 424 3661 478 aqua:
3691 411 3784 463 di-

512 513 844 586 superbiam,
874 519 927 564 et
976 509 1112 564 dixit
1138 526 1152 562 :
1178 509 1468 562 Ascendam
1510 517 1565 563 τη
1587 509 1790 573 caelum,
1836 518 1883 563 et
1920 524 2079 577 supra

512 616 656 659 astra
702 602 815 656 celi
865 600 1104 654 exaltabo
1146 600 1335 653 solium
1376 615 1568 664 meum,
1597 599 1779 653 sedebo
1816 600 1873 652 in
1909 609 2082 652 monte

507 694 804 750 testamenti
840 694 895 746 in
918 691 1166 746 lateribus
1201 693 1481 762 aquilonis,
1516 694 1791 746 ascendam
1819 700 1976 761 super
2003 691 2085 744 at»

510 783 788 838 titudinem
804 781 1039 845 nubium,
1065 780 1253 834 similis
1277 796 1364 833 ero
1387 779 1654 834 Altissimo
1681 779 1814 850 (Isa.
1841 795 1952 843 xrv,
1968 778 2079 849 14).

513 872 582 926 Ει
616 872 798 926 statim
833 869 1104 940 projectus
1130 877 1213 923 est
1239 869 1306 922 de
1344 868 1624 923 altitudine
1651 868 1774 922 caeli
1820 867 1875 921 in
1902 881 2082 921 aerem
2139 881 2144 884 '

511 978 638 1019 eum
660 960 910 1016 omnibus
936 959 1254 1014 satellitibus
1275 958 1408 1023 suis,
1432 959 1556 1026 quia
1589 973 1694 1012 non
1723 965 2085 1027 per-steterunt

513 1053 570 1106 in
597 1051 780 1105 divino
819 1063 1022 1112 amore,
1051 1049 1189 1102 sicut
1239 1046 1314 1101 illi
1365 1047 1456 1115 qui
1506 1046 1705 1100 ilrmati
1754 1054 1900 1111 sunt,
1933 1054 1996 1100 ut
2039 1043 2082 1100 si

521 1142 686 1196 velint
720 1154 966 1212 peccare,
994 1153 1101 1192 non
1137 1138 1366 1207 possint,
1405 1137 1530 1206 quia
1575 1135 1677 1205 ipsi
1721 1136 1777 1190 in
1824 1136 2087 1205 principio

511 1223 789 1303 proprium
840 1229 1122 1283 arbitrium
1168 1229 1474 1284 habuerunt
1508 1228 1647 1281 sicut
1689 1241 1858 1297 genus
1899 1225 2087 1279 huma-

511 1341 646 1380 num
691 1323 908 1376 videtur
931 1323 1149 1376 habere.
1179 1321 1258 1374 llii
1299 1329 1478 1374 autem
1509 1320 1573 1373 de
1615 1318 1832 1388 proprio
1862 1317 2086 1372 arbitrio

512 1413 669 1483 lapsi,
699 1413 1019 1470 sententiam
1059 1411 1154 1465 Dei
1187 1420 1524 1480 acceperunt,
1571 1419 1629 1465 ut
1661 1412 1704 1465 si
1739 1411 1904 1465 vclint
1931 1425 2088 1479 repa-

513 1504 649 1570 rari,
682 1518 789 1557 non
820 1502 1044 1572 possint.

585 1595 653 1648 D.
704 1592 902 1647 Iterum
928 1591 1060 1644 dixit
1085 1590 1247 1652 Deus,
1288 1589 1376 1644 ille
1413 1590 1478 1643 ab
1503 1590 1652 1643 initio
1695 1589 1956 1644 homicida
1987 1587 2086 1658 fuit

513 1695 562 1740 et
606 1685 662 1738 in
689 1684 899 1741 veritate
939 1697 1042 1736 non
1066 1679 1204 1734 stetit
1233 1678 1411 1732 ann.
1440 1695 1557 1743 vin,
1603 1677 1714 1748 4i).
1757 1676 1866 1732 Cur
1909 1678 2083 1732 homi-

517 1772 672 1829 cida?

588 1861 666 1918 Μ.
718 1859 854 1926 Quia
900 1857 1134 1927 primum
1175 1856 1344 1911 Adam
1393 1853 1654 1925 iugulavit
1698 1857 1750 1910 in
1801 1855 2086 1926 paradiso,

517 1953 734 2024 quando
756 1965 912 2021 poma
933 1950 1092 2005 edere
1115 1948 1305 2012 suasit,
1327 1956 1382 2001 et
1398 1948 1464 2003 de
1485 1947 1887 2002 immortalitate
1907 1945 2091 2018 [Forte

520 2042 830 2114 immortali]
859 2042 1035 2097 factus
1069 2051 1152 2096 est
1176 2039 1450 2103 mortalis,
1490 2046 1546 2093 et
1583 2047 1866 2108 propterea
1904 2039 2090 2093 huma-

517 2152 646 2193 num
675 2149 844 2203 genus
865 2147 1034 2202 usque
1061 2131 1127 2186 ad
1149 2131 1433 2185 adventum
1459 2128 1754 2184 Salvatoris
1771 2127 2055 2199 iugulavit.

588 2227 656 2281 ι).
693 2223 971 2291 Quomodo
999 2222 1055 2276 in
1091 2221 1315 2281 veritate
1353 2234 1459 2274 non
1483 2219 1670 2274 stetit?

595 2316 673 2371 Μ.
732 2315 869 2383 Quia
921 2329 1030 2368 non
1090 2311 1286 2367 meruit
1331 2311 1606 2380 accipere,
1659 2309 1804 2379 quod
1861 2309 1910 2363 ei
1964 2323 2092 2378 pro-

517 2408 743 2463 missum
772 2403 980 2468 fuerat,
1016 2409 1077 2456 ut
1111 2416 1232 2456 cum
1261 2409 1503 2458 creatore
1544 2414 1643 2454 suo
1672 2399 1726 2452 in
1770 2405 2090 2467 perpetuum

514 2513 639 2554 eum
687 2495 906 2564 reliquis
949 2491 1152 2562 angelis
1198 2489 1610 2560 permansisset;
1669 2489 1763 2542 sed
1820 2485 2092 2556 projectus

514 2596 600 2645 est
625 2589 680 2644 in
707 2594 905 2642 terram
942 2599 1064 2638 cum
1094 2583 1224 2637 suis.
1255 2582 1356 2638 Ubi
1394 2582 1510 2637 sine
1537 2580 1698 2636 dubio
1731 2593 1946 2650 pmnam
1990 2594 2090 2649 pa-

519 2677 727 2734 tiuntur
749 2715 764 2740 ,
806 2675 932 2745 quia
963 2675 1016 2728 in
1041 2688 1166 2728 aere
1198 2673 1336 2742 ignis
1379 2673 1624 2726 sidereus
1651 2671 1730 2725 eis
1758 2671 2086 2734 dominatur,

515 2776 572 2824 et
596 2767 698 2824 sibi
729 2781 830 2835 Pro
851 2780 1046 2835 genere
1074 2779 1172 2818 suo
1199 2764 1350 2831 quasi
1382 2762 1600 2832 quidam
1643 2777 1832 2816 career
1861 2762 2088 2831 deputa-

519 2867 606 2912 tus
637 2866 736 2920 est,
767 2869 1044 2923 quousque
1086 2855 1267 2909 veniat
1310 2863 1520 2922 tempus
1543 2854 1649 2908 diei
1693 2850 1915 2920 iudicii,
1951 2853 2091 2907 utin

517 2948 698 3018 ignem
720 2946 1001 3002 mittantur
1023 2950 1304 2998 aeternum.
1343 2943 1596 3013 Sequitur
1618 2960 1632 2999 :

591 3037 895 3105 Creasitque
937 3033 1077 3088 Deus
1123 3043 1228 3088 cete
1259 3034 1482 3104 grandia
1529 3043 1579 3088 et
1620 3048 1822 3090 omnem
1857 3033 2087 3087 animam

2183 512 2377 557 cuntur
2424 502 2530 568 illi,
2571 501 2697 570 quia
2732 509 3039 556 sustentant
3075 514 3169 554 eos
3194 512 3331 568 quos
3363 496 3652 552 inferiores
3686 499 3780 551 vd

2185 591 2509 644 inﬁrmiores
2548 605 2607 644 se
2648 605 2769 644 esse
2797 585 3169 658 conspiciunt,
3219 586 3346 657 quia
3377 596 3641 656 quantum
3688 595 3784 643 est

2184 682 2326 734 inter
2350 683 2530 734 lunam
2551 688 2605 735 et
2630 679 2806 735 sidera
2828 680 2972 744 caeli,
2997 688 3202 734 tantum
3239 689 3324 733 est
3349 678 3491 733 inter
3510 687 3782 734 sanetam

2183 773 2558 834 rusticitatem,
2586 779 2639 825 et
2672 780 2914 826 sanetam
2942 771 3360 840 simplicitatem.
3391 769 3655 840 Sequitur
3685 787 3704 824 :

2253 861 2626 927 Benedixitque
2653 863 2727 916 eis
2757 861 2932 916 dicens
2961 878 2979 916 :
3011 861 3236 915 Crescite
3271 871 3318 915 et
3339 862 3781 931 multiplicamini

2183 963 2231 1008 et
2264 953 2450 1023 replete
2477 970 2642 1023 aquas
2676 955 2838 1007 maris
2863 952 3015 1023 (Gen.
3043 969 3083 1017 ι,
3120 951 3233 1023 22).

2258 1042 2323 1096 ι).
2377 1041 2558 1108 Quare
2600 1043 2702 1097 ista
2735 1042 2988 1096 animalia
3042 1042 3470 1098 benedictionem
3514 1045 3780 1120 accipere

2185 1140 2502 1187 meruerunt
2535 1133 2678 1187 sicut
2711 1141 2765 1186 et
2786 1133 2990 1188 homo?

2258 1221 2334 1274 Μ.
2373 1221 2428 1276 ld
2453 1231 2556 1286 est,
2581 1230 2640 1276 ut
2667 1221 3024 1292 intelligamus
3047 1222 3206 1277 istam
3230 1223 3671 1281 benedictionem
3721 1228 3775 1283 in

2186 1312 2397 1367 caeteris
2423 1312 2749 1385 animalibus
2773 1328 3114 1384 permanere.

2256 1401 2484 1470 Avesque
2513 1401 2923 1473 multiplicentur
2964 1418 3120 1472 super
3167 1412 3374 1460 terram
3398 1413 3447 1458 et
3485 1405 3661 1473 factus
3695 1418 3774 1461 est

2188 1507 2390 1561 vespere
2419 1499 2465 1545 et
2502 1508 2653 1546 mane
2678 1492 2786 1546 dies
2818 1492 3050 1562 quintus.

2277 1599 2616 1656 lNClPlUNT
2655 1601 3110 1668 QUESTIONES
3146 1603 3234 1659 DE
3278 1605 3388 1660 DlE
3425 1605 3652 1662 SEXTA
3733 1595 3736 1598 ’

2258 1689 2404 1745 Dixit
2421 1707 2619 1761 quoque
2637 1691 2791 1755 Deus,
2813 1692 3078 1746 Praducat
3100 1702 3239 1746 terra
3264 1696 3493 1749 animam
3517 1698 3770 1754 virentem

2116 1771 2162 1831 Β
2187 1781 2242 1836 in
2265 1798 2446 1853 genere
2473 1799 2601 1848 suo,
2635 1785 2880 1854 jumenta
2923 1796 2973 1840 et
3016 1787 3218 1856 reptilia
3247 1798 3296 1841 et
3341 1789 3529 1843 bestias
3575 1799 3767 1856 ter-rc,

2191 1869 2473 1924 secundum
2494 1873 2687 1942 species
2703 1891 2825 1930 suas
2848 1892 2866 1929 :
2891 1875 3181 1946 factumque
3205 1887 3277 1932 est
3302 1878 3374 1978 illa
3401 1877 3557 1947 (Cen.
3584 1896 3625 1946 ι,
3648 1881 3765 1954 2i).

2823 1983 3130 2023 AIBROSIUS.

2260 2049 2329 2106 ι).
2368 2051 2726 2118 Qumrendum
2771 2055 2927 2110 nobis
2963 2063 3044 2114 est
3087 2055 3132 2112 si
3169 2057 3270 2111 ista
3317 2059 3570 2114 animalia
3608 2077 3765 2120 vene-

2190 2159 2321 2200 nosa
2367 2146 2422 2200 in
2449 2148 2714 2217 principio
2748 2151 2964 2219 quando
2991 2162 3172 2207 creata
3199 2161 3345 2216 sunt,
3379 2169 3652 2218 venenum
3675 2157 3763 2212 ha-

2189 2235 2421 2288 buerunt
2447 2235 2584 2290 sicut
2613 2253 2776 2293 nunc.

2263 2321 2338 2376 Μ.
2380 2323 2494 2378 Hoc
2540 2326 2729 2394 procul
2769 2327 2932 2384 dubio
2961 2329 3238 2388 sciendum
3267 2332 3390 2402 quia
3461 2333 3604 2390 sicut
3639 2344 3763 2390 tunc

2189 2423 2370 2468 creata
2392 2412 2625 2480 fuerunt,
2657 2417 2731 2477 ita
2752 2428 3102 2486 permanent;
3122 2422 3215 2476 sed
3241 2423 3485 2480 tamenin
3501 2425 3765 2495 principio

2183 2502 2417 2558 nocendi
2457 2519 2570 2566 non
2598 2505 2902 2562 habuerunt
2946 2516 3289 2578 potestatem,
3313 2524 3339 2552 ι
3369 2513 3512 2567 sicut
3537 2515 3768 2582 probare

2186 2607 2476 2664 possumus
2521 2593 2589 2652 de
2646 2597 3006 2667 serpentibus.
3067 2597 3289 2664 Quando
3337 2600 3521 2669 vipera
3573 2602 3769 2658 invasit

2191 2697 2420 2756 manum.
2444 2683 2594 2738 Pauli
2621 2725 2636 2750 ,
2679 2695 2734 2740 et
2768 2685 2901 2746 nihil
2928 2687 2978 2740 ei
3008 2687 3229 2751 nocuit,
3277 2689 3404 2756 quia
3450 2699 3767 2758 potestatem

2191 2775 2375 2830 habuit
2401 2775 2707 2841 invadendi,
2731 2777 2956 2832 nocendi
2989 2785 3169 2832 autem
3193 2794 3298 2832 non
3333 2779 3519 2834 habuit
3540 2789 3770 2849 potestne

2191 2873 2319 2920 tem.
2355 2865 2616 2921 Similiter
2649 2867 2714 2922 de
2754 2867 2944 2922 bestiis
2982 2869 3198 2937 quando
3227 2868 3412 2924 Daniel
3444 2871 3645 2926 missus
3673 2870 3769 2928 fuit

2190 2953 2245 3008 in
2292 2953 2466 3010 lacum
2508 2955 2742 3022 leonum,
2781 2964 2909 3012 tunc
2943 2957 3123 3012 leones
3151 2957 3278 3014 nihil
3323 2959 3398 3012 illi
3425 2971 3761 3024 nocuerunt;

2191 3055 2284 3102 aut
2307 3057 2591 3118 propterea
2628 3048 2728 3102 ista
2754 3047 3006 3104 animalia
3035 3061 3301 3104 venenosa
3337 3059 3520 3106 creata
3551 3050 3765 3108 fuerunt

517 3127 761 3182 viventem
791 3132 943 3192 atque
970 3120 1267 3176 motabilem
1289 3161 1305 3186 ,
1354 3138 1509 3192 quam
1547 3122 1898 3192 produxerant
1941 3138 2090 3191 aqua

2203 3141 2263 3195 ad
2285 3117 2595 3201 terrentium
2624 3138 2920 3204 hominem,
2939 3154 3100 3208 quem
3125 3139 3266 3193 Deus
3292 3139 3616 3209 praesciebat
3645 3157 3764 3210 per;-

517 3216 573 3269 in
586 3215 815 3284 “species
864 3229 988 3267 suas
1031 3221 1079 3266 et
1120 3226 1272 3266 omne
1319 3210 1524 3266 uolatile
1560 3211 1721 3281 juxta
1750 3226 1912 3282 genus
1933 3226 2088 3264 suum

516 3303 673 3374 (Gen.
703 3321 750 3367 ι,
775 3303 890 3373 21).
1587 3365 1596 3380 ,.

587 3393 656 3445 D.
688 3391 860 3448 Nosce
879 3390 1037 3460 cupio
1054 3390 1268 3460 quando
1286 3389 1492 3446 minimi
1513 3389 1690 3460 pisces
1716 3389 1798 3446 vel
1817 3389 2089 3453 animalia,

525 3483 642 3536 sive
683 3480 961 3542 vermiculi
989 3495 1127 3549 quos
1159 3479 1440 3551 Scriptura
1471 3496 1579 3535 non
1627 3479 1893 3545 meminit,
1923 3479 2092 3535 creati

519 3571 762 3625 filerunt.
810 3570 878 3624 Et
902 3571 1028 3624 dum
1060 3570 1200 3626 ratio
1237 3569 1556 3639 inquirenda
1584 3579 1667 3624 est
1701 3569 1769 3624 ab
1808 3568 2094 3640 elephanto

523 3663 758 3718 maximo
806 3676 977 3732 usque
1013 3662 1081 3718 ad
1114 3659 1468 3716 vermiculum
1515 3659 1796 3714 minimum
1839 3659 1982 3714 unde
2009 3672 2093 3714 ve-

517 3755 689 3817 niant,
718 3755 842 3808 dum
874 3751 1152 3822 Scriptura
1172 3752 1260 3806 hic
1285 3751 1418 3806 nihil
1443 3751 1718 3805 indicavit.

592 3845 670 3899 Μ.
723 3845 1128 3913 intelligendum
1172 3843 1316 3897 enim
1356 3853 1438 3899 est
1459 3883 1472 3908 ,
1521 3843 1664 3910 quod
1691 3839 1905 3912 quando
1950 3841 2093 3897 Deus

519 3933 787 4001 separavit
808 3947 978 4001 aquas
998 3933 1066 3986 ab
1088 3932 1264 4000 aquis,
1289 3940 1415 3987 tunc
1452 3933 1674 3988 minima
1699 3931 1952 3985 animalia
1973 3945 2094 3999 quae

519 4025 587 4077 de
637 4022 791 4090 aquis
817 4020 1142 4086 eiﬁeiuntur,
1197 4022 1248 4074 in
1286 4021 1416 4090 ipsis
1448 4022 1602 4089 aquis
1639 4029 1830 4076 natura
1877 4021 2092 4077 illorum

519 4111 882 4174 consistebat;
914 4117 965 4163 et
992 4109 1068 4164 illi
1096 4122 1308 4163 vermes
1327 4110 1417 4178 qui
1443 4110 1495 4163 in
1519 4109 1832 4178 corporibus
1852 4117 2092 4166 mortuo-

519 4216 640 4256 rum
661 4210 808 4267 sunt,
836 4203 889 4258 in
916 4201 1048 4271 ipsis
1075 4201 1390 4269 corporibus
1410 4216 1596 4256 eorum
1628 4201 1829 4256 habent
1849 4202 2100 4272 vigorem

519 4291 797 4357 nascendi,
823 4299 878 4346 et
910 4291 1084 4360 pisces
1104 4291 1170 4345 de
1196 4291 1350 4359 aquis
1381 4301 1755 4362 procreantur,
1788 4291 1914 4346 dum
1937 4291 2088 4347 dicit.

522 4381 822 4435 Producant
845 4397 994 4452 aqua
1020 4380 1197 4451 reptile
1217 4382 1408 4438 anima?
1435 4383 1664 4438 viventis.

591 4471 655 4524 Ι).
689 4469 746 4524 Si
769 4447 908 4541 aqua
931 4447 1144 4541 tegebat
1177 4480 1395 4537 terram,
1420 4487 1490 4525 an
1517 4481 1658 4527 terra
1681 4486 1881 4543 aquam
1902 4488 2086 4544 quaaso
2114 4447 2166 4507 D

519 4568 577 4612 ut
612 4559 781 4614 dicas.

591 4650 666 4702 Μ.
698 4650 850 4720 Aqua
875 4652 1086 4721 tegebat
1113 4660 1342 4718 terram;
1367 4653 1521 4721 quasi
1555 4652 1734 4723 aliqua
1771 4669 1898 4723 pars
1925 4662 2086 4710 teme

517 4739 695 4810 elapsa
725 4738 887 4795 fuerit
927 4755 1089 4810 super
1115 4756 1334 4811 aquam,
1366 4743 1548 4797 statim
1571 4751 1760 4812 erupta
1807 4752 1893 4800 est
1919 4758 2080 4814 aqua,

517 4838 572 4884 et
603 4830 656 4883 in
692 4829 868 4884 locum
892 4845 1048 4886 suum
1077 4839 1220 4886 terra
1257 4832 1564 4886 revertitur.

593 4916 656 4969 D.
686 4916 964 4984 Quomodo
986 4918 1041 4971 in
1057 4919 1267 4985 psalmo
1286 4920 1415 4974 dicit
1447 4919 1574 4989 quia
1592 4922 1699 4988 ipse
1724 4936 1878 4990 super
1913 4923 2086 4976 maria

515 5008 754 5078 fundavit
780 5026 914 5076 eam,
943 5019 991 5064 et
1016 5027 1171 5080 super
1189 5009 1410 5080 ﬂumina
1435 5012 1746 5081 preparavit
1766 5028 1880 5066 eam
1914 5011 2089 5083 (Psal.

517 5113 675 5163 xxur,
699 5097 754 5168 2)
769 5138 784 5163 ,
814 5099 859 5154 si
885 5113 1022 5169 aqua
1044 5109 1243 5155 terram
1265 5101 1517 5172 tegebat?

589 5187 668 5241 Μ.
715 5188 792 5244 De
832 5189 1013 5245 altiori
1042 5198 1184 5245 terra
1216 5192 1318 5248 hoc
1369 5193 1499 5246 dicit
1521 5232 1536 5257 ,
1579 5193 1674 5246 ubi
1722 5201 1935 5252 montes
1969 5207 2090 5248 esse

518 5279 785 5342 videntur,
815 5287 908 5336 aut
945 5280 1012 5336 de
1057 5281 1246 5336 insulis
1292 5281 1421 5336 illud
1449 5282 1652 5337 dictum
1675 5291 1788 5349 est,
1819 5283 1909 5338 ubi
1941 5291 2086 5339 terra

518 5369 670 5423 altior
707 5376 791 5425 est
807 5384 972 5438 quam
996 5384 1154 5440 aqua.
1193 5370 1298 5428 Sed
1323 5372 1493 5441 magis
1515 5373 1618 5427 hoc
1643 5371 1938 5429 secundum
1963 5389 2086 5428 sen-

519 5475 636 5520 sum
681 5460 1079 5533 intelligendum
1124 5471 1241 5527 est,
1285 5463 1411 5533 quia
1444 5465 1712 5535 simplices
1744 5465 1799 5520 in
1849 5465 2091 5521 Ecclesia

529 5631 540 5642 .
589 5566 759 5642 {liam
786 5583 890 5622 non
919 5568 1126 5622 videtur
1143 5571 1330 5642 dicere
1349 5581 1566 5642 sanctus
1589 5570 1901 5627 Ambrosius
1925 5573 2015 5627 lib.
2037 5589 2090 5628 vr

527 5635 598 5705 in_
622 5635 944 5700 Exameron,
991 5651 1107 5704 cap.
1150 5639 1205 5704 6,
1245 5639 1334 5691 ubi
1368 5641 1539 5694 solum
1570 5643 1645 5702 ait
1674 5657 1939 5696 venenosa
1979 5645 2094 5698 ani-

2192 3239 2442 3295 cautem,
2467 3237 2528 3282 ut
2566 3228 2884 3297 intelligeret
2909 3245 3098 3299 pmnas
3126 3228 3450 3295 infernales,
3492 3231 3617 3300 quia
3637 3232 3761 3286 alibi

2192 3320 2321 3375 dicit
2350 3333 2366 3372 :
2411 3317 2621 3373 Vermes
2651 3335 2830 3374 eorum
2862 3335 2967 3374 non
3001 3319 3319 3382 moriuntur,
3349 3329 3399 3373 et
3425 3320 3562 3389 ignis
3587 3337 3760 3374 eam

2192 3425 2296 3463 non
2317 3408 2668 3479 exstinguitur
2693 3407 2886 3478 (Mare.
2913 3423 2967 3462 rx
2986 3447 3000 3472 ,
3026 3407 3118 3479 44)
3146 3447 3157 3459 .
3187 3409 3538 3478 quamobrem
3581 3409 3760 3463 bestia:

2193 3498 2334 3554 inter
2356 3513 2415 3554 se
2457 3499 2773 3569 semetipsas
2816 3507 3090 3563 nocerent,
3130 3503 3255 3555 dum
3283 3499 3348 3555 de
3370 3499 3619 3570 originali
3645 3513 3759 3570 pee-

2193 3595 2316 3646 cato
2339 3602 2445 3644 non
2472 3588 2671 3643 habent
2691 3589 2832 3643 unde
2863 3589 2942 3643 eis
2970 3587 3204 3650 vindicta
3231 3587 3521 3650 tribuatur.

2827 3695 3136 3736 Αιβιιοειυε.

2632 3749 2710 3803 De
2761 3751 3021 3804 creatione
3070 3749 3318 3804 hominis.

2264 3838 2334 3894 Et
2360 3838 2487 3894 sidit
2520 3839 2656 3894 Deus
2694 3839 2833 3910 quod
2871 3847 2999 3892 esset
3038 3839 3225 3892 bonum
3259 3849 3306 3893 et
3336 3839 3453 3894 ait:
3483 3837 3758 3896 Faciamus

2193 3929 2454 3983 hominem
2497 3928 2566 3982 ad
2595 3929 2873 3999 imaginem
2904 3937 2950 3982 et
2987 3928 3379 3982 similitudinem
3416 3940 3669 3990 nostram.
3697 3929 3758 3984 Et

2194 4019 2313 4088 fecit
2343 4019 2482 4073 Deus
2511 4020 2772 4073 hominem
2799 4019 2868 4072 ad
2897 4018 3176 4088 imaginem
3201 4018 3299 4072 Dei
3323 4016 3477 4089 (Gen.
3507 4034 3549 4082 ι,
3579 4018 3691 4089 26).

2263 4111 2335 4166 D.
2382 4113 2492 4168 Hoc
2518 4113 2750 4183 primum
2791 4112 3026 4166 breviter
3059 4111 3287 4172 dicimus
3317 4127 3425 4166 non
3461 4111 3760 4168 indifferen-

2194 4209 2278 4256 ter
2302 4201 2690 4270 accipiendum,
2717 4202 2859 4270 quod
2885 4200 2938 4254 in
2963 4200 3082 4254 aliis
3109 4202 3360 4270 operibus
3385 4201 3604 4266 dicitur,
3631 4201 3761 4258 dixit

2195 4291 2355 4356 Deus,
2384 4290 2528 4354 Fiat,
2560 4291 2646 4346 hic
2677 4303 2856 4345 autem
2884 4291 3016 4344 dixit
3046 4289 3204 4359 Deus,
3243 4290 3554 4347 Faciamus.

2267 4381 2343 4435 Μ.
2368 4382 2398 4422 ὶι
2423 4382 2504 4436 Ad
2532 4382 2936 4446 insinuandum,
2979 4391 3038 4436 ut
3066 4382 3137 4436 ita
3167 4383 3365 4446 dicam,
3402 4383 3762 4452 pluralitatem

2191 4486 2566 4542 personarum,
2603 4480 2822 4542 propter
2856 4472 3070 4527 Patrem
3101 4483 3154 4527 et
3194 4471 3392 4532 Filium
3417 4481 3470 4529 et
3502 4473 3762 4544 Spiritum

2192 4571 2466 4628 sanctum,
2505 4575 2668 4629 quam
2700 4571 2877 4616 tamen
2911 4561 3125 4616 deitatis
3175 4562 3436 4624 unitatem
3465 4561 3762 4632 intelligen-

2192 4653 2316 4707 dam
2354 4654 2534 4708 statim
2567 4653 2846 4707 admonuit
2891 4653 3074 4706 dicens
3105 4669 3118 4704 :
3149 4651 3217 4704 Et
3261 4651 3382 4720 fecit
3415 4651 3558 4705 Deus
3601 4653 3762 4705 homi-

2192 4759 2308 4798 nem
2337 4744 2404 4796 ad
2428 4744 2704 4813 imaginem
2725 4759 2894 4797 suam.
2920 4741 3019 4797 llic
3045 4741 3207 4796 etiam
3239 4740 3367 4795 illud
3391 4756 3496 4796 non
3521 4750 3606 4797 est
3623 4757 3759 4811 prae-

2194 4833 2531 4897 tereundum,
2559 4833 2682 4902 quia
2707 4848 2829 4886 eum
2857 4831 3078 4886 dixisset
3101 4829 3169 4884 ad
3198 4831 3480 4898 imaginem
3507 4841 3758 4894 nostram,

2193 4923 2376 4978 statim
2405 4922 2698 4990 subjunxit,
2728 4933 2775 4976 et
2801 4923 2987 4975 habeat
3015 4930 3316 4988 potestatem
3353 4921 3578 4990 piscium
3605 4923 3760 4973 utaris

2195 5023 2242 5067 et
2271 5023 2576 5068 cteterorum
2605 5013 2911 5067 animalium
2937 5015 3152 5068 rationis
3177 5012 3592 5083 exspertium.Ut
3619 5013 3762 5067 vides

2193 5104 2318 5159 licet
2355 5104 2716 5174 intelligamus
2741 5105 3012 5158 hominem
3040 5104 3093 5158 in
3127 5118 3194 5158 eo
3233 5103 3302 5164 ad
3334 5102 3622 5172 imaginem
3671 5102 3764 5166 Dei

2191 5192 2416 5259 factum,
2454 5195 2507 5247 in
2534 5207 2639 5263 quo
2669 5191 3070 5249 irrationalibus
3102 5193 3425 5258 animalibus
3453 5195 3757 5248 antecessit.

2201 5285 2258 5341 ld
2286 5293 2462 5338 autem
2493 5293 2576 5339 est
2623 5285 2737 5354 ipsa
2767 5286 2904 5340 ratio
2933 5295 3121 5340 exorta
3155 5285 3237 5339 vel
3267 5299 3420 5348 mens
3448 5284 3536 5340 vel
3572 5284 3764 5338 intelli-

2197 5377 2393 5446 gentia.
2436 5373 2585 5430 Licet
2634 5375 2777 5428 enim
2839 5373 3187 5430 subtilissime
3234 5374 3534 5430 disseratur
3592 5373 3764 5443 ipsam

2189 5472 2424 5520 mentem
2455 5462 2692 5517 hominis
2731 5463 2786 5517 in
2816 5478 2920 5532 qua
2953 5461 3128 5528 factus
3168 5472 3252 5518 est
3291 5461 3454 5522 homo
3478 5464 3548 5516 ad
3578 5462 3762 5534 imagi-

2191 5573 2352 5629 malia
2385 5573 2451 5628 ad
2475 5574 2785 5628 terrendum
2810 5573 3054 5628 homines
3083 5582 3263 5636 creata
3293 5587 3412 5628 esse
3441 5587 3470 5625 a
3498 5573 3629 5627 Deo.

2266 5645 2293 5685 h
2327 5643 2463 5712 Aug.
2485 5683 2500 5708 ,
2528 5644 2624 5697 lib.
2650 5658 2710 5698 ιιι
2743 5645 2808 5700 de
2843 5644 2977 5700 Gen.
3023 5645 3090 5698 ad
3119 5644 3247 5710 litt.,
3277 5658 3326 5696 ς.
3354 5642 3440 5699 l9.
