3986 6168
287 371 424 426 1153

1195 369 1325 422 LIB.
1367 361 1844 433 QUAESTIONUM
1883 360 2107 416 SUPER
2145 362 2271 416 LIB.
2312 361 2618 417 GENESIS.

3394 367 3528 424 1154

282 499 404 537 ncm
429 481 546 544 Dei,
577 481 863 551 quamdam
889 481 1092 536 scilicet
1121 479 1438 532 rationalem
1467 477 1631 530 vitam
1659 475 1847 529 distri-
1875 474 1926 532 A
1955 473 2142 537 rando,
2172 474 2255 527 vel
2293 477 2481 542 pedem
2515 475 2570 527 in
2607 473 2952 538 ambulando,
2989 473 3060 526 ita
3111 484 3165 528 ct
3208 476 3282 529 illi
3331 477 3532 537 debue-

281 573 369 626 bui
391 574 447 625 in
467 580 681 626 aeterna:
701 571 1164 640 contemplationis
1186 569 1489 633 veritatem,
1510 578 1565 622 et
1595 568 1648 620 in
1669 583 1850 620 rerum

279 663 655 732 temporalium
678 663 1230 726 administrationem;
1254 669 1417 729 atque
1454 660 1527 713 ita
1555 657 1671 714 ﬁeri
1696 657 1849 726 quasi

277 751 575 808 masculum
611 759 666 805 et
713 750 990 815 feminam,
1027 751 1116 805 illa
1170 761 1326 820 parte
1377 748 1691 804 consulente
1713 788 1727 812 ,
1759 749 1849 802 illa

273 842 699 908 obtemperante.
737 839 792 892 In
817 840 917 894 hac
949 846 1125 894 tamen
1155 849 1262 893 non
1288 847 1431 892 recte
1452 837 1638 891 dicitur
1671 835 1848 904 imago

277 927 371 979 Dei
393 965 409 987 ,
440 927 542 980 nisi
580 926 712 980 illud
755 927 897 995 quod
927 928 1151 981 inhrerct
1177 925 1601 994 contemplanda:
1644 924 1848 978 incom-

275 1014 520 1068 niutabili
555 1015 778 1068 Veritati
801 1056 815 1079 ,
848 1016 900 1068 in
930 1014 1082 1083 cujus
1111 1016 1187 1069 rei
1211 1015 1377 1085 ﬁgura
1401 1015 1597 1069 Paulus
1631 1024 1846 1082 aposto—

275 1102 358 1156 lus
386 1100 560 1156 virum
593 1111 802 1157 tantum
827 1105 957 1159 dicit
982 1105 1269 1174 imaginem
1296 1114 1351 1158 et
1370 1104 1596 1172 gloriam
1623 1103 1736 1156 Dei.

839 1209 979 1247 ALIBI
1019 1209 1084 1246 [SI
1091 1207 1276 1248 DORUS.

345 1279 411 1332 Et
432 1278 558 1333 fecit
584 1279 728 1333 Deus
749 1279 1020 1336 hominem
1051 1282 1117 1334 ad
1148 1280 1436 1350 imaginem
1471 1293 1648 1342 suam,
1676 1278 1731 1332 id
1761 1285 1844 1332 est

273 1368 341 1421 ad
364 1368 716 1422 mternitatem
739 1377 790 1422 et
828 1369 1302 1423 immortalitatem.
1332 1368 1412 1422 Ad
1439 1366 1843 1422 similitudinem

273 1472 425 1522 vero,
458 1466 518 1510 ut
559 1458 886 1512 intellectum
939 1459 1130 1512 mentis
1155 1459 1452 1523 habuisset,
1496 1473 1600 1512 non
1648 1465 1707 1510 ut
1727 1457 1845 1512 ani—

275 1546 434 1600 malia
453 1585 470 1610 ,
501 1547 592 1616 qui
623 1551 869 1601 nesciunt
904 1548 1210 1603 discernere
1239 1548 1380 1602 inter
1404 1549 1601 1602 bonum
1633 1555 1687 1600 et
1730 1561 1843 1600 ma-

274 1637 406 1690 Ιυω.

796 1743 927 1784 ΕΤΕΙ
977 1743 1322 1784 AUGUSTINUS.

1953 569 2078 613 runt
2099 561 2152 615 in
2179 562 2427 631 paradiso
2455 561 2592 615 fetus
2613 576 2918 630 procreare.

2021 651 2088 704 Β.
2117 652 2170 705 Si
2201 663 2378 707 autem
2415 652 2494 707 sic
2536 653 2836 707 debuerunt
2876 652 3019 710 fetus
3055 669 3363 724 procreare,
3401 656 3528 726 quid

1948 751 2034 796 est
2065 742 2206 810 quod
2244 741 2294 795 in
2322 743 2571 811 paradiso
2603 750 2888 810 antequam
2919 743 3146 812 proiecti
3176 744 3404 801 fuissent
3421 763 3529 804 non

1947 831 2194 884 coierunt
2220 832 2379 885 simul
2407 839 2464 885 ut
2499 832 2636 886 lilios
2658 835 3075 900 procreassent?

2019 921 2096 974 Μ.
2140 921 2274 988 Quia
2302 939 2427 976 mox
2453 933 2636 976 creata
2669 924 2863 977 mulier
2894 933 3200 993 trangressa
3225 934 3329 991 est,
3361 935 3418 981 et
3463 927 3530 982 de

1946 1013 2053 1066 alta
2092 1013 2492 1068 immortalitate
2519 1015 2573 1068 in
2599 1014 2705 1068 ima
2733 1014 2985 1082 profundi
3013 1014 3252 1084 projecta
3275 1026 3378 1072 est.

2017 1101 2084 1154 D.
2114 1100 2392 1167 Quomodo
2421 1118 2549 1172 ergo
2593 1119 2817 1172 corpora
2861 1105 3074 1158 illorum
3106 1107 3305 1160 mutari
3329 1109 3527 1164 debue-

1945 1200 2092 1256 runt,
2129 1192 2173 1245 si
2196 1191 2273 1245 illi
2305 1193 2637 1248 immortales
2665 1195 3084 1261 permanerent?

2015 1278 2094 1330 Μ.
2124 1280 2182 1334 Id
2209 1280 2637 1350 intelligendum,
2663 1282 2788 1350 quia
2811 1283 2857 1336 si
2889 1299 2997 1338 non
3019 1294 3358 1352 peccassent,
3389 1289 3527 1344 mori

1893 1402 1895 1404 -
1944 1371 2164 1425 omnino
2214 1386 2321 1426 non
2386 1380 2630 1440 possent,
2665 1374 2761 1427 sed
2823 1389 3050 1443 corpora
3115 1375 3332 1432 illorum
3411 1381 3527 1435 sine

1944 1460 2292 1526 mortalitate,
2334 1469 2622 1530 postquam
2653 1476 2911 1517 numerus
2971 1463 3060 1516 ille
3102 1464 3354 1532 impletus
3400 1467 3527 1522 fuis-

1944 1558 2048 1613 set,
2068 1548 2234 1618 .juxta
2263 1566 2550 1605 numerum
2585 1551 2904 1621 angelorum
2954 1553 3009 1607 in
3047 1554 3241 1611 melius
3284 1571 3527 1611 commu-

1943 1640 2046 1694 tari
2073 1641 2393 1696 debuerunt.

2559 1745 2902 1788 AUGUSTXNUS.

342 1836 410 1890 D_
455 1835 593 1902 Quid
615 1837 716 1892 sibi
739 1837 850 1891 νυιι
878 1837 1097 1908 intelligi
1133 1838 1276 1906 quod
1297 1835 1492 1906 legiun-
1517 1835 1570 1890 ίη
1594 1834 1789 1890 Genesi
1823 1853 1834 1888 ε
1870 1791 1920 1854 Β
2018 1821 2085 1876 Ι).
2119 1821 2334 1878 Primus
2362 1823 2523 1878 homo
2557 1823 2801 1880 mortalis
2831 1823 3006 1880 factus
3034 1833 3118 1881 est
3159 1840 3228 1880 an
3249 1825 3524 1883 immorta-

275 1925 558 1982 Faciamtu
602 1928 858 1981 Itom'nem
903 1927 971 1981 ad
1018 1928 1294 1998 imaginem
1349 1935 1397 1980 et
1446 1925 1824 1979 similitudinen

275 2025 530 2070 nostram.

349 2103 426 2161 Μ.
454 2105 509 2159 ln
549 2114 731 2161 mente
756 2106 998 2171 scilicet,
1031 2106 1083 2161 id
1119 2113 1203 2160 est
1232 2106 1287 2158 in
1312 2105 1519 2159 ratione
1555 2109 1609 2158 et
1645 2101 1840 2156 intelli-

275 2195 473 2264 gentia.
500 2195 615 2265 lpsa
639 2197 820 2266 itaque
845 2213 996 2252 mens
1016 2197 1143 2251 dum
1174 2197 1374 2265 cogitat
1401 2211 1462 2250 ea
1495 2210 1614 2263 quae
1639 2202 1841 2248 aeterna

274 2293 419 2348 sunt,
445 2285 620 2354 imago
649 2288 740 2341 Dei
784 2288 1004 2342 dicenda
1034 2295 1156 2352 est;
1187 2286 1470 2356 cogitando
1498 2294 1728 2347 aeterna,
1761 2283 1844 2336 vir

273 2381 384 2437 est,
416 2372 554 2428 sicut
586 2375 717 2429 dicit
743 2376 1016 2444 apostolus
1052 2375 1249 2430 Paulus
1278 2389 1293 2426 :
1340 2372 1429 2426 Vir
1454 2391 1556 2428 non
1579 2374 1724 2428 debet
1759 2389 1843 2428 ve-

273 2463 386 2518 lare
413 2475 566 2536 caput
594 2482 745 2520 suum
767 2466 819 2538 (I
849 2466 970 2521 Cor.
1006 2483 1084 2534 XI,
1107 2467 1182 2539 7),
1210 2481 1331 2522 cum
1363 2466 1432 2521 sit
1458 2465 1634 2536 imago
1658 2465 1842 2535 gloria}

277 2555 372 2610 Dei
399 2573 415 2622 ;
454 2557 506 2612 id
534 2564 618 2612 est
637 2567 1108 2630 quantumcunque
1129 2574 1187 2614 se
1209 2558 1508 2614 ostenderit
1536 2557 1590 2612 in
1621 2557 1674 2612 id
1699 2557 1844 2627 quod

272 2655 538 2702 aeternum
569 2655 653 2702 est
671 2686 689 2711 ,
715 2656 865 2703 tanto
901 2648 1074 2719 magis
1104 2647 1227 2703 inde
1251 2647 1515 2702 formatur
1560 2647 1628 2701 ad
1655 2647 1844 2717 imagi—

278 2750 402 2789 nem
427 2736 521 2790 Dei
545 2753 559 2801 ;
592 2745 644 2790 et
683 2737 802 2791 ideo
839 2752 944 2794 non
971 2747 1056 2792 est
1078 2736 1474 2800 eohibenda,ut
1494 2749 1554 2790 se
1576 2736 1698 2790 inde
1721 2750 1844 2790 con-

277 2827 448 2880 tineat
491 2842 555 2881 ac
587 2835 868 2895 temperet.
897 2827 1121 2893 Quando
1144 2841 1273 2881 vero
1306 2841 1369 2881 ea
1397 2826 1508 2894 agit
1533 2826 1616 2880 vel
1643 2826 1844 2896 cogitat

275 2929 394 2982 quae
441 2922 566 2969 sunt
609 2915 943 2984 temporalia,
990 2916 1183 2971 mulier
1222 2915 1537 2983 appellatur,
1579 2924 1706 2971 tunc
1734 2931 1842 2971 non

275 3013 360 3059 est
381 3005 604 3060 dicenda
634 3008 812 3074 imago
841 3006 958 3070 Dei,
983 3015 1040 3060 et
1063 3014 1348 3075 propterea
1371 3007 1528 3062 debet
1548 3007 1727 3062 velare
1754 3021 1843 3061 ca-

1943 1912 2040 1967 lis?

2014 1997 2091 2051 M.
2127 1997 2368 2053 Mortalis
2407 2000 2700 2054 secundum
2733 1999 2837 2052 alia
2867 2008 2924 2055 et
2967 2000 3288 2055 immortalis
3334 2016 3525 2056 secun-

1941 2085 2069 2139 dum
2115 2087 2238 2140 alia.
2274 2087 2402 2140 Tale
2447 2102 2574 2156 ergo
2611 2102 2807 2155 corpus
2831 2088 3064 2143 habebat
3093 2091 3302 2159 primus
3340 2091 3524 2153 homo,

1942 2173 2098 2243 quale
2119 2183 2174 2228 et
2195 2191 2315 2240 nos,
2347 2176 2440 2229 sed
2456 2176 2572 2230 sine
2598 2185 2840 2245 peccato.
2868 2177 2986 2233 Non
3012 2179 3156 2232 enim
3185 2180 3418 2234 habebat
3443 2179 3523 2234 le-

1941 2276 2061 2331 gem
2095 2263 2149 2317 in
2179 2265 2437 2318 membris
2479 2265 2590 2319 suis
2621 2275 3006 2336 repugnantem
3033 2267 3138 2338 legi
3169 2270 3366 2323 mentis
3386 2284 3521 2335 suae,

1942 2351 2085 2420 quod
2146 2353 2331 2422 utique
2381 2355 2576 2408 meruit
2628 2364 2750 2424 post
2791 2358 3307 2426 praevaricationem.
3358 2359 3523 2430 igitur

1943 2438 2174 2494 animale
2203 2455 2397 2510 corpus
2424 2441 2610 2495 habuit
2636 2443 2832 2508 Adam,
2867 2446 2961 2499 sed
2989 2451 3178 2504 utnon
3217 2457 3523 2504 senesceret

1944 2543 2045 2582 nec
2071 2529 2324 2586 deﬁceret
2370 2545 2466 2599 per
2505 2531 2648 2586 illius
2674 2532 2802 2601 ligni
2842 2534 3098 2590 virtutem
3124 2552 3230 2606 quo
3255 2546 3522 2592 sustenta-

1943 2618 2122 2683 batur,
2173 2619 2316 2688 quod
2370 2621 2424 2674 in
2482 2621 2736 2690 paradiso
2787 2623 2912 2680 vita:
2964 2641 3159 2680 nomen
3198 2638 3517 2696 acceperat;

1944 2715 2272 2778 quapropter
2307 2710 2352 2764 si
2385 2710 2479 2764 Dei
2517 2721 2846 2780 praeceptum
2879 2725 3168 2782 servasset,
3200 2717 3520 2774 obedientitc

1943 2798 2138 2852 merito
2169 2799 2224 2851 in
2251 2798 2380 2852 illud
2410 2814 2606 2868 corpus
2627 2801 2893 2870 spiritale,
2921 2804 3079 2873 quale
3109 2807 3310 2860 sanctis
3337 2807 3391 2861 in
3436 2823 3518 2862 re-

1945 2892 2276 2948 surrectione
2307 2894 2661 2962 promittitur,
2682 2898 3020 2964 postmodum
3062 2901 3520 2958 cemmutandum.

1942 2983 2020 3037 Ac
2047 2999 2142 3052 per
2167 2984 2269 3038 hoc
2296 2994 2508 3052 poterat
2538 3001 2644 3040 non
2671 2988 2830 3053 mori,
2863 2988 2908 3043 si
2941 2990 3034 3045 Dei
3072 2991 3174 3062 pitu
3203 2992 3521 3048 obedienlim

277 3103 373 3163 put
401 3110 576 3160 suum,
617 3111 686 3150 ne
732 3096 954 3150 nimium
1007 3097 1078 3150 sit
1106 3097 1174 3151 ad
1218 3096 1472 3151 inferiora
1501 3097 1838 3167 progressio,
1869 3125 1914 3189 ρ
1945 3075 2274 3189 ῗξθξδδίῆδῗξ
2306 3075 2437 3189 PO"
2462 3078 2608 3189 inim
2651 3077 2827 3189 Γίξοίυθ
2857 3079 3150 3189 meme”.
3184 3098 3291 3138 "0“
3347 3087 3520 3187 P955“

275 3198 344 3237 ne
364 3198 484 3237 cum
523 3185 666 3238 licita
687 3185 824 3254 agit,
855 3185 1044 3240 illicita
1075 3186 1435 3253 concupiscat.

345 3273 410 3327 D.
453 3275 519 3328 Et
541 3277 728 3329 creavit
757 3275 1009 3331 Dominus
1033 3277 1173 3331 Deus
1197 3277 1456 3330 hominem
1475 3276 1544 3329 ad
1563 3278 1842 3347 imaginem

273 3379 423 3416 suam
445 3403 460 3427 ,
497 3364 566 3418 ad
609 3365 886 3435 imaginem
913 3365 1010 3419 Dei
1038 3367 1228 3420 creavit
1256 3364 1441 3430 illum;
1467 3365 1758 3420 masculum
1791 3375 1841 3420 et

274 3454 520 3523 feminam
549 3457 736 3509 creavit
761 3473 845 3510 eos
868 3455 1020 3527 (Gen.
1047 3473 1085 3520 ι,
1111 3457 1224 3528 27).
1255 3456 1392 3523 Quid
1425 3465 1507 3512 est
1530 3457 1672 3511 enim
1697 3458 1842 3527 quod

273 3539 526 3596 feminam
567 3544 697 3598 dicit
731 3560 918 3602 creare
953 3561 1074 3602 cum
1102 3547 1359 3612 masculo,
1387 3561 1506 3614 qua:
1534 3547 1709 3601 adhuc
1730 3547 1840 3602 for-

272 3641 414 3686 mata
439 3649 544 3687 non
567 3635 723 3688 erat?

344 3720 421 3774 Μ.
467 3721 602 3788 Quia
629 3723 695 3776 de
717 3721 889 3777 Adam
914 3737 1231 3791 processura
1257 3730 1394 3777 erat.
1437 3721 1527 3776 Sic
1552 3723 1753 3778 etenim
1781 3726 1836 3778 in

270 3815 512 3862 semente
551 3809 760 3863 arboris
783 3810 948 3864 multa
971 3809 1345 3874 occultantur;
1379 3809 1555 3877 primo
1590 3809 1753 3880 igitur
1780 3812 1836 3867 in

269 3895 452 3950 radice
473 3895 677 3966 ﬁgitur,
711 3898 901 3953 deinde
929 3899 982 3952 in
1017 3898 1273 3966 qualitate
1308 3898 1536 3963 arboris,
1568 3907 1754 3967 postea
1780 3901 1834 3955 in

266 3986 530 4043 effusione
550 4004 843 4055 ramorum,
867 3998 921 4045 et
941 3990 1131 4045 exinde
1152 3991 1204 4045 in
1235 3990 1558 4046 viriditatem
1581 3990 1830 4047 foliorum

263 4084 320 4129 et
349 4085 565 4131 canora.
596 4077 674 4132 Ita
703 4089 755 4134 et
798 4078 998 4134 femina
1047 4080 1102 4133 in
1153 4093 1378 4147 corpore
1427 4081 1555 4134 Adae
1597 4081 1828 4148 latebat,

263 4168 388 4235 quia
415 4167 483 4222 de
516 4176 664 4223 costa
690 4168 806 4237 ejus
833 4168 1140 4226 fabricanda
1173 4169 1294 4224 fuit.
1322 4170 1594 4240 Sequitur.

335 4259 403 4314 Et
441 4261 696 4316 benedixit
729 4264 803 4317 eis
824 4263 1000 4318 dicens
1025 4279 1043 4317 :
1073 4263 1295 4319 Crescite
1337 4275 1384 4319 et
1410 4265 1829 4336 multiplicamini

260 4360 308 4404 et
363 4351 547 4418 replete
591 4361 804 4414 terram,
843 4362 892 4408 et
917 4354 1156 4423 subjicite
1202 4369 1338 4418 eam,
1382 4365 1428 4408 ct
1483 4355 1827 4410 dominamini

1947 3166 2108 3232 mori,
2137 3167 2276 3221 sicut
2303 3175 2356 3220 et
2380 3175 2590 3223 eceterae
2611 3179 2840 3235 naturae,
2861 3187 2981 3241 qum
3004 3174 3227 3227 omnino
3249 3176 3387 3229 mori
3407 3189 3516 3230 non

1941 3263 2188 3324 possunt,
2236 3258 2329 3312 sed
2375 3258 2458 3312 ita'
2478 3267 2537 3312 ut
2585 3260 2890 3315 obedientia
2919 3261 3302 3330 immortalem,
3332 3265 3518 3321 inobe-

1941 3346 2142 3402 dientia
2169 3348 2449 3402 mortalem
2485 3347 2707 3403 faceret.

2640 3436 2666 3488 Ι
2671 3447 2790 3491 tem.

2015 3523 2078 3576 ο.
2122 3522 2178 3576 Si
2211 3523 2382 3578 Adam
2440 3524 2759 3580 immortalis
2793 3535 2886 3581 aut
2923 3529 3169 3586 mortalis
3199 3529 3341 3598 fuit;
3382 3533 3510 3592 etsi

1937 3612 2182 3667 mortalis
2200 3613 2470 3681 quomodo
2501 3615 2864 3671 immortalis?
2911 3627 2966 3674 et
3001 3620 3047 3675 si
3073 3619 3321 3678 animalis
3369 3641 3504 3695 quo-

1934 3700 2095 3756 modo
2120 3703 2424 3771 spiritalis?
2447 3712 2542 3758 aut
2577 3720 2747 3774 quare
2774 3722 2896 3762 cum
2920 3709 3136 3765 caeteris
3181 3713 3507 3770 animalibus

1936 3790 1991 3844 in
2017 3807 2300 3849 commune
2320 3796 2495 3852 cibum
2522 3798 2790 3867 sumpsit?

2005 3879 2081 3934 Μ.
2142 3883 2379 3940 Mortalis
2422 3894 2538 3940 erat
2583 3895 2637 3941 et
2687 3887 3028 3945 immortalis.
3087 3890 3330 3948 Mortalis
3387 3905 3507 3950 erat

1933 3971 2058 4039 quia
2091 3972 2266 4040 potuit
2291 3974 2426 4029 mori
2453 3990 2468 4041 ;
2502 3975 2824 4032 immortalis
2847 3978 2972 4047 quia
3002 3979 3175 4048 potuit
3201 3997 3308 4038 non
3336 3985 3502 4039 mori:

1930 4059 2056 4128 quia
2095 4060 2139 4114 si
2184 4077 2289 4116 non
2321 4075 2620 4132 peccasset,
2663 4067 2803 4122 mori
2831 4069 3051 4124 omnino
3078 4084 3185 4125 non
3213 4073 3502 4142 potuisset,

1929 4158 2211 4219 postquam
2247 4163 2429 4207 autem
2453 4158 2718 4223 peccavit,
2755 4159 2998 4215 mortalis
3018 4159 3193 4217 factus
3221 4173 3323 4219 est.

2531 4246 2538 4252 ”
2598 4248 2817 4302 Iterum.

1999 4330 2238 4388 Mortalis
2297 4344 2415 4394 erat
2461 4343 2517 4390 et
2565 4337 2902 4396 immortalis.
2947 4341 3188 4398 Mortalis
3240 4351 3357 4400 erat
3405 4361 3504 4405 sua

260 4441 481 4507 piscibus
502 4443 662 4495 maris
691 4451 738 4495 et
768 4443 1058 4497 volatilibus
1088 4443 1218 4506 coeli,
1243 4452 1291 4496 et
1313 4445 1562 4500 universis
1583 4446 1825 4500 animan-

1954 4420 2253 4486 :onditione,
2283 4423 2600 4480 immortalis
2626 4425 2720 4481 Dei
2749 4429 3012 4487 beneflcio
3039 4434 3182 4502 quod
3205 4435 3253 4489 ei
3278 4445 3502 4505 praesta-

260 4529 392 4581 tilms
411 4547 526 4598 quae
556 4540 822 4586 moventur
844 4533 899 4585 in
921 4541 1059 4586 terra
1081 4531 1235 4602 (Gen.
1261 4549 1304 4597 ι,
1329 4532 1440 4603 38).

336 4617 399 4670 υ.
439 4618 616 4684 Quare
637 4621 796 4674 homo
818 4621 976 4674 istam
1001 4621 1424 4677 benedictionem
1455 4621 1696 4690 accipere
1715 4635 1831 4675 mc-

258 4706 369 4762 ruit
385 4707 409 4760 ?

336 4792 411 4846 Μ.
443 4794 520 4848 Ne
543 4796 807 4865 inculpari
835 4796 1104 4852 videretur
1128 4799 1180 4852 in
1217 4799 1563 4866 procreandis
1595 4799 1741 4862 filiis,
1767 4809 1827 4856 ut

259 4878 560 4937 declararet
587 4884 789 4939 nullum
813 4885 1005 4941 exinde
1027 4895 1307 4954 peccatum
1354 4887 1574 4948 habere.
1605 4889 1650 4944 si
1696 4889 1826 4960 legio

257 4973 386 5024 time
407 4974 715 5028 ueheretur.

328 5059 392 5112 D.
425 5061 481 5116 Si
522 5076 652 5132 ergo
677 5063 844 5117 Adam
873 5063 996 5127 talis
1029 5071 1112 5119 est
1139 5072 1353 5121 creatus
1401 5073 1460 5120 ut
1504 5067 1824 5126 immortalis

254 5161 613 5217 permaneret,
652 5167 749 5206 cur
781 5153 860 5206 eis
896 5153 1132 5207 dicitur:
1165 5152 1387 5209 Crescite
1413 5165 1460 5211 et
1497 5155 1822 5227 multiplica-v

251 5238 380 5290 mini
394 5239 419 5290 .9

323 5326 398 5382 Μ.
449 5329 562 5384 Hoc
607 5345 835 5401 namque
872 5330 1270 5402 intelligendum
1317 5333 1441 5403 quia
1469 5351 1575 5389 non
1630 5349 1820 5390 secun-

249 5413 374 5468 dum
400 5419 886 5488 concupiscentiam
913 5422 1112 5490 carnis,
1146 5437 1319 5493 neque
1341 5423 1445 5478 ulla
1469 5423 1608 5479 mala
1637 5427 1819 5480 volun-

1932 4511 2094 4606 batur
2119 4527 2149 4564 a
2171 4511 2315 4582 ligno
2348 4515 2490 4581 vitae,
2520 4531 2550 4569 a
2575 4532 2682 4586 quo
2713 4519 2860 4590 ligno
2890 4536 3014 4576 cum
3040 4534 3337 4595 peccasset,
3368 4542 3498 4598 pro-

1923 4604 2101 4664 Jectus
2127 4608 2211 4655 est
2236 4609 2292 4656 ut
2316 4604 2576 4672 potuisset
2604 4607 2763 4661 mori.

1999 4691 2067 4745 D.
2097 4693 2235 4760 Quid
2264 4711 2392 4766 ergo
2432 4708 2514 4750 est
2540 4699 2680 4767 quod
2703 4714 2819 4764 nos,
2849 4702 2938 4770 qui
2967 4718 3064 4774 per
3091 4706 3365 4763 Christum
3408 4723 3500 4765 re-

1928 4782 2040 4835 nati
2077 4798 2279 4850 sumus,
2318 4785 2486 4854 ipsam
2531 4787 2988 4848 immortalitatem
3037 4813 3146 4853 non
3171 4799 3496 4870 accepimus,

1928 4886 2089 4940 quam
2123 4873 2293 4930 Adam
2323 4877 2511 4931 habuit
2537 4887 2660 4933 ante
2684 4885 3040 4948 pecccatum?

1997 4964 2074 5018 Μ.
2103 4965 2218 5020 Non
2244 4968 2386 5022 enim
2411 4968 2511 5024 hoc
2539 4971 2844 5038 accepimus
2872 4974 3012 5042 quod
3040 4976 3092 5030 in
3121 4976 3292 5032 Adam
3318 4977 3497 5049 perdi.

1924 5055 2120 5122 dimus,
2159 5059 2211 5114 id
2237 5068 2321 5116 est
2357 5076 2551 5130 corpus
2589 5061 2816 5118 animale
2841 5081 2854 5130 ;
2882 5066 2974 5120 sed
3003 5074 3152 5121 tanto
3189 5068 3380 5126 melius
3405 5085 3495 5126 ac-

1921 5145 2181 5214 cepimus,
2241 5159 2442 5216 quanto
2497 5152 2754 5220 spiritalis
2802 5155 3069 5221 corporali
3137 5159 3486 5225 praeponitur.

1923 5235 2075 5292 Unde
2105 5237 2180 5290 ait
2205 5237 2492 5308 Apostolus
2517 5259 2528 5294 :
2557 5241 2862 5296 Seminatur
2886 5260 3072 5314 corpus
3095 5247 3343 5315 animale,
3370 5264 3488 5303 sur-

1918 5325 1990 5393 git
2030 5341 2213 5395 corpus
2239 5327 2469 5395 spiritale
2498 5328 2550 5398 (1
2578 5328 2698 5383 Cor.
2729 5346 2816 5394 xv,
2848 5330 2938 5400 44)
2970 5349 2985 5396 ;
3023 5349 3130 5388 non
3161 5335 3304 5390 enim
3336 5353 3486 5393 rece-

1916 5415 2094 5484 pimus
2121 5416 2576 5474 immortalitatem
2605 5422 2850 5490 corporis
2894 5424 3168 5492 spiritalis,
3207 5427 3302 5483 sed
3329 5445 3483 5486 rece-

250 5512 357 5559 tate
391 5508 690 5563 debuerunt
733 5510 871 5565 ﬁlios
918 5526 1236 5580 procreare,
1274 5527 1374 5568 nec
1417 5513 1559 5568 sicut
1601 5531 1707 5570 non
1756 5517 1812 5574 in

1954 5508 2091 5563 imus
2117 5507 2385 5576 justitiam
2411 5549 2425 5574 ,
2472 5511 2538 5566 de
2573 5528 2676 5582 qua
2723 5528 2819 5582 per
2859 5525 3141 5582 peccatum
3186 5517 3370 5588 lapsus
3397 5531 3483 5577 est

245 5591 430 5649 dolore
486 5599 701 5666 parium
757 5598 916 5661 ﬁlios,
968 5600 1062 5654 sed
1107 5603 1247 5656 sicut
1297 5603 1524 5672 quisque
1583 5604 1813 5675 impera;
1911 5598 2105 5662 Adam,
2148 5600 2215 5654 de
2257 5615 2363 5668 qua
2411 5601 2572 5655 etiam
2622 5602 2752 5656 dicit
2774 5602 3104 5674 Apostolus:
3137 5606 3482 5665 Renovamini

246 5685 480 5739 membra
519 5703 614 5742 sua
652 5688 851 5757 aliquid
892 5703 1170 5760 exercere.
1192 5692 1276 5747 vel
1319 5707 1539 5748 manum
1581 5693 1637 5748 in
1685 5708 1812 5764 0pc-
1910 5687 2070 5761 igitur
2111 5688 2296 5762 spiritu
2335 5693 2519 5747 mentis
2548 5701 2756 5760 vestrm,
2797 5701 2846 5748 et
2898 5695 3098 5752 induite
3151 5715 3335 5756 novum
3387 5699 3455 5753 Ιιο

3391 5795 3420 5814 ο
