3962 6166
579 340 731 400 ’1135

587 458 777 510 minem
801 494 814 516 ,
852 452 941 522 qui
989 450 1270 506 secundum
1315 450 1478 504 Deum
1526 461 1728 503 creatus
1762 460 1834 503 est
1866 452 1917 503 in
1951 450 2161 519 justitia
2190 454 2243 512 Α

585 553 634 596 et
668 542 939 595 sanctitate
992 539 1219 594 veritatis
1265 538 1481 610 (Ephes.
1531 553 1603 601 ιν,
1640 538 1733 602 25,
1771 538 1884 607 24).
1928 539 2168 592 Renova-

584 631 766 687 bimur
794 630 959 700 igitur
987 643 1018 681 a
1056 636 1323 683 vetustate
1363 629 1592 698 peccati,
1624 645 1728 683 non
1780 630 1833 682 in
1877 628 2162 699 pristinum

564 734 781 789 corpus
820 719 1067 783 animale,
1119 720 1174 773 in
1212 735 1326 788 quo
1358 719 1459 775 Fuit
1490 720 1682 784 Adam,
1711 722 1805 776 sed
1854 722 1907 776 in
1952 720 2161 786 melius,

588 811 643 864 id
694 817 778 865 est
827 809 881 863 in
933 824 1131 879 corpus
1174 808 1437 877 spiritale,
1488 825 1612 864 eum
1648 811 1916 865 eﬂicimur
1960 807 2161 881 [Forte,

574 899 901 976 cruciemur]
922 899 1168 969 aequales
1201 900 1405 969 angelis
1436 900 1531 955 Dei
1576 902 1781 957 caelesti
1810 899 2159 956 habitatione.

579 1004 607 1033 ι
624 990 1024 1047 Renovabimur
1038 991 1201 1043 etiam
1217 990 1408 1059 spiritu
1434 990 1629 1044 mentis
1651 999 1851 1044 nostra:
1864 989 2163 1043 secundum

578 1078 867 1150 imaginem
894 1076 1009 1147 ejus
1042 1079 1133 1148 qui
1158 1080 1362 1134 creavit
1395 1095 1510 1143 nos,
1541 1095 1702 1147 quam
1745 1079 2017 1147 peccando
2041 1092 2162 1146 per-

578 1170 713 1225 didit
758 1169 949 1225 Adam.
1008 1169 1410 1223 Renovabimur
1456 1168 1622 1223 etiam
1672 1182 1836 1222 carne
1881 1184 2003 1223 cum
2055 1170 2161 1224 hoc

574 1259 925 1330 corruptibile
984 1259 1215 1314 induerit
1278 1258 1755 1328 incorruptionem,
1818 1267 1874 1312 et
1928 1260 2160 1313 mortale

570 1352 679 1406 hoc
704 1351 940 1405 induerit
968 1348 1447 1413 immortalitatem,
1478 1357 1538 1402 ut
1571 1348 1642 1402 sit
1666 1349 1906 1417 spiritale
1926 1337 2151 1418 corpus,

573 1442 628 1496 in
657 1441 801 1511 quod
840 1440 1076 1496 nondum
1120 1446 1355 1493 mutatus
1383 1446 1466 1492 est
1494 1438 1684 1502 Adam,
1729 1440 1823 1493 sed
1870 1439 2159 1493 mutandus

572 1538 711 1595 erat,
753 1530 880 1599 quia
931 1530 985 1583 in
1028 1542 1256 1599 corpore
1311 1536 1588 1598 portamus
1621 1528 1908 1599 imagian
1957 1531 2157 1585 terreni

574 1620 827 1685 hominis,
861 1621 916 1674 in
944 1627 1123 1674 mente
1156 1630 1337 1674 autem
1368 1619 1655 1688 imaginem
1697 1618 1952 1673 caelestis.
2007 1619 2157 1674 Unde

573 1718 772 1774 iterum
808 1716 885 1770 ait
930 1713 1260 1783 Apostolus:
1316 1711 1377 1767 Si
1422 1721 1496 1766 est
1541 1729 1728 1781 corpus
1777 1712 2025 1774 animale,
2079 1722 2155 1765 est

2074 339 2362 396 WICBODl

3646 300 3849 407 nisi

2620 451 2864 509 INCIPIT
2904 452 2991 508 DE
3029 452 3135 509 DIE
3177 454 3469 513 SEPTIMA.

2836 558 3168 598 lllEBONYIlUS
3210 544 3258 596 δ.

2340 629 2407 683 Et
2435 629 2702 700 complevit
2729 631 2869 685 Deus
2894 631 2982 685 die
3007 641 3150 685 sexta
3173 649 3326 702 opera
3348 651 3439 688 sua
3466 653 3568 707 qua
3587 639 3696 708 fecit.

2337 716 2444 772 Pro
2484 718 2570 773 die
2614 728 2766 774 sexta
2795 720 2848 774 in
2893 720 3122 776 Hebraeo
3165 722 3304 776 diem
3340 726 3590 795 septimam
3613 729 3746 790 halm.

2265 806 2580 862 Artavimus
2618 809 2781 878 igitur
2817 809 3056 876 Judaros,
3097 811 3188 880 qui
3222 812 3288 867 de
3318 815 3423 869 otio
3463 818 3638 875 sabbati
3669 823 3747 893 glo-

2267 896 2518 961 riantur,
2592 898 2737 966 quod
2786 897 2900 967 jam
2951 908 3082 955 tunc
3140 900 3195 955 in
3236 901 3488 972 principio
3535 908 3747 968 sabbatum
3838 908 3849 921 ⁸

2264 985 2582 1043 dissolutum
2611 988 2699 1051 sit,
2733 990 2859 1044 dum
2889 990 3033 1047 Deus
3058 1002 3315 1062 operatur
3342 996 3392 1049 in
3418 999 3626 1065 sabbato,
3645 1017 3751 1058 com-

2261 1076 2413 1144 plens
2457 1093 2620 1147 opera
2655 1094 2753 1133 sua
2786 1080 2839 1134 in
2870 1096 2935 1135 eo
2966 1090 3021 1136 et
3046 1083 3367 1138 benedicens
3398 1084 3487 1153 ipsi
3516 1068 3620 1152 diei,
3659 1089 3749 1157 quia

2262 1165 2317 1218 in
2349 1165 2439 1219 illo
2476 1171 2723 1222 universa
2750 1169 3119 1239 compleverit.

2334 1255 2403 1310 D.
2424 1257 2721 1323 Benedic“,
2745 1260 2942 1329 inquit,
2973 1262 3077 1314 diei
3100 1263 3317 1331 septimo
3344 1272 3391 1317 et
3410 1265 3750 1332 sanctiﬁcante-

2261 1345 2369 1400 lum
2417 1346 2574 1419 (Cen.
2611 1366 2669 1413 ιι,
2697 1351 2775 1420 5).
2815 1351 2925 1407 Cur
2958 1353 3232 1408 benedixit
3270 1354 3408 1410 diem
3439 1357 3689 1424 septimum,
3711 1359 3750 1413 in

2260 1455 2367 1508 quo
2394 1440 2525 1494 nihil
2547 1443 2750 1496 creavit
2768 1443 2793 1495 ?

2330 1528 2409 1582 Μ.
2448 1528 2526 1583 Ne
2573 1529 2711 1585 forte
2751 1531 2994 1602 indigens
3037 1547 3302 1603 apparere
3350 1533 3604 1600 videretur,
3650 1536 3751 1592 siml

2260 1618 2421 1673 homo
2441 1627 2565 1687 post
2593 1619 2831 1674 laborem
2852 1622 3028 1677 fessus
3055 1623 3191 1679 dicit
3214 1637 3231 1677 :
3263 1624 3371 1678 Deo
3393 1624 3581 1695 gratias,
3600 1625 3749 1695 perfeci

2259 1723 2392 1778 opus
2418 1723 2617 1764 meum.
2648 1709 2767 1765 Non
2799 1712 2943 1766 enim
2970 1713 3114 1768 Deus
3146 1714 3223 1768 ita
3261 1713 3404 1780 fecit,
3441 1716 3524 1770 sed
3546 1715 3750 1770 benedixit

572 1818 623 1861 et
672 1804 924 1878 spiritale,
966 1804 1105 1858 sicut
1141 1801 1402 1871 scriptum
1432 1809 1552 1856 est:
1585 1799 1783 1854 Factus
1834 1810 1909 1854 est
1956 1801 2156 1871 primus
2190 1801 2233 1860 Β
2265 1796 2370 1851 diei
2409 1797 2462 1851 in
2492 1813 2601 1867 quo
2630 1799 2765 1854 nihil
2808 1802 3032 1867 creavit,
3074 1811 3139 1857 ut
3169 1803 3544 1859 demonstraret
3582 1805 3689 1874 quod
3711 1805 3747 1859 ei

572 1898 726 1950 homo
780 1897 948 1949 Adam
996 1896 1051 1949 in
1089 1896 1321 1948 animum
1356 1895 1619 1957 viventem,
1654 1894 1962 1947 novissimus
1985 1892 2153 1947 Adam

572 1988 627 2039 in
657 1986 895 2056 spiritum
928 1985 1306 2053 viviﬁcantem;
1354 1984 1443 2038 sed
1483 2000 1588 2037 non
1612 1985 1836 2054 primum
1866 1984 2005 2055 quod
2048 1985 2155 2055 spi-

565 2073 725 2127 ritale
773 2082 866 2138 est,
899 2074 988 2128 sed
1032 2072 1169 2144 quod
1203 2070 1451 2138 animale,
1507 2072 1694 2125 deinde
1747 2072 1886 2142 quod
1939 2072 2154 2142 spirita-

570 2163 637 2216 le.
687 2161 899 2216 Primus
943 2162 1097 2216 homo
1125 2161 1188 2215 de
1225 2169 1365 2214 terra
1400 2169 1654 2225 terrenus,
1705 2160 1964 2214 secundus
1991 2160 2146 2214 homo

560 2256 635 2310 ’de
681 2254 806 2309 caelo
840 2254 1075 2309 caelestis.
1127 2252 1312 2320 Qualis
1347 2263 1581 2307 terrenus
1625 2252 1753 2308 tales
1797 2263 1844 2307 et
1873 2254 2063 2308 terreni
2094 2252 2150 2325 (1

568 2345 693 2399 Cor.
745 2361 834 2410 xv,
864 2344 1073 2416 44-47).
1131 2343 1420 2399 lnduamus
1460 2351 1515 2398 et
1556 2343 1845 2415 imaginem
1899 2342 2016 2411 ejus
2059 2344 2150 2414 qui

566 2439 635 2493 de
669 2437 806 2493 caelo
851 2443 953 2491 est.
984 2435 1277 2507 Imaginem
1320 2443 1500 2489 autem
1543 2436 1743 2489 terreni
1797 2435 2030 2490 hominis
2082 2435 2150 2491 ab

566 2529 789 2584 exordio
833 2528 1054 2583 humani
1097 2527 1311 2597 generis
1352 2526 1641 2591 induimus,
1696 2526 1986 2596 imaginem
2023 2540 2151 2580 vero

566 2622 806 2678 caelestis
825 2621 1060 2676 hominis
1086 2634 1228 2674 nunc
1267 2634 1335 2674 ex
1376 2618 1479 2673 ﬁde
1521 2626 1818 2687 portamus,
1852 2632 2014 2687 quam
2056 2616 2151 2669 ha-

566 2711 697 2768 bere
735 2712 789 2765 in
821 2710 1218 2766 resurrectione
1245 2709 1534 2764 credimus.

640 2822 711 2876 D.
762 2821 941 2887 Quare
974 2836 1082 2876 non
1120 2819 1395 2876 benedixit
1418 2821 1639 2875 arbores
1689 2827 1744 2887 et
1789 2819 2005 2884 herbas,
2058 2820 2152 2875 sed

568 2913 843 2970 hominem
867 2920 922 2966 et
949 2911 1244 2966 animalia?

638 3023 716 3078 Η.
754 3022 878 3078 Ideo
901 3034 1133 3091 namque
1161 3021 1263 3076 ista
1286 3020 1563 3076 benedixit
1592 3028 1814 3091 propter
1845 3036 2150 3092 propagan-

564 3114 690 3169 dam
714 3111 940 3183 prolem,
983 3118 1076 3164 aut
1101 3116 1323 3179 propter
1359 3122 1545 3162 sexum
1578 3107 1862 3162 masculini
1891 3116 1948 3164 et
1984 3106 2144 3163 lemi-
2171 3128 2221 3193 ρ

568 3200 716 3265 nini,
767 3206 859 3253 aut
903 3198 1030 3267 quia
1076 3197 1299 3252 arbores
1345 3209 1562 3250 sensum
1610 3210 1716 3250 non
1771 3196 1973 3249 habent
2026 3210 2149 3250 sen-

568 3291 731 3346 tiendi
756 3289 839 3343 vel
865 3286 1212 3358 intelligendi.
1262 3283 1528 3339 Animalia
1569 3284 1806 3339 sentiunt
1840 3292 2021 3337 etnon
2066 3283 2147 3337 in-

566 3380 829 3450 telligunt,
868 3379 1031 3433 homo
1064 3375 1282 3448 quidem
1310 3374 1474 3430 sentit
1509 3382 1564 3429 et
1600 3373 1874 3449 intelligit,
1909 3373 2030 3428 ideo
2060 3388 2149 3427 ar-

566 3471 789 3527 boribus
816 3484 923 3524 non
945 3466 1081 3523 dixit
1104 3485 1117 3521 :
1141 3466 1367 3522 Crescite
1394 3475 1441 3519 et
1468 3463 1911 3536 multiplicamini.

643 3580 882 3651 Dixitque
897 3558 1061 3645 Deus,
1084 3576 1220 3631 Ecce
1246 3576 1367 3631 dedi
1386 3576 1529 3631 vobis
1549 3591 1751 3631 omnem
1773 3574 1984 3629 herbam
2019 3573 2149 3643 affe-

567 3682 761 3726 rentem
806 3685 980 3725 semen
1013 3684 1169 3739 super
1195 3676 1410 3732 terram,
1434 3676 1566 3732 etc.,
1588 3680 1795 3735 usque:
1840 3663 1908 3718 Et
1950 3664 2147 3733 factum

570 3771 640 3815 est
668 3763 763 3814 ita.
804 3756 1044 3830 Viditque
1069 3758 1208 3815 Deus
1231 3767 1417 3812 cuncta
1437 3774 1554 3828 qua:
1588 3757 1708 3826 fecit
1742 3766 1789 3811 et
1819 3765 1967 3811 erant
2001 3754 2147 3810 valde

571 3852 704 3902 bona
735 3846 887 3916 (Cen.
916 3863 954 3911 I,
985 3846 1099 3915 29).

636 3937 706 3993 Β.
746 3935 879 3990 Cum
904 3936 1044 3989 Deus
1069 3935 1249 3989 omnia
1287 3936 1425 3990 bona
1466 3936 1753 4002 creaverit,
1797 3935 2038 4004 nihilque
2075 3936 2147 3990 sit

571 4028 712 4097 quod
744 4041 851 4080 non
889 4026 957 4080 ab
993 4023 1084 4080 illo
1105 4026 1177 4079 sit
1197 4024 1493 4090 mnditum,
1524 4026 1667 4081 unde
1692 4026 1935 4081 malum?

1172 4210 1514 4253 AUGUSTINUS.
1532 4206 1539 4213 ’

639 4332 1147 4388 M.Malum'natura
1182 4348 1292 4388 non
1322 4341 1425 4399 est,
1472 4334 1566 4389 sed
1607 4333 1839 4403 privatio
1864 4332 1993 4389 boni
2043 4331 2146 4386 hoc

569 4437 762 4477 nomen
818 4420 1061 4490 accepit:
1104 4419 1332 4489 denique
1382 4420 1582 4474 bonum
1636 4428 1812 4488 potest
1861 4434 1981 4474 esse
2028 4418 2146 4473 sine

569 4508 710 4565 malo
727 4549 742 4573 ,
781 4508 983 4562 malum
1010 4523 1116 4561 non
1137 4515 1316 4576 potest
1342 4522 1461 4562 esse
1489 4508 1607 4563 sine
1626 4508 1767 4563 bono
1786 4547 1801 4573 ,
1844 4522 1944 4562 nec
1965 4512 2145 4577 potest

571 4617 693 4657 esse
720 4601 836 4656 sine
860 4599 1002 4654 malo
1026 4600 1117 4654 ubi
1145 4614 1253 4654 non
1277 4598 1439 4655 fuerit
1459 4600 1682 4665 bonum,
1707 4614 1771 4654 ac
1793 4613 1892 4668 per
1922 4599 2025 4653 hoc
2057 4598 2144 4654 di-

569 4692 744 4748 cimus
765 4700 820 4746 et
850 4690 1099 4762 angelum
1141 4691 1342 4745 bonum
1389 4698 1444 4744 et
1485 4690 1733 4761 angelum
1772 4687 1992 4743 malum.
2036 4686 2145 4743 Sed

570 4786 768 4839 bonum
808 4781 951 4853 quod
991 4780 1231 4852 angelus,
1260 4780 1460 4834 malum
1488 4779 1632 4849 quod
1653 4780 1884 4833 vitium:
1940 4778 2144 4833 bonum

572 4876 713 4945 quod
745 4876 927 4939 homo,
970 4873 1169 4928 malum
1201 4872 1342 4944 quod
1375 4873 1625 4927 vitiosus.
1662 4871 1896 4942 ideoque
1927 4872 2142 4941 quando

571 4967 799 5020 dicimus
826 4966 1045 5030 bonum,
1074 4972 1321 5018 naturam
1343 4962 1652 5027 laudamus;
1684 4961 1898 5029 quando
1920 4960 2148 5016 dicimus

572 5057 793 5117 malum,
814 5068 919 5108 non
934 5063 1202 5117 naturam,
1225 5050 1317 5106 sed
1338 5049 1527 5105 vitium
1553 5048 1696 5120 quod
1714 5056 1799 5105 est
1813 5050 1967 5104 bona:
1989 5056 2145 5104 natu-

573 5159 647 5203 rze
677 5144 1147 5213 deprehendimus.

642 5233 968 5305 Factumque
1022 5243 1098 5288 est
1174 5247 1376 5303 vespere
1432 5240 1481 5286 et

573 5321 728 5393 (Gen.
751 5339 812 5387 ιι,
848 5323 921 5394 ι).
963 5320 1218 5391 Sequitur
1249 5338 1262 5375 ε

643 5410 817 5482 Igitur
843 5410 1054 5482 perfecti
1080 5419 1201 5465 sunt
1232 5408 1344 5465 caeli
1377 5418 1426 5466 tt
1454 5418 1593 5466 terra
1622 5420 1669 5465 et
1690 5408 1873 5465 'omnis
1921 5418 2142 5465 ornatus

574 5510 775 5552 σογιιηι.

1563 5246 1717 5286 mane
1790 5230 1899 5285 dies
1970 5239 2147 5285 sextus

646 5638 671 5695 t-
707 5625 838 5695 Aug.
870 5626 962 5695 lib.
994 5644 1047 5681 vi
1076 5628 1140 5681 de
1178 5627 1314 5683 Gen.
1344 5627 1410 5683 ad
1439 5628 1564 5695 litt.,
1595 5643 1645 5685 c.
1675 5628 1763 5684 24.

646 5694 675 5735 b
701 5694 899 5762 Quaest.
930 5694 1090 5751 Hebr.

2257 1889 2434 1944 nullus
2480 1889 2581 1946 fuit
2619 1892 2773 1948 labor
2801 1905 2994 1951 cuneta
3035 1912 3248 1964 creare,
3276 1901 3399 1970 quia
3444 1909 3621 1956 tantum
3653 1900 3747 1956 dixit

2256 1976 2398 2033 Deus
2440 1979 2536 2047 ﬁat
2573 1988 2629 2034 et
2664 1979 2803 2036 facta
2833 1993 2977 2051 sunt,
3005 1994 3061 2040 et
3110 1987 3235 2043 ideo
3268 1988 3381 2059 ipse
3408 1990 3458 2044 in
3476 1989 3552 2044 die
3577 1991 3746 2060 septimo

2255 2068 2537 2137 requievit,
2567 2079 2628 2126 ut
2660 2087 2761 2128 nos
2792 2073 2847 2127 in
2893 2073 3040 2144 ipsos
3062 2076 3276 2133 faceret
3302 2080 3623 2149 requiescere.

2875 2179 3231 2223 AUGUSTINUS.

2323 2250 2392 2304 D.
2418 2251 2556 2307 Cum
2608 2255 2823 2323 requies
2847 2270 2955 2310 non
2992 2257 3067 2311 sit
3109 2260 3215 2314 nisi
3246 2269 3365 2331 post
3406 2259 3628 2324 laborem,
3677 2271 3743 2313 cur

2251 2342 2395 2398 Deus
2421 2343 2765 2416 requiescere
2784 2345 3013 2415 dicitur;
3045 2364 3121 2404 an
3157 2361 3215 2406 et
3250 2352 3367 2423 ipse
3391 2366 3537 2423 opere
3560 2350 3744 2422 fatigatus

2251 2439 2354 2497 est,
2385 2440 2447 2487 ut
2468 2434 2811 2502 requiescere
2836 2436 3115 2493 diceretur
3129 2440 3156 2493 ἵ

2322 2520 2399 2574 Μ.
2424 2521 2542 2577 Non
2565 2522 2619 2577 in
2647 2524 2827 2594 aliqua
2853 2534 3107 2583 creatura
3139 2537 3391 2601 tanquam
3424 2531 3528 2600 ejus
3548 2532 3660 2586 bono
3684 2529 3742 2583 ino

2251 2612 2439 2683 digens
2466 2615 2729 2684 requievit
2756 2616 2917 2683 Deus,
2946 2619 3041 2673 sed
3079 2620 3140 2676 in
3169 2624 3362 2693 seipse.
3384 2623 3592 2691 Denique
3612 2618 3743 2674 nonin

2253 2702 2433 2772 aliquo
2459 2704 2689 2771 dierum,
2730 2708 2825 2762 sed
2848 2716 2972 2777 post
2996 2713 3147 2767 sexti
3172 2713 3278 2769 diei
3303 2729 3457 2784 opera
3484 2713 3740 2783 requiescam

2250 2789 2448 2861 legitur
2481 2806 2496 2845 :
2529 2794 2670 2849 unde
2711 2794 2913 2864 liquido
2959 2810 3213 2869 apparet,
3271 2804 3461 2859 nullam
3515 2808 3740 2857 creaturam

2251 2881 2421 2938 Deum
2461 2897 2559 2952 per
2594 2884 2967 2956 indigentiam,
3010 2892 3115 2946 sed
3153 2893 3268 2948 sola
3292 2894 3423 2948 bona
3453 2887 3740 2947 voluntatefe-

2250 2970 2407 3026 cisse.
2448 2972 2603 3039 Quod
2637 2974 2683 3028 si
2719 2974 2772 3029 in
2815 2975 2995 3046 aliqua
3028 2990 3290 3037 creatura
3322 2984 3646 3053 requiesceret,
3672 2978 3741 3033 ιη’

2250 3074 2413 3129 quam
2436 3070 2742 3118 creaturam
2772 3065 3020 3137 indigens
3044 3069 3280 3129 faceret.
3311 3073 3445 3145 Ergo
3470 3073 3575 3143 quia
3594 3069 3738 3127 nullam

2254 3159 2556 3205 creaturam
2579 3153 2824 3223 indigens
2843 3154 2991 3223 fecit,
3021 3159 3083 3213 in
3107 3162 3255 3216 nulla
3277 3164 3522 3233 requievit
3540 3168 3738 3217 creatura.

2251 3242 2386 3298 Nam
2407 3245 2549 3313 quod
2573 3245 2704 3301 dicit
2733 3245 3011 3316 Scriptura
3041 3254 3377 3322 requievisse
3414 3253 3561 3308 Deum
3603 3250 3644 3304 in
3678 3245 3739 3303 die

2249 3334 2475 3403 septima
2502 3335 2571 3389 ab
2598 3337 2849 3392 omnibus
2879 3339 2991 3394 suis
3019 3344 3284 3411 operibus
3308 3360 3421 3415 quae
3441 3343 3566 3407 fecit,
3590 3340 3738 3396 hocin—

2249 3423 2416 3495 telligi
2457 3439 2615 3494 posse
2640 3427 2897 3494 arbitror,
2935 3433 3085 3499 quod
3112 3451 3222 3490 non
3261 3437 3373 3506 ipso
3399 3436 3524 3490 bono
3542 3433 3734 3503 indigem.

2249 3527 2357 3581 quo
2384 3514 2456 3567 sit
2487 3514 2714 3581 beatior,
2747 3519 3095 3587 requieverit,
3138 3526 3236 3581 sed
3270 3527 3437 3596 ipsum
3467 3526 3587 3580 diem
3624 3517 3736 3589 ειρῶ

2249 3618 2418 3669 mum,
2468 3604 2520 3659 id
2548 3612 2631 3659 est
2660 3607 2959 3677 angelicam
2993 3621 3252 3669 naturam
3297 3616 3557 3671 adduxisse
3592 3611 3644 3666 ad
3676 3621 3735 3663 re—

2249 3695 2429 3764 quiem
2459 3710 2633 3763 suam,
2660 3708 2719 3752 ut
2756 3699 3018 3767 viderent,
3052 3704 3270 3761 scilicet
3300 3707 3354 3761 in
3382 3707 3504 3770 Deo,
3525 3702 3636 3759 sicut
3657 3712 3736 3754 om-

2251 3799 2374 3840 nem
2406 3782 2739 3842 formandam
2785 3799 3121 3858 creaturam,
3170 3795 3246 3849 ita
3282 3803 3336 3850 et
3385 3793 3503 3849 illud
3543 3789 3735 3845 viderem.

2250 3872 2395 3944 quod
2416 3873 2617 3928 nullam
2643 3884 2949 3932 creaturam
2978 3892 3081 3949 per
3110 3882 3451 3953 indigentiam
3471 3868 3738 3939 fecisset.“

2249 3963 2363 4019 sola
2400 3964 2660 4019 bonitate.
2691 3964 2807 4020 Hoc
2830 3966 2973 4022 enim
3013 3971 3259 4026 arbitror
3292 3986 3442 4041 posse
3476 3965 3655 4036 intelligi
3681 3973 3738 4014 re-

2249 4053 2430 4121 quiem
2457 4052 2573 4108 Dei.
2602 4054 2921 4126 lntelligitur
2944 4066 3000 4112 et
3027 4060 3196 4115 aliter
3223 4062 3431 4132 requies
3466 4060 3567 4124 Dei,
3606 4054 3647 4110 id
3665 4058 3736 4130 est.

2248 4157 2370 4196 cum
2392 4158 2492 4198 nos
2507 4154 2633 4212 post
2652 4145 2792 4199 bona
2807 4160 2972 4217 opera
2987 4151 3336 4221 requiescere
3355 4151 3495 4213 facit,
3517 4143 3735 4203 secundum

2248 4231 2397 4286 illum
2435 4234 2651 4289 modum
2697 4250 2861 4304 quem
2890 4237 3034 4293 Deus
3064 4242 3200 4296 dicit
3228 4242 3296 4297 ad
3319 4240 3567 4296 Abraham
3591 4251 3603 4289 :
3628 4230 3737 4287 NW

2246 4326 2458 4393 cognovi
2489 4326 2628 4396 quod
2676 4328 2859 4382 timeas
2896 4328 3067 4384 Deum
3118 4333 3275 4405 (Gen.
3325 4349 3453 4399 xxu,
3484 4329 3577 4399 l2),
3604 4325 3645 4379 id
3681 4326 3738 4374 εει

2248 4431 2572 4487 cognoscere
2616 4428 2669 4475 te
2712 4419 2834 4476 feci.
2870 4422 2947 4477 Ita
2992 4432 3049 4479 et
3090 4426 3183 4481 hic
3227 4424 3523 4495 intelligitur
3566 4414 3739 4487 requies“

2249 4519 2373 4560 cere
2403 4505 2566 4573 Deus,
2596 4523 2720 4563 cum
2754 4511 2955 4567 sanctis
2980 4513 3105 4569 suis
3128 4516 3369 4583 requiem
3394 4517 3603 4583 praestat-

2854 4600 2991 4656 Item
3024 4602 3208 4658 aliter.

2319 4696 2341 4725 ο
2369 4685 2726 4756 Requiescere
2752 4688 2950 4743 dicitur
2963 4690 3107 4746 Deus
3126 4707 3158 4746 a
3180 4693 3465 4749 condendis
3485 4687 3616 4744 naris
3633 4691 3742 4736 cm‘

2249 4775 2406 4839 turis,
2438 4777 2563 4844 quia
2586 4784 2710 4846 post
2734 4778 3025 4833 editionem
3055 4794 3155 4835 sex
3192 4781 3400 4836 dierum
3427 4788 3638 4851 operum.
3659 4764 3739 4823 ⁰¹ί¹⁴

2246 4863 2355 4918 lam
2393 4864 2643 4934 deinceps
2689 4867 2928 4922 condidit
2967 4878 3298 4924 creaturam.
3352 4869 3480 4925 Nam
3523 4862 3639 4936 quod
3660 4856 3736 4912 ait:

2247 4950 2408 5005 Pater
2437 4968 2582 5007 meus
2617 4971 2776 5025 usque
2809 4956 2962 5010 modo
2997 4968 3250 5027 operatur
3271 4967 3319 5012 et
3346 4974 3436 5029 ego
3469 4966 3642 5026 operor.
3665 4955 3737 4998 3°“

2246 5056 2440 5096 novam
2486 5043 2724 5101 condens
2777 5054 3081 5102 creaturam
3127 5048 3455 5120 intelligitur,
3494 5043 3578 5103 sed
3624 5046 3738 5107 qui“

2246 5134 2487 5191 condidit
2511 5135 2955 5193 administrando.

2900 5244 3158 5286 JUNILIUS.

2318 5317 2557 5387 Septimo
2602 5317 2691 5375 die
2746 5319 3072 5389 requievisse
3147 5320 3348 5377 dicitur
3389 5320 3539 5379 Deus,
3579 5321 3664 5365 non
3715 5311 3738 5352 ³

2247 5407 2501 5473 creando,
2529 5422 2652 5463 cum
2689 5409 2927 5477 quotidie
2952 5425 3017 5464 ex
3055 5408 3178 5477 ejus
3215 5407 3543 5480 dispositione
3566 5411 3620 5454 ac
3647 5401 3737 5480 Ιπθξ

2246 5497 2482 5553 videntia
2511 5498 2687 5554 omnis
2706 5474 2959 5555 creatura
2994 5474 3318 5566 renovetur;
3349 5506 3404 5553 ut
3429 5497 3627 5552 constat-
3658 5474 3737 5537 δαί

2321 5641 2342 5669 ο
2376 5629 2496 5685 Lib.
2525 5645 2582 5690 tv
2613 5630 2678 5687 de
2713 5628 2848 5686 Gen.
2876 5632 2942 5688 ad
2968 5630 3092 5696 litt.,
3119 5647 3169 5685 c.
3202 5628 3287 5684 12.
