  <div class='ocr_page' id='page_1' title='image "/cluster/home/n/w/nwhite01/storage/ocr_20150623/96/hvd.32044052819901/574.png"; bbox 0 0 3986 6168; ppageno 0'>
   <div class='ocr_carea' id='block_1_1' title="bbox 303 300 438 360">
    <p class='ocr_par' dir='ltr' id='par_1_1' title="bbox 303 300 438 360">
     <span class='ocr_line' id='line_1_1' title="bbox 303 300 438 360; baseline 0 -4"><span class='ocrx_word' id='word_1_1' title='bbox 303 300 438 360; x_wconf 76' lang='grc'><strong>1157</strong></span> 
     </span>
    </p>
   </div>
   <div class='ocr_carea' id='block_1_2' title="bbox 1217 301 2628 374">
    <p class='ocr_par' dir='ltr' id='par_1_2' title="bbox 1217 301 2628 374">
     <span class='ocr_line' id='line_1_2' title="bbox 1217 301 2628 374; baseline 0.003 -14"><span class='ocrx_word' id='word_1_2' title='bbox 1217 306 1344 361; x_wconf 83' lang='lat' dir='ltr'><strong>LIB.</strong></span> <span class='ocrx_word' id='word_1_3' title='bbox 1385 301 1863 374; x_wconf 65' lang='grc' dir='ltr'><strong>ρυιεετιοΝυΜ</strong></span> <span class='ocrx_word' id='word_1_4' title='bbox 1903 301 2130 360; x_wconf 79' lang='lat' dir='ltr'><strong>SUPER</strong></span> <span class='ocrx_word' id='word_1_5' title='bbox 2168 303 2295 360; x_wconf 84' lang='lat' dir='ltr'><strong>LIB.</strong></span> <span class='ocrx_word' id='word_1_6' title='bbox 2336 304 2628 366; x_wconf 82' lang='lat' dir='ltr'><strong>GENESIS</strong></span> 
     </span>
    </p>
   </div>
   <div class='ocr_carea' id='block_1_3' title="bbox 3408 311 3565 369">
    <p class='ocr_par' dir='ltr' id='par_1_3' title="bbox 3408 311 3565 369">
     <span class='ocr_line' id='line_1_3' title="bbox 3408 311 3565 369; baseline -0.013 0"><span class='ocrx_word' id='word_1_7' title='bbox 3408 311 3565 369; x_wconf 64' lang='lat' dir='ltr'><strong>H387</strong></span> 
     </span>
    </p>
   </div>
   <div class='ocr_carea' id='block_1_4' title="bbox 298 414 3554 497">
    <p class='ocr_par' dir='ltr' id='par_1_4' title="bbox 298 414 3554 497">
     <span class='ocr_line' id='line_1_4' title="bbox 298 414 3554 497; baseline 0.005 -25"><span class='ocrx_word' id='word_1_8' title='bbox 298 416 404 472; x_wconf 84' lang='lat' dir='ltr'><strong>hoc</strong></span> <span class='ocrx_word' id='word_1_9' title='bbox 436 414 797 489; x_wconf 81' lang='lat' dir='ltr'><strong>significatum</strong></span> <span class='ocrx_word' id='word_1_10' title='bbox 817 424 921 484; x_wconf 89' lang='lat' dir='ltr'><strong>est,</strong></span> <span class='ocrx_word' id='word_1_11' title='bbox 953 418 1098 489; x_wconf 84' lang='lat' dir='ltr'><strong>quod</strong></span> <span class='ocrx_word' id='word_1_12' title='bbox 1121 425 1242 488; x_wconf 88' lang='lat' dir='ltr'><strong>post</strong></span> <span class='ocrx_word' id='word_1_13' title='bbox 1265 417 1388 476; x_wconf 87' lang='lat' dir='ltr'><strong>illos</strong></span> <span class='ocrx_word' id='word_1_14' title='bbox 1413 434 1509 476; x_wconf 98' lang='lat' dir='ltr'><strong>sex</strong></span> <span class='ocrx_word' id='word_1_15' title='bbox 1559 419 1695 486; x_wconf 88' lang='lat' dir='ltr'><strong>dies,</strong></span> <span class='ocrx_word' id='word_1_16' title='bbox 1743 417 1865 473; x_wconf 90' lang='lat' dir='ltr'><strong>nul-</strong></span> <span class='ocrx_word' id='word_1_17' title='bbox 1886 420 1942 479; x_wconf 77' lang='grc' dir='ltr'><strong>Δ</strong></span> <span class='ocrx_word' id='word_1_18' title='bbox 1965 420 2184 492; x_wconf 75' lang='lat' dir='ltr'><strong>pientia:</strong></span> <span class='ocrx_word' id='word_1_19' title='bbox 2206 431 2261 478; x_wconf 90' lang='lat' dir='ltr'><strong>et</strong></span> <span class='ocrx_word' id='word_1_20' title='bbox 2284 424 2611 492; x_wconf 88' lang='lat' dir='ltr'><strong>intellectus,</strong></span> <span class='ocrx_word' id='word_1_21' title='bbox 2639 425 2888 497; x_wconf 79' lang='lat' dir='ltr'><strong>spiritum</strong></span> <span class='ocrx_word' id='word_1_22' title='bbox 2926 427 3136 484; x_wconf 87' lang='lat' dir='ltr'><strong>consilii</strong></span> <span class='ocrx_word' id='word_1_23' title='bbox 3181 437 3236 485; x_wconf 92' lang='lat' dir='ltr'><strong>et</strong></span> <span class='ocrx_word' id='word_1_24' title='bbox 3277 428 3554 489; x_wconf 59' lang='lat' dir='ltr'><strong>fortitudia</strong></span> 
     </span>
    </p>
   </div>
   <div class='ocr_carea' id='block_1_5' title="bbox 296 503 1867 579">
    <p class='ocr_par' dir='ltr' id='par_1_5' title="bbox 296 503 1867 579">
     <span class='ocr_line' id='line_1_5' title="bbox 296 503 1867 579; baseline 0.004 -21"><span class='ocrx_word' id='word_1_25' title='bbox 296 503 405 559; x_wconf 83' lang='lat' dir='ltr'><strong>lam</strong></span> <span class='ocrx_word' id='word_1_26' title='bbox 439 507 641 561; x_wconf 90' lang='lat' dir='ltr'><strong>mundo</strong></span> <span class='ocrx_word' id='word_1_27' title='bbox 664 506 993 577; x_wconf 74' lang='lat' dir='ltr'><strong>incognitam</strong></span> <span class='ocrx_word' id='word_1_28' title='bbox 1039 508 1446 564; x_wconf 88' lang='lat' dir='ltr'><strong>substantialem</strong></span> <span class='ocrx_word' id='word_1_29' title='bbox 1487 510 1722 579; x_wconf 83' lang='lat' dir='ltr'><strong>speciem</strong></span> <span class='ocrx_word' id='word_1_30' title='bbox 1772 516 1867 564; x_wconf 90' lang='lat' dir='ltr'><strong>aut</strong></span> 
     </span>
    </p>
   </div>
   <div class='ocr_carea' id='block_1_6' title="bbox 294 598 1866 668">
    <p class='ocr_par' dir='ltr' id='par_1_6' title="bbox 294 598 1866 668">
     <span class='ocr_line' id='line_1_6' title="bbox 294 598 1866 668; baseline 0.005 -21"><span class='ocrx_word' id='word_1_31' title='bbox 294 601 544 649; x_wconf 88' lang='lat' dir='ltr'><strong>naturam</strong></span> <span class='ocrx_word' id='word_1_32' title='bbox 573 610 767 651; x_wconf 87' lang='lat' dir='ltr'><strong>novam</strong></span> <span class='ocrx_word' id='word_1_33' title='bbox 792 598 1232 668; x_wconf 76' lang='lat' dir='ltr'><strong>inexpertamque</strong></span> <span class='ocrx_word' id='word_1_34' title='bbox 1249 600 1517 655; x_wconf 75' lang='lat' dir='ltr'><strong>creaverit</strong></span> <span class='ocrx_word' id='word_1_35' title='bbox 1539 616 1554 666; x_wconf 92' lang='lat'><strong>;</strong></span> <span class='ocrx_word' id='word_1_36' title='bbox 1581 598 1698 655; x_wconf 90' lang='lat' dir='ltr'><strong>dies</strong></span> <span class='ocrx_word' id='word_1_37' title='bbox 1720 616 1866 655; x_wconf 89' lang='lat' dir='ltr'><strong>nam-</strong></span> 
     </span>
    </p>
   </div>
   <div class='ocr_carea' id='block_1_7' title="bbox 290 684 1866 760">
    <p class='ocr_par' dir='ltr' id='par_1_7' title="bbox 290 684 1866 760">
     <span class='ocr_line' id='line_1_7' title="bbox 290 684 1866 760; baseline 0.007 -21"><span class='ocrx_word' id='word_1_38' title='bbox 290 697 400 756; x_wconf 86' lang='lat' dir='ltr'><strong>que</strong></span> <span class='ocrx_word' id='word_1_39' title='bbox 442 684 542 741; x_wconf 87' lang='lat' dir='ltr'><strong>iste</strong></span> <span class='ocrx_word' id='word_1_40' title='bbox 569 687 797 755; x_wconf 88' lang='lat' dir='ltr'><strong>primus,</strong></span> <span class='ocrx_word' id='word_1_41' title='bbox 828 688 939 758; x_wconf 89' lang='lat' dir='ltr'><strong>ipse</strong></span> <span class='ocrx_word' id='word_1_42' title='bbox 975 697 1058 743; x_wconf 90' lang='lat' dir='ltr'><strong>est</strong></span> <span class='ocrx_word' id='word_1_43' title='bbox 1085 692 1376 757; x_wconf 88' lang='lat' dir='ltr'><strong>secundus,</strong></span> <span class='ocrx_word' id='word_1_44' title='bbox 1420 692 1536 760; x_wconf 89' lang='lat' dir='ltr'><strong>ipse</strong></span> <span class='ocrx_word' id='word_1_45' title='bbox 1575 700 1660 747; x_wconf 89' lang='lat' dir='ltr'><strong>est</strong></span> <span class='ocrx_word' id='word_1_46' title='bbox 1691 694 1866 750; x_wconf 83' lang='lat' dir='ltr'><strong>novis-</strong></span> 
     </span>
    </p>
   </div>
   <div class='ocr_carea' id='block_1_8' title="bbox 290 775 1405 851">
    <p class='ocr_par' dir='ltr' id='par_1_8' title="bbox 290 775 1405 851">
     <span class='ocr_line' id='line_1_8' title="bbox 290 775 1405 851; baseline 0.004 -20"><span class='ocrx_word' id='word_1_47' title='bbox 290 775 485 841; x_wconf 81' lang='lat' dir='ltr'><strong>simus,</strong></span> <span class='ocrx_word' id='word_1_48' title='bbox 507 775 632 846; x_wconf 84' lang='lat' dir='ltr'><strong>quia</strong></span> <span class='ocrx_word' id='word_1_49' title='bbox 655 778 901 846; x_wconf 89' lang='lat' dir='ltr'><strong>repetitio</strong></span> <span class='ocrx_word' id='word_1_50' title='bbox 925 786 1011 833; x_wconf 84' lang='lat' dir='ltr'><strong>est</strong></span> <span class='ocrx_word' id='word_1_51' title='bbox 1033 779 1139 834; x_wconf 88' lang='lat' dir='ltr'><strong>diei</strong></span> <span class='ocrx_word' id='word_1_52' title='bbox 1170 781 1405 851; x_wconf 77' lang='lat' dir='ltr'><strong>septimi.</strong></span> 
     </span>
    </p>
   </div>
   <div class='ocr_carea' id='block_1_9' title="bbox 366 865 1863 946">
    <p class='ocr_par' dir='ltr' id='par_1_9' title="bbox 366 865 1863 946">
     <span class='ocr_line' id='line_1_9' title="bbox 366 865 1863 946; baseline 0.007 -27"><span class='ocrx_word' id='word_1_53' title='bbox 366 866 431 919; x_wconf 82' lang='grc' dir='ltr'><strong>ο.</strong></span> <span class='ocrx_word' id='word_1_54' title='bbox 462 865 639 933; x_wconf 83' lang='lat' dir='ltr'><strong>Quare</strong></span> <span class='ocrx_word' id='word_1_55' title='bbox 654 883 759 922; x_wconf 90' lang='lat' dir='ltr'><strong>non</strong></span> <span class='ocrx_word' id='word_1_56' title='bbox 793 869 1065 924; x_wconf 73' lang='lat' dir='ltr'><strong>benedixit</strong></span> <span class='ocrx_word' id='word_1_57' title='bbox 1083 868 1225 925; x_wconf 89' lang='lat' dir='ltr'><strong>diem</strong></span> <span class='ocrx_word' id='word_1_58' title='bbox 1249 871 1302 926; x_wconf 92' lang='lat' dir='ltr'><strong>in</strong></span> <span class='ocrx_word' id='word_1_59' title='bbox 1329 887 1438 941; x_wconf 91' lang='lat' dir='ltr'><strong>quo</strong></span> <span class='ocrx_word' id='word_1_60' title='bbox 1457 872 1632 928; x_wconf 92' lang='lat' dir='ltr'><strong>lucem</strong></span> <span class='ocrx_word' id='word_1_61' title='bbox 1663 874 1863 946; x_wconf 90' lang='lat' dir='ltr'><strong>angeli-</strong></span> 
     </span>
    </p>
   </div>
   <div class='ocr_carea' id='block_1_10' title="bbox 286 957 1649 1033">
    <p class='ocr_par' dir='ltr' id='par_1_10' title="bbox 286 957 1649 1033">
     <span class='ocr_line' id='line_1_10' title="bbox 286 957 1649 1033; baseline 0.007 -24"><span class='ocrx_word' id='word_1_62' title='bbox 286 969 410 1010; x_wconf 87' lang='lat' dir='ltr'><strong>cam</strong></span> <span class='ocrx_word' id='word_1_63' title='bbox 436 957 643 1011; x_wconf 87' lang='lat' dir='ltr'><strong>creavit</strong></span> <span class='ocrx_word' id='word_1_64' title='bbox 664 957 749 1013; x_wconf 90' lang='lat' dir='ltr'><strong>vel</strong></span> <span class='ocrx_word' id='word_1_65' title='bbox 773 958 922 1013; x_wconf 90' lang='lat' dir='ltr'><strong>illum</strong></span> <span class='ocrx_word' id='word_1_66' title='bbox 962 959 1016 1013; x_wconf 89' lang='lat' dir='ltr'><strong>in</strong></span> <span class='ocrx_word' id='word_1_67' title='bbox 1043 974 1151 1029; x_wconf 91' lang='lat' dir='ltr'><strong>quo</strong></span> <span class='ocrx_word' id='word_1_68' title='bbox 1179 962 1361 1016; x_wconf 86' lang='lat' dir='ltr'><strong>omnia</strong></span> <span class='ocrx_word' id='word_1_69' title='bbox 1381 962 1649 1033; x_wconf 78' lang='lat' dir='ltr'><strong>perfecit?</strong></span> 
     </span>
    </p>
   </div>
   <div class='ocr_carea' id='block_1_11' title="bbox 358 1043 1858 1127">
    <p class='ocr_par' dir='ltr' id='par_1_11' title="bbox 358 1043 1858 1127">
     <span class='ocr_line' id='line_1_11' title="bbox 358 1043 1858 1127; baseline 0.008 -30"><span class='ocrx_word' id='word_1_70' title='bbox 358 1043 439 1097; x_wconf 72' lang='grc' dir='ltr'><strong>ΙΙ.</strong></span> <span class='ocrx_word' id='word_1_71' title='bbox 470 1044 588 1100; x_wconf 85' lang='grc' dir='ltr'>Νοιι</span> <span class='ocrx_word' id='word_1_72' title='bbox 635 1046 778 1101; x_wconf 91' lang='lat' dir='ltr'><strong>enim</strong></span> <span class='ocrx_word' id='word_1_73' title='bbox 822 1048 1168 1104; x_wconf 80' lang='lat' dir='ltr'><strong>sanctiﬁcans</strong></span> <span class='ocrx_word' id='word_1_74' title='bbox 1219 1049 1423 1123; x_wconf 82' lang='lat' dir='ltr'><strong>[Forte,</strong></span> <span class='ocrx_word' id='word_1_75' title='bbox 1476 1052 1858 1127; x_wconf 82' lang='lat' dir='ltr'><strong>sanctiﬁcavit]</strong></span> 
     </span>
    </p>
   </div>
   <div class='ocr_carea' id='block_1_12' title="bbox 285 1131 1859 1213">
    <p class='ocr_par' dir='ltr' id='par_1_12' title="bbox 285 1131 1859 1213">
     <span class='ocr_line' id='line_1_12' title="bbox 285 1131 1859 1213; baseline 0.008 -25"><span class='ocrx_word' id='word_1_76' title='bbox 285 1131 431 1189; x_wconf 87' lang='lat' dir='ltr'><strong>diem</strong></span> <span class='ocrx_word' id='word_1_77' title='bbox 479 1135 534 1190; x_wconf 83' lang='lat' dir='ltr'><strong>in</strong></span> <span class='ocrx_word' id='word_1_78' title='bbox 559 1152 668 1206; x_wconf 90' lang='lat' dir='ltr'><strong>quo</strong></span> <span class='ocrx_word' id='word_1_79' title='bbox 710 1137 814 1193; x_wconf 91' lang='lat' dir='ltr'><strong>hoc</strong></span> <span class='ocrx_word' id='word_1_80' title='bbox 848 1137 1027 1194; x_wconf 89' lang='lat' dir='ltr'><strong>facere</strong></span> <span class='ocrx_word' id='word_1_81' title='bbox 1067 1140 1359 1207; x_wconf 82' lang='lat' dir='ltr'><strong>inchoavit,</strong></span> <span class='ocrx_word' id='word_1_82' title='bbox 1410 1157 1588 1213; x_wconf 91' lang='lat' dir='ltr'><strong>neque</strong></span> <span class='ocrx_word' id='word_1_83' title='bbox 1632 1160 1756 1199; x_wconf 88' lang='lat' dir='ltr'><strong>eum</strong></span> <span class='ocrx_word' id='word_1_84' title='bbox 1805 1146 1859 1200; x_wconf 92' lang='lat' dir='ltr'><strong>in</strong></span> 
     </span>
    </p>
   </div>
   <div class='ocr_carea' id='block_1_13' title="bbox 284 1224 1857 1301">
    <p class='ocr_par' dir='ltr' id='par_1_13' title="bbox 284 1224 1857 1301">
     <span class='ocr_line' id='line_1_13' title="bbox 284 1224 1857 1301; baseline 0.01 -24"><span class='ocrx_word' id='word_1_85' title='bbox 284 1238 395 1293; x_wconf 91' lang='lat' dir='ltr'><strong>quo</strong></span> <span class='ocrx_word' id='word_1_86' title='bbox 442 1224 547 1280; x_wconf 88' lang='lat' dir='ltr'><strong>hoc</strong></span> <span class='ocrx_word' id='word_1_87' title='bbox 574 1225 820 1295; x_wconf 84' lang='lat' dir='ltr'><strong>perfecit,</strong></span> <span class='ocrx_word' id='word_1_88' title='bbox 859 1243 928 1284; x_wconf 90' lang='lat' dir='ltr'><strong>ne</strong></span> <span class='ocrx_word' id='word_1_89' title='bbox 975 1229 1082 1285; x_wconf 90' lang='lat' dir='ltr'><strong>illis</strong></span> <span class='ocrx_word' id='word_1_90' title='bbox 1140 1231 1225 1285; x_wconf 91' lang='lat' dir='ltr'><strong>vel</strong></span> <span class='ocrx_word' id='word_1_91' title='bbox 1278 1231 1538 1289; x_wconf 82' lang='lat' dir='ltr'><strong>faciendis</strong></span> <span class='ocrx_word' id='word_1_92' title='bbox 1570 1234 1655 1289; x_wconf 90' lang='lat' dir='ltr'><strong>vel</strong></span> <span class='ocrx_word' id='word_1_93' title='bbox 1678 1235 1857 1301; x_wconf 87' lang='lat' dir='ltr'><strong>factis,</strong></span> 
     </span>
    </p>
   </div>
   <div class='ocr_carea' id='block_1_14' title="bbox 283 1311 1859 1386">
    <p class='ocr_par' dir='ltr' id='par_1_14' title="bbox 283 1311 1859 1386">
     <span class='ocr_line' id='line_1_14' title="bbox 283 1311 1859 1386; baseline 0.01 -21"><span class='ocrx_word' id='word_1_94' title='bbox 283 1311 427 1368; x_wconf 86' lang='lat' dir='ltr'><strong>actio</strong></span> <span class='ocrx_word' id='word_1_95' title='bbox 477 1311 593 1381; x_wconf 85' lang='lat' dir='ltr'><strong>ejus</strong></span> <span class='ocrx_word' id='word_1_96' title='bbox 644 1311 896 1386; x_wconf 85' lang='lat' dir='ltr'><strong>gaudium</strong></span> <span class='ocrx_word' id='word_1_97' title='bbox 947 1317 1115 1374; x_wconf 89' lang='lat' dir='ltr'><strong>fuisse</strong></span> <span class='ocrx_word' id='word_1_98' title='bbox 1160 1319 1471 1376; x_wconf 87' lang='lat' dir='ltr'><strong>videretur:</strong></span> <span class='ocrx_word' id='word_1_99' title='bbox 1500 1324 1596 1380; x_wconf 90' lang='lat' dir='ltr'><strong>sed</strong></span> <span class='ocrx_word' id='word_1_100' title='bbox 1625 1340 1751 1380; x_wconf 90' lang='lat' dir='ltr'><strong>eum</strong></span> <span class='ocrx_word' id='word_1_101' title='bbox 1805 1327 1859 1381; x_wconf 93' lang='lat' dir='ltr'><strong>in</strong></span> 
     </span>
    </p>
   </div>
   <div class='ocr_carea' id='block_1_15' title="bbox 282 1404 1858 1480">
    <p class='ocr_par' dir='ltr' id='par_1_15' title="bbox 282 1404 1858 1480">
     <span class='ocr_line' id='line_1_15' title="bbox 282 1404 1858 1480; baseline 0.011 -25"><span class='ocrx_word' id='word_1_102' title='bbox 282 1416 392 1471; x_wconf 91' lang='lat' dir='ltr'><strong>quo</strong></span> <span class='ocrx_word' id='word_1_103' title='bbox 421 1404 490 1459; x_wconf 93' lang='lat' dir='ltr'><strong>ab</strong></span> <span class='ocrx_word' id='word_1_104' title='bbox 533 1405 666 1476; x_wconf 89' lang='lat' dir='ltr'><strong>ipsis</strong></span> <span class='ocrx_word' id='word_1_105' title='bbox 704 1407 759 1461; x_wconf 91' lang='lat' dir='ltr'><strong>in</strong></span> <span class='ocrx_word' id='word_1_106' title='bbox 794 1409 1085 1478; x_wconf 87' lang='lat' dir='ltr'><strong>semetipso</strong></span> <span class='ocrx_word' id='word_1_107' title='bbox 1120 1411 1410 1480; x_wconf 87' lang='lat' dir='ltr'><strong>requievit,</strong></span> <span class='ocrx_word' id='word_1_108' title='bbox 1438 1421 1495 1468; x_wconf 91' lang='lat' dir='ltr'><strong>et</strong></span> <span class='ocrx_word' id='word_1_109' title='bbox 1536 1415 1692 1471; x_wconf 91' lang='lat' dir='ltr'><strong>nobis</strong></span> <span class='ocrx_word' id='word_1_110' title='bbox 1737 1431 1858 1472; x_wconf 88' lang='lat' dir='ltr'><strong>eam</strong></span> 
     </span>
    </p>
   </div>
   <div class='ocr_carea' id='block_1_16' title="bbox 281 1495 1857 1578">
    <p class='ocr_par' dir='ltr' id='par_1_16' title="bbox 281 1495 1857 1578">
     <span class='ocr_line' id='line_1_16' title="bbox 281 1495 1857 1578; baseline 0.011 -31"><span class='ocrx_word' id='word_1_111' title='bbox 281 1510 378 1566; x_wconf 89' lang='lat' dir='ltr'><strong>per</strong></span> <span class='ocrx_word' id='word_1_112' title='bbox 408 1495 551 1551; x_wconf 90' lang='lat' dir='ltr'><strong>diem</strong></span> <span class='ocrx_word' id='word_1_113' title='bbox 590 1497 875 1566; x_wconf 86' lang='lat' dir='ltr'><strong>septimum</strong></span> <span class='ocrx_word' id='word_1_114' title='bbox 901 1502 1154 1557; x_wconf 90' lang='lat' dir='ltr'><strong>ostendit.</strong></span> <span class='ocrx_word' id='word_1_115' title='bbox 1190 1502 1308 1574; x_wconf 88' lang='lat' dir='ltr'><strong>Ipse</strong></span> <span class='ocrx_word' id='word_1_116' title='bbox 1335 1512 1513 1559; x_wconf 88' lang='lat' dir='ltr'><strong>tamen</strong></span> <span class='ocrx_word' id='word_1_117' title='bbox 1545 1506 1632 1561; x_wconf 90' lang='lat' dir='ltr'><strong>illa</strong></span> <span class='ocrx_word' id='word_1_118' title='bbox 1669 1508 1857 1578; x_wconf 84' lang='lat' dir='ltr'><strong>requie</strong></span> 
     </span>
    </p>
   </div>
   <div class='ocr_carea' id='block_1_17' title="bbox 281 1589 1856 1665">
    <p class='ocr_par' dir='ltr' id='par_1_17' title="bbox 281 1589 1856 1665">
     <span class='ocr_line' id='line_1_17' title="bbox 281 1589 1856 1665; baseline 0.009 -26"><span class='ocrx_word' id='word_1_119' title='bbox 281 1602 554 1655; x_wconf 86' lang='lat' dir='ltr'><strong>nunquam</strong></span> <span class='ocrx_word' id='word_1_120' title='bbox 605 1589 794 1653; x_wconf 87' lang='lat' dir='ltr'><strong>caruit,</strong></span> <span class='ocrx_word' id='word_1_121' title='bbox 835 1589 931 1645; x_wconf 87' lang='lat' dir='ltr'><strong>sed</strong></span> <span class='ocrx_word' id='word_1_122' title='bbox 958 1592 1266 1663; x_wconf 78' lang='lat' dir='ltr'><strong>significans</strong></span> <span class='ocrx_word' id='word_1_123' title='bbox 1310 1609 1418 1650; x_wconf 89' lang='lat' dir='ltr'><strong>non</strong></span> <span class='ocrx_word' id='word_1_124' title='bbox 1455 1596 1735 1665; x_wconf 86' lang='lat' dir='ltr'><strong>percipere</strong></span> <span class='ocrx_word' id='word_1_125' title='bbox 1770 1603 1856 1653; x_wconf 78' lang='lat' dir='ltr'><strong>re-</strong></span> 
     </span>
    </p>
   </div>
   <div class='ocr_carea' id='block_1_18' title="bbox 279 1675 1855 1754">
    <p class='ocr_par' dir='ltr' id='par_1_18' title="bbox 279 1675 1855 1754">
     <span class='ocr_line' id='line_1_18' title="bbox 279 1675 1855 1754; baseline 0.011 -27"><span class='ocrx_word' id='word_1_126' title='bbox 279 1675 460 1743; x_wconf 84' lang='lat' dir='ltr'><strong>quiem</strong></span> <span class='ocrx_word' id='word_1_127' title='bbox 485 1691 661 1742; x_wconf 88' lang='lat' dir='ltr'><strong>suam,</strong></span> <span class='ocrx_word' id='word_1_128' title='bbox 691 1678 793 1733; x_wconf 91' lang='lat' dir='ltr'><strong>nisi</strong></span> <span class='ocrx_word' id='word_1_129' title='bbox 820 1688 942 1749; x_wconf 90' lang='lat' dir='ltr'><strong>post</strong></span> <span class='ocrx_word' id='word_1_130' title='bbox 964 1680 1349 1750; x_wconf 88' lang='lat' dir='ltr'><strong>perfectionem</strong></span> <span class='ocrx_word' id='word_1_131' title='bbox 1384 1687 1598 1754; x_wconf 89' lang='lat' dir='ltr'><strong>operis;</strong></span> <span class='ocrx_word' id='word_1_132' title='bbox 1651 1696 1708 1743; x_wconf 92' lang='lat' dir='ltr'><strong>et</strong></span> <span class='ocrx_word' id='word_1_133' title='bbox 1736 1688 1855 1744; x_wconf 88' lang='lat' dir='ltr'><strong>ideo</strong></span> 
     </span>
    </p>
   </div>
   <div class='ocr_carea' id='block_1_19' title="bbox 278 1762 1855 1849">
    <p class='ocr_par' dir='ltr' id='par_1_19' title="bbox 278 1762 1855 1849">
     <span class='ocr_line' id='line_1_19' title="bbox 278 1762 1855 1849; baseline 0.011 -32"><span class='ocrx_word' id='word_1_134' title='bbox 278 1762 335 1818; x_wconf 89' lang='lat' dir='ltr'><strong>in</strong></span> <span class='ocrx_word' id='word_1_135' title='bbox 360 1764 462 1819; x_wconf 89' lang='lat' dir='ltr'><strong>bac</strong></span> <span class='ocrx_word' id='word_1_136' title='bbox 489 1763 577 1820; x_wconf 89' lang='lat' dir='ltr'><strong>die</strong></span> <span class='ocrx_word' id='word_1_137' title='bbox 603 1781 825 1838; x_wconf 85' lang='lat' dir='ltr'><strong>vespera</strong></span> <span class='ocrx_word' id='word_1_138' title='bbox 851 1785 957 1825; x_wconf 90' lang='lat' dir='ltr'><strong>non</strong></span> <span class='ocrx_word' id='word_1_139' title='bbox 976 1774 1301 1829; x_wconf 86' lang='lat' dir='ltr'><strong>successisse</strong></span> <span class='ocrx_word' id='word_1_140' title='bbox 1317 1778 1683 1846; x_wconf 76' lang='lat' dir='ltr'><strong>cognoscitur,</strong></span> <span class='ocrx_word' id='word_1_141' title='bbox 1728 1779 1855 1849; x_wconf 89' lang='lat' dir='ltr'><strong>quia</strong></span> 
     </span>
    </p>
   </div>
   <div class='ocr_carea' id='block_1_20' title="bbox 276 1854 1855 1935">
    <p class='ocr_par' dir='ltr' id='par_1_20' title="bbox 276 1854 1855 1935">
     <span class='ocr_line' id='line_1_20' title="bbox 276 1854 1855 1935; baseline 0.011 -28"><span class='ocrx_word' id='word_1_142' title='bbox 276 1854 495 1922; x_wconf 84' lang='lat' dir='ltr'><strong>requies</strong></span> <span class='ocrx_word' id='word_1_143' title='bbox 531 1865 711 1911; x_wconf 86' lang='lat' dir='ltr'><strong>nostra</strong></span> <span class='ocrx_word' id='word_1_144' title='bbox 738 1872 837 1928; x_wconf 90' lang='lat' dir='ltr'><strong>per</strong></span> <span class='ocrx_word' id='word_1_145' title='bbox 858 1860 1245 1928; x_wconf 86' lang='lat' dir='ltr'><strong>perfectionem</strong></span> <span class='ocrx_word' id='word_1_146' title='bbox 1282 1866 1461 1935; x_wconf 89' lang='lat' dir='ltr'><strong>operis</strong></span> <span class='ocrx_word' id='word_1_147' title='bbox 1501 1868 1617 1923; x_wconf 88' lang='lat' dir='ltr'><strong>sine</strong></span> <span class='ocrx_word' id='word_1_148' title='bbox 1665 1870 1773 1925; x_wconf 83' lang='lat' dir='ltr'><strong>line</strong></span> <span class='ocrx_word' id='word_1_149' title='bbox 1799 1871 1855 1925; x_wconf 89' lang='lat' dir='ltr'><strong>in</strong></span> 
     </span>
    </p>
   </div>
   <div class='ocr_carea' id='block_1_21' title="bbox 275 1945 938 2017">
    <p class='ocr_par' dir='ltr' id='par_1_21' title="bbox 275 1945 938 2017">
     <span class='ocr_line' id='line_1_21' title="bbox 275 1945 938 2017; baseline 0.009 -19"><span class='ocrx_word' id='word_1_150' title='bbox 275 1945 472 2017; x_wconf 83' lang='lat' dir='ltr'><strong>gaudio</strong></span> <span class='ocrx_word' id='word_1_151' title='bbox 496 1947 618 2003; x_wconf 87' lang='lat' dir='ltr'><strong>erit.</strong></span> <span class='ocrx_word' id='word_1_152' title='bbox 644 1947 900 2017; x_wconf 87' lang='lat' dir='ltr'><strong>Sequitur</strong></span> <span class='ocrx_word' id='word_1_153' title='bbox 924 1965 938 2004; x_wconf 89' lang='lat'><strong>:</strong></span> 
     </span>
    </p>
   </div>
   <div class='ocr_carea' id='block_1_22' title="bbox 345 2030 1854 2114">
    <p class='ocr_par' dir='ltr' id='par_1_22' title="bbox 345 2030 1854 2114">
     <span class='ocr_line' id='line_1_22' title="bbox 345 2030 1854 2114; baseline 0.011 -24"><span class='ocrx_word' id='word_1_154' title='bbox 345 2030 474 2091; x_wconf 76' lang='lat' dir='ltr'><strong>Ista:</strong></span> <span class='ocrx_word' id='word_1_155' title='bbox 492 2040 848 2106; x_wconf 82' lang='lat' dir='ltr'><strong>generationes</strong></span> <span class='ocrx_word' id='word_1_156' title='bbox 867 2038 979 2093; x_wconf 67' lang='lat' dir='ltr'><strong>cali</strong></span> <span class='ocrx_word' id='word_1_157' title='bbox 1000 2050 1047 2094; x_wconf 90' lang='lat' dir='ltr'><strong>et</strong></span> <span class='ocrx_word' id='word_1_158' title='bbox 1068 2051 1221 2097; x_wconf 68' lang='lat' dir='ltr'><strong>terra</strong></span> <span class='ocrx_word' id='word_1_159' title='bbox 1235 2045 1444 2114; x_wconf 82' lang='lat' dir='ltr'><strong>quando</strong></span> <span class='ocrx_word' id='word_1_160' title='bbox 1460 2056 1648 2103; x_wconf 70' lang='lat' dir='ltr'><strong>creata:</strong></span> <span class='ocrx_word' id='word_1_161' title='bbox 1661 2060 1783 2105; x_wconf 87' lang='lat' dir='ltr'><strong>sunt</strong></span> <span class='ocrx_word' id='word_1_162' title='bbox 1798 2054 1854 2106; x_wconf 87' lang='lat' dir='ltr'><strong>in</strong></span> 
     </span>
    </p>
   </div>
   <div class='ocr_carea' id='block_1_23' title="bbox 274 2116 1857 2204">
    <p class='ocr_par' dir='ltr' id='par_1_23' title="bbox 274 2116 1857 2204">
     <span class='ocr_line' id='line_1_23' title="bbox 274 2116 1857 2204; baseline 0.01 -32"><span class='ocrx_word' id='word_1_163' title='bbox 274 2116 362 2174; x_wconf 76' lang='lat' dir='ltr'><strong>die</strong></span> <span class='ocrx_word' id='word_1_164' title='bbox 381 2136 482 2191; x_wconf 79' lang='lat' dir='ltr'><strong>quo</strong></span> <span class='ocrx_word' id='word_1_165' title='bbox 505 2120 623 2189; x_wconf 83' lang='lat' dir='ltr'><strong>fecit</strong></span> <span class='ocrx_word' id='word_1_166' title='bbox 646 2120 900 2177; x_wconf 79' lang='lat' dir='ltr'><strong>Dominus</strong></span> <span class='ocrx_word' id='word_1_167' title='bbox 921 2123 1104 2178; x_wconf 69' lang='lat' dir='ltr'><strong>calum</strong></span> <span class='ocrx_word' id='word_1_168' title='bbox 1125 2134 1173 2180; x_wconf 91' lang='lat' dir='ltr'><strong>et</strong></span> <span class='ocrx_word' id='word_1_169' title='bbox 1196 2135 1412 2195; x_wconf 88' lang='lat' dir='ltr'><strong>terram,</strong></span> <span class='ocrx_word' id='word_1_170' title='bbox 1427 2138 1475 2183; x_wconf 90' lang='lat' dir='ltr'><strong>et</strong></span> <span class='ocrx_word' id='word_1_171' title='bbox 1492 2148 1643 2186; x_wconf 84' lang='lat' dir='ltr'><strong>omne</strong></span> <span class='ocrx_word' id='word_1_172' title='bbox 1663 2132 1857 2204; x_wconf 82' lang='lat' dir='ltr'><strong>virgul-</strong></span> 
     </span>
    </p>
   </div>
   <div class='ocr_carea' id='block_1_24' title="bbox 271 2210 1855 2292">
    <p class='ocr_par' dir='ltr' id='par_1_24' title="bbox 271 2210 1855 2292">
     <span class='ocr_line' id='line_1_24' title="bbox 271 2210 1855 2292; baseline 0.008 -29"><span class='ocrx_word' id='word_1_173' title='bbox 271 2214 387 2264; x_wconf 71' lang='lat' dir='ltr'><strong>tum</strong></span> <span class='ocrx_word' id='word_1_174' title='bbox 416 2210 550 2278; x_wconf 88' lang='lat' dir='ltr'><strong>agri,</strong></span> <span class='ocrx_word' id='word_1_175' title='bbox 577 2220 853 2279; x_wconf 84' lang='lat' dir='ltr'><strong>antequam</strong></span> <span class='ocrx_word' id='word_1_176' title='bbox 877 2214 1103 2267; x_wconf 79' lang='lat' dir='ltr'><strong>oriretur</strong></span> <span class='ocrx_word' id='word_1_177' title='bbox 1131 2214 1187 2269; x_wconf 89' lang='lat' dir='ltr'><strong>in</strong></span> <span class='ocrx_word' id='word_1_178' title='bbox 1210 2226 1371 2283; x_wconf 89' lang='lat' dir='ltr'><strong>terra,</strong></span> <span class='ocrx_word' id='word_1_179' title='bbox 1400 2234 1703 2292; x_wconf 81' lang='lat' dir='ltr'><strong>omnemque</strong></span> <span class='ocrx_word' id='word_1_180' title='bbox 1739 2223 1855 2276; x_wconf 79' lang='lat' dir='ltr'><strong>her-</strong></span> 
     </span>
    </p>
   </div>
   <div class='ocr_carea' id='block_1_25' title="bbox 272 2296 1673 2381">
    <p class='ocr_par' dir='ltr' id='par_1_25' title="bbox 272 2296 1673 2381">
     <span class='ocr_line' id='line_1_25' title="bbox 272 2296 1673 2381; baseline 0.008 -26"><span class='ocrx_word' id='word_1_181' title='bbox 272 2296 392 2356; x_wconf 82' lang='lat' dir='ltr'><strong>bam</strong></span> <span class='ocrx_word' id='word_1_182' title='bbox 414 2301 634 2368; x_wconf 79' lang='lat' dir='ltr'><strong>regionis</strong></span> <span class='ocrx_word' id='word_1_183' title='bbox 652 2303 955 2372; x_wconf 83' lang='lat' dir='ltr'><strong>priusquam</strong></span> <span class='ocrx_word' id='word_1_184' title='bbox 975 2304 1288 2373; x_wconf 89' lang='lat' dir='ltr'><strong>germinaret</strong></span> <span class='ocrx_word' id='word_1_185' title='bbox 1319 2305 1472 2377; x_wconf 86' lang='lat' dir='ltr'><strong>(Gen.</strong></span> <span class='ocrx_word' id='word_1_186' title='bbox 1501 2325 1566 2375; x_wconf 87' lang='grc' dir='ltr'><strong>ιι,</strong></span> <span class='ocrx_word' id='word_1_187' title='bbox 1596 2308 1673 2381; x_wconf 73' lang='grc' dir='ltr'><strong>ι).</strong></span> 
     </span>
    </p>
   </div>
   <div class='ocr_carea' id='block_1_26' title="bbox 344 2388 1855 2460">
    <p class='ocr_par' dir='ltr' id='par_1_26' title="bbox 344 2388 1855 2460">
     <span class='ocr_line' id='line_1_26' title="bbox 344 2388 1855 2460; baseline 0.013 -18"><span class='ocrx_word' id='word_1_188' title='bbox 344 2388 414 2443; x_wconf 93' lang='lat' dir='ltr'><strong>D.</strong></span> <span class='ocrx_word' id='word_1_189' title='bbox 448 2390 765 2459; x_wconf 83' lang='lat' dir='ltr'><strong>inquirenda</strong></span> <span class='ocrx_word' id='word_1_190' title='bbox 810 2400 894 2447; x_wconf 90' lang='lat' dir='ltr'><strong>est</strong></span> <span class='ocrx_word' id='word_1_191' title='bbox 932 2395 1072 2448; x_wconf 87' lang='lat' dir='ltr'><strong>ratio</strong></span> <span class='ocrx_word' id='word_1_192' title='bbox 1099 2396 1145 2450; x_wconf 90' lang='lat' dir='ltr'><strong>si</strong></span> <span class='ocrx_word' id='word_1_193' title='bbox 1174 2396 1278 2451; x_wconf 88' lang='lat' dir='ltr'><strong>ista</strong></span> <span class='ocrx_word' id='word_1_194' title='bbox 1313 2401 1496 2455; x_wconf 89' lang='lat' dir='ltr'><strong>omnia</strong></span> <span class='ocrx_word' id='word_1_195' title='bbox 1542 2402 1597 2456; x_wconf 90' lang='lat' dir='ltr'><strong>in</strong></span> <span class='ocrx_word' id='word_1_196' title='bbox 1629 2419 1738 2459; x_wconf 91' lang='lat' dir='ltr'><strong>uno</strong></span> <span class='ocrx_word' id='word_1_197' title='bbox 1766 2404 1855 2460; x_wconf 70' lang='lat' dir='ltr'><strong>die</strong></span> 
     </span>
    </p>
   </div>
   <div class='ocr_carea' id='block_1_27' title="bbox 273 2474 1855 2560">
    <p class='ocr_par' dir='ltr' id='par_1_27' title="bbox 273 2474 1855 2560">
     <span class='ocr_line' id='line_1_27' title="bbox 273 2474 1855 2560; baseline 0.013 -29"><span class='ocrx_word' id='word_1_198' title='bbox 273 2474 414 2533; x_wconf 80' lang='lat' dir='ltr'><strong>facta</strong></span> <span class='ocrx_word' id='word_1_199' title='bbox 438 2478 676 2545; x_wconf 84' lang='lat' dir='ltr'><strong>fuerunt,</strong></span> <span class='ocrx_word' id='word_1_200' title='bbox 711 2491 805 2535; x_wconf 91' lang='lat' dir='ltr'><strong>aut</strong></span> <span class='ocrx_word' id='word_1_201' title='bbox 829 2497 925 2551; x_wconf 90' lang='lat' dir='ltr'><strong>per</strong></span> <span class='ocrx_word' id='word_1_202' title='bbox 940 2498 1044 2539; x_wconf 73' lang='grc' dir='ltr'>,εει</span> <span class='ocrx_word' id='word_1_203' title='bbox 1064 2485 1203 2552; x_wconf 89' lang='lat' dir='ltr'><strong>dies,</strong></span> <span class='ocrx_word' id='word_1_204' title='bbox 1237 2488 1378 2542; x_wconf 85' lang='lat' dir='ltr'><strong>sicut</strong></span> <span class='ocrx_word' id='word_1_205' title='bbox 1406 2488 1685 2560; x_wconf 84' lang='lat' dir='ltr'><strong>Scriptura</strong></span> <span class='ocrx_word' id='word_1_206' title='bbox 1706 2509 1855 2551; x_wconf 91' lang='lat' dir='ltr'><strong>com-</strong></span> 
     </span>
    </p>
   </div>
   <div class='ocr_carea' id='block_1_28' title="bbox 273 2572 1853 2653">
    <p class='ocr_par' dir='ltr' id='par_1_28' title="bbox 273 2572 1853 2653">
     <span class='ocr_line' id='line_1_28' title="bbox 273 2572 1853 2653; baseline 0.013 -32"><span class='ocrx_word' id='word_1_207' title='bbox 273 2578 557 2624; x_wconf 85' lang='lat' dir='ltr'><strong>memorat.</strong></span> <span class='ocrx_word' id='word_1_208' title='bbox 596 2572 664 2627; x_wconf 90' lang='lat' dir='ltr'><strong>Et</strong></span> <span class='ocrx_word' id='word_1_209' title='bbox 688 2574 734 2628; x_wconf 89' lang='lat' dir='ltr'><strong>si</strong></span> <span class='ocrx_word' id='word_1_210' title='bbox 760 2587 857 2643; x_wconf 90' lang='lat' dir='ltr'><strong>per</strong></span> <span class='ocrx_word' id='word_1_211' title='bbox 880 2590 974 2629; x_wconf 88' lang='lat' dir='ltr'><strong>sex</strong></span> <span class='ocrx_word' id='word_1_212' title='bbox 1000 2575 1117 2631; x_wconf 92' lang='lat' dir='ltr'><strong>dies</strong></span> <span class='ocrx_word' id='word_1_213' title='bbox 1142 2575 1284 2633; x_wconf 87' lang='lat' dir='ltr'><strong>facta</strong></span> <span class='ocrx_word' id='word_1_214' title='bbox 1310 2578 1550 2649; x_wconf 88' lang='lat' dir='ltr'><strong>fuerunt,</strong></span> <span class='ocrx_word' id='word_1_215' title='bbox 1579 2586 1853 2653; x_wconf 91' lang='lat' dir='ltr'><strong>quomodo</strong></span> 
     </span>
    </p>
   </div>
   <div class='ocr_carea' id='block_1_29' title="bbox 271 2659 1851 2737">
    <p class='ocr_par' dir='ltr' id='par_1_29' title="bbox 271 2659 1851 2737">
     <span class='ocr_line' id='line_1_29' title="bbox 271 2659 1851 2737; baseline 0.01 -25"><span class='ocrx_word' id='word_1_216' title='bbox 271 2668 403 2726; x_wconf 81' lang='lat' dir='ltr'><strong>ergo</strong></span> <span class='ocrx_word' id='word_1_217' title='bbox 426 2666 609 2714; x_wconf 89' lang='lat' dir='ltr'><strong>sancta</strong></span> <span class='ocrx_word' id='word_1_218' title='bbox 635 2659 912 2731; x_wconf 88' lang='lat' dir='ltr'><strong>Scriptura</strong></span> <span class='ocrx_word' id='word_1_219' title='bbox 954 2678 1080 2718; x_wconf 84' lang='lat' dir='ltr'><strong>vera</strong></span> <span class='ocrx_word' id='word_1_220' title='bbox 1108 2673 1192 2720; x_wconf 89' lang='lat' dir='ltr'><strong>est</strong></span> <span class='ocrx_word' id='word_1_221' title='bbox 1218 2682 1338 2736; x_wconf 67' lang='lat' dir='ltr'><strong>quae</strong></span> <span class='ocrx_word' id='word_1_222' title='bbox 1379 2669 1550 2724; x_wconf 90' lang='lat' dir='ltr'><strong>dicit:</strong></span> <span class='ocrx_word' id='word_1_223' title='bbox 1588 2670 1692 2737; x_wconf 86' lang='lat' dir='ltr'><strong>Qui</strong></span> <span class='ocrx_word' id='word_1_224' title='bbox 1733 2676 1851 2729; x_wconf 72' lang='lat' dir='ltr'><strong>vivit</strong></span> 
     </span>
    </p>
   </div>
   <div class='ocr_carea' id='block_1_30' title="bbox 271 2745 1759 2832">
    <p class='ocr_par' dir='ltr' id='par_1_30' title="bbox 271 2745 1759 2832">
     <span class='ocr_line' id='line_1_30' title="bbox 271 2745 1759 2832; baseline 0.012 -34"><span class='ocrx_word' id='word_1_225' title='bbox 271 2745 327 2798; x_wconf 87' lang='lat' dir='ltr'><strong>in</strong></span> <span class='ocrx_word' id='word_1_226' title='bbox 356 2755 601 2801; x_wconf 62' lang='lat' dir='ltr'><strong>aeternum</strong></span> <span class='ocrx_word' id='word_1_227' title='bbox 630 2751 822 2804; x_wconf 83' lang='lat' dir='ltr'><strong>creavit</strong></span> <span class='ocrx_word' id='word_1_228' title='bbox 858 2753 1034 2806; x_wconf 84' lang='lat' dir='ltr'><strong>omnia</strong></span> <span class='ocrx_word' id='word_1_229' title='bbox 1063 2755 1221 2807; x_wconf 80' lang='lat' dir='ltr'><strong>simul</strong></span> <span class='ocrx_word' id='word_1_230' title='bbox 1252 2755 1441 2826; x_wconf 84' lang='lat' dir='ltr'><strong>(Eccli.</strong></span> <span class='ocrx_word' id='word_1_231' title='bbox 1473 2774 1632 2823; x_wconf 82' lang='lat' dir='ltr'><strong>xvut,</strong></span> <span class='ocrx_word' id='word_1_232' title='bbox 1667 2761 1759 2832; x_wconf 74' lang='lat'><strong>1)?</strong></span> 
     </span>
    </p>
   </div>
   <div class='ocr_carea' id='block_1_31' title="bbox 344 2835 1852 2911">
    <p class='ocr_par' dir='ltr' id='par_1_31' title="bbox 344 2835 1852 2911">
     <span class='ocr_line' id='line_1_31' title="bbox 344 2835 1852 2911; baseline 0.014 -21"><span class='ocrx_word' id='word_1_233' title='bbox 344 2835 423 2890; x_wconf 73' lang='grc' dir='ltr'><strong>Μ.</strong></span> <span class='ocrx_word' id='word_1_234' title='bbox 463 2837 555 2894; x_wconf 87' lang='lat' dir='ltr'><strong>ille</strong></span> <span class='ocrx_word' id='word_1_235' title='bbox 584 2855 814 2911; x_wconf 88' lang='lat' dir='ltr'><strong>namque</strong></span> <span class='ocrx_word' id='word_1_236' title='bbox 848 2845 1139 2899; x_wconf 90' lang='lat' dir='ltr'><strong>secundum</strong></span> <span class='ocrx_word' id='word_1_237' title='bbox 1183 2848 1539 2905; x_wconf 87' lang='lat' dir='ltr'><strong>substantiam</strong></span> <span class='ocrx_word' id='word_1_238' title='bbox 1563 2867 1745 2909; x_wconf 86' lang='lat' dir='ltr'><strong>rerum</strong></span> <span class='ocrx_word' id='word_1_239' title='bbox 1780 2857 1852 2911; x_wconf 91' lang='lat' dir='ltr'><strong>si-</strong></span> 
     </span>
    </p>
   </div>
   <div class='ocr_carea' id='block_1_32' title="bbox 272 2927 1845 3013">
    <p class='ocr_par' dir='ltr' id='par_1_32' title="bbox 272 2927 1845 3013">
     <span class='ocr_line' id='line_1_32' title="bbox 272 2927 1845 3013; baseline 0.012 -29"><span class='ocrx_word' id='word_1_240' title='bbox 272 2927 387 2984; x_wconf 85' lang='lat' dir='ltr'><strong>mul</strong></span> <span class='ocrx_word' id='word_1_241' title='bbox 408 2930 612 2985; x_wconf 85' lang='lat' dir='ltr'><strong>creavit</strong></span> <span class='ocrx_word' id='word_1_242' title='bbox 635 2932 839 2998; x_wconf 84' lang='lat' dir='ltr'><strong>omnia,</strong></span> <span class='ocrx_word' id='word_1_243' title='bbox 889 2949 1015 2989; x_wconf 91' lang='lat' dir='ltr'><strong>nam</strong></span> <span class='ocrx_word' id='word_1_244' title='bbox 1045 2938 1338 2993; x_wconf 88' lang='lat' dir='ltr'><strong>secundum</strong></span> <span class='ocrx_word' id='word_1_245' title='bbox 1368 2942 1599 3010; x_wconf 87' lang='lat' dir='ltr'><strong>speciem</strong></span> <span class='ocrx_word' id='word_1_246' title='bbox 1635 2944 1845 3013; x_wconf 65' lang='lat' dir='ltr'><strong>formae,</strong></span> 
     </span>
    </p>
   </div>
   <div class='ocr_carea' id='block_1_33' title="bbox 272 3011 1844 3094">
    <p class='ocr_par' dir='ltr' id='par_1_33' title="bbox 272 3011 1844 3094">
     <span class='ocr_line' id='line_1_33' title="bbox 272 3011 1844 3094; baseline 0.012 -19"><span class='ocrx_word' id='word_1_247' title='bbox 272 3037 380 3075; x_wconf 90' lang='lat' dir='ltr'><strong>non</strong></span> <span class='ocrx_word' id='word_1_248' title='bbox 414 3023 573 3077; x_wconf 88' lang='lat' dir='ltr'><strong>simul</strong></span> <span class='ocrx_word' id='word_1_249' title='bbox 598 3011 801 3079; x_wconf 81' lang='lat' dir='ltr'><strong>creavit</strong></span> <span class='ocrx_word' id='word_1_250' title='bbox 824 3026 1038 3093; x_wconf 89' lang='lat' dir='ltr'><strong>omnia;</strong></span> <span class='ocrx_word' id='word_1_251' title='bbox 1071 3029 1211 3084; x_wconf 91' lang='lat' dir='ltr'><strong>sicut</strong></span> <span class='ocrx_word' id='word_1_252' title='bbox 1236 3039 1409 3087; x_wconf 87' lang='lat' dir='ltr'><strong>mater</strong></span> <span class='ocrx_word' id='word_1_253' title='bbox 1442 3034 1703 3091; x_wconf 88' lang='lat' dir='ltr'><strong>infantem</strong></span> <span class='ocrx_word' id='word_1_254' title='bbox 1740 3055 1844 3094; x_wconf 90' lang='lat' dir='ltr'><strong>nu-</strong></span> 
     </span>
    </p>
   </div>
   <div class='ocr_carea' id='block_1_34' title="bbox 273 3110 1840 3191">
    <p class='ocr_par' dir='ltr' id='par_1_34' title="bbox 273 3110 1840 3191">
     <span class='ocr_line' id='line_1_34' title="bbox 273 3110 1840 3191; baseline 0.013 -30"><span class='ocrx_word' id='word_1_255' title='bbox 273 3110 444 3166; x_wconf 87' lang='lat' dir='ltr'><strong>triens</strong></span> <span class='ocrx_word' id='word_1_256' title='bbox 483 3111 536 3165; x_wconf 92' lang='lat' dir='ltr'><strong>in</strong></span> <span class='ocrx_word' id='word_1_257' title='bbox 570 3114 775 3182; x_wconf 89' lang='lat' dir='ltr'><strong>gremio</strong></span> <span class='ocrx_word' id='word_1_258' title='bbox 803 3131 923 3182; x_wconf 92' lang='lat' dir='ltr'><strong>suo,</strong></span> <span class='ocrx_word' id='word_1_259' title='bbox 965 3127 1242 3187; x_wconf 82' lang='lat' dir='ltr'><strong>exspectat</strong></span> <span class='ocrx_word' id='word_1_260' title='bbox 1267 3130 1324 3176; x_wconf 91' lang='lat' dir='ltr'><strong>ut</strong></span> <span class='ocrx_word' id='word_1_261' title='bbox 1351 3124 1726 3191; x_wconf 80' lang='lat' dir='ltr'><strong>convalescat,</strong></span> <span class='ocrx_word' id='word_1_262' title='bbox 1767 3130 1840 3182; x_wconf 88' lang='lat' dir='ltr'><strong>ita</strong></span> 
     </span>
    </p>
   </div>
   <div class='ocr_carea' id='block_1_35' title="bbox 270 3198 1844 3283">
    <p class='ocr_par' dir='ltr' id='par_1_35' title="bbox 270 3198 1844 3283">
     <span class='ocr_line' id='line_1_35' title="bbox 270 3198 1844 3283; baseline 0.013 -30"><span class='ocrx_word' id='word_1_263' title='bbox 270 3198 530 3257; x_wconf 88' lang='lat' dir='ltr'><strong>Dominus</strong></span> <span class='ocrx_word' id='word_1_264' title='bbox 546 3202 850 3258; x_wconf 85' lang='lat' dir='ltr'><strong>tarditatem</strong></span> <span class='ocrx_word' id='word_1_265' title='bbox 872 3206 1090 3262; x_wconf 85' lang='lat' dir='ltr'><strong>humani</strong></span> <span class='ocrx_word' id='word_1_266' title='bbox 1108 3208 1309 3279; x_wconf 78' lang='lat' dir='ltr'><strong>ingenii</strong></span> <span class='ocrx_word' id='word_1_267' title='bbox 1331 3216 1682 3283; x_wconf 76' lang='lat' dir='ltr'><strong>exspectavit.</strong></span> <span class='ocrx_word' id='word_1_268' title='bbox 1710 3216 1844 3273; x_wconf 87' lang='lat' dir='ltr'><strong>Nam</strong></span> 
     </span>
    </p>
   </div>
   <div class='ocr_carea' id='block_1_36' title="bbox 267 3285 1846 3373">
    <p class='ocr_par' dir='ltr' id='par_1_36' title="bbox 267 3285 1846 3373">
     <span class='ocr_line' id='line_1_36' title="bbox 267 3285 1846 3373; baseline 0.013 -30"><span class='ocrx_word' id='word_1_269' title='bbox 267 3285 325 3343; x_wconf 82' lang='lat' dir='ltr'><strong>in</strong></span> <span class='ocrx_word' id='word_1_270' title='bbox 353 3291 620 3362; x_wconf 90' lang='lat' dir='ltr'><strong>principio</strong></span> <span class='ocrx_word' id='word_1_271' title='bbox 645 3295 787 3364; x_wconf 92' lang='lat' dir='ltr'><strong>apud</strong></span> <span class='ocrx_word' id='word_1_272' title='bbox 819 3295 994 3366; x_wconf 89' lang='lat' dir='ltr'><strong>ipsum</strong></span> <span class='ocrx_word' id='word_1_273' title='bbox 1030 3308 1224 3356; x_wconf 90' lang='lat' dir='ltr'><strong>cuneta</strong></span> <span class='ocrx_word' id='word_1_274' title='bbox 1261 3312 1441 3359; x_wconf 86' lang='lat' dir='ltr'><strong>creata</strong></span> <span class='ocrx_word' id='word_1_275' title='bbox 1469 3304 1707 3373; x_wconf 84' lang='lat' dir='ltr'><strong>fuerunt,</strong></span> <span class='ocrx_word' id='word_1_276' title='bbox 1752 3310 1846 3364; x_wconf 70' lang='lat' dir='ltr'><strong>sed</strong></span> 
     </span>
    </p>
   </div>
   <div class='ocr_carea' id='block_1_37' title="bbox 266 3384 1841 3462">
    <p class='ocr_par' dir='ltr' id='par_1_37' title="bbox 266 3384 1841 3462">
     <span class='ocr_line' id='line_1_37' title="bbox 266 3384 1841 3462; baseline 0.015 -27"><span class='ocrx_word' id='word_1_277' title='bbox 266 3393 378 3435; x_wconf 88' lang='lat' dir='ltr'><strong>non</strong></span> <span class='ocrx_word' id='word_1_278' title='bbox 414 3384 595 3439; x_wconf 82' lang='lat' dir='ltr'><strong>statim</strong></span> <span class='ocrx_word' id='word_1_279' title='bbox 632 3385 686 3439; x_wconf 93' lang='lat' dir='ltr'><strong>in</strong></span> <span class='ocrx_word' id='word_1_280' title='bbox 717 3388 950 3457; x_wconf 87' lang='lat' dir='ltr'><strong>speciem</strong></span> <span class='ocrx_word' id='word_1_281' title='bbox 972 3400 1250 3448; x_wconf 89' lang='lat' dir='ltr'><strong>venerunt.</strong></span> <span class='ocrx_word' id='word_1_282' title='bbox 1282 3394 1505 3462; x_wconf 86' lang='lat' dir='ltr'><strong>Quando</strong></span> <span class='ocrx_word' id='word_1_283' title='bbox 1525 3415 1652 3456; x_wconf 90' lang='lat' dir='ltr'><strong>vero</strong></span> <span class='ocrx_word' id='word_1_284' title='bbox 1678 3404 1841 3457; x_wconf 80' lang='lat' dir='ltr'><strong>dixit:</strong></span> 
     </span>
    </p>
   </div>
   <div class='ocr_carea' id='block_1_38' title="bbox 265 3463 1848 3555">
    <p class='ocr_par' dir='ltr' id='par_1_38' title="bbox 265 3463 1848 3555">
     <span class='ocr_line' id='line_1_38' title="bbox 265 3463 1848 3555; baseline 0.016 -33"><span class='ocrx_word' id='word_1_285' title='bbox 265 3463 340 3524; x_wconf 82' lang='lat' dir='ltr'><strong>In</strong></span> <span class='ocrx_word' id='word_1_286' title='bbox 385 3472 638 3543; x_wconf 81' lang='lat' dir='ltr'><strong>principio</strong></span> <span class='ocrx_word' id='word_1_287' title='bbox 687 3478 877 3531; x_wconf 85' lang='lat' dir='ltr'><strong>creavit</strong></span> <span class='ocrx_word' id='word_1_288' title='bbox 916 3479 1059 3535; x_wconf 89' lang='lat' dir='ltr'><strong>Deus</strong></span> <span class='ocrx_word' id='word_1_289' title='bbox 1104 3482 1287 3537; x_wconf 66' lang='lat' dir='ltr'><strong>celum</strong></span> <span class='ocrx_word' id='word_1_290' title='bbox 1334 3495 1382 3538; x_wconf 89' lang='lat' dir='ltr'><strong>et</strong></span> <span class='ocrx_word' id='word_1_291' title='bbox 1425 3496 1619 3543; x_wconf 89' lang='lat' dir='ltr'><strong>terram</strong></span> <span class='ocrx_word' id='word_1_292' title='bbox 1644 3530 1660 3555; x_wconf 90' lang='lat'><strong>,</strong></span> <span class='ocrx_word' id='word_1_293' title='bbox 1720 3500 1848 3547; x_wconf 88' lang='lat' dir='ltr'><strong>tunc</strong></span> 
     </span>
    </p>
   </div>
   <div class='ocr_carea' id='block_1_39' title="bbox 264 3560 1846 3649">
    <p class='ocr_par' dir='ltr' id='par_1_39' title="bbox 264 3560 1846 3649">
     <span class='ocr_line' id='line_1_39' title="bbox 264 3560 1846 3649; baseline 0.014 -35"><span class='ocrx_word' id='word_1_294' title='bbox 264 3560 448 3614; x_wconf 87' lang='lat' dir='ltr'><strong>Omnia</strong></span> <span class='ocrx_word' id='word_1_295' title='bbox 491 3562 631 3617; x_wconf 89' lang='lat' dir='ltr'><strong>sicut</strong></span> <span class='ocrx_word' id='word_1_296' title='bbox 672 3564 906 3621; x_wconf 76' lang='lat' dir='ltr'><strong>diximus</strong></span> <span class='ocrx_word' id='word_1_297' title='bbox 949 3569 1088 3637; x_wconf 90' lang='lat' dir='ltr'><strong>apud</strong></span> <span class='ocrx_word' id='word_1_298' title='bbox 1119 3571 1292 3639; x_wconf 90' lang='lat' dir='ltr'><strong>ipsum</strong></span> <span class='ocrx_word' id='word_1_299' title='bbox 1333 3572 1474 3629; x_wconf 89' lang='lat' dir='ltr'><strong>facta</strong></span> <span class='ocrx_word' id='word_1_300' title='bbox 1499 3587 1660 3644; x_wconf 90' lang='lat' dir='ltr'><strong>sunt,</strong></span> <span class='ocrx_word' id='word_1_301' title='bbox 1691 3582 1846 3649; x_wconf 86' lang='lat' dir='ltr'><strong>quid-</strong></span> 
     </span>
    </p>
   </div>
   <div class='ocr_carea' id='block_1_40' title="bbox 264 3645 1840 3732">
    <p class='ocr_par' dir='ltr' id='par_1_40' title="bbox 264 3645 1840 3732">
     <span class='ocr_line' id='line_1_40' title="bbox 264 3645 1840 3732; baseline 0.015 -34"><span class='ocrx_word' id='word_1_302' title='bbox 264 3645 397 3717; x_wconf 84' lang='lat' dir='ltr'><strong>quid</strong></span> <span class='ocrx_word' id='word_1_303' title='bbox 423 3646 572 3718; x_wconf 86' lang='lat' dir='ltr'><strong>[Leg.</strong></span> <span class='ocrx_word' id='word_1_304' title='bbox 601 3651 850 3724; x_wconf 65' lang='lat' dir='ltr'><strong>quaeque]</strong></span> <span class='ocrx_word' id='word_1_305' title='bbox 880 3653 945 3708; x_wconf 91' lang='lat' dir='ltr'><strong>de</strong></span> <span class='ocrx_word' id='word_1_306' title='bbox 972 3655 1109 3710; x_wconf 67' lang='lat' dir='ltr'><strong>caelo</strong></span> <span class='ocrx_word' id='word_1_307' title='bbox 1134 3668 1187 3711; x_wconf 92' lang='lat' dir='ltr'><strong>et</strong></span> <span class='ocrx_word' id='word_1_308' title='bbox 1218 3666 1359 3713; x_wconf 87' lang='lat' dir='ltr'><strong>terra</strong></span> <span class='ocrx_word' id='word_1_309' title='bbox 1377 3662 1581 3718; x_wconf 89' lang='lat' dir='ltr'><strong>oritura</strong></span> <span class='ocrx_word' id='word_1_310' title='bbox 1606 3645 1840 3732; x_wconf 64' lang='lat' dir='ltr'><strong>fuerunt,</strong></span> 
     </span>
    </p>
   </div>
   <div class='ocr_carea' id='block_1_41' title="bbox 264 3735 1846 3819">
    <p class='ocr_par' dir='ltr' id='par_1_41' title="bbox 264 3735 1846 3819">
     <span class='ocr_line' id='line_1_41' title="bbox 264 3735 1846 3819; baseline 0.018 -35"><span class='ocrx_word' id='word_1_311' title='bbox 264 3735 515 3804; x_wconf 83' lang='lat' dir='ltr'><strong>quamvis</strong></span> <span class='ocrx_word' id='word_1_312' title='bbox 544 3751 641 3805; x_wconf 89' lang='lat' dir='ltr'><strong>per</strong></span> <span class='ocrx_word' id='word_1_313' title='bbox 688 3753 784 3793; x_wconf 86' lang='lat' dir='ltr'><strong>sex</strong></span> <span class='ocrx_word' id='word_1_314' title='bbox 827 3741 944 3797; x_wconf 88' lang='lat' dir='ltr'><strong>dies</strong></span> <span class='ocrx_word' id='word_1_315' title='bbox 985 3746 1279 3801; x_wconf 88' lang='lat' dir='ltr'><strong>secundum</strong></span> <span class='ocrx_word' id='word_1_316' title='bbox 1324 3753 1558 3819; x_wconf 91' lang='lat' dir='ltr'><strong>speciem</strong></span> <span class='ocrx_word' id='word_1_317' title='bbox 1606 3755 1846 3813; x_wconf 82' lang='lat' dir='ltr'><strong>dividere</strong></span> 
     </span>
    </p>
   </div>
   <div class='ocr_carea' id='block_1_42' title="bbox 264 3823 1847 3920">
    <p class='ocr_par' dir='ltr' id='par_1_42' title="bbox 264 3823 1847 3920">
     <span class='ocr_line' id='line_1_42' title="bbox 264 3823 1847 3920; baseline 0.016 -40"><span class='ocrx_word' id='word_1_318' title='bbox 264 3823 561 3891; x_wconf 81' lang='lat' dir='ltr'><strong>voluisset,</strong></span> <span class='ocrx_word' id='word_1_319' title='bbox 601 3828 741 3884; x_wconf 91' lang='lat' dir='ltr'><strong>sicut</strong></span> <span class='ocrx_word' id='word_1_320' title='bbox 784 3832 916 3887; x_wconf 88' lang='lat' dir='ltr'><strong>dicit</strong></span> <span class='ocrx_word' id='word_1_321' title='bbox 953 3845 1147 3904; x_wconf 90' lang='lat' dir='ltr'><strong>quarto</strong></span> <span class='ocrx_word' id='word_1_322' title='bbox 1173 3838 1260 3893; x_wconf 90' lang='lat' dir='ltr'><strong>die</strong></span> <span class='ocrx_word' id='word_1_323' title='bbox 1291 3840 1467 3897; x_wconf 89' lang='lat' dir='ltr'><strong>sidera</strong></span> <span class='ocrx_word' id='word_1_324' title='bbox 1504 3843 1560 3898; x_wconf 91' lang='lat' dir='ltr'><strong>in</strong></span> <span class='ocrx_word' id='word_1_325' title='bbox 1586 3846 1724 3904; x_wconf 64' lang='lat' dir='ltr'><strong>caelo</strong></span> <span class='ocrx_word' id='word_1_326' title='bbox 1750 3865 1847 3920; x_wconf 85' lang='lat' dir='ltr'><strong>po-</strong></span> 
     </span>
    </p>
   </div>
   <div class='ocr_carea' id='block_1_43' title="bbox 263 3913 1843 4000">
    <p class='ocr_par' dir='ltr' id='par_1_43' title="bbox 263 3913 1843 4000">
     <span class='ocr_line' id='line_1_43' title="bbox 263 3913 1843 4000; baseline 0.018 -33"><span class='ocrx_word' id='word_1_327' title='bbox 263 3913 468 3980; x_wconf 84' lang='lat' dir='ltr'><strong>suisse,</strong></span> <span class='ocrx_word' id='word_1_328' title='bbox 493 3924 671 3973; x_wconf 89' lang='lat' dir='ltr'><strong>tamen</strong></span> <span class='ocrx_word' id='word_1_329' title='bbox 718 3921 894 3991; x_wconf 89' lang='lat' dir='ltr'><strong>primo</strong></span> <span class='ocrx_word' id='word_1_330' title='bbox 940 3924 1026 3981; x_wconf 92' lang='lat' dir='ltr'><strong>die</strong></span> <span class='ocrx_word' id='word_1_331' title='bbox 1068 3929 1208 3998; x_wconf 90' lang='lat' dir='ltr'><strong>apud</strong></span> <span class='ocrx_word' id='word_1_332' title='bbox 1236 3930 1409 4000; x_wconf 90' lang='lat' dir='ltr'><strong>ipsum</strong></span> <span class='ocrx_word' id='word_1_333' title='bbox 1438 3934 1494 3989; x_wconf 90' lang='lat' dir='ltr'><strong>in</strong></span> <span class='ocrx_word' id='word_1_334' title='bbox 1522 3936 1661 3993; x_wconf 74' lang='lat' dir='ltr'><strong>c0310</strong></span> <span class='ocrx_word' id='word_1_335' title='bbox 1705 3913 1843 3995; x_wconf 72' lang='lat' dir='ltr'><strong>facta</strong></span> 
     </span>
    </p>
   </div>
   <div class='ocr_carea' id='block_1_44' title="bbox 263 4009 1845 4094">
    <p class='ocr_par' dir='ltr' id='par_1_44' title="bbox 263 4009 1845 4094">
     <span class='ocr_line' id='line_1_44' title="bbox 263 4009 1845 4094; baseline 0.018 -36"><span class='ocrx_word' id='word_1_336' title='bbox 263 4014 413 4073; x_wconf 81' lang='lat' dir='ltr'><strong>sum,</strong></span> <span class='ocrx_word' id='word_1_337' title='bbox 441 4022 559 4077; x_wconf 61' lang='lat' dir='ltr'><strong>qua</strong></span> <span class='ocrx_word' id='word_1_338' title='bbox 583 4009 669 4064; x_wconf 91' lang='lat' dir='ltr'><strong>die</strong></span> <span class='ocrx_word' id='word_1_339' title='bbox 705 4020 898 4081; x_wconf 89' lang='lat' dir='ltr'><strong>quarto</strong></span> <span class='ocrx_word' id='word_1_340' title='bbox 924 4016 978 4070; x_wconf 90' lang='lat' dir='ltr'><strong>in</strong></span> <span class='ocrx_word' id='word_1_341' title='bbox 1004 4018 1238 4088; x_wconf 90' lang='lat' dir='ltr'><strong>speciem</strong></span> <span class='ocrx_word' id='word_1_342' title='bbox 1266 4034 1549 4080; x_wconf 88' lang='lat' dir='ltr'><strong>venerunt.</strong></span> <span class='ocrx_word' id='word_1_343' title='bbox 1580 4026 1712 4094; x_wconf 85' lang='lat' dir='ltr'><strong>Quia</strong></span> <span class='ocrx_word' id='word_1_344' title='bbox 1739 4031 1845 4086; x_wconf 91' lang='lat' dir='ltr'><strong>sic-</strong></span> 
     </span>
    </p>
   </div>
   <div class='ocr_carea' id='block_1_45' title="bbox 263 4098 1839 4184">
    <p class='ocr_par' dir='ltr' id='par_1_45' title="bbox 263 4098 1839 4184">
     <span class='ocr_line' id='line_1_45' title="bbox 263 4098 1839 4184; baseline 0.016 -35"><span class='ocrx_word' id='word_1_345' title='bbox 263 4105 329 4153; x_wconf 88' lang='lat' dir='ltr'><strong>ut</strong></span> <span class='ocrx_word' id='word_1_346' title='bbox 388 4098 443 4151; x_wconf 90' lang='lat' dir='ltr'><strong>in</strong></span> <span class='ocrx_word' id='word_1_347' title='bbox 491 4114 660 4168; x_wconf 86' lang='lat' dir='ltr'><strong>grano</strong></span> <span class='ocrx_word' id='word_1_348' title='bbox 708 4105 966 4160; x_wconf 89' lang='lat' dir='ltr'><strong>sementis</strong></span> <span class='ocrx_word' id='word_1_349' title='bbox 1011 4105 1180 4163; x_wconf 89' lang='lat' dir='ltr'><strong>multa</strong></span> <span class='ocrx_word' id='word_1_350' title='bbox 1233 4111 1612 4184; x_wconf 87' lang='lat' dir='ltr'><strong>occultantur,</strong></span> <span class='ocrx_word' id='word_1_351' title='bbox 1667 4120 1839 4181; x_wconf 78' lang='lat' dir='ltr'><strong>radix.</strong></span> 
     </span>
    </p>
   </div>
   <div class='ocr_carea' id='block_1_46' title="bbox 265 4188 1842 4281">
    <p class='ocr_par' dir='ltr' id='par_1_46' title="bbox 265 4188 1842 4281">
     <span class='ocr_line' id='line_1_46' title="bbox 265 4188 1842 4281; baseline 0.016 -39"><span class='ocrx_word' id='word_1_352' title='bbox 265 4196 452 4243; x_wconf 81' lang='lat' dir='ltr'><strong>cortex</strong></span> <span class='ocrx_word' id='word_1_353' title='bbox 475 4228 490 4254; x_wconf 92' lang='lat'><strong>,</strong></span> <span class='ocrx_word' id='word_1_354' title='bbox 531 4188 656 4246; x_wconf 83' lang='lat' dir='ltr'><strong>folia</strong></span> <span class='ocrx_word' id='word_1_355' title='bbox 678 4232 694 4258; x_wconf 91' lang='lat'><strong>,</strong></span> <span class='ocrx_word' id='word_1_356' title='bbox 736 4191 944 4251; x_wconf 91' lang='lat' dir='ltr'><strong>fructus</strong></span> <span class='ocrx_word' id='word_1_357' title='bbox 968 4236 984 4262; x_wconf 92' lang='lat'><strong>,</strong></span> <span class='ocrx_word' id='word_1_358' title='bbox 1027 4199 1110 4253; x_wconf 86' lang='lat' dir='ltr'><strong>vel</strong></span> <span class='ocrx_word' id='word_1_359' title='bbox 1140 4200 1306 4257; x_wconf 90' lang='lat' dir='ltr'><strong>multa</strong></span> <span class='ocrx_word' id='word_1_360' title='bbox 1346 4205 1452 4259; x_wconf 87' lang='lat' dir='ltr'><strong>alia</strong></span> <span class='ocrx_word' id='word_1_361' title='bbox 1481 4222 1602 4276; x_wconf 71' lang='lat' dir='ltr'><strong>qua:</strong></span> <span class='ocrx_word' id='word_1_362' title='bbox 1634 4210 1699 4265; x_wconf 91' lang='lat' dir='ltr'><strong>de</strong></span> <span class='ocrx_word' id='word_1_363' title='bbox 1727 4211 1842 4281; x_wconf 88' lang='lat' dir='ltr'><strong>ipsa</strong></span> 
     </span>
    </p>
   </div>
   <div class='ocr_carea' id='block_1_47' title="bbox 265 4281 1843 4369">
    <p class='ocr_par' dir='ltr' id='par_1_47' title="bbox 265 4281 1843 4369">
     <span class='ocr_line' id='line_1_47' title="bbox 265 4281 1843 4369; baseline 0.015 -35"><span class='ocrx_word' id='word_1_364' title='bbox 265 4281 460 4336; x_wconf 86' lang='lat' dir='ltr'><strong>arbore</strong></span> <span class='ocrx_word' id='word_1_365' title='bbox 481 4283 722 4351; x_wconf 88' lang='lat' dir='ltr'><strong>veniunt,</strong></span> <span class='ocrx_word' id='word_1_366' title='bbox 770 4287 842 4340; x_wconf 90' lang='lat' dir='ltr'><strong>ita</strong></span> <span class='ocrx_word' id='word_1_367' title='bbox 865 4289 1004 4357; x_wconf 89' lang='lat' dir='ltr'><strong>apud</strong></span> <span class='ocrx_word' id='word_1_368' title='bbox 1028 4289 1196 4345; x_wconf 90' lang='lat' dir='ltr'><strong>Deum</strong></span> <span class='ocrx_word' id='word_1_369' title='bbox 1226 4292 1329 4348; x_wconf 86' lang='lat' dir='ltr'><strong>ista</strong></span> <span class='ocrx_word' id='word_1_370' title='bbox 1363 4297 1542 4352; x_wconf 89' lang='lat' dir='ltr'><strong>omnia</strong></span> <span class='ocrx_word' id='word_1_371' title='bbox 1564 4299 1715 4369; x_wconf 92' lang='lat' dir='ltr'><strong>prius</strong></span> <span class='ocrx_word' id='word_1_372' title='bbox 1750 4318 1843 4358; x_wconf 88' lang='lat' dir='ltr'><strong>oc-</strong></span> 
     </span>
    </p>
   </div>
   <div class='ocr_carea' id='block_1_48' title="bbox 265 4367 1649 4450">
    <p class='ocr_par' dir='ltr' id='par_1_48' title="bbox 265 4367 1649 4450">
     <span class='ocr_line' id='line_1_48' title="bbox 265 4367 1649 4450; baseline 0.015 -27"><span class='ocrx_word' id='word_1_373' title='bbox 265 4367 630 4438; x_wconf 88' lang='lat' dir='ltr'><strong>cultabantur,</strong></span> <span class='ocrx_word' id='word_1_374' title='bbox 658 4388 778 4443; x_wconf 77' lang='lat' dir='ltr'><strong>qua:</strong></span> <span class='ocrx_word' id='word_1_375' title='bbox 804 4384 991 4444; x_wconf 89' lang='lat' dir='ltr'><strong>postea</strong></span> <span class='ocrx_word' id='word_1_376' title='bbox 1027 4379 1082 4433; x_wconf 91' lang='lat' dir='ltr'><strong>in</strong></span> <span class='ocrx_word' id='word_1_377' title='bbox 1104 4381 1337 4450; x_wconf 89' lang='lat' dir='ltr'><strong>speciem</strong></span> <span class='ocrx_word' id='word_1_378' title='bbox 1366 4367 1649 4443; x_wconf 75' lang='lat' dir='ltr'><strong>venerunt.</strong></span> 
     </span>
    </p>
   </div>
   <div class='ocr_carea' id='block_1_49' title="bbox 339 4456 1838 4545">
    <p class='ocr_par' dir='ltr' id='par_1_49' title="bbox 339 4456 1838 4545">
     <span class='ocr_line' id='line_1_49' title="bbox 339 4456 1838 4545; baseline 0.015 -33"><span class='ocrx_word' id='word_1_379' title='bbox 339 4456 407 4512; x_wconf 95' lang='lat' dir='ltr'><strong>D.</strong></span> <span class='ocrx_word' id='word_1_380' title='bbox 439 4459 581 4531; x_wconf 89' lang='lat' dir='ltr'><strong>Ergo</strong></span> <span class='ocrx_word' id='word_1_381' title='bbox 609 4462 655 4517; x_wconf 90' lang='lat' dir='ltr'><strong>si</strong></span> <span class='ocrx_word' id='word_1_382' title='bbox 695 4464 855 4520; x_wconf 88' lang='lat' dir='ltr'><strong>simul</strong></span> <span class='ocrx_word' id='word_1_383' title='bbox 882 4468 1059 4522; x_wconf 88' lang='lat' dir='ltr'><strong>omnia</strong></span> <span class='ocrx_word' id='word_1_384' title='bbox 1092 4471 1317 4537; x_wconf 89' lang='lat' dir='ltr'><strong>creavit,</strong></span> <span class='ocrx_word' id='word_1_385' title='bbox 1359 4480 1627 4545; x_wconf 90' lang='lat' dir='ltr'><strong>quomodo</strong></span> <span class='ocrx_word' id='word_1_386' title='bbox 1652 4496 1838 4535; x_wconf 89' lang='lat' dir='ltr'><strong>verum</strong></span> 
     </span>
    </p>
   </div>
   <div class='ocr_carea' id='block_1_50' title="bbox 264 4551 1840 4636">
    <p class='ocr_par' dir='ltr' id='par_1_50' title="bbox 264 4551 1840 4636">
     <span class='ocr_line' id='line_1_50' title="bbox 264 4551 1840 4636; baseline 0.013 -33"><span class='ocrx_word' id='word_1_387' title='bbox 264 4556 349 4604; x_wconf 86' lang='lat' dir='ltr'><strong>est</strong></span> <span class='ocrx_word' id='word_1_388' title='bbox 372 4552 514 4618; x_wconf 90' lang='lat' dir='ltr'><strong>quod</strong></span> <span class='ocrx_word' id='word_1_389' title='bbox 539 4551 735 4623; x_wconf 79' lang='lat' dir='ltr'><strong>legitur</strong></span> <span class='ocrx_word' id='word_1_390' title='bbox 758 4572 771 4609; x_wconf 91' lang='lat'><strong>:</strong></span> <span class='ocrx_word' id='word_1_391' title='bbox 803 4555 965 4611; x_wconf 87' lang='lat' dir='ltr'><strong>Pater</strong></span> <span class='ocrx_word' id='word_1_392' title='bbox 984 4560 1136 4615; x_wconf 81' lang='lat' dir='ltr'><strong>meus</strong></span> <span class='ocrx_word' id='word_1_393' title='bbox 1163 4578 1324 4632; x_wconf 86' lang='lat' dir='ltr'><strong>usque</strong></span> <span class='ocrx_word' id='word_1_394' title='bbox 1351 4567 1506 4620; x_wconf 86' lang='lat' dir='ltr'><strong>modo</strong></span> <span class='ocrx_word' id='word_1_395' title='bbox 1528 4580 1774 4636; x_wconf 84' lang='lat' dir='ltr'><strong>operatur</strong></span> <span class='ocrx_word' id='word_1_396' title='bbox 1792 4581 1840 4624; x_wconf 87' lang='lat' dir='ltr'><strong>et</strong></span> 
     </span>
    </p>
   </div>
   <div class='ocr_carea' id='block_1_51' title="bbox 264 4640 1002 4719">
    <p class='ocr_par' dir='ltr' id='par_1_51' title="bbox 264 4640 1002 4719">
     <span class='ocr_line' id='line_1_51' title="bbox 264 4640 1002 4719; baseline 0.015 -29"><span class='ocrx_word' id='word_1_397' title='bbox 264 4649 360 4709; x_wconf 73' lang='lat' dir='ltr'><strong>ego</strong></span> <span class='ocrx_word' id='word_1_398' title='bbox 381 4654 565 4709; x_wconf 82' lang='lat' dir='ltr'><strong>operor</strong></span> <span class='ocrx_word' id='word_1_399' title='bbox 592 4640 771 4714; x_wconf 85' lang='lat' dir='ltr'><strong>(Joan.</strong></span> <span class='ocrx_word' id='word_1_400' title='bbox 798 4661 850 4710; x_wconf 90' lang='lat' dir='ltr'><strong>v,</strong></span> <span class='ocrx_word' id='word_1_401' title='bbox 893 4647 1002 4719; x_wconf 85' lang='lat' dir='ltr'><strong>l7).</strong></span> 
     </span>
    </p>
   </div>
   <div class='ocr_carea' id='block_1_52' title="bbox 338 4724 1841 4811">
    <p class='ocr_par' dir='ltr' id='par_1_52' title="bbox 338 4724 1841 4811">
     <span class='ocr_line' id='line_1_52' title="bbox 338 4724 1841 4811; baseline 0.017 -31"><span class='ocrx_word' id='word_1_402' title='bbox 338 4724 418 4779; x_wconf 76' lang='grc' dir='ltr'><strong>Μ.</strong></span> <span class='ocrx_word' id='word_1_403' title='bbox 466 4728 763 4801; x_wconf 89' lang='lat' dir='ltr'><strong>Perspiciat</strong></span> <span class='ocrx_word' id='word_1_404' title='bbox 810 4735 1006 4803; x_wconf 89' lang='lat' dir='ltr'><strong>peritia</strong></span> <span class='ocrx_word' id='word_1_405' title='bbox 1060 4744 1192 4802; x_wconf 91' lang='lat' dir='ltr'><strong>tua,</strong></span> <span class='ocrx_word' id='word_1_406' title='bbox 1244 4741 1369 4808; x_wconf 90' lang='lat' dir='ltr'><strong>quia</strong></span> <span class='ocrx_word' id='word_1_407' title='bbox 1416 4747 1662 4811; x_wconf 83' lang='lat' dir='ltr'><strong>quamvis</strong></span> <span class='ocrx_word' id='word_1_408' title='bbox 1712 4757 1841 4806; x_wconf 90' lang='lat' dir='ltr'><strong>tunc</strong></span> 
     </span>
    </p>
   </div>
   <div class='ocr_carea' id='block_1_53' title="bbox 262 4822 1839 4904">
    <p class='ocr_par' dir='ltr' id='par_1_53' title="bbox 262 4822 1839 4904">
     <span class='ocr_line' id='line_1_53' title="bbox 262 4822 1839 4904; baseline 0.016 -33"><span class='ocrx_word' id='word_1_409' title='bbox 262 4826 503 4873; x_wconf 87' lang='lat' dir='ltr'><strong>creasset</strong></span> <span class='ocrx_word' id='word_1_410' title='bbox 541 4822 722 4877; x_wconf 89' lang='lat' dir='ltr'><strong>omnia</strong></span> <span class='ocrx_word' id='word_1_411' title='bbox 745 4823 904 4879; x_wconf 89' lang='lat' dir='ltr'><strong>simul</strong></span> <span class='ocrx_word' id='word_1_412' title='bbox 926 4865 941 4890; x_wconf 91' lang='lat'><strong>,</strong></span> <span class='ocrx_word' id='word_1_413' title='bbox 986 4828 1226 4895; x_wconf 84' lang='lat' dir='ltr'><strong>quotidie</strong></span> <span class='ocrx_word' id='word_1_414' title='bbox 1270 4837 1449 4885; x_wconf 89' lang='lat' dir='ltr'><strong>tamen</strong></span> <span class='ocrx_word' id='word_1_415' title='bbox 1475 4835 1740 4904; x_wconf 81' lang='lat' dir='ltr'><strong>gubernat</strong></span> <span class='ocrx_word' id='word_1_416' title='bbox 1784 4842 1839 4897; x_wconf 91' lang='lat' dir='ltr'><strong>in</strong></span> 
     </span>
    </p>
   </div>
   <div class='ocr_carea' id='block_1_54' title="bbox 265 4905 1843 4986">
    <p class='ocr_par' dir='ltr' id='par_1_54' title="bbox 265 4905 1843 4986">
     <span class='ocr_line' id='line_1_54' title="bbox 265 4905 1843 4986; baseline 0.016 -25"><span class='ocrx_word' id='word_1_417' title='bbox 265 4905 510 4977; x_wconf 86' lang='lat' dir='ltr'><strong>rigando,</strong></span> <span class='ocrx_word' id='word_1_418' title='bbox 539 4909 596 4965; x_wconf 74' lang='lat' dir='ltr'><strong>in</strong></span> <span class='ocrx_word' id='word_1_419' title='bbox 623 4911 932 4982; x_wconf 89' lang='lat' dir='ltr'><strong>plantando,</strong></span> <span class='ocrx_word' id='word_1_420' title='bbox 968 4916 1022 4970; x_wconf 92' lang='lat' dir='ltr'><strong>in</strong></span> <span class='ocrx_word' id='word_1_421' title='bbox 1048 4917 1385 4986; x_wconf 81' lang='lat' dir='ltr'><strong>aediﬁcando,</strong></span> <span class='ocrx_word' id='word_1_422' title='bbox 1425 4923 1506 4977; x_wconf 87' lang='lat' dir='ltr'><strong>vel</strong></span> <span class='ocrx_word' id='word_1_423' title='bbox 1532 4924 1586 4978; x_wconf 93' lang='lat' dir='ltr'><strong>in</strong></span> <span class='ocrx_word' id='word_1_424' title='bbox 1631 4932 1843 4986; x_wconf 80' lang='lat' dir='ltr'><strong>caeteris</strong></span> 
     </span>
    </p>
   </div>
   <div class='ocr_carea' id='block_1_55' title="bbox 264 4998 1839 5080">
    <p class='ocr_par' dir='ltr' id='par_1_55' title="bbox 264 4998 1839 5080">
     <span class='ocr_line' id='line_1_55' title="bbox 264 4998 1839 5080; baseline 0.015 -31"><span class='ocrx_word' id='word_1_425' title='bbox 264 4998 448 5051; x_wconf 88' lang='lat' dir='ltr'><strong>rebus.</strong></span> <span class='ocrx_word' id='word_1_426' title='bbox 495 4998 629 5065; x_wconf 83' lang='lat' dir='ltr'><strong>Nam</strong></span> <span class='ocrx_word' id='word_1_427' title='bbox 667 5002 805 5057; x_wconf 89' lang='lat' dir='ltr'><strong>sicut</strong></span> <span class='ocrx_word' id='word_1_428' title='bbox 833 5003 994 5059; x_wconf 87' lang='lat' dir='ltr'><strong>homo</strong></span> <span class='ocrx_word' id='word_1_429' title='bbox 1021 5007 1110 5074; x_wconf 87' lang='lat' dir='ltr'><strong>qui</strong></span> <span class='ocrx_word' id='word_1_430' title='bbox 1131 5022 1320 5078; x_wconf 89' lang='lat' dir='ltr'><strong>agrum</strong></span> <span class='ocrx_word' id='word_1_431' title='bbox 1344 5020 1580 5080; x_wconf 83' lang='lat' dir='ltr'><strong>exercet,</strong></span> <span class='ocrx_word' id='word_1_432' title='bbox 1617 5016 1661 5071; x_wconf 89' lang='lat' dir='ltr'><strong>si</strong></span> <span class='ocrx_word' id='word_1_433' title='bbox 1688 5018 1839 5073; x_wconf 87' lang='lat' dir='ltr'><strong>illum</strong></span> 
     </span>
    </p>
   </div>
   <div class='ocr_carea' id='block_1_56' title="bbox 268 5085 1840 5169">
    <p class='ocr_par' dir='ltr' id='par_1_56' title="bbox 268 5085 1840 5169">
     <span class='ocr_line' id='line_1_56' title="bbox 268 5085 1840 5169; baseline 0.018 -29"><span class='ocrx_word' id='word_1_434' title='bbox 268 5085 514 5157; x_wconf 90' lang='lat' dir='ltr'><strong>dimittit,</strong></span> <span class='ocrx_word' id='word_1_435' title='bbox 559 5092 791 5149; x_wconf 90' lang='lat' dir='ltr'><strong>incultus</strong></span> <span class='ocrx_word' id='word_1_436' title='bbox 838 5105 1118 5162; x_wconf 87' lang='lat' dir='ltr'><strong>remanet;</strong></span> <span class='ocrx_word' id='word_1_437' title='bbox 1172 5100 1245 5153; x_wconf 91' lang='lat' dir='ltr'><strong>ita</strong></span> <span class='ocrx_word' id='word_1_438' title='bbox 1287 5109 1342 5156; x_wconf 91' lang='lat' dir='ltr'><strong>et</strong></span> <span class='ocrx_word' id='word_1_439' title='bbox 1386 5106 1617 5162; x_wconf 90' lang='lat' dir='ltr'><strong>mundus</strong></span> <span class='ocrx_word' id='word_1_440' title='bbox 1655 5124 1685 5163; x_wconf 89' lang='lat' dir='ltr'><strong>a</strong></span> <span class='ocrx_word' id='word_1_441' title='bbox 1729 5112 1840 5169; x_wconf 91' lang='lat' dir='ltr'><strong>Deo</strong></span> 
     </span>
    </p>
   </div>
   <div class='ocr_carea' id='block_1_57' title="bbox 266 5182 1841 5265">
    <p class='ocr_par' dir='ltr' id='par_1_57' title="bbox 266 5182 1841 5265">
     <span class='ocr_line' id='line_1_57' title="bbox 266 5182 1841 5265; baseline 0.016 -33"><span class='ocrx_word' id='word_1_442' title='bbox 266 5186 481 5236; x_wconf 89' lang='lat' dir='ltr'><strong>creatus</strong></span> <span class='ocrx_word' id='word_1_443' title='bbox 523 5182 638 5238; x_wconf 87' lang='lat' dir='ltr'><strong>sine</strong></span> <span class='ocrx_word' id='word_1_444' title='bbox 683 5184 777 5239; x_wconf 85' lang='lat' dir='ltr'><strong>Dei</strong></span> <span class='ocrx_word' id='word_1_445' title='bbox 808 5188 1191 5257; x_wconf 82' lang='lat' dir='ltr'><strong>gubernatione</strong></span> <span class='ocrx_word' id='word_1_446' title='bbox 1233 5204 1353 5246; x_wconf 90' lang='lat' dir='ltr'><strong>esse</strong></span> <span class='ocrx_word' id='word_1_447' title='bbox 1392 5209 1499 5249; x_wconf 92' lang='lat' dir='ltr'><strong>non</strong></span> <span class='ocrx_word' id='word_1_448' title='bbox 1527 5206 1725 5265; x_wconf 86' lang='lat' dir='ltr'><strong>potest,</strong></span> <span class='ocrx_word' id='word_1_449' title='bbox 1755 5217 1841 5257; x_wconf 87' lang='lat' dir='ltr'><strong>se—</strong></span> 
     </span>
    </p>
   </div>
   <div class='ocr_carea' id='block_1_58' title="bbox 264 5269 1840 5356">
    <p class='ocr_par' dir='ltr' id='par_1_58' title="bbox 264 5269 1840 5356">
     <span class='ocr_line' id='line_1_58' title="bbox 264 5269 1840 5356; baseline 0.013 -31"><span class='ocrx_word' id='word_1_450' title='bbox 264 5269 501 5325; x_wconf 82' lang='lat' dir='ltr'><strong>cnndum</strong></span> <span class='ocrx_word' id='word_1_451' title='bbox 540 5274 836 5342; x_wconf 88' lang='lat' dir='ltr'><strong>apostolum</strong></span> <span class='ocrx_word' id='word_1_452' title='bbox 875 5275 1136 5331; x_wconf 89' lang='lat' dir='ltr'><strong>Paulum:</strong></span> <span class='ocrx_word' id='word_1_453' title='bbox 1186 5278 1366 5351; x_wconf 85' lang='lat' dir='ltr'><strong>Neque</strong></span> <span class='ocrx_word' id='word_1_454' title='bbox 1389 5284 1481 5353; x_wconf 87' lang='lat' dir='ltr'><strong>qui</strong></span> <span class='ocrx_word' id='word_1_455' title='bbox 1514 5284 1717 5356; x_wconf 84' lang='lat' dir='ltr'><strong>plantat</strong></span> <span class='ocrx_word' id='word_1_456' title='bbox 1763 5302 1840 5347; x_wconf 79' lang='lat' dir='ltr'><strong>est</strong></span> 
     </span>
    </p>
   </div>
   <div class='ocr_carea' id='block_1_59' title="bbox 264 5356 1838 5444">
    <p class='ocr_par' dir='ltr' id='par_1_59' title="bbox 264 5356 1838 5444">
     <span class='ocr_line' id='line_1_59' title="bbox 264 5356 1838 5444; baseline 0.016 -32"><span class='ocrx_word' id='word_1_457' title='bbox 264 5356 489 5430; x_wconf 74' lang='lat' dir='ltr'><strong>aliquid,</strong></span> <span class='ocrx_word' id='word_1_458' title='bbox 530 5379 688 5434; x_wconf 86' lang='lat' dir='ltr'><strong>neque</strong></span> <span class='ocrx_word' id='word_1_459' title='bbox 713 5366 801 5435; x_wconf 88' lang='lat' dir='ltr'><strong>qui</strong></span> <span class='ocrx_word' id='word_1_460' title='bbox 828 5366 1003 5437; x_wconf 88' lang='lat' dir='ltr'><strong>rigat;</strong></span> <span class='ocrx_word' id='word_1_461' title='bbox 1048 5368 1138 5423; x_wconf 84' lang='lat' dir='ltr'><strong>sed</strong></span> <span class='ocrx_word' id='word_1_462' title='bbox 1165 5369 1304 5425; x_wconf 83' lang='lat' dir='ltr'><strong>Deus</strong></span> <span class='ocrx_word' id='word_1_463' title='bbox 1341 5375 1430 5444; x_wconf 86' lang='lat' dir='ltr'><strong>qui</strong></span> <span class='ocrx_word' id='word_1_464' title='bbox 1463 5376 1838 5437; x_wconf 84' lang='lat' dir='ltr'><strong>incrementum</strong></span> 
     </span>
    </p>
   </div>
   <div class='ocr_carea' id='block_1_60' title="bbox 157 5423 807 5527">
    <p class='ocr_par' dir='ltr' id='par_1_60' title="bbox 157 5423 807 5527">
     <span class='ocr_line' id='line_1_60' title="bbox 157 5423 807 5527; baseline 0.006 -22"><span class='ocrx_word' id='word_1_465' title='bbox 157 5423 233 5481; x_wconf 68' lang='lat'><strong>.</strong></span> <span class='ocrx_word' id='word_1_466' title='bbox 265 5423 365 5507; x_wconf 35' lang='lat' dir='ltr'><strong>dat.</strong></span> <span class='ocrx_word' id='word_1_467' title='bbox 389 5450 441 5524; x_wconf 90' lang='lat' dir='ltr'><strong>(I</strong></span> <span class='ocrx_word' id='word_1_468' title='bbox 471 5423 702 5520; x_wconf 49' lang='lat' dir='ltr'><strong>Comiti,</strong></span> <span class='ocrx_word' id='word_1_469' title='bbox 724 5423 807 5527; x_wconf 48' lang='lat'><strong>.7).</strong></span> 
     </span>
    </p>
   </div>
   <div class='ocr_carea' id='block_1_61' title="bbox 340 5539 1837 5631">
    <p class='ocr_par' dir='ltr' id='par_1_61' title="bbox 340 5539 1837 5631">
     <span class='ocr_line' id='line_1_61' title="bbox 340 5539 1837 5631; baseline 0.015 -35"><span class='ocrx_word' id='word_1_470' title='bbox 340 5539 443 5596; x_wconf 78' lang='lat' dir='ltr'><strong>Alii</strong></span> <span class='ocrx_word' id='word_1_471' title='bbox 480 5543 625 5598; x_wconf 91' lang='lat' dir='ltr'><strong>enim</strong></span> <span class='ocrx_word' id='word_1_472' title='bbox 667 5544 801 5600; x_wconf 90' lang='lat' dir='ltr'><strong>istos</strong></span> <span class='ocrx_word' id='word_1_473' title='bbox 832 5556 1035 5616; x_wconf 87' lang='lat' dir='ltr'><strong>septem</strong></span> <span class='ocrx_word' id='word_1_474' title='bbox 1074 5549 1188 5605; x_wconf 88' lang='lat' dir='ltr'><strong>dies</strong></span> <span class='ocrx_word' id='word_1_475' title='bbox 1230 5562 1433 5623; x_wconf 88' lang='lat' dir='ltr'><strong>septem</strong></span> <span class='ocrx_word' id='word_1_476' title='bbox 1475 5558 1613 5612; x_wconf 86' lang='lat' dir='ltr'><strong>dona</strong></span> <span class='ocrx_word' id='word_1_477' title='bbox 1649 5571 1837 5631; x_wconf 69' lang='lat' dir='ltr'><strong>gratia:</strong></span> 
     </span>
    </p>
   </div>
   <div class='ocr_carea' id='block_1_62' title="bbox 271 5633 1837 5716">
    <p class='ocr_par' dir='ltr' id='par_1_62' title="bbox 271 5633 1837 5716">
     <span class='ocr_line' id='line_1_62' title="bbox 271 5633 1837 5716; baseline 0.011 -27"><span class='ocrx_word' id='word_1_478' title='bbox 271 5633 504 5703; x_wconf 79' lang='lat' dir='ltr'><strong>Spiritus</strong></span> <span class='ocrx_word' id='word_1_479' title='bbox 525 5635 694 5688; x_wconf 81' lang='lat' dir='ltr'><strong>sancti</strong></span> <span class='ocrx_word' id='word_1_480' title='bbox 718 5635 1012 5709; x_wconf 83' lang='lat' dir='ltr'><strong>intelligere</strong></span> <span class='ocrx_word' id='word_1_481' title='bbox 1036 5640 1241 5707; x_wconf 89' lang='lat' dir='ltr'><strong>volunt,</strong></span> <span class='ocrx_word' id='word_1_482' title='bbox 1275 5644 1324 5699; x_wconf 82' lang='lat' dir='ltr'><strong>id</strong></span> <span class='ocrx_word' id='word_1_483' title='bbox 1347 5655 1450 5711; x_wconf 84' lang='lat' dir='ltr'><strong>est,</strong></span> <span class='ocrx_word' id='word_1_484' title='bbox 1480 5649 1729 5716; x_wconf 86' lang='lat' dir='ltr'><strong>spiritum</strong></span> <span class='ocrx_word' id='word_1_485' title='bbox 1754 5668 1837 5708; x_wconf 86' lang='lat' dir='ltr'><strong>sa-</strong></span> 
     </span>
    </p>
   </div>
   <div class='ocr_carea' id='block_1_63' title="bbox 1870 4412 1919 4470">
    <p class='ocr_par' dir='ltr' id='par_1_63' title="bbox 1870 4412 1919 4470">
     <span class='ocr_line' id='line_1_63' title="bbox 1870 4412 1919 4470; baseline 0 0"><span class='ocrx_word' id='word_1_486' title='bbox 1870 4412 1919 4470; x_wconf 82' lang='grc' dir='ltr'><strong>ο</strong></span> 
     </span>
    </p>
   </div>
   <div class='ocr_carea' id='block_1_64' title="bbox 1964 513 3555 589">
    <p class='ocr_par' dir='ltr' id='par_1_64' title="bbox 1964 513 3555 589">
     <span class='ocr_line' id='line_1_64' title="bbox 1964 513 3555 589; baseline 0.007 -22"><span class='ocrx_word' id='word_1_487' title='bbox 1964 513 2071 579; x_wconf 89' lang='lat' dir='ltr'><strong>nis,</strong></span> <span class='ocrx_word' id='word_1_488' title='bbox 2101 514 2349 584; x_wconf 88' lang='lat' dir='ltr'><strong>spiritum</strong></span> <span class='ocrx_word' id='word_1_489' title='bbox 2375 515 2618 572; x_wconf 75' lang='lat' dir='ltr'><strong>scientia:</strong></span> <span class='ocrx_word' id='word_1_490' title='bbox 2649 525 2707 572; x_wconf 92' lang='lat' dir='ltr'><strong>et</strong></span> <span class='ocrx_word' id='word_1_491' title='bbox 2746 517 2983 587; x_wconf 89' lang='lat' dir='ltr'><strong>pietatis,</strong></span> <span class='ocrx_word' id='word_1_492' title='bbox 3011 528 3066 573; x_wconf 90' lang='lat' dir='ltr'><strong>et</strong></span> <span class='ocrx_word' id='word_1_493' title='bbox 3108 519 3357 589; x_wconf 88' lang='lat' dir='ltr'><strong>spiritum</strong></span> <span class='ocrx_word' id='word_1_494' title='bbox 3388 522 3555 580; x_wconf 47' lang='lat' dir='ltr'><strong>timoa</strong></span> 
     </span>
    </p>
   </div>
   <div class='ocr_carea' id='block_1_65' title="bbox 1963 600 3559 680">
    <p class='ocr_par' dir='ltr' id='par_1_65' title="bbox 1963 600 3559 680">
     <span class='ocr_line' id='line_1_65' title="bbox 1963 600 3559 680; baseline 0.01 -26"><span class='ocrx_word' id='word_1_495' title='bbox 1963 600 2041 655; x_wconf 87' lang='lat' dir='ltr'><strong>ris</strong></span> <span class='ocrx_word' id='word_1_496' title='bbox 2067 601 2298 656; x_wconf 91' lang='lat' dir='ltr'><strong>Domini.</strong></span> <span class='ocrx_word' id='word_1_497' title='bbox 2351 603 2547 659; x_wconf 92' lang='lat' dir='ltr'><strong>Dicunt</strong></span> <span class='ocrx_word' id='word_1_498' title='bbox 2584 620 2816 676; x_wconf 90' lang='lat' dir='ltr'><strong>namque</strong></span> <span class='ocrx_word' id='word_1_499' title='bbox 2856 622 2953 676; x_wconf 91' lang='lat' dir='ltr'><strong>per</strong></span> <span class='ocrx_word' id='word_1_500' title='bbox 2992 608 3241 678; x_wconf 89' lang='lat' dir='ltr'><strong>spiritum</strong></span> <span class='ocrx_word' id='word_1_501' title='bbox 3271 613 3559 680; x_wconf 62' lang='lat' dir='ltr'><strong>sapientia</strong></span> 
     </span>
    </p>
   </div>
   <div class='ocr_carea' id='block_1_66' title="bbox 1963 691 3677 769">
    <p class='ocr_par' dir='ltr' id='par_1_66' title="bbox 1963 691 3677 769">
     <span class='ocr_line' id='line_1_66' title="bbox 1963 691 3677 769; baseline 0.008 -23"><span class='ocrx_word' id='word_1_502' title='bbox 1963 691 2155 748; x_wconf 89' lang='lat' dir='ltr'><strong>fecisse</strong></span> <span class='ocrx_word' id='word_1_503' title='bbox 2175 693 2344 748; x_wconf 91' lang='lat' dir='ltr'><strong>Deum</strong></span> <span class='ocrx_word' id='word_1_504' title='bbox 2378 696 2573 750; x_wconf 61' lang='lat' dir='ltr'><strong>caelum</strong></span> <span class='ocrx_word' id='word_1_505' title='bbox 2603 703 2658 751; x_wconf 93' lang='lat' dir='ltr'><strong>et</strong></span> <span class='ocrx_word' id='word_1_506' title='bbox 2683 703 2903 751; x_wconf 90' lang='lat' dir='ltr'><strong>terram.</strong></span> <span class='ocrx_word' id='word_1_507' title='bbox 2948 697 3051 753; x_wconf 88' lang='lat' dir='ltr'><strong>Per</strong></span> <span class='ocrx_word' id='word_1_508' title='bbox 3072 698 3321 769; x_wconf 88' lang='lat' dir='ltr'><strong>spiritum</strong></span> <span class='ocrx_word' id='word_1_509' title='bbox 3352 701 3551 759; x_wconf 87' lang='lat' dir='ltr'><strong>intelli—</strong></span> <span class='ocrx_word' id='word_1_510' title='bbox 3576 732 3581 735; x_wconf 86' lang='grc'><strong><em>-</em></strong></span> <span class='ocrx_word' id='word_1_511' title='bbox 3666 735 3677 745; x_wconf 69' lang='grc' dir='ltr'><strong><em>ο</em></strong></span> 
     </span>
    </p>
   </div>
   <div class='ocr_carea' id='block_1_67' title="bbox 1962 782 3547 860">
    <p class='ocr_par' dir='ltr' id='par_1_67' title="bbox 1962 782 3547 860">
     <span class='ocr_line' id='line_1_67' title="bbox 1962 782 3547 860; baseline 0.005 -21"><span class='ocrx_word' id='word_1_512' title='bbox 1962 784 2158 852; x_wconf 66' lang='lat' dir='ltr'><strong>sentiae</strong></span> <span class='ocrx_word' id='word_1_513' title='bbox 2194 782 2388 839; x_wconf 88' lang='lat' dir='ltr'><strong>fecisse</strong></span> <span class='ocrx_word' id='word_1_514' title='bbox 2416 784 2813 841; x_wconf 86' lang='lat' dir='ltr'><strong>firmamentum</strong></span> <span class='ocrx_word' id='word_1_515' title='bbox 2853 796 2908 842; x_wconf 89' lang='lat' dir='ltr'><strong>et</strong></span> <span class='ocrx_word' id='word_1_516' title='bbox 2942 804 3221 858; x_wconf 91' lang='lat' dir='ltr'><strong>separasse</strong></span> <span class='ocrx_word' id='word_1_517' title='bbox 3266 806 3435 860; x_wconf 82' lang='lat' dir='ltr'><strong>aquas</strong></span> <span class='ocrx_word' id='word_1_518' title='bbox 3478 794 3547 847; x_wconf 90' lang='lat' dir='ltr'><strong>ab</strong></span> 
     </span>
    </p>
   </div>
   <div class='ocr_carea' id='block_1_68' title="bbox 1962 873 3545 951">
    <p class='ocr_par' dir='ltr' id='par_1_68' title="bbox 1962 873 3545 951">
     <span class='ocr_line' id='line_1_68' title="bbox 1962 873 3545 951; baseline 0.008 -25"><span class='ocrx_word' id='word_1_519' title='bbox 1962 874 2136 942; x_wconf 88' lang='lat' dir='ltr'><strong>aquis.</strong></span> <span class='ocrx_word' id='word_1_520' title='bbox 2192 873 2298 928; x_wconf 86' lang='lat' dir='ltr'><strong>Per</strong></span> <span class='ocrx_word' id='word_1_521' title='bbox 2341 875 2591 945; x_wconf 86' lang='lat' dir='ltr'><strong>spiritum</strong></span> <span class='ocrx_word' id='word_1_522' title='bbox 2648 878 2859 933; x_wconf 90' lang='lat' dir='ltr'><strong>consilii</strong></span> <span class='ocrx_word' id='word_1_523' title='bbox 2907 894 3218 950; x_wconf 81' lang='lat' dir='ltr'><strong>segregasse</strong></span> <span class='ocrx_word' id='word_1_524' title='bbox 3263 896 3433 951; x_wconf 89' lang='lat' dir='ltr'><strong>aquas</strong></span> <span class='ocrx_word' id='word_1_525' title='bbox 3476 885 3545 939; x_wconf 86' lang='lat' dir='ltr'><strong>ab</strong></span> 
     </span>
    </p>
   </div>
   <div class='ocr_carea' id='block_1_69' title="bbox 1962 965 3541 1045">
    <p class='ocr_par' dir='ltr' id='par_1_69' title="bbox 1962 965 3541 1045">
     <span class='ocr_line' id='line_1_69' title="bbox 1962 965 3541 1045; baseline 0.006 -25"><span class='ocrx_word' id='word_1_526' title='bbox 1962 965 2147 1031; x_wconf 91' lang='lat' dir='ltr'><strong>arida,</strong></span> <span class='ocrx_word' id='word_1_527' title='bbox 2192 976 2249 1022; x_wconf 91' lang='lat' dir='ltr'><strong>et</strong></span> <span class='ocrx_word' id='word_1_528' title='bbox 2286 969 2591 1038; x_wconf 87' lang='lat' dir='ltr'><strong>germinare</strong></span> <span class='ocrx_word' id='word_1_529' title='bbox 2642 978 2838 1025; x_wconf 83' lang='lat' dir='ltr'><strong>terram</strong></span> <span class='ocrx_word' id='word_1_530' title='bbox 2883 970 3095 1027; x_wconf 85' lang='lat' dir='ltr'><strong>fecisse.</strong></span> <span class='ocrx_word' id='word_1_531' title='bbox 3148 972 3253 1028; x_wconf 88' lang='lat' dir='ltr'><strong>Per</strong></span> <span class='ocrx_word' id='word_1_532' title='bbox 3293 975 3541 1045; x_wconf 87' lang='lat' dir='ltr'><strong>spiritum</strong></span> 
     </span>
    </p>
   </div>
   <div class='ocr_carea' id='block_1_70' title="bbox 1961 1054 3548 1133">
    <p class='ocr_par' dir='ltr' id='par_1_70' title="bbox 1961 1054 3548 1133">
     <span class='ocr_line' id='line_1_70' title="bbox 1961 1054 3548 1133; baseline 0.007 -24"><span class='ocrx_word' id='word_1_533' title='bbox 1961 1054 2292 1111; x_wconf 87' lang='lat' dir='ltr'><strong>fortitudinis</strong></span> <span class='ocrx_word' id='word_1_534' title='bbox 2332 1058 2578 1128; x_wconf 85' lang='lat' dir='ltr'><strong>posuisse</strong></span> <span class='ocrx_word' id='word_1_535' title='bbox 2606 1058 2890 1114; x_wconf 83' lang='lat' dir='ltr'><strong>luminaria</strong></span> <span class='ocrx_word' id='word_1_536' title='bbox 2920 1060 2974 1113; x_wconf 91' lang='lat' dir='ltr'><strong>in</strong></span> <span class='ocrx_word' id='word_1_537' title='bbox 3014 1060 3354 1118; x_wconf 76' lang='lat' dir='ltr'><strong>firmamento</strong></span> <span class='ocrx_word' id='word_1_538' title='bbox 3397 1064 3548 1133; x_wconf 70' lang='lat' dir='ltr'><strong>cmli,</strong></span> 
     </span>
    </p>
   </div>
   <div class='ocr_carea' id='block_1_71' title="bbox 1961 1147 3548 1219">
    <p class='ocr_par' dir='ltr' id='par_1_71' title="bbox 1961 1147 3548 1219">
     <span class='ocr_line' id='line_1_71' title="bbox 1961 1147 3548 1219; baseline 0.006 -19"><span class='ocrx_word' id='word_1_539' title='bbox 1961 1153 2020 1200; x_wconf 92' lang='lat' dir='ltr'><strong>ut</strong></span> <span class='ocrx_word' id='word_1_540' title='bbox 2045 1147 2343 1201; x_wconf 85' lang='lat' dir='ltr'><strong>dividerent</strong></span> <span class='ocrx_word' id='word_1_541' title='bbox 2368 1148 2508 1202; x_wconf 88' lang='lat' dir='ltr'><strong>diem</strong></span> <span class='ocrx_word' id='word_1_542' title='bbox 2532 1164 2597 1201; x_wconf 90' lang='lat' dir='ltr'><strong>ac</strong></span> <span class='ocrx_word' id='word_1_543' title='bbox 2620 1156 2854 1202; x_wconf 89' lang='lat' dir='ltr'><strong>noctem.</strong></span> <span class='ocrx_word' id='word_1_544' title='bbox 2889 1148 2993 1203; x_wconf 89' lang='lat' dir='ltr'><strong>Per</strong></span> <span class='ocrx_word' id='word_1_545' title='bbox 3016 1150 3265 1219; x_wconf 88' lang='lat' dir='ltr'><strong>spiritum</strong></span> <span class='ocrx_word' id='word_1_546' title='bbox 3303 1152 3548 1209; x_wconf 63' lang='lat' dir='ltr'><strong>scientiae</strong></span> 
     </span>
    </p>
   </div>
   <div class='ocr_carea' id='block_1_72' title="bbox 1960 1236 3541 1305">
    <p class='ocr_par' dir='ltr' id='par_1_72' title="bbox 1960 1236 3541 1305">
     <span class='ocr_line' id='line_1_72' title="bbox 1960 1236 3541 1305; baseline 0.007 -17"><span class='ocrx_word' id='word_1_547' title='bbox 1960 1251 2155 1290; x_wconf 89' lang='lat' dir='ltr'><strong>ornare</strong></span> <span class='ocrx_word' id='word_1_548' title='bbox 2198 1251 2366 1305; x_wconf 89' lang='lat' dir='ltr'><strong>aquas</strong></span> <span class='ocrx_word' id='word_1_549' title='bbox 2394 1236 2461 1291; x_wconf 92' lang='lat' dir='ltr'><strong>de</strong></span> <span class='ocrx_word' id='word_1_550' title='bbox 2500 1237 2780 1305; x_wconf 89' lang='lat' dir='ltr'><strong>reptilibus</strong></span> <span class='ocrx_word' id='word_1_551' title='bbox 2816 1248 2872 1293; x_wconf 84' lang='lat' dir='ltr'><strong>et</strong></span> <span class='ocrx_word' id='word_1_552' title='bbox 2898 1254 3080 1294; x_wconf 88' lang='lat' dir='ltr'><strong>aerem</strong></span> <span class='ocrx_word' id='word_1_553' title='bbox 3124 1241 3190 1296; x_wconf 87' lang='lat' dir='ltr'><strong>de</strong></span> <span class='ocrx_word' id='word_1_554' title='bbox 3215 1242 3541 1299; x_wconf 89' lang='lat' dir='ltr'><strong>volatilibus.</strong></span> 
     </span>
    </p>
   </div>
   <div class='ocr_carea' id='block_1_73' title="bbox 1959 1328 3544 1399">
    <p class='ocr_par' dir='ltr' id='par_1_73' title="bbox 1959 1328 3544 1399">
     <span class='ocr_line' id='line_1_73' title="bbox 1959 1328 3544 1399; baseline 0.004 -16"><span class='ocrx_word' id='word_1_555' title='bbox 1959 1329 2063 1383; x_wconf 88' lang='lat' dir='ltr'><strong>Per</strong></span> <span class='ocrx_word' id='word_1_556' title='bbox 2087 1329 2334 1397; x_wconf 89' lang='lat' dir='ltr'><strong>spiritum</strong></span> <span class='ocrx_word' id='word_1_557' title='bbox 2360 1328 2583 1397; x_wconf 90' lang='lat' dir='ltr'><strong>pietatis</strong></span> <span class='ocrx_word' id='word_1_558' title='bbox 2618 1330 2817 1385; x_wconf 89' lang='lat' dir='ltr'><strong>vestire</strong></span> <span class='ocrx_word' id='word_1_559' title='bbox 2862 1339 3061 1386; x_wconf 88' lang='lat' dir='ltr'><strong>terram</strong></span> <span class='ocrx_word' id='word_1_560' title='bbox 3089 1333 3154 1387; x_wconf 89' lang='lat' dir='ltr'><strong>de</strong></span> <span class='ocrx_word' id='word_1_561' title='bbox 3198 1334 3544 1399; x_wconf 87' lang='lat' dir='ltr'><strong>animalibus,</strong></span> 
     </span>
    </p>
   </div>
   <div class='ocr_carea' id='block_1_74' title="bbox 1958 1422 3543 1496">
    <p class='ocr_par' dir='ltr' id='par_1_74' title="bbox 1958 1422 3543 1496">
     <span class='ocr_line' id='line_1_74' title="bbox 1958 1422 3543 1496; baseline 0.003 -19"><span class='ocrx_word' id='word_1_562' title='bbox 1958 1431 2013 1477; x_wconf 91' lang='lat' dir='ltr'><strong>et</strong></span> <span class='ocrx_word' id='word_1_563' title='bbox 2036 1422 2309 1476; x_wconf 89' lang='lat' dir='ltr'><strong>hominem</strong></span> <span class='ocrx_word' id='word_1_564' title='bbox 2347 1437 2536 1477; x_wconf 89' lang='lat' dir='ltr'><strong>creare</strong></span> <span class='ocrx_word' id='word_1_565' title='bbox 2581 1430 2637 1477; x_wconf 92' lang='lat' dir='ltr'><strong>et</strong></span> <span class='ocrx_word' id='word_1_566' title='bbox 2669 1432 2864 1479; x_wconf 65' lang='lat' dir='ltr'><strong>canem</strong></span> <span class='ocrx_word' id='word_1_567' title='bbox 2908 1440 3028 1494; x_wconf 66' lang='lat' dir='ltr'><strong>qua:</strong></span> <span class='ocrx_word' id='word_1_568' title='bbox 3069 1435 3386 1496; x_wconf 88' lang='lat' dir='ltr'><strong>sequuntur.</strong></span> <span class='ocrx_word' id='word_1_569' title='bbox 3441 1427 3543 1483; x_wconf 89' lang='lat' dir='ltr'><strong>Per</strong></span> 
     </span>
    </p>
   </div>
   <div class='ocr_carea' id='block_1_75' title="bbox 1958 1514 3544 1589">
    <p class='ocr_par' dir='ltr' id='par_1_75' title="bbox 1958 1514 3544 1589">
     <span class='ocr_line' id='line_1_75' title="bbox 1958 1514 3544 1589; baseline 0.005 -21"><span class='ocrx_word' id='word_1_570' title='bbox 1958 1514 2206 1582; x_wconf 88' lang='lat' dir='ltr'><strong>spiritum</strong></span> <span class='ocrx_word' id='word_1_571' title='bbox 2238 1514 2449 1570; x_wconf 90' lang='lat' dir='ltr'><strong>timoris</strong></span> <span class='ocrx_word' id='word_1_572' title='bbox 2469 1515 2681 1571; x_wconf 90' lang='lat' dir='ltr'><strong>Domini</strong></span> <span class='ocrx_word' id='word_1_573' title='bbox 2713 1517 2798 1571; x_wconf 90' lang='lat' dir='ltr'><strong>die</strong></span> <span class='ocrx_word' id='word_1_574' title='bbox 2821 1518 3051 1589; x_wconf 88' lang='lat' dir='ltr'><strong>septimo</strong></span> <span class='ocrx_word' id='word_1_575' title='bbox 3073 1534 3208 1587; x_wconf 90' lang='lat' dir='ltr'><strong>opus</strong></span> <span class='ocrx_word' id='word_1_576' title='bbox 3238 1535 3394 1575; x_wconf 91' lang='lat' dir='ltr'><strong>suum</strong></span> <span class='ocrx_word' id='word_1_577' title='bbox 3419 1536 3544 1576; x_wconf 77' lang='lat' dir='ltr'><strong>san.—</strong></span> 
     </span>
    </p>
   </div>
   <div class='ocr_carea' id='block_1_76' title="bbox 1958 1602 2250 1659">
    <p class='ocr_par' dir='ltr' id='par_1_76' title="bbox 1958 1602 2250 1659">
     <span class='ocr_line' id='line_1_76' title="bbox 1958 1602 2250 1659; baseline -0.017 0"><span class='ocrx_word' id='word_1_578' title='bbox 1958 1602 2250 1659; x_wconf 80' lang='lat' dir='ltr'><strong>ctiﬂcasse.</strong></span> 
     </span>
    </p>
   </div>
   <div class='ocr_carea' id='block_1_77' title="bbox 2026 1691 3543 1768">
    <p class='ocr_par' dir='ltr' id='par_1_77' title="bbox 2026 1691 3543 1768">
     <span class='ocr_line' id='line_1_77' title="bbox 2026 1691 3543 1768; baseline 0.006 -22"><span class='ocrx_word' id='word_1_579' title='bbox 2026 1691 2103 1747; x_wconf 87' lang='lat' dir='ltr'><strong>Ita</strong></span> <span class='ocrx_word' id='word_1_580' title='bbox 2131 1700 2186 1747; x_wconf 92' lang='lat' dir='ltr'><strong>et</strong></span> <span class='ocrx_word' id='word_1_581' title='bbox 2211 1708 2311 1748; x_wconf 91' lang='lat' dir='ltr'><strong>nos</strong></span> <span class='ocrx_word' id='word_1_582' title='bbox 2332 1692 2591 1749; x_wconf 90' lang='lat' dir='ltr'><strong>debemus</strong></span> <span class='ocrx_word' id='word_1_583' title='bbox 2619 1694 2720 1750; x_wconf 88' lang='lat' dir='ltr'><strong>ista</strong></span> <span class='ocrx_word' id='word_1_584' title='bbox 2759 1703 2964 1764; x_wconf 75' lang='lat' dir='ltr'><strong>septem</strong></span> <span class='ocrx_word' id='word_1_585' title='bbox 2994 1698 3133 1753; x_wconf 88' lang='lat' dir='ltr'><strong>dona</strong></span> <span class='ocrx_word' id='word_1_586' title='bbox 3161 1698 3393 1768; x_wconf 82' lang='lat' dir='ltr'><strong>Spiritus</strong></span> <span class='ocrx_word' id='word_1_587' title='bbox 3417 1715 3543 1756; x_wconf 82' lang='lat' dir='ltr'><strong>san-</strong></span> 
     </span>
    </p>
   </div>
   <div class='ocr_carea' id='block_1_78' title="bbox 1958 1783 3542 1862">
    <p class='ocr_par' dir='ltr' id='par_1_78' title="bbox 1958 1783 3542 1862">
     <span class='ocr_line' id='line_1_78' title="bbox 1958 1783 3542 1862; baseline 0.005 -24"><span class='ocrx_word' id='word_1_588' title='bbox 1958 1783 2030 1838; x_wconf 90' lang='lat' dir='ltr'><strong>cti</strong></span> <span class='ocrx_word' id='word_1_589' title='bbox 2059 1783 2111 1837; x_wconf 90' lang='lat' dir='ltr'><strong>in</strong></span> <span class='ocrx_word' id='word_1_590' title='bbox 2148 1784 2303 1838; x_wconf 84' lang='lat' dir='ltr'><strong>nobis</strong></span> <span class='ocrx_word' id='word_1_591' title='bbox 2328 1784 2547 1840; x_wconf 88' lang='lat' dir='ltr'><strong>imitari.</strong></span> <span class='ocrx_word' id='word_1_592' title='bbox 2596 1785 2699 1841; x_wconf 91' lang='lat' dir='ltr'><strong>Per</strong></span> <span class='ocrx_word' id='word_1_593' title='bbox 2724 1786 2975 1857; x_wconf 90' lang='lat' dir='ltr'><strong>spiritum</strong></span> <span class='ocrx_word' id='word_1_594' title='bbox 3003 1804 3233 1860; x_wconf 87' lang='lat' dir='ltr'><strong>namque</strong></span> <span class='ocrx_word' id='word_1_595' title='bbox 3259 1791 3542 1862; x_wconf 74' lang='lat' dir='ltr'><strong>sapientiae</strong></span> 
     </span>
    </p>
   </div>
   <div class='ocr_carea' id='block_1_79' title="bbox 1956 1875 3542 1943">
    <p class='ocr_par' dir='ltr' id='par_1_79' title="bbox 1956 1875 3542 1943">
     <span class='ocr_line' id='line_1_79' title="bbox 1956 1875 3542 1943; baseline 0.004 -13"><span class='ocrx_word' id='word_1_596' title='bbox 1956 1875 2151 1930; x_wconf 64' lang='lat' dir='ltr'><strong>caelum</strong></span> <span class='ocrx_word' id='word_1_597' title='bbox 2177 1882 2231 1929; x_wconf 91' lang='lat' dir='ltr'><strong>et</strong></span> <span class='ocrx_word' id='word_1_598' title='bbox 2259 1883 2460 1931; x_wconf 88' lang='lat' dir='ltr'><strong>terram</strong></span> <span class='ocrx_word' id='word_1_599' title='bbox 2489 1875 2698 1943; x_wconf 89' lang='lat' dir='ltr'><strong>facere,</strong></span> <span class='ocrx_word' id='word_1_600' title='bbox 2746 1879 2801 1934; x_wconf 92' lang='lat' dir='ltr'><strong>id</strong></span> <span class='ocrx_word' id='word_1_601' title='bbox 2826 1887 2908 1935; x_wconf 90' lang='lat' dir='ltr'><strong>est</strong></span> <span class='ocrx_word' id='word_1_602' title='bbox 2936 1880 3177 1936; x_wconf 73' lang='lat' dir='ltr'><strong>cmlestia</strong></span> <span class='ocrx_word' id='word_1_603' title='bbox 3207 1880 3457 1935; x_wconf 87' lang='lat' dir='ltr'><strong>meditari</strong></span> <span class='ocrx_word' id='word_1_604' title='bbox 3486 1889 3542 1936; x_wconf 91' lang='lat' dir='ltr'><strong>et</strong></span> 
     </span>
    </p>
   </div>
   <div class='ocr_carea' id='block_1_80' title="bbox 1956 1968 3539 2043">
    <p class='ocr_par' dir='ltr' id='par_1_80' title="bbox 1956 1968 3539 2043">
     <span class='ocr_line' id='line_1_80' title="bbox 1956 1968 3539 2043; baseline 0.006 -21"><span class='ocrx_word' id='word_1_605' title='bbox 1956 1975 2170 2023; x_wconf 90' lang='lat' dir='ltr'><strong>terrena</strong></span> <span class='ocrx_word' id='word_1_606' title='bbox 2201 1968 2596 2039; x_wconf 89' lang='lat' dir='ltr'><strong>derelinquere,</strong></span> <span class='ocrx_word' id='word_1_607' title='bbox 2622 1970 2707 2025; x_wconf 87' lang='lat' dir='ltr'><strong>vel</strong></span> <span class='ocrx_word' id='word_1_608' title='bbox 2732 1971 2906 2027; x_wconf 88' lang='lat' dir='ltr'><strong>lucem</strong></span> <span class='ocrx_word' id='word_1_609' title='bbox 2928 1989 2958 2027; x_wconf 89' lang='lat' dir='ltr'><strong>a</strong></span> <span class='ocrx_word' id='word_1_610' title='bbox 2986 1974 3223 2029; x_wconf 91' lang='lat' dir='ltr'><strong>tenebris</strong></span> <span class='ocrx_word' id='word_1_611' title='bbox 3264 1989 3539 2043; x_wconf 88' lang='lat' dir='ltr'><strong>separare,</strong></span> 
     </span>
    </p>
   </div>
   <div class='ocr_carea' id='block_1_81' title="bbox 1955 2058 3538 2134">
    <p class='ocr_par' dir='ltr' id='par_1_81' title="bbox 1955 2058 3538 2134">
     <span class='ocr_line' id='line_1_81' title="bbox 1955 2058 3538 2134; baseline 0.005 -21"><span class='ocrx_word' id='word_1_612' title='bbox 1955 2058 2010 2114; x_wconf 92' lang='lat' dir='ltr'><strong>id</strong></span> <span class='ocrx_word' id='word_1_613' title='bbox 2049 2068 2132 2114; x_wconf 88' lang='lat' dir='ltr'><strong>est</strong></span> <span class='ocrx_word' id='word_1_614' title='bbox 2170 2072 2335 2130; x_wconf 87' lang='lat' dir='ltr'><strong>opera</strong></span> <span class='ocrx_word' id='word_1_615' title='bbox 2383 2067 2570 2116; x_wconf 89' lang='lat' dir='ltr'><strong>nostra</strong></span> <span class='ocrx_word' id='word_1_616' title='bbox 2608 2061 2847 2130; x_wconf 90' lang='lat' dir='ltr'><strong>perfecta</strong></span> <span class='ocrx_word' id='word_1_617' title='bbox 2878 2079 2909 2118; x_wconf 90' lang='lat' dir='ltr'><strong>a</strong></span> <span class='ocrx_word' id='word_1_618' title='bbox 2958 2065 3197 2120; x_wconf 89' lang='lat' dir='ltr'><strong>tenebris</strong></span> <span class='ocrx_word' id='word_1_619' title='bbox 3247 2078 3538 2134; x_wconf 89' lang='lat' dir='ltr'><strong>pravorum</strong></span> 
     </span>
    </p>
   </div>
   <div class='ocr_carea' id='block_1_82' title="bbox 2058 2161 2197 2204">
    <p class='ocr_par' dir='ltr' id='par_1_82' title="bbox 2058 2161 2197 2204">
     <span class='ocr_line' id='line_1_82' title="bbox 2058 2161 2197 2204; baseline -0.007 0"><span class='ocrx_word' id='word_1_620' title='bbox 2058 2161 2197 2204; x_wconf 86' lang='lat' dir='ltr'><strong>rum.</strong></span> 
     </span>
    </p>
   </div>
   <div class='ocr_carea' id='block_1_83' title="bbox 1953 2164 3532 2312">
    <p class='ocr_par' dir='ltr' id='par_1_83' title="bbox 1953 2164 3532 2312">
     <span class='ocr_line' id='line_1_83' title="bbox 2058 2164 2197 2204; baseline -0.007 0"><span class='ocrx_word' id='word_1_621' title='bbox 2058 2164 2197 2204; x_wconf 89' lang='lat' dir='ltr'><strong>rum.</strong></span> 
     </span>
     <span class='ocr_line' id='line_1_84' title="bbox 1953 2164 3532 2312; baseline 0.003 -18"><span class='ocrx_word' id='word_1_622' title='bbox 1953 2164 2128 2294; x_wconf 55' lang='lat' dir='ltr'><strong>0pf’er</strong></span> <span class='ocrx_word' id='word_1_623' title='bbox 2154 2217 2401 2308; x_wconf 50' lang='lat' dir='ltr'><strong>spiiitum</strong></span> <span class='ocrx_word' id='word_1_624' title='bbox 2431 2240 2797 2312; x_wconf 73' lang='lat' dir='ltr'><strong>intelligentiae</strong></span> <span class='ocrx_word' id='word_1_625' title='bbox 2844 2242 3102 2299; x_wconf 89' lang='lat' dir='ltr'><strong>debemus</strong></span> <span class='ocrx_word' id='word_1_626' title='bbox 3129 2241 3310 2299; x_wconf 85' lang='lat' dir='ltr'><strong>facere</strong></span> <span class='ocrx_word' id='word_1_627' title='bbox 3346 2244 3532 2299; x_wconf 80' lang='lat' dir='ltr'><strong>firma-</strong></span> 
     </span>
    </p>
   </div>
   <div class='ocr_carea' id='block_1_84' title="bbox 1954 2330 3535 2403">
    <p class='ocr_par' dir='ltr' id='par_1_84' title="bbox 1954 2330 3535 2403">
     <span class='ocr_line' id='line_1_85' title="bbox 1954 2330 3535 2403; baseline 0.003 -18"><span class='ocrx_word' id='word_1_628' title='bbox 1954 2339 2195 2385; x_wconf 88' lang='lat' dir='ltr'><strong>mentum</strong></span> <span class='ocrx_word' id='word_1_629' title='bbox 2220 2331 2362 2387; x_wconf 90' lang='lat' dir='ltr'><strong>inter</strong></span> <span class='ocrx_word' id='word_1_630' title='bbox 2388 2347 2558 2401; x_wconf 89' lang='lat' dir='ltr'><strong>aquas</strong></span> <span class='ocrx_word' id='word_1_631' title='bbox 2586 2330 2872 2388; x_wconf 89' lang='lat' dir='ltr'><strong>inferiores</strong></span> <span class='ocrx_word' id='word_1_632' title='bbox 2895 2342 2951 2388; x_wconf 92' lang='lat' dir='ltr'><strong>et</strong></span> <span class='ocrx_word' id='word_1_633' title='bbox 2993 2335 3315 2403; x_wconf 83' lang='lat' dir='ltr'><strong>superiores,</strong></span> <span class='ocrx_word' id='word_1_634' title='bbox 3359 2336 3411 2389; x_wconf 93' lang='lat' dir='ltr'><strong>id</strong></span> <span class='ocrx_word' id='word_1_635' title='bbox 3453 2345 3535 2390; x_wconf 92' lang='lat' dir='ltr'><strong>est</strong></span> 
     </span>
    </p>
   </div>
   <div class='ocr_carea' id='block_1_85' title="bbox 1953 2422 3528 2491">
    <p class='ocr_par' dir='ltr' id='par_1_85' title="bbox 1953 2422 3528 2491">
     <span class='ocr_line' id='line_1_86' title="bbox 1953 2422 3528 2491; baseline 0.003 -14"><span class='ocrx_word' id='word_1_636' title='bbox 1953 2422 2288 2491; x_wconf 88' lang='lat' dir='ltr'><strong>disciplinam</strong></span> <span class='ocrx_word' id='word_1_637' title='bbox 2316 2432 2559 2480; x_wconf 90' lang='lat' dir='ltr'><strong>sanctam</strong></span> <span class='ocrx_word' id='word_1_638' title='bbox 2592 2426 2733 2481; x_wconf 89' lang='lat' dir='ltr'><strong>inter</strong></span> <span class='ocrx_word' id='word_1_639' title='bbox 2767 2425 2894 2480; x_wconf 90' lang='lat' dir='ltr'><strong>vitia</strong></span> <span class='ocrx_word' id='word_1_640' title='bbox 2923 2434 2977 2480; x_wconf 91' lang='lat' dir='ltr'><strong>et</strong></span> <span class='ocrx_word' id='word_1_641' title='bbox 3017 2426 3243 2480; x_wconf 84' lang='lat' dir='ltr'><strong>virtutes</strong></span> <span class='ocrx_word' id='word_1_642' title='bbox 3264 2467 3279 2491; x_wconf 93' lang='lat'><strong>,</strong></span> <span class='ocrx_word' id='word_1_643' title='bbox 3319 2434 3379 2480; x_wconf 95' lang='lat' dir='ltr'><strong>ut</strong></span> <span class='ocrx_word' id='word_1_644' title='bbox 3418 2443 3528 2483; x_wconf 90' lang='lat' dir='ltr'><strong>non</strong></span> 
     </span>
    </p>
   </div>
   <div class='ocr_carea' id='block_1_86' title="bbox 1952 2511 2547 2568">
    <p class='ocr_par' dir='ltr' id='par_1_86' title="bbox 1952 2511 2547 2568">
     <span class='ocr_line' id='line_1_87' title="bbox 1952 2511 2547 2568; baseline -0.002 -1"><span class='ocrx_word' id='word_1_645' title='bbox 1952 2511 2281 2567; x_wconf 87' lang='lat' dir='ltr'><strong>declinemus</strong></span> <span class='ocrx_word' id='word_1_646' title='bbox 2304 2513 2372 2568; x_wconf 89' lang='lat' dir='ltr'><strong>ad</strong></span> <span class='ocrx_word' id='word_1_647' title='bbox 2398 2513 2547 2568; x_wconf 91' lang='lat' dir='ltr'><strong>vitia.</strong></span> 
     </span>
    </p>
   </div>
   <div class='ocr_carea' id='block_1_87' title="bbox 2021 2601 3577 2686">
    <p class='ocr_par' dir='ltr' id='par_1_87' title="bbox 2021 2601 3577 2686">
     <span class='ocr_line' id='line_1_88' title="bbox 2021 2601 3577 2686; baseline 0.003 -30"><span class='ocrx_word' id='word_1_648' title='bbox 2021 2601 2126 2656; x_wconf 86' lang='lat' dir='ltr'><strong>Per</strong></span> <span class='ocrx_word' id='word_1_649' title='bbox 2151 2602 2398 2671; x_wconf 90' lang='lat' dir='ltr'><strong>spiritum</strong></span> <span class='ocrx_word' id='word_1_650' title='bbox 2438 2604 2648 2661; x_wconf 84' lang='lat' dir='ltr'><strong>consilii</strong></span> <span class='ocrx_word' id='word_1_651' title='bbox 2698 2605 2955 2660; x_wconf 91' lang='lat' dir='ltr'><strong>debemus</strong></span> <span class='ocrx_word' id='word_1_652' title='bbox 2982 2620 3150 2674; x_wconf 88' lang='lat' dir='ltr'><strong>aquas</strong></span> <span class='ocrx_word' id='word_1_653' title='bbox 3176 2619 3431 2676; x_wconf 87' lang='lat' dir='ltr'><strong>separare</strong></span> <span class='ocrx_word' id='word_1_654' title='bbox 3463 2604 3535 2661; x_wconf 82' lang='lat' dir='ltr'><strong>ab</strong></span> <span class='ocrx_word' id='word_1_655' title='bbox 3569 2678 3577 2686; x_wconf 86' lang='lat'>_</span> 
     </span>
    </p>
   </div>
   <div class='ocr_carea' id='block_1_88' title="bbox 1951 2693 3531 2768">
    <p class='ocr_par' dir='ltr' id='par_1_88' title="bbox 1951 2693 3531 2768">
     <span class='ocr_line' id='line_1_89' title="bbox 1951 2693 3531 2768; baseline 0.004 -20"><span class='ocrx_word' id='word_1_656' title='bbox 1951 2694 2124 2761; x_wconf 88' lang='lat' dir='ltr'><strong>arida,</strong></span> <span class='ocrx_word' id='word_1_657' title='bbox 2170 2695 2224 2749; x_wconf 90' lang='lat' dir='ltr'><strong>id</strong></span> <span class='ocrx_word' id='word_1_658' title='bbox 2267 2704 2351 2751; x_wconf 92' lang='lat' dir='ltr'><strong>est</strong></span> <span class='ocrx_word' id='word_1_659' title='bbox 2396 2696 2641 2752; x_wconf 88' lang='lat' dir='ltr'><strong>homines</strong></span> <span class='ocrx_word' id='word_1_660' title='bbox 2694 2698 2953 2768; x_wconf 77' lang='lat' dir='ltr'><strong>reprobus</strong></span> <span class='ocrx_word' id='word_1_661' title='bbox 2994 2699 3063 2754; x_wconf 89' lang='lat' dir='ltr'><strong>ab</strong></span> <span class='ocrx_word' id='word_1_662' title='bbox 3108 2697 3288 2752; x_wconf 91' lang='lat' dir='ltr'><strong>anima</strong></span> <span class='ocrx_word' id='word_1_663' title='bbox 3323 2693 3531 2754; x_wconf 77' lang='lat' dir='ltr'><strong>sitienti</strong></span> 
     </span>
    </p>
   </div>
   <div class='ocr_carea' id='block_1_89' title="bbox 1952 2786 2313 2841">
    <p class='ocr_par' dir='ltr' id='par_1_89' title="bbox 1952 2786 2313 2841">
     <span class='ocr_line' id='line_1_90' title="bbox 1952 2786 2313 2841; baseline 0.003 -2"><span class='ocrx_word' id='word_1_664' title='bbox 1952 2787 2173 2841; x_wconf 88' lang='lat' dir='ltr'><strong>verbum</strong></span> <span class='ocrx_word' id='word_1_665' title='bbox 2198 2786 2313 2841; x_wconf 80' lang='lat' dir='ltr'><strong>Dei.</strong></span> 
     </span>
    </p>
   </div>
   <div class='ocr_carea' id='block_1_90' title="bbox 2019 2897 3533 2969">
    <p class='ocr_par' dir='ltr' id='par_1_90' title="bbox 2019 2897 3533 2969">
     <span class='ocr_line' id='line_1_91' title="bbox 2019 2897 3533 2969; baseline 0.001 -16"><span class='ocrx_word' id='word_1_666' title='bbox 2019 2897 2124 2953; x_wconf 88' lang='lat' dir='ltr'><strong>Per</strong></span> <span class='ocrx_word' id='word_1_667' title='bbox 2150 2898 2396 2968; x_wconf 90' lang='lat' dir='ltr'><strong>spiritum</strong></span> <span class='ocrx_word' id='word_1_668' title='bbox 2425 2898 2756 2955; x_wconf 84' lang='lat' dir='ltr'><strong>fortitudinis</strong></span> <span class='ocrx_word' id='word_1_669' title='bbox 2783 2899 3039 2956; x_wconf 89' lang='lat' dir='ltr'><strong>debemus</strong></span> <span class='ocrx_word' id='word_1_670' title='bbox 3072 2914 3273 2969; x_wconf 87' lang='lat' dir='ltr'><strong>ponere</strong></span> <span class='ocrx_word' id='word_1_671' title='bbox 3296 2899 3533 2955; x_wconf 86' lang='lat' dir='ltr'><strong>lumina-</strong></span> 
     </span>
    </p>
   </div>
   <div class='ocr_carea' id='block_1_91' title="bbox 1949 2989 3533 3052">
    <p class='ocr_par' dir='ltr' id='par_1_91' title="bbox 1949 2989 3533 3052">
     <span class='ocr_line' id='line_1_92' title="bbox 1949 2989 3533 3052; baseline 0.001 -8"><span class='ocrx_word' id='word_1_672' title='bbox 1949 2989 2029 3045; x_wconf 89' lang='lat' dir='ltr'><strong>ria</strong></span> <span class='ocrx_word' id='word_1_673' title='bbox 2067 2991 2121 3044; x_wconf 91' lang='lat' dir='ltr'><strong>in</strong></span> <span class='ocrx_word' id='word_1_674' title='bbox 2154 2989 2497 3044; x_wconf 80' lang='lat' dir='ltr'><strong>firmamento</strong></span> <span class='ocrx_word' id='word_1_675' title='bbox 2536 2990 2678 3052; x_wconf 82' lang='lat' dir='ltr'><strong>coeli,</strong></span> <span class='ocrx_word' id='word_1_676' title='bbox 2727 2990 2782 3045; x_wconf 91' lang='lat' dir='ltr'><strong>id</strong></span> <span class='ocrx_word' id='word_1_677' title='bbox 2825 3000 2910 3045; x_wconf 90' lang='lat' dir='ltr'><strong>est</strong></span> <span class='ocrx_word' id='word_1_678' title='bbox 2951 2990 3296 3046; x_wconf 81' lang='lat' dir='ltr'><strong>dilectionem</strong></span> <span class='ocrx_word' id='word_1_679' title='bbox 3340 2989 3437 3045; x_wconf 91' lang='lat' dir='ltr'><strong>Dei</strong></span> <span class='ocrx_word' id='word_1_680' title='bbox 3477 2998 3533 3046; x_wconf 90' lang='lat' dir='ltr'><strong>et</strong></span> 
     </span>
    </p>
   </div>
   <div class='ocr_carea' id='block_1_92' title="bbox 1873 3077 3533 3149">
    <p class='ocr_par' dir='ltr' id='par_1_92' title="bbox 1873 3077 3533 3149">
     <span class='ocr_line' id='line_1_93' title="bbox 1873 3077 3533 3149; baseline 0.001 -17"><span class='ocrx_word' id='word_1_681' title='bbox 1873 3086 1919 3146; x_wconf 66' lang='grc' dir='ltr'>(ι</span> <span class='ocrx_word' id='word_1_682' title='bbox 1948 3078 2208 3148; x_wconf 75' lang='lat' dir='ltr'><strong>proximi,</strong></span> <span class='ocrx_word' id='word_1_683' title='bbox 2254 3078 2379 3148; x_wconf 89' lang='lat' dir='ltr'><strong>quia</strong></span> <span class='ocrx_word' id='word_1_684' title='bbox 2418 3078 2554 3133; x_wconf 78' lang='lat' dir='ltr'><strong>dixit</strong></span> <span class='ocrx_word' id='word_1_685' title='bbox 2591 3078 2647 3134; x_wconf 90' lang='lat' dir='ltr'><strong>S.</strong></span> <span class='ocrx_word' id='word_1_686' title='bbox 2680 3077 2956 3135; x_wconf 84' lang='lat' dir='ltr'><strong>Joannes:</strong></span> <span class='ocrx_word' id='word_1_687' title='bbox 3004 3078 3109 3145; x_wconf 84' lang='lat' dir='ltr'><strong>Qui</strong></span> <span class='ocrx_word' id='word_1_688' title='bbox 3155 3080 3265 3134; x_wconf 84' lang='lat' dir='ltr'><strong>odit</strong></span> <span class='ocrx_word' id='word_1_689' title='bbox 3312 3080 3533 3149; x_wconf 73' lang='lat' dir='ltr'><strong>fratrem</strong></span> 
     </span>
    </p>
   </div>
   <div class='ocr_carea' id='block_1_93' title="bbox 1946 3168 3027 3241">
    <p class='ocr_par' dir='ltr' id='par_1_93' title="bbox 1946 3168 3027 3241">
     <span class='ocr_line' id='line_1_94' title="bbox 1946 3168 3027 3241; baseline 0 -19"><span class='ocrx_word' id='word_1_690' title='bbox 1946 3184 2121 3232; x_wconf 85' lang='lat' dir='ltr'><strong>suum,</strong></span> <span class='ocrx_word' id='word_1_691' title='bbox 2150 3169 2206 3221; x_wconf 90' lang='lat' dir='ltr'><strong>in</strong></span> <span class='ocrx_word' id='word_1_692' title='bbox 2231 3168 2451 3223; x_wconf 86' lang='lat' dir='ltr'><strong>tenebris</strong></span> <span class='ocrx_word' id='word_1_693' title='bbox 2478 3178 2552 3223; x_wconf 87' lang='lat' dir='ltr'><strong>est</strong></span> <span class='ocrx_word' id='word_1_694' title='bbox 2583 3168 2637 3240; x_wconf 91' lang='grc' dir='ltr'><strong>(Ι</strong></span> <span class='ocrx_word' id='word_1_695' title='bbox 2663 3169 2838 3224; x_wconf 63' lang='grc' dir='ltr'>Ιοιηπ</span> <span class='ocrx_word' id='word_1_696' title='bbox 2861 3187 2922 3233; x_wconf 86' lang='grc' dir='ltr'>ιι,</span> <span class='ocrx_word' id='word_1_697' title='bbox 2958 3170 3027 3241; x_wconf 86' lang='lat' dir='ltr'><strong>l).</strong></span> 
     </span>
    </p>
   </div>
   <div class='ocr_carea' id='block_1_94' title="bbox 2018 3256 3532 3327">
    <p class='ocr_par' dir='ltr' id='par_1_94' title="bbox 2018 3256 3532 3327">
     <span class='ocr_line' id='line_1_95' title="bbox 2018 3256 3532 3327; baseline 0.003 -17"><span class='ocrx_word' id='word_1_698' title='bbox 2018 3256 2119 3310; x_wconf 86' lang='lat' dir='ltr'><strong>Per</strong></span> <span class='ocrx_word' id='word_1_699' title='bbox 2154 3257 2399 3324; x_wconf 91' lang='lat' dir='ltr'><strong>spiritum</strong></span> <span class='ocrx_word' id='word_1_700' title='bbox 2446 3258 2685 3312; x_wconf 76' lang='lat' dir='ltr'><strong>scientiae</strong></span> <span class='ocrx_word' id='word_1_701' title='bbox 2727 3258 2985 3313; x_wconf 89' lang='lat' dir='ltr'><strong>debemus</strong></span> <span class='ocrx_word' id='word_1_702' title='bbox 3032 3273 3201 3327; x_wconf 83' lang='lat' dir='ltr'><strong>aquas</strong></span> <span class='ocrx_word' id='word_1_703' title='bbox 3227 3272 3431 3314; x_wconf 89' lang='lat' dir='ltr'><strong>ornare</strong></span> <span class='ocrx_word' id='word_1_704' title='bbox 3463 3259 3532 3313; x_wconf 82' lang='lat' dir='ltr'><strong>de</strong></span> 
     </span>
    </p>
   </div>
   <div class='ocr_carea' id='block_1_95' title="bbox 1945 3345 3531 3414">
    <p class='ocr_par' dir='ltr' id='par_1_95' title="bbox 1945 3345 3531 3414">
     <span class='ocr_line' id='line_1_96' title="bbox 1945 3345 3531 3414; baseline 0.004 -15"><span class='ocrx_word' id='word_1_705' title='bbox 1945 3345 2226 3414; x_wconf 90' lang='lat' dir='ltr'><strong>reptilibus</strong></span> <span class='ocrx_word' id='word_1_706' title='bbox 2251 3353 2306 3400; x_wconf 90' lang='lat' dir='ltr'><strong>et</strong></span> <span class='ocrx_word' id='word_1_707' title='bbox 2349 3356 2541 3401; x_wconf 81' lang='lat' dir='ltr'><strong>caetera</strong></span> <span class='ocrx_word' id='word_1_708' title='bbox 2558 3387 2573 3413; x_wconf 95' lang='lat'><strong>,</strong></span> <span class='ocrx_word' id='word_1_709' title='bbox 2623 3347 2677 3400; x_wconf 94' lang='lat' dir='ltr'><strong>id</strong></span> <span class='ocrx_word' id='word_1_710' title='bbox 2703 3355 2785 3402; x_wconf 90' lang='lat' dir='ltr'><strong>est</strong></span> <span class='ocrx_word' id='word_1_711' title='bbox 2816 3351 2882 3403; x_wconf 92' lang='lat' dir='ltr'><strong>de</strong></span> <span class='ocrx_word' id='word_1_712' title='bbox 2908 3362 3108 3403; x_wconf 85' lang='lat' dir='ltr'><strong>arcano</strong></span> <span class='ocrx_word' id='word_1_713' title='bbox 3150 3349 3332 3404; x_wconf 88' lang='lat' dir='ltr'><strong>cordis</strong></span> <span class='ocrx_word' id='word_1_714' title='bbox 3357 3349 3531 3405; x_wconf 85' lang='lat' dir='ltr'><strong>nostri</strong></span> 
     </span>
    </p>
   </div>
   <div class='ocr_carea' id='block_1_96' title="bbox 1944 3435 3541 3510">
    <p class='ocr_par' dir='ltr' id='par_1_96' title="bbox 1944 3435 3541 3510">
     <span class='ocr_line' id='line_1_97' title="bbox 1944 3435 3541 3510; baseline 0.004 -23"><span class='ocrx_word' id='word_1_715' title='bbox 1944 3450 2133 3490; x_wconf 88' lang='lat' dir='ltr'><strong>vocem</strong></span> <span class='ocrx_word' id='word_1_716' title='bbox 2156 3435 2224 3488; x_wconf 90' lang='lat' dir='ltr'><strong>ad</strong></span> <span class='ocrx_word' id='word_1_717' title='bbox 2252 3435 2449 3490; x_wconf 62' lang='lat' dir='ltr'><strong>caelum</strong></span> <span class='ocrx_word' id='word_1_718' title='bbox 2478 3438 2725 3501; x_wconf 90' lang='lat' dir='ltr'><strong>mittere;</strong></span> <span class='ocrx_word' id='word_1_719' title='bbox 2770 3438 2910 3492; x_wconf 92' lang='lat' dir='ltr'><strong>sicut</strong></span> <span class='ocrx_word' id='word_1_720' title='bbox 2936 3439 3111 3509; x_wconf 90' lang='lat' dir='ltr'><strong>pisces</strong></span> <span class='ocrx_word' id='word_1_721' title='bbox 3140 3439 3391 3510; x_wconf 90' lang='lat' dir='ltr'><strong>pennulis</strong></span> <span class='ocrx_word' id='word_1_722' title='bbox 3417 3441 3541 3494; x_wconf 86' lang='lat' dir='ltr'><strong>suis</strong></span> 
     </span>
    </p>
   </div>
   <div class='ocr_carea' id='block_1_97' title="bbox 1945 3520 3541 3589">
    <p class='ocr_par' dir='ltr' id='par_1_97' title="bbox 1945 3520 3541 3589">
     <span class='ocr_line' id='line_1_98' title="bbox 1945 3520 3541 3589; baseline 0.005 -15"><span class='ocrx_word' id='word_1_723' title='bbox 1945 3521 2001 3574; x_wconf 91' lang='lat' dir='ltr'><strong>in</strong></span> <span class='ocrx_word' id='word_1_724' title='bbox 2023 3520 2191 3575; x_wconf 91' lang='lat' dir='ltr'><strong>altum</strong></span> <span class='ocrx_word' id='word_1_725' title='bbox 2225 3521 2421 3576; x_wconf 89' lang='lat' dir='ltr'><strong>saltum</strong></span> <span class='ocrx_word' id='word_1_726' title='bbox 2454 3524 2738 3589; x_wconf 87' lang='lat' dir='ltr'><strong>tribuunt,</strong></span> <span class='ocrx_word' id='word_1_727' title='bbox 2783 3535 2838 3580; x_wconf 93' lang='lat' dir='ltr'><strong>et</strong></span> <span class='ocrx_word' id='word_1_728' title='bbox 2862 3526 3107 3583; x_wconf 88' lang='lat' dir='ltr'><strong>volucres</strong></span> <span class='ocrx_word' id='word_1_729' title='bbox 3136 3528 3259 3583; x_wconf 71' lang='lat' dir='ltr'><strong>coeli</strong></span> <span class='ocrx_word' id='word_1_730' title='bbox 3299 3529 3352 3582; x_wconf 91' lang='lat' dir='ltr'><strong>in</strong></span> <span class='ocrx_word' id='word_1_731' title='bbox 3398 3544 3541 3584; x_wconf 15' lang='lat' dir='ltr'><strong>aerei</strong></span> 
     </span>
    </p>
   </div>
   <div class='ocr_carea' id='block_1_98' title="bbox 1944 3609 3530 3689">
    <p class='ocr_par' dir='ltr' id='par_1_98' title="bbox 1944 3609 3530 3689">
     <span class='ocr_line' id='line_1_99' title="bbox 1944 3609 3530 3689; baseline 0.008 -27"><span class='ocrx_word' id='word_1_732' title='bbox 1944 3610 2191 3675; x_wconf 86' lang='lat' dir='ltr'><strong>volitant,</strong></span> <span class='ocrx_word' id='word_1_733' title='bbox 2222 3609 2296 3664; x_wconf 91' lang='lat' dir='ltr'><strong>ita</strong></span> <span class='ocrx_word' id='word_1_734' title='bbox 2323 3620 2378 3665; x_wconf 92' lang='lat' dir='ltr'><strong>et</strong></span> <span class='ocrx_word' id='word_1_735' title='bbox 2404 3628 2503 3667; x_wconf 91' lang='lat' dir='ltr'><strong>nos</strong></span> <span class='ocrx_word' id='word_1_736' title='bbox 2531 3629 2751 3669; x_wconf 89' lang='lat' dir='ltr'><strong>sensum</strong></span> <span class='ocrx_word' id='word_1_737' title='bbox 2782 3624 3024 3672; x_wconf 89' lang='lat' dir='ltr'><strong>nostrum</strong></span> <span class='ocrx_word' id='word_1_738' title='bbox 3055 3619 3122 3674; x_wconf 89' lang='lat' dir='ltr'><strong>ad</strong></span> <span class='ocrx_word' id='word_1_739' title='bbox 3150 3620 3429 3689; x_wconf 89' lang='lat' dir='ltr'><strong>superiora</strong></span> <span class='ocrx_word' id='word_1_740' title='bbox 3458 3622 3530 3675; x_wconf 85' lang='lat' dir='ltr'><strong>le-</strong></span> 
     </span>
    </p>
   </div>
   <div class='ocr_carea' id='block_1_99' title="bbox 1945 3709 2334 3770">
    <p class='ocr_par' dir='ltr' id='par_1_99' title="bbox 1945 3709 2334 3770">
     <span class='ocr_line' id='line_1_100' title="bbox 1945 3709 2334 3770; baseline 0.005 -18"><span class='ocrx_word' id='word_1_741' title='bbox 1945 3714 2076 3759; x_wconf 79' lang='lat' dir='ltr'><strong>vare</strong></span> <span class='ocrx_word' id='word_1_742' title='bbox 2099 3709 2334 3770; x_wconf 86' lang='lat' dir='ltr'><strong>oportet.</strong></span> 
     </span>
    </p>
   </div>
   <div class='ocr_carea' id='block_1_100' title="bbox 2013 3808 3534 3894">
    <p class='ocr_par' dir='ltr' id='par_1_100' title="bbox 2013 3808 3534 3894">
     <span class='ocr_line' id='line_1_101' title="bbox 2013 3808 3534 3894; baseline 0.011 -32"><span class='ocrx_word' id='word_1_743' title='bbox 2013 3808 2118 3863; x_wconf 91' lang='lat' dir='ltr'><strong>Per</strong></span> <span class='ocrx_word' id='word_1_744' title='bbox 2141 3811 2389 3880; x_wconf 90' lang='lat' dir='ltr'><strong>spiritum</strong></span> <span class='ocrx_word' id='word_1_745' title='bbox 2413 3814 2630 3884; x_wconf 89' lang='lat' dir='ltr'><strong>pietatis</strong></span> <span class='ocrx_word' id='word_1_746' title='bbox 2660 3816 2917 3875; x_wconf 89' lang='lat' dir='ltr'><strong>debemus</strong></span> <span class='ocrx_word' id='word_1_747' title='bbox 2945 3819 3123 3877; x_wconf 88' lang='lat' dir='ltr'><strong>facere</strong></span> <span class='ocrx_word' id='word_1_748' title='bbox 3160 3834 3438 3894; x_wconf 88' lang='lat' dir='ltr'><strong>serpentes</strong></span> <span class='ocrx_word' id='word_1_749' title='bbox 3471 3834 3534 3880; x_wconf 85' lang='lat' dir='ltr'><strong>et.</strong></span> 
     </span>
    </p>
   </div>
   <div class='ocr_carea' id='block_1_101' title="bbox 1942 3904 3526 3984">
    <p class='ocr_par' dir='ltr' id='par_1_101' title="bbox 1942 3904 3526 3984">
     <span class='ocr_line' id='line_1_102' title="bbox 1942 3904 3526 3984; baseline 0.011 -30"><span class='ocrx_word' id='word_1_750' title='bbox 1942 3914 2137 3969; x_wconf 89' lang='lat' dir='ltr'><strong>pecora</strong></span> <span class='ocrx_word' id='word_1_751' title='bbox 2166 3910 2221 3957; x_wconf 92' lang='lat' dir='ltr'><strong>et</strong></span> <span class='ocrx_word' id='word_1_752' title='bbox 2244 3911 2461 3970; x_wconf 81' lang='lat' dir='ltr'><strong>caetera,</strong></span> <span class='ocrx_word' id='word_1_753' title='bbox 2484 3904 2536 3959; x_wconf 86' lang='lat' dir='ltr'><strong>id</strong></span> <span class='ocrx_word' id='word_1_754' title='bbox 2564 3914 2666 3972; x_wconf 91' lang='lat' dir='ltr'><strong>est,</strong></span> <span class='ocrx_word' id='word_1_755' title='bbox 2693 3916 2753 3962; x_wconf 92' lang='lat' dir='ltr'><strong>ut</strong></span> <span class='ocrx_word' id='word_1_756' title='bbox 2774 3908 3169 3978; x_wconf 86' lang='lat' dir='ltr'><strong>simplicitatem</strong></span> <span class='ocrx_word' id='word_1_757' title='bbox 3205 3928 3268 3968; x_wconf 92' lang='lat' dir='ltr'><strong>ac</strong></span> <span class='ocrx_word' id='word_1_758' title='bbox 3292 3917 3526 3984; x_wconf 88' lang='lat' dir='ltr'><strong>pruden-</strong></span> 
     </span>
    </p>
   </div>
   <div class='ocr_carea' id='block_1_102' title="bbox 1944 3991 3533 4075">
    <p class='ocr_par' dir='ltr' id='par_1_102' title="bbox 1944 3991 3533 4075">
     <span class='ocr_line' id='line_1_103' title="bbox 1944 3991 3533 4075; baseline 0.013 -32"><span class='ocrx_word' id='word_1_759' title='bbox 1944 3991 2075 4044; x_wconf 90' lang='lat' dir='ltr'><strong>tiam</strong></span> <span class='ocrx_word' id='word_1_760' title='bbox 2104 3991 2397 4049; x_wconf 88' lang='lat' dir='ltr'><strong>habeamus</strong></span> <span class='ocrx_word' id='word_1_761' title='bbox 2416 3995 2754 4052; x_wconf 84' lang='lat' dir='ltr'><strong>discernendi</strong></span> <span class='ocrx_word' id='word_1_762' title='bbox 2792 3998 2934 4055; x_wconf 90' lang='lat' dir='ltr'><strong>inter</strong></span> <span class='ocrx_word' id='word_1_763' title='bbox 2959 4002 3158 4058; x_wconf 92' lang='lat' dir='ltr'><strong>bonum</strong></span> <span class='ocrx_word' id='word_1_764' title='bbox 3201 4014 3255 4060; x_wconf 91' lang='lat' dir='ltr'><strong>et</strong></span> <span class='ocrx_word' id='word_1_765' title='bbox 3285 4007 3533 4075; x_wconf 83' lang='lat' dir='ltr'><strong>malum;</strong></span> 
     </span>
    </p>
   </div>
   <div class='ocr_carea' id='block_1_103' title="bbox 1941 4077 3523 4162">
    <p class='ocr_par' dir='ltr' id='par_1_103' title="bbox 1941 4077 3523 4162">
     <span class='ocr_line' id='line_1_104' title="bbox 1941 4077 3523 4162; baseline 0.012 -29"><span class='ocrx_word' id='word_1_766' title='bbox 1941 4087 1998 4133; x_wconf 91' lang='lat' dir='ltr'><strong>et</strong></span> <span class='ocrx_word' id='word_1_767' title='bbox 2017 4077 2251 4136; x_wconf 88' lang='lat' dir='ltr'><strong>fructum</strong></span> <span class='ocrx_word' id='word_1_768' title='bbox 2279 4082 2543 4139; x_wconf 89' lang='lat' dir='ltr'><strong>bonorum</strong></span> <span class='ocrx_word' id='word_1_769' title='bbox 2569 4100 2789 4156; x_wconf 90' lang='lat' dir='ltr'><strong>operum</strong></span> <span class='ocrx_word' id='word_1_770' title='bbox 2814 4099 3056 4161; x_wconf 86' lang='lat' dir='ltr'><strong>agentes,</strong></span> <span class='ocrx_word' id='word_1_771' title='bbox 3087 4094 3320 4162; x_wconf 86' lang='lat' dir='ltr'><strong>qualiter</strong></span> <span class='ocrx_word' id='word_1_772' title='bbox 3350 4097 3523 4152; x_wconf 76' lang='lat' dir='ltr'><strong>valea~</strong></span> 
     </span>
    </p>
   </div>
   <div class='ocr_carea' id='block_1_104' title="bbox 1943 4171 3529 4252">
    <p class='ocr_par' dir='ltr' id='par_1_104' title="bbox 1943 4171 3529 4252">
     <span class='ocr_line' id='line_1_105' title="bbox 1943 4171 3529 4252; baseline 0.008 -28"><span class='ocrx_word' id='word_1_773' title='bbox 1943 4186 2065 4227; x_wconf 90' lang='lat' dir='ltr'><strong>mus</strong></span> <span class='ocrx_word' id='word_1_774' title='bbox 2105 4171 2309 4227; x_wconf 90' lang='lat' dir='ltr'><strong>imitari</strong></span> <span class='ocrx_word' id='word_1_775' title='bbox 2337 4175 2582 4245; x_wconf 86' lang='lat' dir='ltr'><strong>exempla</strong></span> <span class='ocrx_word' id='word_1_776' title='bbox 2621 4186 2933 4234; x_wconf 90' lang='lat' dir='ltr'><strong>sanctorum</strong></span> <span class='ocrx_word' id='word_1_777' title='bbox 2959 4222 2974 4246; x_wconf 94' lang='lat'><strong>,</strong></span> <span class='ocrx_word' id='word_1_778' title='bbox 3009 4182 3093 4237; x_wconf 91' lang='lat' dir='ltr'><strong>vel</strong></span> <span class='ocrx_word' id='word_1_779' title='bbox 3117 4184 3289 4252; x_wconf 87' lang='lat' dir='ltr'><strong>ipsam</strong></span> <span class='ocrx_word' id='word_1_780' title='bbox 3326 4186 3529 4241; x_wconf 63' lang='lat' dir='ltr'><strong>verita.-</strong></span> 
     </span>
    </p>
   </div>
   <div class='ocr_carea' id='block_1_105' title="bbox 1943 4254 3028 4334">
    <p class='ocr_par' dir='ltr' id='par_1_105' title="bbox 1943 4254 3028 4334">
     <span class='ocr_line' id='line_1_106' title="bbox 1943 4254 3028 4334; baseline 0.012 -22"><span class='ocrx_word' id='word_1_781' title='bbox 1943 4268 2051 4316; x_wconf 90' lang='lat' dir='ltr'><strong>tem</strong></span> <span class='ocrx_word' id='word_1_782' title='bbox 2083 4261 2150 4314; x_wconf 89' lang='lat' dir='ltr'><strong>ad</strong></span> <span class='ocrx_word' id='word_1_783' title='bbox 2177 4262 2329 4331; x_wconf 85' lang='lat' dir='ltr'><strong>cujus</strong></span> <span class='ocrx_word' id='word_1_784' title='bbox 2343 4254 2646 4334; x_wconf 75' lang='lat' dir='ltr'><strong>imaginem</strong></span> <span class='ocrx_word' id='word_1_785' title='bbox 2672 4267 2798 4323; x_wconf 87' lang='lat' dir='ltr'><strong>facti</strong></span> <span class='ocrx_word' id='word_1_786' title='bbox 2823 4285 3028 4325; x_wconf 90' lang='lat' dir='ltr'><strong>sumus.</strong></span> 
     </span>
    </p>
   </div>
   <div class='ocr_carea' id='block_1_106' title="bbox 2015 4351 3523 4433">
    <p class='ocr_par' dir='ltr' id='par_1_106' title="bbox 2015 4351 3523 4433">
     <span class='ocr_line' id='line_1_107' title="bbox 2015 4351 3523 4433; baseline 0.013 -30"><span class='ocrx_word' id='word_1_787' title='bbox 2015 4351 2120 4404; x_wconf 89' lang='lat' dir='ltr'><strong>Per</strong></span> <span class='ocrx_word' id='word_1_788' title='bbox 2148 4352 2398 4420; x_wconf 89' lang='lat' dir='ltr'><strong>spiritum</strong></span> <span class='ocrx_word' id='word_1_789' title='bbox 2426 4354 2638 4410; x_wconf 91' lang='lat' dir='ltr'><strong>timoris</strong></span> <span class='ocrx_word' id='word_1_790' title='bbox 2662 4357 2872 4413; x_wconf 91' lang='lat' dir='ltr'><strong>Domini</strong></span> <span class='ocrx_word' id='word_1_791' title='bbox 2901 4362 3155 4418; x_wconf 86' lang='lat' dir='ltr'><strong>debemus</strong></span> <span class='ocrx_word' id='word_1_792' title='bbox 3183 4365 3523 4433; x_wconf 85' lang='lat' dir='ltr'><strong>requiescere</strong></span> 
     </span>
    </p>
   </div>
   <div class='ocr_carea' id='block_1_107' title="bbox 1946 4437 3524 4520">
    <p class='ocr_par' dir='ltr' id='par_1_107' title="bbox 1946 4437 3524 4520">
     <span class='ocr_line' id='line_1_108' title="bbox 1946 4437 3524 4520; baseline 0.011 -28"><span class='ocrx_word' id='word_1_793' title='bbox 1946 4437 2001 4492; x_wconf 84' lang='lat' dir='ltr'><strong>in</strong></span> <span class='ocrx_word' id='word_1_794' title='bbox 2027 4440 2209 4509; x_wconf 88' lang='lat' dir='ltr'><strong>requie</strong></span> <span class='ocrx_word' id='word_1_795' title='bbox 2238 4439 2361 4494; x_wconf 71' lang='lat' dir='ltr'><strong>vita:</strong></span> <span class='ocrx_word' id='word_1_796' title='bbox 2386 4451 2623 4508; x_wconf 64' lang='lat' dir='ltr'><strong>mternaz,</strong></span> <span class='ocrx_word' id='word_1_797' title='bbox 2663 4447 2787 4513; x_wconf 81' lang='lat' dir='ltr'><strong>quia</strong></span> <span class='ocrx_word' id='word_1_798' title='bbox 2834 4447 3051 4502; x_wconf 86' lang='lat' dir='ltr'><strong>Initium</strong></span> <span class='ocrx_word' id='word_1_799' title='bbox 3074 4452 3342 4520; x_wconf 71' lang='lat' dir='ltr'><strong>sapientiae</strong></span> <span class='ocrx_word' id='word_1_800' title='bbox 3367 4457 3524 4509; x_wconf 82' lang='lat' dir='ltr'><strong>timor</strong></span> 
     </span>
    </p>
   </div>
   <div class='ocr_carea' id='block_1_108' title="bbox 1945 4529 3331 4605">
    <p class='ocr_par' dir='ltr' id='par_1_108' title="bbox 1945 4529 3331 4605">
     <span class='ocr_line' id='line_1_109' title="bbox 1945 4529 3331 4605; baseline 0.006 -20"><span class='ocrx_word' id='word_1_801' title='bbox 1945 4530 2156 4585; x_wconf 88' lang='lat' dir='ltr'><strong>Domini</strong></span> <span class='ocrx_word' id='word_1_802' title='bbox 2184 4540 2259 4585; x_wconf 86' lang='lat' dir='ltr'><strong>est</strong></span> <span class='ocrx_word' id='word_1_803' title='bbox 2280 4529 2451 4601; x_wconf 71' lang='grc' dir='ltr'><strong>(Ρωι.</strong></span> <span class='ocrx_word' id='word_1_804' title='bbox 2478 4548 2565 4599; x_wconf 82' lang='lat' dir='ltr'><strong>cx,</strong></span> <span class='ocrx_word' id='word_1_805' title='bbox 2597 4535 2704 4605; x_wconf 85' lang='grc'><strong>10).</strong></span> <span class='ocrx_word' id='word_1_806' title='bbox 3311 4534 3331 4551; x_wconf 80' lang='grc'><strong>⁸</strong></span> 
     </span>
    </p>
   </div>
   <div class='ocr_carea' id='block_1_109' title="bbox 2010 4644 3520 4728">
    <p class='ocr_par' dir='ltr' id='par_1_109' title="bbox 2010 4644 3520 4728">
     <span class='ocr_line' id='line_1_110' title="bbox 2010 4644 3520 4728; baseline 0.015 -32"><span class='ocrx_word' id='word_1_807' title='bbox 2010 4644 2080 4697; x_wconf 85' lang='grc'><strong>1).</strong></span> <span class='ocrx_word' id='word_1_808' title='bbox 2124 4644 2250 4699; x_wconf 66' lang='lat' dir='ltr'><strong>Istra</strong></span> <span class='ocrx_word' id='word_1_809' title='bbox 2276 4648 2631 4716; x_wconf 83' lang='lat' dir='ltr'><strong>generationes</strong></span> <span class='ocrx_word' id='word_1_810' title='bbox 2668 4650 2781 4704; x_wconf 68' lang='grc' dir='ltr'><strong>σαειὶ</strong></span> <span class='ocrx_word' id='word_1_811' title='bbox 2807 4662 2854 4706; x_wconf 91' lang='lat' dir='ltr'><strong>et</strong></span> <span class='ocrx_word' id='word_1_812' title='bbox 2890 4663 3044 4710; x_wconf 74' lang='lat' dir='ltr'><strong>terra:</strong></span> <span class='ocrx_word' id='word_1_813' title='bbox 3079 4660 3290 4728; x_wconf 84' lang='lat' dir='ltr'><strong>quando</strong></span> <span class='ocrx_word' id='word_1_814' title='bbox 3331 4675 3520 4716; x_wconf 73' lang='lat' dir='ltr'><strong>ereum:</strong></span> 
     </span>
    </p>
   </div>
   <div class='ocr_carea' id='block_1_110' title="bbox 1940 4733 3519 4806">
    <p class='ocr_par' dir='ltr' id='par_1_110' title="bbox 1940 4733 3519 4806">
     <span class='ocr_line' id='line_1_111' title="bbox 1940 4733 3519 4806; baseline 0.013 -21"><span class='ocrx_word' id='word_1_815' title='bbox 1940 4742 2061 4786; x_wconf 87' lang='lat' dir='ltr'><strong>sunt</strong></span> <span class='ocrx_word' id='word_1_816' title='bbox 2082 4734 2137 4787; x_wconf 90' lang='lat' dir='ltr'><strong>in</strong></span> <span class='ocrx_word' id='word_1_817' title='bbox 2176 4733 2262 4788; x_wconf 85' lang='lat' dir='ltr'><strong>die</strong></span> <span class='ocrx_word' id='word_1_818' title='bbox 2287 4751 2390 4805; x_wconf 89' lang='lat' dir='ltr'><strong>quo</strong></span> <span class='ocrx_word' id='word_1_819' title='bbox 2424 4736 2547 4805; x_wconf 77' lang='lat' dir='ltr'><strong>fecit</strong></span> <span class='ocrx_word' id='word_1_820' title='bbox 2578 4737 2833 4796; x_wconf 86' lang='lat' dir='ltr'><strong>Dominus</strong></span> <span class='ocrx_word' id='word_1_821' title='bbox 2862 4742 3002 4800; x_wconf 83' lang='lat' dir='ltr'><strong>Deus</strong></span> <span class='ocrx_word' id='word_1_822' title='bbox 3030 4747 3215 4802; x_wconf 67' lang='lat' dir='ltr'><strong>calum</strong></span> <span class='ocrx_word' id='word_1_823' title='bbox 3243 4761 3290 4803; x_wconf 90' lang='lat' dir='ltr'><strong>et</strong></span> <span class='ocrx_word' id='word_1_824' title='bbox 3321 4762 3519 4806; x_wconf 82' lang='lat' dir='ltr'><strong>terram</strong></span> 
     </span>
    </p>
   </div>
   <div class='ocr_carea' id='block_1_111' title="bbox 1942 4819 3518 4910">
    <p class='ocr_par' dir='ltr' id='par_1_111' title="bbox 1942 4819 3518 4910">
     <span class='ocr_line' id='line_1_112' title="bbox 1942 4819 3518 4910; baseline 0.017 -38"><span class='ocrx_word' id='word_1_825' title='bbox 1942 4819 2096 4890; x_wconf 85' lang='lat' dir='ltr'><strong>(Gen.</strong></span> <span class='ocrx_word' id='word_1_826' title='bbox 2140 4838 2202 4887; x_wconf 83' lang='lat' dir='ltr'><strong>ll,</strong></span> <span class='ocrx_word' id='word_1_827' title='bbox 2230 4822 2307 4895; x_wconf 75' lang='grc'><strong>4).</strong></span> <span class='ocrx_word' id='word_1_828' title='bbox 2351 4825 2612 4896; x_wconf 89' lang='lat' dir='ltr'><strong>Superius</strong></span> <span class='ocrx_word' id='word_1_829' title='bbox 2659 4839 2864 4900; x_wconf 88' lang='lat' dir='ltr'><strong>septem</strong></span> <span class='ocrx_word' id='word_1_830' title='bbox 2900 4836 3014 4890; x_wconf 90' lang='lat' dir='ltr'><strong>dies</strong></span> <span class='ocrx_word' id='word_1_831' title='bbox 3054 4842 3322 4896; x_wconf 89' lang='lat' dir='ltr'><strong>numerati</strong></span> <span class='ocrx_word' id='word_1_832' title='bbox 3369 4854 3518 4910; x_wconf 84' lang='lat' dir='ltr'><strong>sunt,</strong></span> 
     </span>
    </p>
   </div>
   <div class='ocr_carea' id='block_1_112' title="bbox 1941 4913 3518 4989">
    <p class='ocr_par' dir='ltr' id='par_1_112' title="bbox 1941 4913 3518 4989">
     <span class='ocr_line' id='line_1_113' title="bbox 1941 4913 3518 4989; baseline 0.018 -28"><span class='ocrx_word' id='word_1_833' title='bbox 1941 4924 2085 4964; x_wconf 91' lang='lat' dir='ltr'><strong>nunc</strong></span> <span class='ocrx_word' id='word_1_834' title='bbox 2120 4927 2258 4967; x_wconf 92' lang='lat' dir='ltr'><strong>unus</strong></span> <span class='ocrx_word' id='word_1_835' title='bbox 2283 4913 2397 4969; x_wconf 90' lang='lat' dir='ltr'><strong>dies</strong></span> <span class='ocrx_word' id='word_1_836' title='bbox 2434 4915 2629 4972; x_wconf 91' lang='lat' dir='ltr'><strong>dicitur</strong></span> <span class='ocrx_word' id='word_1_837' title='bbox 2653 4935 2759 4989; x_wconf 90' lang='lat' dir='ltr'><strong>quo</strong></span> <span class='ocrx_word' id='word_1_838' title='bbox 2784 4921 2912 4979; x_wconf 81' lang='lat' dir='ltr'><strong>fecit</strong></span> <span class='ocrx_word' id='word_1_839' title='bbox 2937 4926 3082 4983; x_wconf 88' lang='lat' dir='ltr'><strong>Deus</strong></span> <span class='ocrx_word' id='word_1_840' title='bbox 3101 4930 3297 4986; x_wconf 63' lang='lat' dir='ltr'><strong>coelum</strong></span> <span class='ocrx_word' id='word_1_841' title='bbox 3326 4941 3382 4989; x_wconf 89' lang='lat' dir='ltr'><strong>et</strong></span> <span class='ocrx_word' id='word_1_842' title='bbox 3406 4942 3518 4989; x_wconf 85' lang='lat' dir='ltr'><strong>ter-</strong></span> 
     </span>
    </p>
   </div>
   <div class='ocr_carea' id='block_1_113' title="bbox 1942 5005 3517 5081">
    <p class='ocr_par' dir='ltr' id='par_1_113' title="bbox 1942 5005 3517 5081">
     <span class='ocr_line' id='line_1_114' title="bbox 1942 5005 3517 5081; baseline 0.02 -30"><span class='ocrx_word' id='word_1_843' title='bbox 1942 5014 2081 5064; x_wconf 83' lang='lat' dir='ltr'><strong>ram,</strong></span> <span class='ocrx_word' id='word_1_844' title='bbox 2111 5009 2164 5056; x_wconf 91' lang='lat' dir='ltr'><strong>et</strong></span> <span class='ocrx_word' id='word_1_845' title='bbox 2190 5017 2348 5057; x_wconf 89' lang='lat' dir='ltr'><strong>omne</strong></span> <span class='ocrx_word' id='word_1_846' title='bbox 2375 5005 2663 5077; x_wconf 84' lang='lat' dir='ltr'><strong>virgultum</strong></span> <span class='ocrx_word' id='word_1_847' title='bbox 2692 5012 2828 5081; x_wconf 81' lang='lat' dir='ltr'><strong>agri,</strong></span> <span class='ocrx_word' id='word_1_848' title='bbox 2858 5022 2914 5068; x_wconf 87' lang='lat' dir='ltr'><strong>et</strong></span> <span class='ocrx_word' id='word_1_849' title='bbox 2939 5033 3150 5074; x_wconf 81' lang='lat' dir='ltr'><strong>omnem</strong></span> <span class='ocrx_word' id='word_1_850' title='bbox 3179 5020 3404 5078; x_wconf 63' lang='lat' dir='ltr'><strong>herbam</strong></span> <span class='ocrx_word' id='word_1_851' title='bbox 3434 5041 3517 5080; x_wconf 83' lang='lat' dir='ltr'><strong>re-</strong></span> 
     </span>
    </p>
   </div>
   <div class='ocr_carea' id='block_1_114' title="bbox 1940 5104 2132 5158">
    <p class='ocr_par' dir='ltr' id='par_1_114' title="bbox 1940 5104 2132 5158">
     <span class='ocr_line' id='line_1_115' title="bbox 1940 5104 2132 5158; baseline 0 -15"><span class='ocrx_word' id='word_1_852' title='bbox 1940 5104 2132 5158; x_wconf 79' lang='lat' dir='ltr'><strong>gtonts.</strong></span> 
     </span>
    </p>
   </div>
   <div class='ocr_carea' id='block_1_115' title="bbox 2014 5203 3517 5293">
    <p class='ocr_par' dir='ltr' id='par_1_115' title="bbox 2014 5203 3517 5293">
     <span class='ocr_line' id='line_1_116' title="bbox 2014 5203 3517 5293; baseline 0.017 -36"><span class='ocrx_word' id='word_1_853' title='bbox 2014 5203 2090 5257; x_wconf 84' lang='grc' dir='ltr'><strong>Μ.</strong></span> <span class='ocrx_word' id='word_1_854' title='bbox 2111 5205 2278 5275; x_wconf 88' lang='lat' dir='ltr'><strong>Hujus</strong></span> <span class='ocrx_word' id='word_1_855' title='bbox 2291 5206 2395 5262; x_wconf 91' lang='lat' dir='ltr'><strong>diei</strong></span> <span class='ocrx_word' id='word_1_856' title='bbox 2415 5210 2652 5278; x_wconf 88' lang='lat' dir='ltr'><strong>nomine,</strong></span> <span class='ocrx_word' id='word_1_857' title='bbox 2669 5217 2960 5271; x_wconf 87' lang='lat' dir='ltr'><strong>secundum</strong></span> <span class='ocrx_word' id='word_1_858' title='bbox 2983 5222 3342 5293; x_wconf 85' lang='lat' dir='ltr'><strong>prophetiam,</strong></span> <span class='ocrx_word' id='word_1_859' title='bbox 3355 5242 3517 5283; x_wconf 81' lang='lat' dir='ltr'><strong>omne</strong></span> 
     </span>
    </p>
   </div>
   <div class='ocr_carea' id='block_1_116' title="bbox 1941 5294 3513 5377">
    <p class='ocr_par' dir='ltr' id='par_1_116' title="bbox 1941 5294 3513 5377">
     <span class='ocr_line' id='line_1_117' title="bbox 1941 5294 3513 5377; baseline 0.015 -30"><span class='ocrx_word' id='word_1_860' title='bbox 1941 5301 2153 5364; x_wconf 90' lang='lat' dir='ltr'><strong>tempus</strong></span> <span class='ocrx_word' id='word_1_861' title='bbox 2174 5294 2332 5365; x_wconf 85' lang='lat' dir='ltr'><strong>hujus</strong></span> <span class='ocrx_word' id='word_1_862' title='bbox 2352 5297 2475 5353; x_wconf 71' lang='lat' dir='ltr'><strong>vita:</strong></span> <span class='ocrx_word' id='word_1_863' title='bbox 2495 5299 2848 5371; x_wconf 78' lang='lat' dir='ltr'><strong>signiﬁcatur,</strong></span> <span class='ocrx_word' id='word_1_864' title='bbox 2875 5308 2927 5360; x_wconf 90' lang='lat' dir='ltr'><strong>in</strong></span> <span class='ocrx_word' id='word_1_865' title='bbox 2950 5324 3055 5377; x_wconf 89' lang='lat' dir='ltr'><strong>quo</strong></span> <span class='ocrx_word' id='word_1_866' title='bbox 3079 5312 3274 5368; x_wconf 76' lang='lat' dir='ltr'><strong>cmlum</strong></span> <span class='ocrx_word' id='word_1_867' title='bbox 3295 5323 3349 5370; x_wconf 90' lang='lat' dir='ltr'><strong>et</strong></span> <span class='ocrx_word' id='word_1_868' title='bbox 3372 5320 3513 5372; x_wconf 85' lang='lat' dir='ltr'><strong>terra</strong></span> 
     </span>
    </p>
   </div>
   <div class='ocr_carea' id='block_1_117' title="bbox 1938 5384 3511 5474">
    <p class='ocr_par' dir='ltr' id='par_1_117' title="bbox 1938 5384 3511 5474">
     <span class='ocr_line' id='line_1_118' title="bbox 1938 5384 3511 5474; baseline 0.015 -37"><span class='ocrx_word' id='word_1_869' title='bbox 1938 5384 2138 5439; x_wconf 87' lang='lat' dir='ltr'><strong>factum</strong></span> <span class='ocrx_word' id='word_1_870' title='bbox 2152 5395 2257 5451; x_wconf 89' lang='lat' dir='ltr'><strong>est,</strong></span> <span class='ocrx_word' id='word_1_871' title='bbox 2287 5387 2340 5442; x_wconf 92' lang='lat' dir='ltr'><strong>id</strong></span> <span class='ocrx_word' id='word_1_872' title='bbox 2352 5396 2436 5444; x_wconf 87' lang='lat' dir='ltr'><strong>est</strong></span> <span class='ocrx_word' id='word_1_873' title='bbox 2459 5389 2513 5444; x_wconf 93' lang='lat' dir='ltr'><strong>in</strong></span> <span class='ocrx_word' id='word_1_874' title='bbox 2542 5407 2649 5461; x_wconf 90' lang='lat' dir='ltr'><strong>quo</strong></span> <span class='ocrx_word' id='word_1_875' title='bbox 2678 5403 2941 5453; x_wconf 80' lang='lat' dir='ltr'><strong>creatura:</strong></span> <span class='ocrx_word' id='word_1_876' title='bbox 2966 5400 3201 5457; x_wconf 75' lang='lat' dir='ltr'><strong>visibiles</strong></span> <span class='ocrx_word' id='word_1_877' title='bbox 3225 5405 3511 5474; x_wconf 88' lang='lat' dir='ltr'><strong>disponun-</strong></span> 
     </span>
    </p>
   </div>
   <div class='ocr_carea' id='block_1_118' title="bbox 1938 5480 3516 5569">
    <p class='ocr_par' dir='ltr' id='par_1_118' title="bbox 1938 5480 3516 5569">
     <span class='ocr_line' id='line_1_119' title="bbox 1938 5480 3516 5569; baseline 0.018 -41"><span class='ocrx_word' id='word_1_878' title='bbox 1938 5483 2046 5540; x_wconf 90' lang='lat' dir='ltr'><strong>tur,</strong></span> <span class='ocrx_word' id='word_1_879' title='bbox 2098 5480 2561 5548; x_wconf 88' lang='lat' dir='ltr'><strong>administrantur,</strong></span> <span class='ocrx_word' id='word_1_880' title='bbox 2589 5494 2751 5557; x_wconf 88' lang='lat' dir='ltr'><strong>atquc</strong></span> <span class='ocrx_word' id='word_1_881' title='bbox 2786 5491 3042 5547; x_wconf 83' lang='lat' dir='ltr'><strong>existunt.</strong></span> <span class='ocrx_word' id='word_1_882' title='bbox 3087 5494 3223 5551; x_wconf 85' lang='lat' dir='ltr'><strong>Hinc</strong></span> <span class='ocrx_word' id='word_1_883' title='bbox 3258 5506 3340 5553; x_wconf 90' lang='lat' dir='ltr'><strong>est</strong></span> <span class='ocrx_word' id='word_1_884' title='bbox 3373 5499 3516 5569; x_wconf 88' lang='lat' dir='ltr'><strong>quod</strong></span> 
     </span>
    </p>
   </div>
   <div class='ocr_carea' id='block_1_119' title="bbox 1940 5567 3501 5650">
    <p class='ocr_par' dir='ltr' id='par_1_119' title="bbox 1940 5567 3501 5650">
     <span class='ocr_line' id='line_1_120' title="bbox 1940 5567 3501 5650; baseline 0.017 -31"><span class='ocrx_word' id='word_1_885' title='bbox 1940 5567 2149 5637; x_wconf 86' lang='lat' dir='ltr'><strong>Moyses</strong></span> <span class='ocrx_word' id='word_1_886' title='bbox 2168 5578 2222 5623; x_wconf 89' lang='lat' dir='ltr'><strong>et</strong></span> <span class='ocrx_word' id='word_1_887' title='bbox 2240 5571 2490 5629; x_wconf 86' lang='lat' dir='ltr'><strong>distincte</strong></span> <span class='ocrx_word' id='word_1_888' title='bbox 2502 5590 2599 5644; x_wconf 90' lang='lat' dir='ltr'><strong>per</strong></span> <span class='ocrx_word' id='word_1_889' title='bbox 2613 5578 2726 5632; x_wconf 88' lang='lat' dir='ltr'><strong>dies</strong></span> <span class='ocrx_word' id='word_1_890' title='bbox 2739 5580 2978 5650; x_wconf 80' lang='lat' dir='ltr'><strong>singulos</strong></span> <span class='ocrx_word' id='word_1_891' title='bbox 2992 5585 3205 5641; x_wconf 84' lang='lat' dir='ltr'><strong>condita</strong></span> <span class='ocrx_word' id='word_1_892' title='bbox 3231 5567 3408 5644; x_wconf 78' lang='lat' dir='ltr'><strong>omnia</strong></span> <span class='ocrx_word' id='word_1_893' title='bbox 3433 5605 3501 5644; x_wconf 85' lang='lat' dir='ltr'><strong>re</strong></span> 
     </span>
    </p>
   </div>
   <div class='ocr_carea' id='block_1_120' title="bbox 1943 5656 3507 5742">
    <p class='ocr_par' dir='ltr' id='par_1_120' title="bbox 1943 5656 3507 5742">
     <span class='ocr_line' id='line_1_121' title="bbox 1943 5656 3507 5742; baseline 0.016 -35"><span class='ocrx_word' id='word_1_894' title='bbox 1943 5656 2086 5722; x_wconf 89' lang='lat' dir='ltr'><strong>tulit,</strong></span> <span class='ocrx_word' id='word_1_895' title='bbox 2108 5666 2161 5712; x_wconf 88' lang='lat' dir='ltr'><strong>et</strong></span> <span class='ocrx_word' id='word_1_896' title='bbox 2192 5667 2368 5717; x_wconf 89' lang='lat' dir='ltr'><strong>tamen</strong></span> <span class='ocrx_word' id='word_1_897' title='bbox 2396 5664 2552 5719; x_wconf 91' lang='lat' dir='ltr'><strong>simul</strong></span> <span class='ocrx_word' id='word_1_898' title='bbox 2578 5671 2753 5723; x_wconf 78' lang='lat' dir='ltr'><strong>omnia</strong></span> <span class='ocrx_word' id='word_1_899' title='bbox 2791 5680 2971 5727; x_wconf 81' lang='lat' dir='ltr'><strong>creata</strong></span> <span class='ocrx_word' id='word_1_900' title='bbox 2989 5673 3264 5742; x_wconf 68' lang='lat' dir='ltr'><strong>subjnnxit</strong></span> <span class='ocrx_word' id='word_1_901' title='bbox 3288 5680 3507 5737; x_wconf 79' lang='lat' dir='ltr'><strong>dicens:</strong></span> 
     </span>
    </p>
   </div>
  </div>
