3986 6168
540 300 707 363 U39.

536 506 624 559 die
650 520 754 566 quo
775 501 896 573 fecit
918 500 1174 557 Dominus
1201 500 1344 556 Deus
1370 494 1554 558 ratium
1584 507 1632 555 et
1658 508 1877 559 terram.
1900 506 1949 554 et
1969 512 2121 552 omne

537 593 823 664 virgultum
845 595 964 665 agri
985 603 1266 663 antequam
1294 595 1524 648 oriretur
1543 593 1599 647 in
1625 601 1790 656 terra,
1817 605 2123 660 omnemque

452 742 459 749 ,
538 685 751 740 herbam
781 684 1026 755 regionis.
1074 682 1178 748 Qui
1207 683 1353 738 enim
1390 681 1621 743 diversis
1664 680 1855 736 diebus
1878 685 2123 734 creatum

537 772 737 829 caelum
766 782 821 828 et
846 780 1071 838 terram,
1101 770 1390 842 virgultum
1432 771 1763 840 herbamque
1783 773 2121 832 narraverat,

537 879 682 919 nunc
705 878 816 918 uno
847 860 936 919 die
971 861 1173 916 factum
1197 859 1528 924 manifestat,
1560 867 1622 914 ut
1641 857 1846 928 liquido
1873 855 2126 913 ostende-

539 962 623 1008 ret
644 953 790 1024 quod
815 962 1063 1010 creatura
1083 952 1261 1007 omnis
1285 950 1443 1007 simul
1466 966 1564 1022 per
1579 950 1937 1006 substantiam
1960 946 2126 1003 exsti-

540 1043 605 1096 tit
628 1042 864 1107 condita,
905 1040 1154 1112 quamvis
1192 1056 1300 1096 non
1335 1040 1496 1096 simul
1520 1055 1619 1111 per
1639 1040 1875 1111 speciem
1907 1051 2117 1108 proces~

538 1135 630 1190 sit.
661 1132 950 1205 Sequitur:

614 1248 739 1303 Non
760 1249 900 1303 enim
923 1248 1129 1319 pluerat
1156 1247 1415 1303 Dominus
1434 1264 1591 1318 super
1615 1257 1835 1312 terram,
1875 1255 1925 1300 et
1971 1246 2126 1300 homo

541 1356 646 1399 non
665 1348 778 1393 erat
793 1339 885 1410 qui
910 1348 1217 1410 operaretur
1238 1348 1434 1393 terram
1449 1355 1469 1393 :
1484 1338 1575 1393 sed
1592 1338 1711 1409 fons
1732 1337 2041 1392 ascendebat
2065 1336 2125 1391 ds

540 1440 706 1499 terra,
732 1432 964 1503 irrigans
991 1433 1290 1488 universam
1313 1432 1504 1497 faciem
1528 1442 1684 1488 terra:
1709 1430 1867 1505 (Gen.
1889 1448 1955 1497 ιι,
1978 1430 2057 1503 5).

1147 1559 1493 1602 AUGUSTINUS.

611 1654 683 1709 D.
712 1653 773 1712 Si
797 1657 1106 1715 universam
1127 1664 1328 1710 terram
1355 1656 1586 1732 rigabat,
1599 1669 1728 1725 ergo
1750 1663 1806 1713 et
1822 1662 2036 1709 montes
2058 1654 2132 1711 ri-

544 1748 724 1819 gabat,
745 1748 870 1818 quia
912 1756 1125 1804 montes
1161 1749 1349 1817 utique
1384 1757 1528 1803 terra
1554 1756 1717 1815 sunt;
1746 1747 1791 1803 si
1820 1756 2030 1803 montes
2054 1746 2129 1803 ri-
2159 1754 2208 1814 Β

543 1842 725 1910 gabat,
756 1842 1012 1896 diluvium
1039 1850 1178 1897 erat.
1225 1842 1293 1896 Et
1316 1843 1588 1912 quomodo
1629 1851 1771 1896 terra
1795 1842 2131 1913 germinave-

546 1940 632 1986 rat
670 1931 891 1986 herbam
917 1933 1184 1987 virentem
1219 1942 1276 1988 et
1299 1932 1586 1991 facientem
1611 1934 1839 1989 semen?
1881 1942 1974 1988 aut
1998 1950 2131 2004 quo-

544 2025 706 2078 modo
738 2024 898 2077 homo
924 2023 1207 2079 habitabat
1234 2024 1288 2077 in
1314 2032 1481 2091 terra,
1524 2024 1571 2079 si
1600 2024 1909 2083 universam
1931 2032 2132 2080 terram

547 2127 687 2181 aqua
714 2112 966 2181 tegebat?

618 2222 695 2283 il.
738 2223 881 2279 Fons
923 2224 1135 2295 positus
1176 2231 1262 2279 est
1309 2223 1602 2297 singularis
1648 2238 1748 2296 pro
1795 2224 1990 2297 plurali
2034 2241 2134 2285 nu-

546 2329 734 2378 mero;
767 2313 869 2369 hoc
904 2314 1052 2370 enim
1094 2314 1139 2370 si
1180 2314 1409 2370 sollicite
1451 2314 1720 2384 requiras,
1752 2313 1805 2368 in
1838 2312 2135 2383 Scripturis

548 2406 753 2459 sanctis
775 2404 1090 2477 frequenter
1118 2406 1374 2475 reperies.
1396 2405 1575 2461 Habes
1592 2419 1788 2474 nempe
1809 2405 1863 2463 in
1887 2404 2093 2481 psalmo
2117 2441 2131 2479 ε

550 2494 696 2549 Misit
712 2497 767 2549 in
791 2513 876 2549 eos
899 2513 1133 2549 muscam
1157 2498 1401 2549 caninam
1419 2505 1466 2550 et
1491 2495 1714 2550 comedit
1738 2512 1847 2561 eos,
1873 2505 1921 2550 et
1950 2511 2136 2549 ranam

546 2595 596 2641 et
629 2586 987 2641 exterminavit
1034 2603 1122 2641 eos
1170 2585 1342 2657 (Psal.
1373 2602 1556 2642 Lxxvu
1582 2626 1597 2651 ,
1625 2585 1738 2661 46),
1785 2587 1910 2641 dum
1951 2586 2138 2656 utique

547 2692 652 2734 nec
688 2693 792 2732 una
822 2693 1007 2732 musca
1035 2693 1137 2734 nec
1163 2693 1268 2733 una
1298 2693 1432 2733 rana
1476 2677 1695 2733 fuerint.
1729 2677 1798 2732 Et
1824 2676 1990 2733 alibi:
2040 2674 2139 2730 Ve-

553 2769 631 2824 nit
660 2768 862 2823 locusta
889 2769 1060 2840 (Psal.
1093 2784 1204 2833 crv,
1244 2768 1358 2839 54),
1387 2784 1495 2823 non
1540 2769 1616 2822 ait
1659 2767 1901 2832 locustae,
1941 2768 2034 2822 scd
2062 2767 2139 2820 lo-

554 2871 728 2927 custa.
774 2862 855 2918 En
887 2863 1052 2916 habes
1090 2860 1418 2932 singularem
1466 2875 1750 2916 numerum
1795 2875 1893 2929 pro
1920 2859 2135 2930 plurali,

554 2953 847 3019 secundum
878 2953 1009 3007 illud
1036 2953 1179 3023 quod
1206 2951 1283 3006 ait
1307 2939 1672 3007 nobilissimus
1696 2959 1978 3023 poetarum
2008 2962 2066 3006 ﬁ:

684 3053 1090 3114 .....Uterumque
1113 3055 1299 3099 armato
1324 3047 1479 3099 milite
1501 3046 1766 3113 complent.

2026 293 2318 353 WICBODI

538 413 667 469 Istc
687 412 1045 487 generationes
1068 410 1184 471 creti
1203 419 1252 466 et
1268 419 1427 467 terra:
1450 409 1662 482 quando
1693 415 1882 465 creatis
1906 414 2050 472 sunt,
2066 407 2123 461 in
2147 408 2208 481 Α

3601 313 3711 369 Miil-

2720 425 2854 469 ιω
2883 426 3025 473 Αυιιι
3047 427 3298 474 ιειυοιιυε.

2295 501 2324 546 δ
2361 500 2506 561 Fons
2522 501 2849 561 ascendebat
2877 503 2944 558 de
2966 512 3107 559 terra
3135 502 3356 576 irrigans
3374 507 3629 566 universam
3646 514 3706 569 fa-

2224 591 2362 651 ciem
2395 600 2572 651 terra}.
2605 593 2775 649 Terra
2794 633 2814 663 ,
2851 602 3027 651 mater
3060 594 3269 653 Domini
3308 596 3447 667 virgo
3477 598 3613 656 Maria
3644 619 3708 658 re-

2224 683 2463 745 ctissime
2499 683 2820 756 appellatur,
2863 685 2929 740 de
2953 700 3059 757 qua
3080 686 3331 756 sciime
3353 696 3428 744 est
3448 707 3462 743 :
3491 691 3708 760 Apertam

2224 783 2367 828 terra
2412 784 2461 829 et
2505 777 2757 846 germinet
2797 775 3125 832 Saluatorom
3170 778 3301 849 (Isa.
3328 795 3440 845 xu,
3477 781 3541 851 8).
3578 782 3708 850 Quam

2226 872 2428 923 terram
2470 865 2717 935 irrigavit
2740 865 2976 936 Spiritus
2995 875 3231 932 sanctus,
3256 870 3343 938 qui
3363 869 3509 929 fontis
3530 880 3577 928 et
3595 888 3708 943 aqua

2226 956 2443 1012 nomine
2467 956 2522 1011 in
2550 955 2858 1027 Evangeliis
2885 954 3237 1027 signiﬁcatur.

2643 1084 2717 1123 ,ΒΕ
2741 1082 3114 1123 ικδιιιιιλτιοκι
3141 1082 3371 1124 “OMNIS.

2300 1155 2573 1211 Formavit
2608 1158 2773 1227 igitur
2813 1156 3067 1210 Dominus
3101 1156 3355 1211 hominem
3389 1158 3450 1212 de
3483 1159 3713 1221 iith

2231 1245 2445 1318 (Gem.
2471 1261 2535 1311 ιι,
2562 1245 2638 1314 7).
3656 1230 3669 1245 ³

2308 1340 2370 1394 D.
2397 1340 2582 1395 Primo
2614 1340 2765 1395 enim
2796 1339 2940 1409 quod
2968 1339 3038 1395 de
3080 1337 3211 1393 limo
3250 1346 3403 1394 terrae
3434 1339 3552 1397 Deus
3585 1340 3716 1395 homi-

2230 1447 2353 1489 nem
2393 1432 2550 1487 ﬁnxit
2592 1432 2731 1491 solet
2762 1433 2965 1488 habere
2988 1432 3335 1502 quaestionem
3359 1471 3373 1496 ,
3409 1432 3557 1501 qualis
3586 1431 3714 1486 illeli

2230 1538 2354 1579 mus
2379 1522 2560 1588 fuerit,
2603 1522 2688 1578 vel
2717 1536 2840 1593 qua:
2866 1522 3096 1581 materia
3123 1523 3338 1577 nomine
3366 1521 3469 1581 limi
3488 1521 3714 1592 signiﬁcata

2233 1613 2304 1669 sit
2323 1616 2348 1667 ?
2373 1615 2516 1682 quod
2543 1629 2728 1683 quaso
2759 1613 2894 1668 mihi
2924 1627 3142 1682 quoque
3158 1613 3383 1682 aperias.

2304 1703 2384 1757 Μ.
2413 1703 2602 1759 Solent
2624 1702 2769 1759 enim
2814 1703 3017 1757 inimici
3048 1710 3290 1763 veterum
3328 1701 3553 1757 librorum
3587 1700 3716 1755 omnia

2232 1795 2521 1853 carnaliter
2557 1794 2831 1850 intuentes
2853 1833 2868 1858 ,
2902 1802 2959 1849 et
2987 1801 3274 1862 propterea
3301 1807 3493 1861 semper
3522 1798 3715 1853 errantes,

2231 1885 2395 1941 etiam
2420 1885 2524 1939 hoc
2554 1884 2891 1940 mendaciter
2925 1884 3321 1953 reprehendere
3342 1923 3359 1949 ,
3400 1883 3525 1953 quod
3554 1882 3606 1935 de
3625 1881 3717 1935 liam

2231 1973 2372 2030 Deus
2411 1974 2683 2028 hominem
2712 1973 2889 2028 ﬁnxit.
2935 1974 3136 2029 Dicunt
3167 1977 3350 2028 enim:
3390 1971 3719 2039 Quamdelima

2233 2061 2360 2117 fecit
2387 2062 2533 2116 Deus
2566 2062 2888 2117 hominem?
2913 2076 2982 2116 an
3004 2059 3257 2116 defuerat
3282 2061 3331 2116 ei
3356 2060 3524 2115 melior
3542 2067 3586 2113 et
3609 2056 3718 2113 (mle-

2231 2150 2333 2205 stis
2355 2151 2579 2205 materia
2617 2150 2760 2206 unde
2780 2151 3056 2205 hominem
3087 2150 3309 2216 faceret,
3334 2158 3391 2205 ut
3409 2150 3467 2205 de
3489 2150 3586 2203 labe
3610 2157 3720 2202 terra

2233 2250 2484 2295 naturam
2509 2240 2757 2311 fragilem
2777 2240 3177 2310 mortalemque
3204 2239 3481 2297 formarat?
3501 2238 3594 2295 Non
3615 2234 3719 2292 intel-

2232 2334 2461 2403 ligentes
2512 2337 2690 2405 primo
2743 2350 2908 2406 quam
2962 2335 3154 2391 multis
3206 2335 3630 2406 signiﬁcationibus
3662 2330 3719 2387 vel

2234 2434 2379 2481 terra
2419 2427 2502 2482 vel
2548 2442 2689 2497 aqua
2729 2427 2785 2481 in
2812 2426 3115 2496 Seripturis
3158 2434 3399 2496 ponatur.
3443 2425 3594 2479 Limus
3622 2421 3718 2477 enim

2234 2532 2390 2586 aquae
2417 2525 2472 2571 et
2498 2526 2658 2572 terrae
2683 2517 2990 2571 commistio
3015 2523 3125 2571 est.
3150 2516 3383 2571 Dicimus
3403 2514 3529 2568 enim
3548 2511 3719 2566 tabidum

2202 2644 2207 2655 ι
2234 2620 2291 2667 et
2318 2610 2506 2682 fragile
2542 2620 2598 2665 et
2621 2610 2784 2666 morti
2809 2609 3145 2665 destinatum
3168 2623 3358 2678 corpus
3382 2608 3625 2661 humanum
3640 2607 3721 2671 post

2233 2710 2515 2773 peccatum
2544 2716 2664 2757 esse
2689 2700 2939 2770 ccepisse.
2986 2700 3113 2755 Non
3142 2700 3283 2755 enim
3303 2700 3355 2752 in
3386 2706 3545 2752 nostro
3565 2702 3722 2761 corpore

2237 2793 2325 2848 isti
2370 2792 2762 2847 exhorrescunt
2802 2789 2906 2844 nisi
2954 2789 3342 2843 mortalitatem
3384 2800 3524 2856 quam
3568 2783 3721 2836 damna-

2239 2884 2384 2939 tione
2413 2884 2728 2939 meruimus.
2753 2879 2891 2948 Quid
2912 2887 3101 2934 autem
3127 2880 3322 2934 mirum
3343 2885 3429 2931 aut
3447 2872 3620 2929 diﬁicile
3634 2870 3722 2929 Deo.

2240 2975 2451 3030 etiamsi
2486 2973 2554 3028 de
2600 2973 2730 3027 limo
2775 2971 2932 3026 istius
2972 2978 3139 3025 terrm
3180 2968 3440 3025 hominem
3485 2965 3613 3024 fecit,
3651 2957 3722 3012 tale

2163 3087 2212 3150 ρ
2243 3074 2420 3119 tamen
2450 3078 2646 3133 corpus
2666 3060 2784 3130 ejus
2806 3061 3019 3115 efﬁcere
3061 3060 3211 3130 quod
3228 3056 3529 3127 corruptioni
3548 3068 3629 3108 non
3645 3049 3725 3105 sub-

555 3158 724 3213 Porro
761 3164 942 3212 autem
993 3164 1216 3227 propter
1255 3153 1518 3225 unitatem
1565 3158 1773 3206 naturae
1811 3150 2013 3205 dictum
2057 3161 2140 3205 est
2180 3147 2211 3150 ”
2234 3150 2462 3220 jaceret,
2499 3151 2543 3206 si
2570 3152 2733 3205 homo
2757 3155 3091 3219 praeceptum
3122 3149 3217 3203 Dei
3245 3147 3537 3205 custodiens
3568 3150 3725 3227 Ροεαιΐς

556 3247 694 3312 fons,
728 3257 789 3302 ut
815 3246 870 3301 in
898 3261 963 3301 eo
989 3260 1178 3301 omnes
1206 3244 1382 3300 fontes
1407 3242 1770 3313 intelligamus
1795 3240 1887 3311 qui
1915 3248 2039 3296 sunt
2086 3241 2139 3295 iu

558 3349 728 3404 terra,
753 3337 879 3406 quia
903 3335 1302 3405 quodammodo
1331 3349 1520 3389 omnes
1547 3348 1613 3388 ex
1639 3332 1797 3388 unius
1823 3332 2004 3403 abyssi
2041 3347 2139 3387 na-

560 3437 679 3483 tura
720 3434 993 3481 emanant.
1036 3424 1173 3479 Nam
1214 3424 1358 3502 quod
1394 3423 1505 3477 ait:
1556 3421 1810 3491 irrigabat
1847 3421 2142 3475 universam

565 3520 753 3590 faciem
781 3528 976 3582 teme;
1023 3532 1132 3571 non
1168 3523 1338 3571 totam
1375 3522 1578 3569 terram
1605 3512 1838 3582 rigabat,
1885 3510 1979 3565 sed
2020 3524 2145 3579 par-

563 3621 693 3669 tem.
722 3610 765 3664 A
803 3617 914 3665 toto
937 3608 1083 3664 enim
1110 3615 1321 3679 partem
1348 3605 1634 3677 signiﬁcat.
1679 3602 2144 3670 Quemadmodum

562 3701 810 3766 dicimus,
850 3697 1103 3754 Christus
1126 3706 1373 3753 mortuus
1404 3684 1512 3760 “est,
1552 3694 1803 3750 Christus
1828 3692 2145 3758 resurrexit,

562 3807 686 3848 eum
714 3807 820 3846 non
850 3797 1097 3844 mortuus
1132 3787 1320 3853 fuerit,
1360 3802 1460 3841 nec
1481 3793 1791 3856 resurgeret
1824 3784 1927 3839 nisi
1954 3798 2147 3843 secun-

565 3884 693 3937 dum
715 3894 955 3934 carnem.
988 3878 1097 3931 Aut
1119 3884 1179 3931 ut
1204 3876 1523 3931 Ambrosius
1547 3875 1624 3928 ait
1647 3889 1662 3926 :
1684 3874 1828 3928 Fons
1851 3872 2150 3942 appellatus

566 3978 672 4034 est,
723 3967 815 4037 qui
848 3973 1069 4036 accepto
1111 3964 1358 4019 humoris
1404 3961 1696 4031 adiutorio,
1745 3961 2006 4033 irrigabat
2031 3958 2152 4012 uni-

570 4072 781 4116 versam
821 4055 1160 4125 superﬁciem
1196 4060 1376 4125 terrm.
1429 4051 1538 4105 Aut
1558 4060 1843 4121 postquam
1871 4048 2154 4120 paradisus

570 4150 842 4221 plantatus
865 4124 968 4212 est,
1001 4124 1308 4214 restagnata
1351 4150 1434 4197 est
1455 4141 1544 4195 illa
1571 4138 1824 4208 abruptio
1869 4152 2150 4208 aquarum,

572 4242 732 4302 etille
766 4242 888 4298 fons
931 4238 1134 4295 divisus
1179 4242 1262 4290 est
1306 4249 1403 4305 per
1446 4232 1668 4297 rivulos,
1714 4230 1782 4285 ad
1822 4227 2154 4300 irrigandam

573 4335 877 4391 universam
934 4330 1125 4386 faciem
1169 4336 1371 4393 terrm,
1425 4324 1566 4380 sicut
1602 4336 1746 4377 nunc
1783 4320 2028 4375 videmus
2074 4318 2155 4373 ire

2241 3245 2520 3300 noluisset.
2554 3242 2612 3297 Si
2633 3242 2777 3296 enim
2810 3241 3044 3309 speciem
3084 3240 3211 3296 caeli
3242 3239 3402 3309 ipsius
3445 3235 3503 3290 de
3525 3230 3653 3287 nihilo
3671 3225 3725 3278 vel

2243 3339 2309 3393 de
2348 3334 2563 3390 informi
2591 3332 2812 3387 materia
2862 3332 3101 3386 dicimus
3135 3330 3329 3386 factam
3353 3369 3367 3393 ,
3407 3326 3515 3397 quia
3554 3318 3725 3387 omnim

2243 3435 2444 3483 tentem
2471 3423 2736 3478 artiﬁcem
2766 3422 3039 3476 credimus
3066 3461 3083 3487 ,
3131 3420 3260 3491 quid
3287 3419 3467 3474 mirum
3504 3415 3542 3470 si
3573 3420 3725 3478 corpus.

2244 3517 2387 3587 quod
2410 3517 2477 3571 de
2512 3514 2644 3568 limo
2671 3512 3033 3582 qualicunque
3075 3509 3278 3565 factum
3303 3516 3400 3571 est,
3423 3503 3570 3576 potuit
3587 3501 3638 3553 ab
3651 3511 3728 3587 ota-

2246 3582 2506 3679 nipotcnti
2539 3604 2748 3659 artiﬁce
2774 3602 2880 3656 tale
2917 3600 3033 3655 ﬁeri
3062 3640 3079 3665 ,
3117 3606 3179 3654 ut
3216 3598 3355 3653 nulla
3381 3592 3609 3655 molestia,
3631 3582 3728 3642 nulla

2248 3696 2543 3770 indigentia
2596 3694 2865 3750 cruciaret
2918 3690 3200 3745 hominem
3244 3696 3364 3743 ante
3404 3690 3658 3756 peccamm,
3690 3679 3727 3725 α

2248 3782 2393 3848 nulla
2423 3786 2766 3857 corruptione
2808 3781 3156 3838 tabesceret?
3188 3780 3369 3861 Itaque
3392 3774 3617 3848 superﬂue
3633 3778 3729 3841 qure-

2250 3886 2389 3941 ritur
2432 3885 2576 3940 unde
2621 3883 2824 3938 homini
2869 3895 3068 3950 corpus
3109 3880 3253 3936 Deus
3291 3873 3485 3932 fecerit.
3525 3866 3571 3921 Si
3607 3869 3729 3915 tamen

2251 3991 2394 4035 nunc
2431 3978 2498 4032 de
2534 3974 2780 4045 corporis
2810 3972 3133 4027 formatione
3169 3968 3381 4031 dicitur,
3408 3963 3480 4018 sic
3512 3953 3625 4012 enim
3641 3958 3731 4001 που·

2253 4068 2427 4123 nullos
2453 4074 2669 4122 nostros
2698 4062 2997 4132 intelligere
3043 4060 3249 4129 accepi,
3299 4056 3385 4126 qui
3412 4053 3570 4107 dicunt

2255 4174 2416 4229 quam
2451 4158 2655 4212 dictum
2698 4162 2821 4209 est:
2871 4125 3063 4205 Finxit
3107 4125 3253 4204 Deus
3298 4125 3534 4199 hominem
3570 4125 3731 4229 tit-litt?

2255 4212 2430 4317 terrm,
2454 4255 2740 4322 propterea
2761 4257 2872 4300 non
2891 4242 3133 4298 additum
3165 4240 3232 4295 ad
3260 4212 3734 4322 imaginemel

2259 4308 2499 4398 tudinem
2535 4308 2708 4402 suam,
2754 4334 3010 4406 quoniam
3055 4346 3202 4386 nunc
3242 4328 3309 4382 de
3349 4316 3577 4406 corporis
3601 4308 3734 4406 {opif

574 4439 742 4495 aquas
766 4437 862 4492 per
888 4421 1068 4475 alveos
1096 4415 1361 4481 ﬂuminis,
1408 4413 1697 4482 alveosque
1731 4409 2048 4472 rivulorum,
2098 4417 2153 4462 ct
2184 4422 2235 4482 ι)
2260 4395 2403 4491 ἀοήηθ
2428 4395 2646 4490 ὡρίων.
2693 4395 2845 4483 ἱιςυξιο
2876 4432 3058 4479 autem
3100 4423 3266 4477 homo
3305 4412 3512 4472 ξηιετςοτ
3543 4395 3735 4495 signiﬁca:

574 4530 642 4570 ex
683 4528 871 4568 eorum
919 4524 1144 4565 excessu
1183 4507 1358 4561 vicina
1392 4502 1715 4575 perfundere
1770 4500 1924 4565 loca;
1980 4500 2060 4555 sic
2101 4508 2157 4555 et

576 4614 707 4661 tunc
740 4603 893 4673 quasi
934 4603 1000 4657 de
1043 4615 1151 4654 uno
1193 4597 1340 4653 fonte
1384 4596 1537 4652 multi
1598 4600 1999 4665 processerunt.
2052 4592 2161 4645 Aut

577 4713 718 4753 unus
740 4694 861 4750 fons
884 4692 1178 4763 appellatus
1201 4700 1304 4755 est,
1337 4697 1391 4743 et
1412 4689 1465 4742 in
1487 4686 1723 4759 quodam
1747 4684 1867 4739 sinu
1887 4691 2047 4738 terrm
2069 4696 2159 4737 oc-

578 4788 840 4850 cultatur,
867 4792 923 4840 et
947 4782 1072 4838 inde
1097 4795 1288 4837 omnes
1326 4776 1503 4833 fontes
1526 4774 1682 4848 parvi
1721 4782 1777 4829 et
1822 4771 2003 4844 magni
2027 4786 2157 4841 pro-

579 4877 921 4951 grediuntur.

653 4991 722 5044 D.
753 4987 894 5057 Quid
931 4992 1017 5042 est
1063 4983 1208 5039 enim
1256 4978 1399 5049 quod
1428 4976 1549 5032 fons
1594 4974 1697 5029 iste
1738 4970 2021 5027 manifeste
2056 4986 2163 5025 non

586 5082 857 5140 invenitur
880 5122 895 5146 ,
936 5078 1029 5149 qui
1069 5075 1297 5145 irrigare
1344 5070 1592 5126 videatur
1635 5066 1946 5123 universam
1971 5063 2165 5119 faciem

585 5184 746 5229 terrm
764 5174 789 5227 ?

659 5286 737 5341 Μ.
760 5283 1010 5339 Forsitan
1055 5286 1277 5348 propter
1314 5279 1592 5345 peccatum
1619 5265 1779 5339 primi
1810 5265 2045 5321 hominis
2075 5279 2170 5333 pa-

592 5376 760 5433 rentis
783 5371 953 5427 nostri
983 5369 1155 5424 Adam
1193 5368 1293 5420 iste
1333 5364 1454 5418 fons
1479 5363 1784 5416 abstractus
1803 5363 1906 5421 est,
1937 5364 1998 5409 ut
2023 5352 2172 5408 aufe-

595 5478 679 5526 rat
708 5469 1012 5521 ubertatem
1039 5479 1070 5516 a
1100 5468 1244 5515 terra
1263 5498 1278 5526 ,
1315 5466 1369 5513 et
1398 5451 1655 5522 majorem
1683 5449 1926 5507 laborem
1953 5459 2173 5502 exerce-

595 5568 677 5616 ret
703 5562 996 5614 humanum
1022 5568 1210 5624 genus.
1489 5536 1495 5541 ’

669 5709 693 5738 ι
735 5691 955 5751 rEncid.
984 5705 1049 5766 tt,
1073 5687 1164 5741 ‘20.

2256 4530 2437 4592 batur,
2464 4523 2679 4594 quando
2705 4520 2906 4576 dictum
2937 4523 3037 4572 est.
3087 4512 3241 4589 fecit
3278 4508 3414 4563 Deus
3448 4476 3733 4594 hat'fm’fjj

2258 4581 2539 4685 imaginem
2572 4612 2685 4666 Dei.
2734 4608 2841 4664 Sed
2881 4606 3046 4660 etiam
3082 4581 3131 4656 si
3161 4613 3303 4654 nunc
3324 4604 3519 4665 quoque
3540 4581 3735 4685 ιιοηέῗηξξ

2258 4725 2322 4764 ex
2346 4660 2573 4775 cbrpore
2599 4710 2655 4757 et
2678 4701 2858 4755 anima
2886 4695 3085 4750 factum
3112 4690 3481 4775 intelligamus).
3509 4660 3736 4775 ιιῑ

2260 4799 2414 4869 cujus
2440 4761 2564 4853 novi
2608 4793 2789 4863 operis
2836 4786 3128 4847 inchoatio,
3179 4783 3274 4837 sed
3312 4773 3539 4846 superius

2262 4847 2536 4955 insinuati,
2561 4847 2843 4959 diligenter
2868 4878 3181 4938 retractatio
3216 4876 3321 4930 isto
3341 4874 3560 4959 sermone
3579 4847 3737 4959 etilli:

2263 4992 2371 5038 tur.
2425 4979 2484 5035 Si
2514 4940 2687 5048 ergo,u
2691 4982 2752 5028 ut
2784 4971 2917 5035 dixi,
2944 4967 3220 5023 hominem
3246 4963 3348 5016 hoc
3370 4958 3479 5011 loco
3503 4964 3558 5048 ξεῖ

2264 5031 2744 5133 ιιι-ὦῶέΐειυριιιιῐι
2771 5031 3129 5131 intelligamus
3147 5097 3162 5122 ,
3210 5068 3317 5108 non
3343 5034 3633 5136 absurdeodc

2267 5164 2640 5225 commistione
2679 5156 2793 5212 limi
2829 5166 3026 5210 nomen
3054 5143 3281 5214 accepit.
3332 5139 3474 5193 Sicut
3497 5125 3615 5184 enim

2513 5251 2722 5321 colligit
2764 5256 2820 5302 et
2857 5239 3187 5312 conglutinat
3226 5242 3281 5289 et
3315 5206 3743 5321 conductam-liii:

2271 5349 2386 5419 ejus
2408 5342 2780 5403 commistione
2804 5336 2968 5390 limus
3000 5328 3256 5392 efﬁcitur,
3285 5322 3361 5377 sic
3380 5305 3741 5419 animas-(:12:

2272 5389 2553 5496 materiam
2584 5427 2906 5486 viviﬁcando
2924 5466 2939 5489 ,
2980 5424 3034 5478 in
3060 5420 3319 5475 unitatem
3360 5397 3635 5464 conconkm
3657 5389 3735 5435 ω’
3758 5408 3794 5463 θ’

2277 5530 2489 5591 format,
2518 5533 2575 5579 et
2610 5536 2717 5577 non
2740 5516 3002 5590 permittit
3021 5510 3127 5568 labi
3154 5519 3208 5564 et
3233 5497 3435 5561 resolvi.

2351 5664 2380 5706 ι’
2411 5659 2536 5718 Isid.
2570 5658 2625 5714 in
2653 5655 2810 5719 Gem,
2836 5665 2955 5720 eap-
2987 5649 3041 5703 5-
