  <div class='ocr_page' id='page_1' title='image "/cluster/home/n/w/nwhite01/storage/ocr_20150623/96/hvd.32044052819901/576.png"; bbox 0 0 3986 6168; ppageno 0'>
   <div class='ocr_carea' id='block_1_1' title="bbox 231 349 367 404">
    <p class='ocr_par' dir='ltr' id='par_1_1' title="bbox 231 349 367 404">
     <span class='ocr_line' id='line_1_1' title="bbox 231 349 367 404; baseline -0.022 0"><span class='ocrx_word' id='word_1_1' title='bbox 231 349 367 404; x_wconf 70' lang='grc'><strong>1141</strong></span> 
     </span>
    </p>
   </div>
   <div class='ocr_carea' id='block_1_2' title="bbox 1138 315 2563 394">
    <p class='ocr_par' dir='ltr' id='par_1_2' title="bbox 1138 315 2563 394">
     <span class='ocr_line' id='line_1_2' title="bbox 1138 315 2563 394; baseline -0.011 -9"><span class='ocrx_word' id='word_1_2' title='bbox 1138 327 1264 385; x_wconf 83' lang='lat' dir='ltr'><strong>LIB.</strong></span> <span class='ocrx_word' id='word_1_3' title='bbox 1304 319 1779 394; x_wconf 67' lang='lat' dir='ltr'><strong>QUESTIONUH</strong></span> <span class='ocrx_word' id='word_1_4' title='bbox 1817 317 2044 377; x_wconf 76' lang='lat' dir='ltr'><strong>SUPER</strong></span> <span class='ocrx_word' id='word_1_5' title='bbox 2081 318 2212 375; x_wconf 81' lang='lat' dir='ltr'><strong>LIB.</strong></span> <span class='ocrx_word' id='word_1_6' title='bbox 2251 315 2563 375; x_wconf 81' lang='lat' dir='ltr'><strong>GENESIS.</strong></span> 
     </span>
    </p>
   </div>
   <div class='ocr_carea' id='block_1_3' title="bbox 3337 314 3482 371">
    <p class='ocr_par' dir='ltr' id='par_1_3' title="bbox 3337 314 3482 371">
     <span class='ocr_line' id='line_1_3' title="bbox 3337 314 3482 371; baseline 0.021 -3"><span class='ocrx_word' id='word_1_7' title='bbox 3337 314 3392 371; x_wconf 81' lang='grc' dir='ltr'><strong><em>Η</em></strong></span> <span class='ocrx_word' id='word_1_8' title='bbox 3412 315 3482 371; x_wconf 57' lang='lat' dir='ltr'><strong>li’</strong></span> 
     </span>
    </p>
   </div>
   <div class='ocr_carea' id='block_1_4' title="bbox 295 422 3473 522">
    <p class='ocr_par' dir='ltr' id='par_1_4' title="bbox 295 422 3473 522">
     <span class='ocr_line' id='line_1_4' title="bbox 295 422 3473 522; baseline -0.01 -9"><span class='ocrx_word' id='word_1_9' title='bbox 295 460 362 514; x_wconf 83' lang='grc' dir='ltr'><strong>ι).</strong></span> <span class='ocrx_word' id='word_1_10' title='bbox 395 470 420 499; x_wconf 73' lang='grc' dir='ltr'>ι</span> <span class='ocrx_word' id='word_1_11' title='bbox 445 454 626 522; x_wconf 65' lang='lat' dir='ltr'><strong>Quaeri</strong></span> <span class='ocrx_word' id='word_1_12' title='bbox 650 457 828 507; x_wconf 87' lang='lat' dir='ltr'><strong>autem</strong></span> <span class='ocrx_word' id='word_1_13' title='bbox 854 445 1047 502; x_wconf 85' lang='lat' dir='ltr'><strong>merito</strong></span> <span class='ocrx_word' id='word_1_14' title='bbox 1074 450 1257 513; x_wconf 83' lang='lat' dir='ltr'><strong>potest</strong></span> <span class='ocrx_word' id='word_1_15' title='bbox 1276 478 1297 507; x_wconf 92' lang='lat'><strong>,</strong></span> <span class='ocrx_word' id='word_1_16' title='bbox 1317 437 1564 496; x_wconf 76' lang='lat' dir='ltr'><strong>causales</strong></span> <span class='ocrx_word' id='word_1_17' title='bbox 1582 434 1690 490; x_wconf 77' lang='lat' dir='ltr'><strong>illa:</strong></span> <span class='ocrx_word' id='word_1_18' title='bbox 1709 448 1797 488; x_wconf 91' lang='lat' dir='ltr'><strong>ra-</strong></span> <span class='ocrx_word' id='word_1_19' title='bbox 1820 436 1875 492; x_wconf 74' lang='grc' dir='ltr'><strong>Δ</strong></span> <span class='ocrx_word' id='word_1_20' title='bbox 1898 431 2133 498; x_wconf 80' lang='lat' dir='ltr'><strong>somnis,</strong></span> <span class='ocrx_word' id='word_1_21' title='bbox 2160 438 2222 485; x_wconf 88' lang='lat' dir='ltr'><strong>ut</strong></span> <span class='ocrx_word' id='word_1_22' title='bbox 2266 429 2445 485; x_wconf 80' lang='lat' dir='ltr'><strong>fallaci</strong></span> <span class='ocrx_word' id='word_1_23' title='bbox 2493 425 2754 483; x_wconf 81' lang='lat' dir='ltr'><strong>memoria</strong></span> <span class='ocrx_word' id='word_1_24' title='bbox 2794 426 2948 495; x_wconf 81' lang='lat' dir='ltr'><strong>quasi</strong></span> <span class='ocrx_word' id='word_1_25' title='bbox 2995 422 3373 481; x_wconf 80' lang='lat' dir='ltr'><strong>recordarctur</strong></span> <span class='ocrx_word' id='word_1_26' title='bbox 3413 440 3473 482; x_wconf 86' lang='lat' dir='ltr'><strong>se</strong></span> 
     </span>
    </p>
   </div>
   <div class='ocr_carea' id='block_1_5' title="bbox 227 525 1803 615">
    <p class='ocr_par' dir='ltr' id='par_1_5' title="bbox 227 525 1803 615">
     <span class='ocr_line' id='line_1_5' title="bbox 227 525 1803 615; baseline -0.017 -10"><span class='ocrx_word' id='word_1_27' title='bbox 227 551 400 604; x_wconf 91' lang='lat' dir='ltr'><strong>tiones</strong></span> <span class='ocrx_word' id='word_1_28' title='bbox 433 558 570 615; x_wconf 87' lang='lat' dir='ltr'><strong>quas</strong></span> <span class='ocrx_word' id='word_1_29' title='bbox 601 540 801 597; x_wconf 87' lang='lat' dir='ltr'><strong>mundo</strong></span> <span class='ocrx_word' id='word_1_30' title='bbox 825 535 1039 600; x_wconf 88' lang='lat' dir='ltr'><strong>indidit,</strong></span> <span class='ocrx_word' id='word_1_31' title='bbox 1076 546 1202 588; x_wconf 86' lang='lat' dir='ltr'><strong>cum</strong></span> <span class='ocrx_word' id='word_1_32' title='bbox 1227 530 1466 602; x_wconf 89' lang='lat' dir='ltr'><strong>primum</strong></span> <span class='ocrx_word' id='word_1_33' title='bbox 1501 525 1664 582; x_wconf 84' lang='lat' dir='ltr'><strong>simul</strong></span> <span class='ocrx_word' id='word_1_34' title='bbox 1689 538 1803 580; x_wconf 62' lang='lat' dir='ltr'><strong>omo</strong></span> 
     </span>
    </p>
   </div>
   <div class='ocr_carea' id='block_1_6' title="bbox 226 619 1802 700">
    <p class='ocr_par' dir='ltr' id='par_1_6' title="bbox 226 619 1802 700">
     <span class='ocr_line' id='line_1_6' title="bbox 226 619 1802 700; baseline -0.016 -9"><span class='ocrx_word' id='word_1_35' title='bbox 226 638 313 691; x_wconf 89' lang='lat' dir='ltr'><strong>nia</strong></span> <span class='ocrx_word' id='word_1_36' title='bbox 333 633 556 696; x_wconf 87' lang='lat' dir='ltr'><strong>creavit,</strong></span> <span class='ocrx_word' id='word_1_37' title='bbox 581 628 849 700; x_wconf 91' lang='lat' dir='ltr'><strong>quomodo</strong></span> <span class='ocrx_word' id='word_1_38' title='bbox 870 625 980 681; x_wconf 90' lang='lat' dir='ltr'><strong>sint</strong></span> <span class='ocrx_word' id='word_1_39' title='bbox 1001 621 1257 676; x_wconf 68' lang='lat' dir='ltr'><strong>instituta:</strong></span> <span class='ocrx_word' id='word_1_40' title='bbox 1278 619 1302 673; x_wconf 84' lang='lat'><strong>?</strong></span> <span class='ocrx_word' id='word_1_41' title='bbox 1334 626 1518 671; x_wconf 90' lang='lat' dir='ltr'><strong>utrum</strong></span> <span class='ocrx_word' id='word_1_42' title='bbox 1539 622 1599 668; x_wconf 92' lang='lat' dir='ltr'><strong>ut</strong></span> <span class='ocrx_word' id='word_1_43' title='bbox 1620 626 1802 682; x_wconf 88' lang='lat' dir='ltr'><strong>quem-</strong></span> 
     </span>
    </p>
   </div>
   <div class='ocr_carea' id='block_1_7' title="bbox 224 703 1801 782">
    <p class='ocr_par' dir='ltr' id='par_1_7' title="bbox 224 703 1801 782">
     <span class='ocr_line' id='line_1_7' title="bbox 224 703 1801 782; baseline -0.017 0"><span class='ocrx_word' id='word_1_44' title='bbox 224 724 511 782; x_wconf 76' lang='lat' dir='ltr'><strong>admodum</strong></span> <span class='ocrx_word' id='word_1_45' title='bbox 534 719 788 781; x_wconf 81' lang='lat' dir='ltr'><strong>vidimus,</strong></span> <span class='ocrx_word' id='word_1_46' title='bbox 826 720 1020 769; x_wconf 88' lang='lat' dir='ltr'><strong>cuneta</strong></span> <span class='ocrx_word' id='word_1_47' title='bbox 1048 707 1323 764; x_wconf 72' lang='lat' dir='ltr'><strong>nascentia</strong></span> <span class='ocrx_word' id='word_1_48' title='bbox 1356 713 1413 761; x_wconf 90' lang='lat' dir='ltr'><strong>et</strong></span> <span class='ocrx_word' id='word_1_49' title='bbox 1457 703 1713 759; x_wconf 83' lang='lat' dir='ltr'><strong>frutieum</strong></span> <span class='ocrx_word' id='word_1_50' title='bbox 1745 709 1801 756; x_wconf 89' lang='lat' dir='ltr'><strong>et</strong></span> 
     </span>
    </p>
   </div>
   <div class='ocr_carea' id='block_1_8' title="bbox 223 795 1800 873">
    <p class='ocr_par' dir='ltr' id='par_1_8' title="bbox 223 795 1800 873">
     <span class='ocr_line' id='line_1_8' title="bbox 223 795 1800 873; baseline -0.016 0"><span class='ocrx_word' id='word_1_51' title='bbox 223 816 536 873; x_wconf 84' lang='lat' dir='ltr'><strong>animalium</strong></span> <span class='ocrx_word' id='word_1_52' title='bbox 563 812 618 865; x_wconf 91' lang='lat' dir='ltr'><strong>in</strong></span> <span class='ocrx_word' id='word_1_53' title='bbox 640 809 753 864; x_wconf 84' lang='lat' dir='ltr'><strong>suis</strong></span> <span class='ocrx_word' id='word_1_54' title='bbox 779 799 1296 862; x_wconf 72' lang='lat' dir='ltr'><strong>conformationibus</strong></span> <span class='ocrx_word' id='word_1_55' title='bbox 1317 805 1479 865; x_wconf 86' lang='lat' dir='ltr'><strong>atque</strong></span> <span class='ocrx_word' id='word_1_56' title='bbox 1504 795 1800 871; x_wconf 83' lang='lat' dir='ltr'><strong>incremen-</strong></span> 
     </span>
    </p>
   </div>
   <div class='ocr_carea' id='block_1_9' title="bbox 225 884 1800 974">
    <p class='ocr_par' dir='ltr' id='par_1_9' title="bbox 225 884 1800 974">
     <span class='ocr_line' id='line_1_9' title="bbox 225 884 1800 974; baseline -0.018 -11"><span class='ocrx_word' id='word_1_57' title='bbox 225 908 296 962; x_wconf 89' lang='lat' dir='ltr'><strong>tis</strong></span> <span class='ocrx_word' id='word_1_58' title='bbox 340 919 442 974; x_wconf 91' lang='lat' dir='ltr'><strong>pro</strong></span> <span class='ocrx_word' id='word_1_59' title='bbox 471 898 779 957; x_wconf 71' lang='lat' dir='ltr'><strong>diversitate</strong></span> <span class='ocrx_word' id='word_1_60' title='bbox 823 906 1082 965; x_wconf 80' lang='lat' dir='ltr'><strong>generum</strong></span> <span class='ocrx_word' id='word_1_61' title='bbox 1129 889 1339 944; x_wconf 83' lang='lat' dir='ltr'><strong>diversa</strong></span> <span class='ocrx_word' id='word_1_62' title='bbox 1366 884 1541 956; x_wconf 85' lang='lat' dir='ltr'><strong>spatia</strong></span> <span class='ocrx_word' id='word_1_63' title='bbox 1571 896 1800 953; x_wconf 77' lang='lat' dir='ltr'><strong>perage-</strong></span> 
     </span>
    </p>
   </div>
   <div class='ocr_carea' id='block_1_10' title="bbox 225 971 1797 1060">
    <p class='ocr_par' dir='ltr' id='par_1_10' title="bbox 225 971 1797 1060">
     <span class='ocr_line' id='line_1_10' title="bbox 225 971 1797 1060; baseline -0.018 -8"><span class='ocrx_word' id='word_1_64' title='bbox 225 971 359 1051; x_wconf 42' lang='lat' dir='ltr'><strong>rent—</strong></span> <span class='ocrx_word' id='word_1_65' title='bbox 372 987 707 1060; x_wconf 77' lang='lat' dir='ltr'><strong>temporum?</strong></span> <span class='ocrx_word' id='word_1_66' title='bbox 736 992 828 1038; x_wconf 88' lang='lat' dir='ltr'><strong>aut</strong></span> <span class='ocrx_word' id='word_1_67' title='bbox 859 979 1309 1051; x_wconf 81' lang='lat' dir='ltr'><strong>quemadmodum</strong></span> <span class='ocrx_word' id='word_1_68' title='bbox 1349 974 1588 1030; x_wconf 79' lang='lat' dir='ltr'><strong>creditur</strong></span> <span class='ocrx_word' id='word_1_69' title='bbox 1622 971 1797 1025; x_wconf 89' lang='lat' dir='ltr'><strong>factus</strong></span> 
     </span>
    </p>
   </div>
   <div class='ocr_carea' id='block_1_11' title="bbox 222 1058 1797 1143">
    <p class='ocr_par' dir='ltr' id='par_1_11' title="bbox 222 1058 1797 1143">
     <span class='ocr_line' id='line_1_11' title="bbox 222 1058 1797 1143; baseline -0.017 -3"><span class='ocrx_word' id='word_1_70' title='bbox 222 1086 396 1139; x_wconf 80' lang='lat' dir='ltr'><strong>Adam</strong></span> <span class='ocrx_word' id='word_1_71' title='bbox 446 1058 565 1136; x_wconf 73' lang='lat' dir='ltr'><strong>sine</strong></span> <span class='ocrx_word' id='word_1_72' title='bbox 608 1076 716 1132; x_wconf 82' lang='lat' dir='ltr'><strong>ullo</strong></span> <span class='ocrx_word' id='word_1_73' title='bbox 763 1085 1050 1143; x_wconf 77' lang='lat' dir='ltr'><strong>progressu</strong></span> <span class='ocrx_word' id='word_1_74' title='bbox 1102 1068 1595 1125; x_wconf 85' lang='lat' dir='ltr'><strong>incrementorum,</strong></span> <span class='ocrx_word' id='word_1_75' title='bbox 1653 1058 1797 1114; x_wconf 85' lang='lat' dir='ltr'><strong>virili</strong></span> 
     </span>
    </p>
   </div>
   <div class='ocr_carea' id='block_1_12' title="bbox 222 1150 1794 1229">
    <p class='ocr_par' dir='ltr' id='par_1_12' title="bbox 222 1150 1794 1229">
     <span class='ocr_line' id='line_1_12' title="bbox 222 1150 1794 1229; baseline -0.018 0"><span class='ocrx_word' id='word_1_76' title='bbox 222 1183 382 1229; x_wconf 74' lang='lat' dir='ltr'><strong>mtate</strong></span> <span class='ocrx_word' id='word_1_77' title='bbox 426 1168 681 1226; x_wconf 89' lang='lat' dir='ltr'><strong>continuo</strong></span> <span class='ocrx_word' id='word_1_78' title='bbox 710 1164 1102 1223; x_wconf 81' lang='lat' dir='ltr'><strong>formarentur,</strong></span> <span class='ocrx_word' id='word_1_79' title='bbox 1150 1157 1292 1212; x_wconf 82' lang='lat' dir='ltr'><strong>sicut</strong></span> <span class='ocrx_word' id='word_1_80' title='bbox 1318 1169 1456 1223; x_wconf 85' lang='lat' dir='ltr'><strong>aqua</strong></span> <span class='ocrx_word' id='word_1_81' title='bbox 1497 1152 1553 1206; x_wconf 88' lang='lat' dir='ltr'><strong>in</strong></span> <span class='ocrx_word' id='word_1_82' title='bbox 1607 1150 1794 1203; x_wconf 90' lang='lat' dir='ltr'><strong>vinum</strong></span> 
     </span>
    </p>
   </div>
   <div class='ocr_carea' id='block_1_13' title="bbox 222 1245 1795 1325">
    <p class='ocr_par' dir='ltr' id='par_1_13' title="bbox 222 1245 1795 1325">
     <span class='ocr_line' id='line_1_13' title="bbox 222 1245 1795 1325; baseline -0.018 -6"><span class='ocrx_word' id='word_1_83' title='bbox 222 1275 483 1321; x_wconf 79' lang='lat' dir='ltr'><strong>conversa</strong></span> <span class='ocrx_word' id='word_1_84' title='bbox 498 1300 513 1323; x_wconf 94' lang='lat'><strong>,</strong></span> <span class='ocrx_word' id='word_1_85' title='bbox 532 1266 588 1313; x_wconf 88' lang='lat' dir='ltr'><strong>et</strong></span> <span class='ocrx_word' id='word_1_86' title='bbox 612 1257 762 1325; x_wconf 74' lang='lat' dir='ltr'><strong>virga</strong></span> <span class='ocrx_word' id='word_1_87' title='bbox 787 1254 842 1308; x_wconf 91' lang='lat' dir='ltr'><strong>in</strong></span> <span class='ocrx_word' id='word_1_88' title='bbox 864 1259 1194 1319; x_wconf 82' lang='lat' dir='ltr'><strong>serpentem.</strong></span> <span class='ocrx_word' id='word_1_89' title='bbox 1219 1245 1327 1301; x_wconf 85' lang='lat' dir='ltr'><strong>Sed</strong></span> <span class='ocrx_word' id='word_1_90' title='bbox 1337 1260 1435 1300; x_wconf 89' lang='lat' dir='ltr'><strong>cur</strong></span> <span class='ocrx_word' id='word_1_91' title='bbox 1459 1258 1566 1297; x_wconf 91' lang='lat' dir='ltr'><strong>non</strong></span> <span class='ocrx_word' id='word_1_92' title='bbox 1582 1248 1795 1295; x_wconf 91' lang='lat' dir='ltr'><strong>utrum-</strong></span> 
     </span>
    </p>
   </div>
   <div class='ocr_carea' id='block_1_14' title="bbox 223 1328 1791 1422">
    <p class='ocr_par' dir='ltr' id='par_1_14' title="bbox 223 1328 1791 1422">
     <span class='ocr_line' id='line_1_14' title="bbox 223 1328 1791 1422; baseline -0.018 -15"><span class='ocrx_word' id='word_1_93' title='bbox 223 1366 331 1422; x_wconf 83' lang='lat' dir='ltr'><strong>que</strong></span> <span class='ocrx_word' id='word_1_94' title='bbox 372 1349 492 1404; x_wconf 89' lang='lat' dir='ltr'><strong>illas</strong></span> <span class='ocrx_word' id='word_1_95' title='bbox 520 1344 790 1401; x_wconf 86' lang='lat' dir='ltr'><strong>credimus</strong></span> <span class='ocrx_word' id='word_1_96' title='bbox 833 1339 1113 1402; x_wconf 89' lang='lat' dir='ltr'><strong>habuisse,</strong></span> <span class='ocrx_word' id='word_1_97' title='bbox 1149 1342 1211 1390; x_wconf 89' lang='lat' dir='ltr'><strong>ut</strong></span> <span class='ocrx_word' id='word_1_98' title='bbox 1270 1335 1375 1389; x_wconf 92' lang='lat' dir='ltr'><strong>hoc</strong></span> <span class='ocrx_word' id='word_1_99' title='bbox 1412 1348 1477 1388; x_wconf 72' lang='lat' dir='ltr'><strong>ex</strong></span> <span class='ocrx_word' id='word_1_100' title='bbox 1518 1331 1599 1385; x_wconf 90' lang='lat' dir='ltr'><strong>eis</strong></span> <span class='ocrx_word' id='word_1_101' title='bbox 1646 1328 1791 1382; x_wconf 88' lang='lat' dir='ltr'><strong>futu-</strong></span> 
     </span>
    </p>
   </div>
   <div class='ocr_carea' id='block_1_15' title="bbox 191 1422 1793 1506">
    <p class='ocr_par' dir='ltr' id='par_1_15' title="bbox 191 1422 1793 1506">
     <span class='ocr_line' id='line_1_15' title="bbox 191 1422 1793 1506; baseline -0.015 -8"><span class='ocrx_word' id='word_1_102' title='bbox 191 1457 344 1497; x_wconf 17' lang='lat' dir='ltr'><strong>srum</strong></span> <span class='ocrx_word' id='word_1_103' title='bbox 377 1447 520 1495; x_wconf 84' lang='lat' dir='ltr'><strong>esset</strong></span> <span class='ocrx_word' id='word_1_104' title='bbox 544 1435 689 1506; x_wconf 90' lang='lat' dir='ltr'><strong>quod</strong></span> <span class='ocrx_word' id='word_1_105' title='bbox 733 1432 943 1488; x_wconf 74' lang='lat' dir='ltr'><strong>facturo</strong></span> <span class='ocrx_word' id='word_1_106' title='bbox 982 1428 1291 1499; x_wconf 84' lang='lat' dir='ltr'><strong>placuisset.</strong></span> <span class='ocrx_word' id='word_1_107' title='bbox 1322 1425 1456 1479; x_wconf 86' lang='lat' dir='ltr'><strong>Nam</strong></span> <span class='ocrx_word' id='word_1_108' title='bbox 1494 1422 1664 1478; x_wconf 90' lang='lat' dir='ltr'><strong>multa</strong></span> <span class='ocrx_word' id='word_1_109' title='bbox 1706 1434 1793 1475; x_wconf 88' lang='lat' dir='ltr'><strong>se-</strong></span> 
     </span>
    </p>
   </div>
   <div class='ocr_carea' id='block_1_16' title="bbox 225 1509 1795 1586">
    <p class='ocr_par' dir='ltr' id='par_1_16' title="bbox 225 1509 1795 1586">
     <span class='ocr_line' id='line_1_16' title="bbox 225 1509 1795 1586; baseline -0.016 1"><span class='ocrx_word' id='word_1_110' title='bbox 225 1529 457 1586; x_wconf 85' lang='lat' dir='ltr'><strong>cundum</strong></span> <span class='ocrx_word' id='word_1_111' title='bbox 509 1524 788 1580; x_wconf 88' lang='lat' dir='ltr'><strong>inferiores</strong></span> <span class='ocrx_word' id='word_1_112' title='bbox 832 1534 1025 1575; x_wconf 82' lang='lat' dir='ltr'><strong>causas</strong></span> <span class='ocrx_word' id='word_1_113' title='bbox 1073 1515 1253 1571; x_wconf 86' lang='lat' dir='ltr'><strong>futura</strong></span> <span class='ocrx_word' id='word_1_114' title='bbox 1293 1522 1448 1578; x_wconf 91' lang='lat' dir='ltr'><strong>sunt;</strong></span> <span class='ocrx_word' id='word_1_115' title='bbox 1493 1512 1588 1567; x_wconf 90' lang='lat' dir='ltr'><strong>sed</strong></span> <span class='ocrx_word' id='word_1_116' title='bbox 1629 1510 1676 1565; x_wconf 88' lang='lat' dir='ltr'><strong>si</strong></span> <span class='ocrx_word' id='word_1_117' title='bbox 1719 1509 1795 1562; x_wconf 89' lang='lat' dir='ltr'><strong>ita</strong></span> 
     </span>
    </p>
   </div>
   <div class='ocr_carea' id='block_1_17' title="bbox 222 1598 1794 1682">
    <p class='ocr_par' dir='ltr' id='par_1_17' title="bbox 222 1598 1794 1682">
     <span class='ocr_line' id='line_1_17' title="bbox 222 1598 1794 1682; baseline -0.016 -8"><span class='ocrx_word' id='word_1_118' title='bbox 222 1624 383 1681; x_wconf 85' lang='lat' dir='ltr'><strong>sunt,</strong></span> <span class='ocrx_word' id='word_1_119' title='bbox 420 1614 477 1668; x_wconf 92' lang='lat' dir='ltr'><strong>in</strong></span> <span class='ocrx_word' id='word_1_120' title='bbox 501 1609 839 1682; x_wconf 72' lang='lat' dir='ltr'><strong>prmscicntia</strong></span> <span class='ocrx_word' id='word_1_121' title='bbox 862 1607 958 1662; x_wconf 89' lang='lat' dir='ltr'><strong>Dei</strong></span> <span class='ocrx_word' id='word_1_122' title='bbox 985 1620 1112 1663; x_wconf 90' lang='lat' dir='ltr'><strong>vere</strong></span> <span class='ocrx_word' id='word_1_123' title='bbox 1138 1603 1315 1660; x_wconf 89' lang='lat' dir='ltr'><strong>futura</strong></span> <span class='ocrx_word' id='word_1_124' title='bbox 1342 1608 1487 1657; x_wconf 91' lang='lat' dir='ltr'><strong>sunt.</strong></span> <span class='ocrx_word' id='word_1_125' title='bbox 1519 1598 1577 1653; x_wconf 88' lang='lat' dir='ltr'><strong>Si</strong></span> <span class='ocrx_word' id='word_1_126' title='bbox 1612 1605 1794 1652; x_wconf 87' lang='lat' dir='ltr'><strong>autem</strong></span> 
     </span>
    </p>
   </div>
   <div class='ocr_carea' id='block_1_18' title="bbox 224 1691 1791 1769">
    <p class='ocr_par' dir='ltr' id='par_1_18' title="bbox 224 1691 1791 1769">
     <span class='ocr_line' id='line_1_18' title="bbox 224 1691 1791 1769; baseline -0.014 -6"><span class='ocrx_word' id='word_1_127' title='bbox 224 1708 299 1763; x_wconf 74' lang='lat' dir='ltr'><strong>ibi</strong></span> <span class='ocrx_word' id='word_1_128' title='bbox 323 1705 480 1761; x_wconf 79' lang='lat' dir='ltr'><strong>aliter</strong></span> <span class='ocrx_word' id='word_1_129' title='bbox 501 1709 657 1766; x_wconf 87' lang='lat' dir='ltr'><strong>sunt,</strong></span> <span class='ocrx_word' id='word_1_130' title='bbox 685 1701 758 1754; x_wconf 85' lang='lat' dir='ltr'><strong>ita</strong></span> <span class='ocrx_word' id='word_1_131' title='bbox 781 1699 963 1769; x_wconf 85' lang='lat' dir='ltr'><strong>potius</strong></span> <span class='ocrx_word' id='word_1_132' title='bbox 992 1695 1171 1750; x_wconf 88' lang='lat' dir='ltr'><strong>futura</strong></span> <span class='ocrx_word' id='word_1_133' title='bbox 1197 1701 1323 1749; x_wconf 92' lang='lat' dir='ltr'><strong>sunt</strong></span> <span class='ocrx_word' id='word_1_134' title='bbox 1363 1692 1503 1747; x_wconf 90' lang='lat' dir='ltr'><strong>sicut</strong></span> <span class='ocrx_word' id='word_1_135' title='bbox 1529 1691 1601 1745; x_wconf 88' lang='lat' dir='ltr'><strong>ibi</strong></span> <span class='ocrx_word' id='word_1_136' title='bbox 1632 1696 1791 1754; x_wconf 92' lang='lat' dir='ltr'><strong>sunt,</strong></span> 
     </span>
    </p>
   </div>
   <div class='ocr_carea' id='block_1_19' title="bbox 1898 514 3473 588">
    <p class='ocr_par' dir='ltr' id='par_1_19' title="bbox 1898 514 3473 588">
     <span class='ocr_line' id='line_1_19' title="bbox 1898 514 3473 588; baseline -0.006 -11"><span class='ocrx_word' id='word_1_137' title='bbox 1898 520 2060 577; x_wconf 82' lang='lat' dir='ltr'><strong>homo</strong></span> <span class='ocrx_word' id='word_1_138' title='bbox 2082 518 2250 575; x_wconf 86' lang='lat' dir='ltr'><strong>fuisse</strong></span> <span class='ocrx_word' id='word_1_139' title='bbox 2267 516 2413 588; x_wconf 89' lang='lat' dir='ltr'><strong>quod</strong></span> <span class='ocrx_word' id='word_1_140' title='bbox 2432 532 2541 573; x_wconf 91' lang='lat' dir='ltr'><strong>non</strong></span> <span class='ocrx_word' id='word_1_141' title='bbox 2567 514 2670 571; x_wconf 78' lang='lat' dir='ltr'><strong>fuit</strong></span> <span class='ocrx_word' id='word_1_142' title='bbox 2685 555 2702 581; x_wconf 93' lang='lat'><strong>,</strong></span> <span class='ocrx_word' id='word_1_143' title='bbox 2728 525 2833 571; x_wconf 62' lang='lat' dir='ltr'><strong>aut,</strong></span> <span class='ocrx_word' id='word_1_144' title='bbox 2848 514 3022 585; x_wconf 74' lang='lat' dir='ltr'><strong>egisse</strong></span> <span class='ocrx_word' id='word_1_145' title='bbox 3041 514 3185 582; x_wconf 88' lang='lat' dir='ltr'><strong>quod</strong></span> <span class='ocrx_word' id='word_1_146' title='bbox 3209 528 3318 569; x_wconf 91' lang='lat' dir='ltr'><strong>non</strong></span> <span class='ocrx_word' id='word_1_147' title='bbox 3338 514 3473 585; x_wconf 82' lang='lat' dir='ltr'><strong>egit,</strong></span> 
     </span>
    </p>
   </div>
   <div class='ocr_carea' id='block_1_20' title="bbox 1897 603 3474 679">
    <p class='ocr_par' dir='ltr' id='par_1_20' title="bbox 1897 603 3474 679">
     <span class='ocr_line' id='line_1_20' title="bbox 1897 603 3474 679; baseline -0.002 -15"><span class='ocrx_word' id='word_1_148' title='bbox 1897 609 2027 679; x_wconf 87' lang='lat' dir='ltr'><strong>quid</strong></span> <span class='ocrx_word' id='word_1_149' title='bbox 2056 610 2252 666; x_wconf 88' lang='lat' dir='ltr'><strong>mirum</strong></span> <span class='ocrx_word' id='word_1_150' title='bbox 2280 611 2330 666; x_wconf 90' lang='lat' dir='ltr'><strong>si</strong></span> <span class='ocrx_word' id='word_1_151' title='bbox 2356 609 2589 679; x_wconf 85' lang='lat' dir='ltr'><strong>quodam</strong></span> <span class='ocrx_word' id='word_1_152' title='bbox 2624 608 2721 665; x_wconf 87' lang='lat' dir='ltr'><strong>Dei</strong></span> <span class='ocrx_word' id='word_1_153' title='bbox 2749 615 2898 677; x_wconf 54' lang='lat' dir='ltr'><strong>iusto</strong></span> <span class='ocrx_word' id='word_1_154' title='bbox 2934 603 3474 674; x_wconf 86' lang='lat' dir='ltr'><strong>oceultoquejudicio</strong></span> 
     </span>
    </p>
   </div>
   <div class='ocr_carea' id='block_1_21' title="bbox 1897 694 3473 767">
    <p class='ocr_par' dir='ltr' id='par_1_21' title="bbox 1897 694 3473 767">
     <span class='ocr_line' id='line_1_21' title="bbox 1897 694 3473 767; baseline -0.002 -14"><span class='ocrx_word' id='word_1_155' title='bbox 1897 701 2149 754; x_wconf 85' lang='lat' dir='ltr'><strong>sinuntur</strong></span> <span class='ocrx_word' id='word_1_156' title='bbox 2172 700 2441 755; x_wconf 67' lang='lat' dir='ltr'><strong>daemones</strong></span> <span class='ocrx_word' id='word_1_157' title='bbox 2463 715 2517 753; x_wconf 84' lang='lat' dir='ltr'><strong>In</strong></span> <span class='ocrx_word' id='word_1_158' title='bbox 2546 698 2800 765; x_wconf 76' lang='lat' dir='ltr'><strong>cordibus</strong></span> <span class='ocrx_word' id='word_1_159' title='bbox 2822 697 2985 755; x_wconf 84' lang='lat' dir='ltr'><strong>etiam</strong></span> <span class='ocrx_word' id='word_1_160' title='bbox 3007 694 3343 767; x_wconf 82' lang='lat' dir='ltr'><strong>vigilantium</strong></span> <span class='ocrx_word' id='word_1_161' title='bbox 3360 694 3473 750; x_wconf 82' lang='lat' dir='ltr'><strong>tale</strong></span> 
     </span>
    </p>
   </div>
   <div class='ocr_carea' id='block_1_22' title="bbox 1896 788 2298 858">
    <p class='ocr_par' dir='ltr' id='par_1_22' title="bbox 1896 788 2298 858">
     <span class='ocr_line' id='line_1_22' title="bbox 1896 788 2298 858; baseline 0.002 -15"><span class='ocrx_word' id='word_1_162' title='bbox 1896 788 2097 858; x_wconf 87' lang='lat' dir='ltr'><strong>aliquid</strong></span> <span class='ocrx_word' id='word_1_163' title='bbox 2123 803 2298 858; x_wconf 88' lang='lat' dir='ltr'><strong>posse.</strong></span> 
     </span>
    </p>
   </div>
   <div class='ocr_carea' id='block_1_23' title="bbox 1967 875 3473 950">
    <p class='ocr_par' dir='ltr' id='par_1_23' title="bbox 1967 875 3473 950">
     <span class='ocr_line' id='line_1_23' title="bbox 1967 875 3473 950; baseline -0.005 -15"><span class='ocrx_word' id='word_1_164' title='bbox 1967 879 2245 937; x_wconf 69' lang='lat' dir='ltr'><strong>Manichaai</strong></span> <span class='ocrx_word' id='word_1_165' title='bbox 2272 891 2476 944; x_wconf 86' lang='lat' dir='ltr'><strong>autem,</strong></span> <span class='ocrx_word' id='word_1_166' title='bbox 2500 880 2591 950; x_wconf 87' lang='lat' dir='ltr'><strong>qui</strong></span> <span class='ocrx_word' id='word_1_167' title='bbox 2614 895 2676 934; x_wconf 90' lang='lat' dir='ltr'><strong>se</strong></span> <span class='ocrx_word' id='word_1_168' title='bbox 2698 878 3038 934; x_wconf 85' lang='lat' dir='ltr'><strong>Christianos</strong></span> <span class='ocrx_word' id='word_1_169' title='bbox 3064 876 3148 932; x_wconf 86' lang='lat' dir='ltr'><strong>vel</strong></span> <span class='ocrx_word' id='word_1_170' title='bbox 3171 883 3364 945; x_wconf 88' lang='lat' dir='ltr'><strong>putant</strong></span> <span class='ocrx_word' id='word_1_171' title='bbox 3387 875 3473 931; x_wconf 82' lang='lat' dir='ltr'><strong>vel</strong></span> 
     </span>
    </p>
   </div>
   <div class='ocr_carea' id='block_1_24' title="bbox 1895 967 3473 1043">
    <p class='ocr_par' dir='ltr' id='par_1_24' title="bbox 1895 967 3473 1043">
     <span class='ocr_line' id='line_1_24' title="bbox 1895 967 3473 1043; baseline -0.003 -17"><span class='ocrx_word' id='word_1_172' title='bbox 1895 972 2075 1043; x_wconf 83' lang='lat' dir='ltr'><strong>putari</strong></span> <span class='ocrx_word' id='word_1_173' title='bbox 2107 971 2318 1036; x_wconf 74' lang='lat' dir='ltr'><strong>volunt,</strong></span> <span class='ocrx_word' id='word_1_174' title='bbox 2346 972 2400 1026; x_wconf 87' lang='lat' dir='ltr'><strong>in</strong></span> <span class='ocrx_word' id='word_1_175' title='bbox 2443 971 2545 1025; x_wconf 88' lang='lat' dir='ltr'><strong>hac</strong></span> <span class='ocrx_word' id='word_1_176' title='bbox 2570 971 2823 1038; x_wconf 84' lang='lat' dir='ltr'><strong>opinione</strong></span> <span class='ocrx_word' id='word_1_177' title='bbox 2855 968 3222 1023; x_wconf 87' lang='lat' dir='ltr'><strong>translationis</strong></span> <span class='ocrx_word' id='word_1_178' title='bbox 3260 967 3344 1021; x_wconf 89' lang='lat' dir='ltr'><strong>vel</strong></span> <span class='ocrx_word' id='word_1_179' title='bbox 3387 983 3473 1022; x_wconf 90' lang='lat' dir='ltr'><strong>re-</strong></span> 
     </span>
    </p>
   </div>
   <div class='ocr_carea' id='block_1_25' title="bbox 1897 1057 3472 1129">
    <p class='ocr_par' dir='ltr' id='par_1_25' title="bbox 1897 1057 3472 1129">
     <span class='ocr_line' id='line_1_25' title="bbox 1897 1057 3472 1129; baseline -0.006 -9"><span class='ocrx_word' id='word_1_180' title='bbox 1897 1064 2189 1120; x_wconf 82' lang='lat' dir='ltr'><strong>volutionis</strong></span> <span class='ocrx_word' id='word_1_181' title='bbox 2223 1063 2525 1121; x_wconf 87' lang='lat' dir='ltr'><strong>animarum</strong></span> <span class='ocrx_word' id='word_1_182' title='bbox 2552 1078 2616 1117; x_wconf 90' lang='lat' dir='ltr'><strong>eo</strong></span> <span class='ocrx_word' id='word_1_183' title='bbox 2647 1068 2772 1116; x_wconf 88' lang='lat' dir='ltr'><strong>sunt</strong></span> <span class='ocrx_word' id='word_1_184' title='bbox 2811 1060 2917 1113; x_wconf 86' lang='lat' dir='ltr'><strong>illis</strong></span> <span class='ocrx_word' id='word_1_185' title='bbox 2947 1058 3187 1129; x_wconf 75' lang='lat' dir='ltr'><strong>gentium</strong></span> <span class='ocrx_word' id='word_1_186' title='bbox 3229 1057 3472 1125; x_wconf 85' lang='lat' dir='ltr'><strong>philoso-</strong></span> 
     </span>
    </p>
   </div>
   <div class='ocr_carea' id='block_1_26' title="bbox 1894 1147 3471 1226">
    <p class='ocr_par' dir='ltr' id='par_1_26' title="bbox 1894 1147 3471 1226">
     <span class='ocr_line' id='line_1_26' title="bbox 1894 1147 3471 1226; baseline -0.005 -17"><span class='ocrx_word' id='word_1_187' title='bbox 1894 1156 2052 1226; x_wconf 84' lang='lat' dir='ltr'><strong>phis,</strong></span> <span class='ocrx_word' id='word_1_188' title='bbox 2086 1153 2170 1209; x_wconf 87' lang='lat' dir='ltr'><strong>vel</strong></span> <span class='ocrx_word' id='word_1_189' title='bbox 2198 1154 2244 1208; x_wconf 91' lang='lat' dir='ltr'><strong>si</strong></span> <span class='ocrx_word' id='word_1_190' title='bbox 2269 1152 2361 1222; x_wconf 87' lang='lat' dir='ltr'><strong>qui</strong></span> <span class='ocrx_word' id='word_1_191' title='bbox 2398 1152 2488 1206; x_wconf 90' lang='lat' dir='ltr'><strong>alii</strong></span> <span class='ocrx_word' id='word_1_192' title='bbox 2515 1152 2642 1206; x_wconf 86' lang='lat' dir='ltr'><strong>vani</strong></span> <span class='ocrx_word' id='word_1_193' title='bbox 2672 1151 2917 1206; x_wconf 86' lang='lat' dir='ltr'><strong>homines</strong></span> <span class='ocrx_word' id='word_1_194' title='bbox 2959 1149 3061 1205; x_wconf 88' lang='lat' dir='ltr'><strong>hoc</strong></span> <span class='ocrx_word' id='word_1_195' title='bbox 3086 1156 3292 1216; x_wconf 87' lang='lat' dir='ltr'><strong>putant,</strong></span> <span class='ocrx_word' id='word_1_196' title='bbox 3322 1147 3471 1201; x_wconf 90' lang='lat' dir='ltr'><strong>dete-</strong></span> 
     </span>
    </p>
   </div>
   <div class='ocr_carea' id='block_1_27' title="bbox 1896 1242 3468 1313">
    <p class='ocr_par' dir='ltr' id='par_1_27' title="bbox 1896 1242 3468 1313">
     <span class='ocr_line' id='line_1_27' title="bbox 1896 1242 3468 1313; baseline -0.009 -8"><span class='ocrx_word' id='word_1_197' title='bbox 1896 1251 2070 1305; x_wconf 86' lang='lat' dir='ltr'><strong>riores</strong></span> <span class='ocrx_word' id='word_1_198' title='bbox 2108 1256 2166 1303; x_wconf 88' lang='lat' dir='ltr'><strong>et</strong></span> <span class='ocrx_word' id='word_1_199' title='bbox 2198 1245 2626 1302; x_wconf 83' lang='lat' dir='ltr'><strong>detestabiliores</strong></span> <span class='ocrx_word' id='word_1_200' title='bbox 2643 1284 2658 1308; x_wconf 93' lang='lat'><strong>,</strong></span> <span class='ocrx_word' id='word_1_201' title='bbox 2681 1244 2825 1313; x_wconf 87' lang='lat' dir='ltr'><strong>quod</strong></span> <span class='ocrx_word' id='word_1_202' title='bbox 2853 1242 2928 1296; x_wconf 88' lang='lat' dir='ltr'><strong>illi</strong></span> <span class='ocrx_word' id='word_1_203' title='bbox 2958 1242 3149 1295; x_wconf 61' lang='lat' dir='ltr'><strong>animus</strong></span> <span class='ocrx_word' id='word_1_204' title='bbox 3172 1247 3420 1293; x_wconf 88' lang='lat' dir='ltr'><strong>naturam</strong></span> <span class='ocrx_word' id='word_1_205' title='bbox 3437 1253 3468 1292; x_wconf 88' lang='lat' dir='ltr'><strong>a</strong></span> 
     </span>
    </p>
   </div>
   <div class='ocr_carea' id='block_1_28' title="bbox 1895 1326 3472 1397">
    <p class='ocr_par' dir='ltr' id='par_1_28' title="bbox 1895 1326 3472 1397">
     <span class='ocr_line' id='line_1_28' title="bbox 1895 1326 3472 1397; baseline -0.008 -2"><span class='ocrx_word' id='word_1_206' title='bbox 1895 1340 1993 1395; x_wconf 88' lang='lat' dir='ltr'><strong>Dei</strong></span> <span class='ocrx_word' id='word_1_207' title='bbox 2036 1347 2228 1393; x_wconf 87' lang='lat' dir='ltr'><strong>natura</strong></span> <span class='ocrx_word' id='word_1_208' title='bbox 2265 1337 2595 1392; x_wconf 86' lang='lat' dir='ltr'><strong>discernunt.</strong></span> <span class='ocrx_word' id='word_1_209' title='bbox 2633 1334 2724 1389; x_wconf 89' lang='lat' dir='ltr'><strong>lsti</strong></span> <span class='ocrx_word' id='word_1_210' title='bbox 2764 1343 2969 1397; x_wconf 84' lang='lat' dir='ltr'><strong>autem,</strong></span> <span class='ocrx_word' id='word_1_211' title='bbox 3000 1346 3123 1386; x_wconf 92' lang='lat' dir='ltr'><strong>cum</strong></span> <span class='ocrx_word' id='word_1_212' title='bbox 3156 1330 3301 1384; x_wconf 87' lang='lat' dir='ltr'><strong>aliud</strong></span> <span class='ocrx_word' id='word_1_213' title='bbox 3336 1326 3472 1382; x_wconf 83' lang='lat' dir='ltr'><strong>nihil</strong></span> 
     </span>
    </p>
   </div>
   <div class='ocr_carea' id='block_1_29' title="bbox 1895 1422 3469 1494">
    <p class='ocr_par' dir='ltr' id='par_1_29' title="bbox 1895 1422 3469 1494">
     <span class='ocr_line' id='line_1_29' title="bbox 1895 1422 3469 1494; baseline -0.009 -7"><span class='ocrx_word' id='word_1_214' title='bbox 1895 1446 2016 1486; x_wconf 85' lang='lat' dir='ltr'><strong>esse</strong></span> <span class='ocrx_word' id='word_1_215' title='bbox 2052 1431 2233 1486; x_wconf 83' lang='lat' dir='ltr'><strong>dicant</strong></span> <span class='ocrx_word' id='word_1_216' title='bbox 2267 1429 2504 1483; x_wconf 88' lang='lat' dir='ltr'><strong>animam</strong></span> <span class='ocrx_word' id='word_1_217' title='bbox 2541 1441 2702 1494; x_wconf 89' lang='lat' dir='ltr'><strong>quam</strong></span> <span class='ocrx_word' id='word_1_218' title='bbox 2742 1426 2911 1493; x_wconf 83' lang='lat' dir='ltr'><strong>ipsam</strong></span> <span class='ocrx_word' id='word_1_219' title='bbox 2940 1423 3034 1477; x_wconf 87' lang='lat' dir='ltr'><strong>Dei</strong></span> <span class='ocrx_word' id='word_1_220' title='bbox 3087 1422 3469 1483; x_wconf 82' lang='lat' dir='ltr'><strong>substantiam,</strong></span> 
     </span>
    </p>
   </div>
   <div class='ocr_carea' id='block_1_30' title="bbox 1896 1513 3463 1588">
    <p class='ocr_par' dir='ltr' id='par_1_30' title="bbox 1896 1513 3463 1588">
     <span class='ocr_line' id='line_1_30' title="bbox 1896 1513 3463 1588; baseline -0.007 -15"><span class='ocrx_word' id='word_1_221' title='bbox 1896 1529 2057 1588; x_wconf 86' lang='lat' dir='ltr'><strong>atque</strong></span> <span class='ocrx_word' id='word_1_222' title='bbox 2083 1519 2137 1573; x_wconf 91' lang='lat' dir='ltr'><strong>id</strong></span> <span class='ocrx_word' id='word_1_223' title='bbox 2172 1518 2394 1573; x_wconf 87' lang='lat' dir='ltr'><strong>omnino</strong></span> <span class='ocrx_word' id='word_1_224' title='bbox 2421 1515 2563 1586; x_wconf 91' lang='lat' dir='ltr'><strong>quod</strong></span> <span class='ocrx_word' id='word_1_225' title='bbox 2589 1516 2731 1571; x_wconf 89' lang='lat' dir='ltr'><strong>Deus</strong></span> <span class='ocrx_word' id='word_1_226' title='bbox 2758 1522 2875 1579; x_wconf 89' lang='lat' dir='ltr'><strong>est,</strong></span> <span class='ocrx_word' id='word_1_227' title='bbox 2908 1529 3015 1568; x_wconf 91' lang='lat' dir='ltr'><strong>non</strong></span> <span class='ocrx_word' id='word_1_228' title='bbox 3040 1513 3309 1580; x_wconf 87' lang='lat' dir='ltr'><strong>trepidant</strong></span> <span class='ocrx_word' id='word_1_229' title='bbox 3345 1526 3463 1564; x_wconf 84' lang='lat' dir='ltr'><strong>eam</strong></span> 
     </span>
    </p>
   </div>
   <div class='ocr_carea' id='block_1_31' title="bbox 1898 1601 3470 1676">
    <p class='ocr_par' dir='ltr' id='par_1_31' title="bbox 1898 1601 3470 1676">
     <span class='ocr_line' id='line_1_31' title="bbox 1898 1601 3470 1676; baseline -0.006 -14"><span class='ocrx_word' id='word_1_230' title='bbox 1898 1615 2009 1662; x_wconf 89' lang='lat' dir='ltr'><strong>tam</strong></span> <span class='ocrx_word' id='word_1_231' title='bbox 2056 1607 2286 1676; x_wconf 88' lang='lat' dir='ltr'><strong>turpiter</strong></span> <span class='ocrx_word' id='word_1_232' title='bbox 2334 1607 2767 1663; x_wconf 88' lang='lat' dir='ltr'><strong>commutabilem</strong></span> <span class='ocrx_word' id='word_1_233' title='bbox 2821 1606 3031 1668; x_wconf 86' lang='lat' dir='ltr'><strong>dicere,</strong></span> <span class='ocrx_word' id='word_1_234' title='bbox 3061 1613 3120 1658; x_wconf 92' lang='lat' dir='ltr'><strong>ut</strong></span> <span class='ocrx_word' id='word_1_235' title='bbox 3164 1601 3366 1656; x_wconf 89' lang='lat' dir='ltr'><strong>nullum</strong></span> <span class='ocrx_word' id='word_1_236' title='bbox 3399 1601 3470 1654; x_wconf 87' lang='lat' dir='ltr'><strong>sit</strong></span> 
     </span>
    </p>
   </div>
   <div class='ocr_carea' id='block_1_32' title="bbox 1878 1695 3470 1765">
    <p class='ocr_par' dir='ltr' id='par_1_32' title="bbox 1878 1695 3470 1765">
     <span class='ocr_line' id='line_1_32' title="bbox 1878 1695 3470 1765; baseline -0.006 -12"><span class='ocrx_word' id='word_1_237' title='bbox 1878 1698 2082 1753; x_wconf 58' lang='lat' dir='ltr'><strong>&#39;herhze</strong></span> <span class='ocrx_word' id='word_1_238' title='bbox 2108 1711 2204 1753; x_wconf 84' lang='lat' dir='ltr'><strong>seu</strong></span> <span class='ocrx_word' id='word_1_239' title='bbox 2228 1695 2508 1751; x_wconf 88' lang='lat' dir='ltr'><strong>vermiculi</strong></span> <span class='ocrx_word' id='word_1_240' title='bbox 2533 1710 2729 1765; x_wconf 81' lang='lat' dir='ltr'><strong>genus,</strong></span> <span class='ocrx_word' id='word_1_241' title='bbox 2771 1695 2860 1749; x_wconf 89' lang='lat' dir='ltr'><strong>ubi</strong></span> <span class='ocrx_word' id='word_1_242' title='bbox 2885 1709 3005 1748; x_wconf 87' lang='lat' dir='ltr'><strong>eam</strong></span> <span class='ocrx_word' id='word_1_243' title='bbox 3036 1708 3143 1747; x_wconf 92' lang='lat' dir='ltr'><strong>non</strong></span> <span class='ocrx_word' id='word_1_244' title='bbox 3174 1705 3294 1746; x_wconf 86' lang='lat' dir='ltr'><strong>esse</strong></span> <span class='ocrx_word' id='word_1_245' title='bbox 3324 1705 3470 1744; x_wconf 85' lang='lat' dir='ltr'><strong>com-</strong></span> 
     </span>
    </p>
   </div>
   <div class='ocr_carea' id='block_1_33' title="bbox 224 1760 3473 1868">
    <p class='ocr_par' dir='ltr' id='par_1_33' title="bbox 224 1760 3473 1868">
     <span class='ocr_line' id='line_1_33' title="bbox 224 1760 3473 1868; baseline -0.007 -13"><span class='ocrx_word' id='word_1_246' title='bbox 224 1800 316 1859; x_wconf 87' lang='lat' dir='ltr'><strong>uhi</strong></span> <span class='ocrx_word' id='word_1_247' title='bbox 344 1798 435 1868; x_wconf 81' lang='lat' dir='ltr'><strong>qui</strong></span> <span class='ocrx_word' id='word_1_248' title='bbox 452 1795 665 1867; x_wconf 65' lang='lat' dir='ltr'><strong>praascit</strong></span> <span class='ocrx_word' id='word_1_249' title='bbox 691 1792 800 1848; x_wconf 87' lang='lat' dir='ltr'><strong>falli</strong></span> <span class='ocrx_word' id='word_1_250' title='bbox 819 1808 925 1846; x_wconf 91' lang='lat' dir='ltr'><strong>non</strong></span> <span class='ocrx_word' id='word_1_251' title='bbox 957 1797 1152 1860; x_wconf 87' lang='lat' dir='ltr'><strong>potest.</strong></span> <span class='ocrx_word' id='word_1_252' title='bbox 1177 1787 1310 1842; x_wconf 87' lang='lat' dir='ltr'><strong>Nam</strong></span> <span class='ocrx_word' id='word_1_253' title='bbox 1338 1785 1517 1840; x_wconf 90' lang='lat' dir='ltr'><strong>futura</strong></span> <span class='ocrx_word' id='word_1_254' title='bbox 1540 1791 1792 1841; x_wconf 88' lang='lat' dir='ltr'><strong>senectus</strong></span> <span class='ocrx_word' id='word_1_255' title='bbox 1823 1760 1869 1821; x_wconf 70' lang='grc' dir='ltr'><strong><em>Β</em></strong></span> <span class='ocrx_word' id='word_1_256' title='bbox 1897 1788 2123 1843; x_wconf 83' lang='lat' dir='ltr'><strong>mixtam</strong></span> <span class='ocrx_word' id='word_1_257' title='bbox 2143 1826 2158 1850; x_wconf 88' lang='lat'><strong>,</strong></span> <span class='ocrx_word' id='word_1_258' title='bbox 2191 1785 2276 1841; x_wconf 86' lang='lat' dir='ltr'><strong>vel</strong></span> <span class='ocrx_word' id='word_1_259' title='bbox 2298 1800 2407 1855; x_wconf 90' lang='lat' dir='ltr'><strong>quo</strong></span> <span class='ocrx_word' id='word_1_260' title='bbox 2439 1760 2644 1841; x_wconf 76' lang='lat' dir='ltr'><strong>revolvi</strong></span> <span class='ocrx_word' id='word_1_261' title='bbox 2669 1799 2777 1839; x_wconf 90' lang='lat' dir='ltr'><strong>non</strong></span> <span class='ocrx_word' id='word_1_262' title='bbox 2802 1798 2961 1853; x_wconf 81' lang='lat' dir='ltr'><strong>posse</strong></span> <span class='ocrx_word' id='word_1_263' title='bbox 2987 1781 3220 1836; x_wconf 87' lang='lat' dir='ltr'><strong>mirabili</strong></span> <span class='ocrx_word' id='word_1_264' title='bbox 3247 1780 3473 1850; x_wconf 87' lang='lat' dir='ltr'><strong>opinen-</strong></span> 
     </span>
    </p>
   </div>
   <div class='ocr_carea' id='block_1_34' title="bbox 226 1876 1795 1955">
    <p class='ocr_par' dir='ltr' id='par_1_34' title="bbox 226 1876 1795 1955">
     <span class='ocr_line' id='line_1_34' title="bbox 226 1876 1795 1955; baseline -0.008 -11"><span class='ocrx_word' id='word_1_265' title='bbox 226 1890 424 1944; x_wconf 86' lang='lat' dir='ltr'><strong>dicitur</strong></span> <span class='ocrx_word' id='word_1_266' title='bbox 444 1887 499 1941; x_wconf 91' lang='lat' dir='ltr'><strong>in</strong></span> <span class='ocrx_word' id='word_1_267' title='bbox 522 1885 749 1955; x_wconf 83' lang='lat' dir='ltr'><strong>juvene,</strong></span> <span class='ocrx_word' id='word_1_268' title='bbox 781 1882 876 1937; x_wconf 90' lang='lat' dir='ltr'><strong>sed</strong></span> <span class='ocrx_word' id='word_1_269' title='bbox 898 1889 1075 1935; x_wconf 87' lang='lat' dir='ltr'><strong>tamen</strong></span> <span class='ocrx_word' id='word_1_270' title='bbox 1102 1878 1282 1933; x_wconf 88' lang='lat' dir='ltr'><strong>futura</strong></span> <span class='ocrx_word' id='word_1_271' title='bbox 1308 1892 1418 1932; x_wconf 91' lang='lat' dir='ltr'><strong>non</strong></span> <span class='ocrx_word' id='word_1_272' title='bbox 1448 1883 1562 1942; x_wconf 89' lang='lat' dir='ltr'><strong>est,</strong></span> <span class='ocrx_word' id='word_1_273' title='bbox 1592 1876 1639 1932; x_wconf 91' lang='lat' dir='ltr'><strong>si</strong></span> <span class='ocrx_word' id='word_1_274' title='bbox 1667 1884 1795 1931; x_wconf 90' lang='lat' dir='ltr'><strong>ante</strong></span> 
     </span>
    </p>
   </div>
   <div class='ocr_carea' id='block_1_35' title="bbox 224 1975 652 2033">
    <p class='ocr_par' dir='ltr' id='par_1_35' title="bbox 224 1975 652 2033">
     <span class='ocr_line' id='line_1_35' title="bbox 224 1975 652 2033; baseline -0.016 0"><span class='ocrx_word' id='word_1_275' title='bbox 224 1975 525 2033; x_wconf 87' lang='lat' dir='ltr'><strong>moriturus</strong></span> <span class='ocrx_word' id='word_1_276' title='bbox 550 1980 652 2028; x_wconf 90' lang='lat' dir='ltr'><strong>est.</strong></span> 
     </span>
    </p>
   </div>
   <div class='ocr_carea' id='block_1_36' title="bbox 295 2054 1795 2121">
    <p class='ocr_par' dir='ltr' id='par_1_36' title="bbox 295 2054 1795 2121">
     <span class='ocr_line' id='line_1_36' title="bbox 295 2054 1795 2121; baseline -0.009 0"><span class='ocrx_word' id='word_1_277' title='bbox 295 2066 374 2121; x_wconf 75' lang='grc' dir='ltr'><strong>Μ.</strong></span> <span class='ocrx_word' id='word_1_278' title='bbox 408 2065 523 2121; x_wconf 85' lang='lat' dir='ltr'><strong>Hoc</strong></span> <span class='ocrx_word' id='word_1_279' title='bbox 547 2071 727 2119; x_wconf 85' lang='lat' dir='ltr'><strong>autem</strong></span> <span class='ocrx_word' id='word_1_280' title='bbox 756 2062 829 2115; x_wconf 88' lang='lat' dir='ltr'><strong>ita</strong></span> <span class='ocrx_word' id='word_1_281' title='bbox 852 2058 956 2114; x_wconf 89' lang='lat' dir='ltr'><strong>erit</strong></span> <span class='ocrx_word' id='word_1_282' title='bbox 984 2057 1122 2113; x_wconf 90' lang='lat' dir='ltr'><strong>sicut</strong></span> <span class='ocrx_word' id='word_1_283' title='bbox 1144 2072 1203 2113; x_wconf 90' lang='lat' dir='ltr'><strong>se</strong></span> <span class='ocrx_word' id='word_1_284' title='bbox 1229 2055 1428 2111; x_wconf 90' lang='lat' dir='ltr'><strong>habent</strong></span> <span class='ocrx_word' id='word_1_285' title='bbox 1456 2054 1574 2110; x_wconf 67' lang='lat' dir='ltr'><strong>alia:</strong></span> <span class='ocrx_word' id='word_1_286' title='bbox 1596 2069 1795 2121; x_wconf 68' lang='lat' dir='ltr'><strong>causae,</strong></span> 
     </span>
    </p>
   </div>
   <div class='ocr_carea' id='block_1_37' title="bbox 225 2146 1794 2219">
    <p class='ocr_par' dir='ltr' id='par_1_37' title="bbox 225 2146 1794 2219">
     <span class='ocr_line' id='line_1_37' title="bbox 225 2146 1794 2219; baseline -0.01 -6"><span class='ocrx_word' id='word_1_287' title='bbox 225 2157 340 2213; x_wconf 88' lang='lat' dir='ltr'><strong>sive</strong></span> <span class='ocrx_word' id='word_1_288' title='bbox 388 2155 587 2210; x_wconf 91' lang='lat' dir='ltr'><strong>mundo</strong></span> <span class='ocrx_word' id='word_1_289' title='bbox 631 2158 919 2214; x_wconf 61' lang='lat' dir='ltr'><strong>contextae,</strong></span> <span class='ocrx_word' id='word_1_290' title='bbox 943 2149 1056 2204; x_wconf 89' lang='lat' dir='ltr'><strong>sive</strong></span> <span class='ocrx_word' id='word_1_291' title='bbox 1101 2146 1439 2219; x_wconf 71' lang='lat' dir='ltr'><strong>praeseientia</strong></span> <span class='ocrx_word' id='word_1_292' title='bbox 1484 2153 1794 2200; x_wconf 61' lang='lat' dir='ltr'><strong>reservate.</strong></span> 
     </span>
    </p>
   </div>
   <div class='ocr_carea' id='block_1_38' title="bbox 226 2235 1799 2310">
    <p class='ocr_par' dir='ltr' id='par_1_38' title="bbox 226 2235 1799 2310">
     <span class='ocr_line' id='line_1_38' title="bbox 226 2235 1799 2310; baseline -0.009 -9"><span class='ocrx_word' id='word_1_293' title='bbox 226 2246 363 2301; x_wconf 83' lang='lat' dir='ltr'><strong>Nam</strong></span> <span class='ocrx_word' id='word_1_294' title='bbox 389 2243 684 2301; x_wconf 86' lang='lat' dir='ltr'><strong>secundum</strong></span> <span class='ocrx_word' id='word_1_295' title='bbox 724 2239 984 2310; x_wconf 87' lang='lat' dir='ltr'><strong>quasdam</strong></span> <span class='ocrx_word' id='word_1_296' title='bbox 1015 2236 1319 2291; x_wconf 82' lang='lat' dir='ltr'><strong>futurorum</strong></span> <span class='ocrx_word' id='word_1_297' title='bbox 1354 2250 1545 2290; x_wconf 87' lang='lat' dir='ltr'><strong>causas</strong></span> <span class='ocrx_word' id='word_1_298' title='bbox 1571 2235 1799 2289; x_wconf 89' lang='lat' dir='ltr'><strong>moritu-</strong></span> 
     </span>
    </p>
   </div>
   <div class='ocr_carea' id='block_1_39' title="bbox 228 2325 1798 2395">
    <p class='ocr_par' dir='ltr' id='par_1_39' title="bbox 228 2325 1798 2395">
     <span class='ocr_line' id='line_1_39' title="bbox 228 2325 1798 2395; baseline -0.006 -4"><span class='ocrx_word' id='word_1_299' title='bbox 228 2352 321 2391; x_wconf 89' lang='lat' dir='ltr'><strong>rus</strong></span> <span class='ocrx_word' id='word_1_300' title='bbox 356 2342 474 2389; x_wconf 88' lang='lat' dir='ltr'><strong>erat</strong></span> <span class='ocrx_word' id='word_1_301' title='bbox 502 2332 799 2395; x_wconf 86' lang='lat' dir='ltr'><strong>Ezechias,</strong></span> <span class='ocrx_word' id='word_1_302' title='bbox 836 2329 922 2385; x_wconf 92' lang='lat' dir='ltr'><strong>cui</strong></span> <span class='ocrx_word' id='word_1_303' title='bbox 975 2328 1117 2383; x_wconf 88' lang='lat' dir='ltr'><strong>Deus</strong></span> <span class='ocrx_word' id='word_1_304' title='bbox 1147 2326 1351 2381; x_wconf 86' lang='lat' dir='ltr'><strong>addidit</strong></span> <span class='ocrx_word' id='word_1_305' title='bbox 1398 2342 1468 2381; x_wconf 81' lang='lat' dir='ltr'><strong>xv</strong></span> <span class='ocrx_word' id='word_1_306' title='bbox 1510 2342 1680 2382; x_wconf 88' lang='lat' dir='ltr'><strong>annos</strong></span> <span class='ocrx_word' id='word_1_307' title='bbox 1728 2325 1798 2381; x_wconf 88' lang='lat' dir='ltr'><strong>ad</strong></span> 
     </span>
    </p>
   </div>
   <div class='ocr_carea' id='block_1_40' title="bbox 227 2416 1799 2495">
    <p class='ocr_par' dir='ltr' id='par_1_40' title="bbox 227 2416 1799 2495">
     <span class='ocr_line' id='line_1_40' title="bbox 227 2416 1799 2495; baseline -0.004 -16"><span class='ocrx_word' id='word_1_308' title='bbox 227 2427 393 2481; x_wconf 87' lang='lat' dir='ltr'><strong>vitam</strong></span> <span class='ocrx_word' id='word_1_309' title='bbox 441 2424 576 2495; x_wconf 82' lang='lat' dir='ltr'><strong>(Isa.</strong></span> <span class='ocrx_word' id='word_1_310' title='bbox 624 2435 858 2486; x_wconf 74' lang='lat' dir='ltr'><strong>xxxvm,</strong></span> <span class='ocrx_word' id='word_1_311' title='bbox 896 2417 985 2489; x_wconf 82' lang='lat'><strong>5),</strong></span> <span class='ocrx_word' id='word_1_312' title='bbox 1035 2418 1089 2472; x_wconf 91' lang='lat' dir='ltr'><strong>id</strong></span> <span class='ocrx_word' id='word_1_313' title='bbox 1142 2417 1326 2485; x_wconf 88' lang='lat' dir='ltr'><strong>utique</strong></span> <span class='ocrx_word' id='word_1_314' title='bbox 1379 2416 1617 2481; x_wconf 85' lang='lat' dir='ltr'><strong>faciens,</strong></span> <span class='ocrx_word' id='word_1_315' title='bbox 1655 2417 1799 2486; x_wconf 91' lang='lat' dir='ltr'><strong>quod</strong></span> 
     </span>
    </p>
   </div>
   <div class='ocr_carea' id='block_1_41' title="bbox 229 2503 1800 2578">
    <p class='ocr_par' dir='ltr' id='par_1_41' title="bbox 229 2503 1800 2578">
     <span class='ocr_line' id='line_1_41' title="bbox 229 2503 1800 2578; baseline -0.006 -8"><span class='ocrx_word' id='word_1_316' title='bbox 229 2523 354 2569; x_wconf 88' lang='lat' dir='ltr'><strong>ante</strong></span> <span class='ocrx_word' id='word_1_317' title='bbox 396 2510 834 2568; x_wconf 89' lang='lat' dir='ltr'><strong>constitutionem</strong></span> <span class='ocrx_word' id='word_1_318' title='bbox 885 2507 1071 2563; x_wconf 90' lang='lat' dir='ltr'><strong>mundi</strong></span> <span class='ocrx_word' id='word_1_319' title='bbox 1114 2521 1172 2561; x_wconf 91' lang='lat' dir='ltr'><strong>se</strong></span> <span class='ocrx_word' id='word_1_320' title='bbox 1214 2503 1481 2561; x_wconf 84' lang='lat' dir='ltr'><strong>facturum</strong></span> <span class='ocrx_word' id='word_1_321' title='bbox 1506 2521 1625 2561; x_wconf 87' lang='lat' dir='ltr'><strong>esse</strong></span> <span class='ocrx_word' id='word_1_322' title='bbox 1660 2522 1800 2578; x_wconf 73' lang='lat' dir='ltr'><strong>prte-</strong></span> 
     </span>
    </p>
   </div>
   <div class='ocr_carea' id='block_1_42' title="bbox 230 2596 1800 2668">
    <p class='ocr_par' dir='ltr' id='par_1_42' title="bbox 230 2596 1800 2668">
     <span class='ocr_line' id='line_1_42' title="bbox 230 2596 1800 2668; baseline -0.006 -7"><span class='ocrx_word' id='word_1_323' title='bbox 230 2606 470 2668; x_wconf 88' lang='lat' dir='ltr'><strong>sciebat,</strong></span> <span class='ocrx_word' id='word_1_324' title='bbox 496 2612 552 2659; x_wconf 91' lang='lat' dir='ltr'><strong>et</strong></span> <span class='ocrx_word' id='word_1_325' title='bbox 577 2603 630 2656; x_wconf 90' lang='lat' dir='ltr'><strong>in</strong></span> <span class='ocrx_word' id='word_1_326' title='bbox 658 2616 755 2656; x_wconf 90' lang='lat' dir='ltr'><strong>sua</strong></span> <span class='ocrx_word' id='word_1_327' title='bbox 780 2600 1057 2654; x_wconf 89' lang='lat' dir='ltr'><strong>voluntate</strong></span> <span class='ocrx_word' id='word_1_328' title='bbox 1085 2597 1357 2652; x_wconf 89' lang='lat' dir='ltr'><strong>servabat.</strong></span> <span class='ocrx_word' id='word_1_329' title='bbox 1391 2596 1466 2652; x_wconf 92' lang='lat' dir='ltr'><strong>lbi</strong></span> <span class='ocrx_word' id='word_1_330' title='bbox 1499 2598 1643 2653; x_wconf 88' lang='lat' dir='ltr'><strong>enim</strong></span> <span class='ocrx_word' id='word_1_331' title='bbox 1682 2608 1800 2653; x_wconf 89' lang='lat' dir='ltr'><strong>erat</strong></span> 
     </span>
    </p>
   </div>
   <div class='ocr_carea' id='block_1_43' title="bbox 231 2685 1799 2755">
    <p class='ocr_par' dir='ltr' id='par_1_43' title="bbox 231 2685 1799 2755">
     <span class='ocr_line' id='line_1_43' title="bbox 231 2685 1799 2755; baseline -0.005 -8"><span class='ocrx_word' id='word_1_332' title='bbox 231 2707 340 2748; x_wconf 90' lang='lat' dir='ltr'><strong>non</strong></span> <span class='ocrx_word' id='word_1_333' title='bbox 366 2690 537 2747; x_wconf 88' lang='lat' dir='ltr'><strong>solum</strong></span> <span class='ocrx_word' id='word_1_334' title='bbox 565 2697 624 2743; x_wconf 91' lang='lat' dir='ltr'><strong>ut</strong></span> <span class='ocrx_word' id='word_1_335' title='bbox 651 2689 726 2743; x_wconf 88' lang='lat' dir='ltr'><strong>ita</strong></span> <span class='ocrx_word' id='word_1_336' title='bbox 751 2687 920 2742; x_wconf 85' lang='lat' dir='ltr'><strong>Adam</strong></span> <span class='ocrx_word' id='word_1_337' title='bbox 949 2686 1064 2741; x_wconf 86' lang='lat' dir='ltr'><strong>fieri</strong></span> <span class='ocrx_word' id='word_1_338' title='bbox 1088 2694 1305 2755; x_wconf 91' lang='lat' dir='ltr'><strong>posset,</strong></span> <span class='ocrx_word' id='word_1_339' title='bbox 1337 2700 1521 2740; x_wconf 91' lang='lat' dir='ltr'><strong>verum</strong></span> <span class='ocrx_word' id='word_1_340' title='bbox 1548 2685 1710 2739; x_wconf 89' lang='lat' dir='ltr'><strong>etiam</strong></span> <span class='ocrx_word' id='word_1_341' title='bbox 1740 2696 1799 2739; x_wconf 87' lang='lat' dir='ltr'><strong>ut</strong></span> 
     </span>
    </p>
   </div>
   <div class='ocr_carea' id='block_1_44' title="bbox 232 2773 1799 2837">
    <p class='ocr_par' dir='ltr' id='par_1_44' title="bbox 232 2773 1799 2837">
     <span class='ocr_line' id='line_1_44' title="bbox 232 2773 1799 2837; baseline -0.003 -2"><span class='ocrx_word' id='word_1_342' title='bbox 232 2782 306 2835; x_wconf 86' lang='lat' dir='ltr'><strong>ita</strong></span> <span class='ocrx_word' id='word_1_343' title='bbox 320 2797 438 2837; x_wconf 90' lang='lat' dir='ltr'><strong>eum</strong></span> <span class='ocrx_word' id='word_1_344' title='bbox 453 2779 566 2835; x_wconf 86' lang='lat' dir='ltr'><strong>fieri</strong></span> <span class='ocrx_word' id='word_1_345' title='bbox 583 2793 802 2836; x_wconf 82' lang='lat' dir='ltr'><strong>necesse</strong></span> <span class='ocrx_word' id='word_1_346' title='bbox 813 2776 1182 2833; x_wconf 88' lang='lat' dir='ltr'><strong>esset.Tamen</strong></span> <span class='ocrx_word' id='word_1_347' title='bbox 1198 2790 1305 2829; x_wconf 91' lang='lat' dir='ltr'><strong>non</strong></span> <span class='ocrx_word' id='word_1_348' title='bbox 1315 2773 1444 2829; x_wconf 85' lang='lat' dir='ltr'><strong>facit</strong></span> <span class='ocrx_word' id='word_1_349' title='bbox 1457 2775 1594 2829; x_wconf 92' lang='lat' dir='ltr'><strong>Deus</strong></span> <span class='ocrx_word' id='word_1_350' title='bbox 1610 2784 1799 2831; x_wconf 87' lang='lat' dir='ltr'><strong>contra</strong></span> 
     </span>
    </p>
   </div>
   <div class='ocr_carea' id='block_1_45' title="bbox 233 2865 1799 2941">
    <p class='ocr_par' dir='ltr' id='par_1_45' title="bbox 233 2865 1799 2941">
     <span class='ocr_line' id='line_1_45' title="bbox 233 2865 1799 2941; baseline -0.007 -10"><span class='ocrx_word' id='word_1_351' title='bbox 233 2888 486 2938; x_wconf 77' lang='lat' dir='ltr'><strong>causam,</strong></span> <span class='ocrx_word' id='word_1_352' title='bbox 523 2886 685 2941; x_wconf 90' lang='lat' dir='ltr'><strong>quam</strong></span> <span class='ocrx_word' id='word_1_353' title='bbox 744 2868 861 2924; x_wconf 91' lang='lat' dir='ltr'><strong>sine</strong></span> <span class='ocrx_word' id='word_1_354' title='bbox 900 2867 1063 2923; x_wconf 90' lang='lat' dir='ltr'><strong>dubio</strong></span> <span class='ocrx_word' id='word_1_355' title='bbox 1098 2865 1283 2921; x_wconf 86' lang='lat' dir='ltr'><strong>volens</strong></span> <span class='ocrx_word' id='word_1_356' title='bbox 1320 2865 1641 2936; x_wconf 77' lang='lat' dir='ltr'><strong>pnestituit,</strong></span> <span class='ocrx_word' id='word_1_357' title='bbox 1674 2866 1799 2936; x_wconf 87' lang='lat' dir='ltr'><strong>quia</strong></span> 
     </span>
    </p>
   </div>
   <div class='ocr_carea' id='block_1_46' title="bbox 234 2954 1800 3025">
    <p class='ocr_par' dir='ltr' id='par_1_46' title="bbox 234 2954 1800 3025">
     <span class='ocr_line' id='line_1_46' title="bbox 234 2954 1800 3025; baseline -0.008 -1"><span class='ocrx_word' id='word_1_358' title='bbox 234 2975 419 3025; x_wconf 72' lang='lat' dir='ltr'><strong>contra</strong></span> <span class='ocrx_word' id='word_1_359' title='bbox 462 2978 616 3020; x_wconf 89' lang='lat' dir='ltr'><strong>suam</strong></span> <span class='ocrx_word' id='word_1_360' title='bbox 663 2960 990 3015; x_wconf 85' lang='lat' dir='ltr'><strong>voluntatem</strong></span> <span class='ocrx_word' id='word_1_361' title='bbox 1039 2972 1145 3011; x_wconf 92' lang='lat' dir='ltr'><strong>non</strong></span> <span class='ocrx_word' id='word_1_362' title='bbox 1190 2955 1343 3011; x_wconf 85' lang='lat' dir='ltr'><strong>facit.</strong></span> <span class='ocrx_word' id='word_1_363' title='bbox 1385 2954 1444 3010; x_wconf 88' lang='lat' dir='ltr'><strong>Si</strong></span> <span class='ocrx_word' id='word_1_364' title='bbox 1472 2964 1650 3010; x_wconf 88' lang='lat' dir='ltr'><strong>autem</strong></span> <span class='ocrx_word' id='word_1_365' title='bbox 1694 2973 1800 3012; x_wconf 90' lang='lat' dir='ltr'><strong>non</strong></span> 
     </span>
    </p>
   </div>
   <div class='ocr_carea' id='block_1_47' title="bbox 234 3048 1876 3154">
    <p class='ocr_par' dir='ltr' id='par_1_47' title="bbox 234 3048 1876 3154">
     <span class='ocr_line' id='line_1_47' title="bbox 234 3048 1876 3154; baseline -0.012 -37"><span class='ocrx_word' id='word_1_366' title='bbox 234 3073 417 3118; x_wconf 87' lang='lat' dir='ltr'><strong>omnes</strong></span> <span class='ocrx_word' id='word_1_367' title='bbox 471 3070 663 3112; x_wconf 85' lang='lat' dir='ltr'><strong>causas</strong></span> <span class='ocrx_word' id='word_1_368' title='bbox 705 3055 760 3109; x_wconf 92' lang='lat' dir='ltr'><strong>in</strong></span> <span class='ocrx_word' id='word_1_369' title='bbox 814 3058 1060 3106; x_wconf 88' lang='lat' dir='ltr'><strong>creatura</strong></span> <span class='ocrx_word' id='word_1_370' title='bbox 1116 3048 1364 3120; x_wconf 86' lang='lat' dir='ltr'><strong>primitus</strong></span> <span class='ocrx_word' id='word_1_371' title='bbox 1406 3049 1620 3103; x_wconf 84' lang='lat' dir='ltr'><strong>condita</strong></span> <span class='ocrx_word' id='word_1_372' title='bbox 1665 3064 1802 3119; x_wconf 68' lang='lat' dir='ltr'><strong>prm-</strong></span> <span class='ocrx_word' id='word_1_373' title='bbox 1827 3088 1876 3154; x_wconf 74' lang='lat' dir='ltr'>c</span> 
     </span>
    </p>
   </div>
   <div class='ocr_carea' id='block_1_48' title="bbox 234 3135 1807 3214">
    <p class='ocr_par' dir='ltr' id='par_1_48' title="bbox 234 3135 1807 3214">
     <span class='ocr_line' id='line_1_48' title="bbox 234 3135 1807 3214; baseline -0.01 -10"><span class='ocrx_word' id='word_1_374' title='bbox 234 3149 368 3214; x_wconf 78' lang='lat' dir='ltr'><strong>fixit,</strong></span> <span class='ocrx_word' id='word_1_375' title='bbox 404 3148 497 3202; x_wconf 87' lang='lat' dir='ltr'><strong>sed</strong></span> <span class='ocrx_word' id='word_1_376' title='bbox 516 3144 722 3214; x_wconf 86' lang='lat' dir='ltr'><strong>aliquas</strong></span> <span class='ocrx_word' id='word_1_377' title='bbox 766 3142 821 3195; x_wconf 91' lang='lat' dir='ltr'><strong>in</strong></span> <span class='ocrx_word' id='word_1_378' title='bbox 849 3154 944 3195; x_wconf 90' lang='lat' dir='ltr'><strong>sua</strong></span> <span class='ocrx_word' id='word_1_379' title='bbox 968 3139 1237 3193; x_wconf 88' lang='lat' dir='ltr'><strong>voluntate</strong></span> <span class='ocrx_word' id='word_1_380' title='bbox 1279 3135 1527 3200; x_wconf 85' lang='lat' dir='ltr'><strong>servavit,</strong></span> <span class='ocrx_word' id='word_1_381' title='bbox 1551 3152 1658 3190; x_wconf 92' lang='lat' dir='ltr'><strong>non</strong></span> <span class='ocrx_word' id='word_1_382' title='bbox 1681 3144 1807 3191; x_wconf 91' lang='lat' dir='ltr'><strong>sunt</strong></span> 
     </span>
    </p>
   </div>
   <div class='ocr_carea' id='block_1_49' title="bbox 234 3229 1806 3309">
    <p class='ocr_par' dir='ltr' id='par_1_49' title="bbox 234 3229 1806 3309">
     <span class='ocr_line' id='line_1_49' title="bbox 234 3229 1806 3309; baseline -0.008 -16"><span class='ocrx_word' id='word_1_383' title='bbox 234 3239 446 3309; x_wconf 87' lang='lat' dir='ltr'><strong>quidem</strong></span> <span class='ocrx_word' id='word_1_384' title='bbox 482 3236 585 3290; x_wconf 64' lang='lat' dir='ltr'><strong>illae</strong></span> <span class='ocrx_word' id='word_1_385' title='bbox 610 3248 745 3303; x_wconf 87' lang='lat' dir='ltr'><strong>quas</strong></span> <span class='ocrx_word' id='word_1_386' title='bbox 772 3233 827 3287; x_wconf 93' lang='lat' dir='ltr'><strong>in</strong></span> <span class='ocrx_word' id='word_1_387' title='bbox 853 3246 950 3286; x_wconf 90' lang='lat' dir='ltr'><strong>sua</strong></span> <span class='ocrx_word' id='word_1_388' title='bbox 975 3230 1250 3285; x_wconf 87' lang='lat' dir='ltr'><strong>voluntate</strong></span> <span class='ocrx_word' id='word_1_389' title='bbox 1280 3230 1533 3293; x_wconf 83' lang='lat' dir='ltr'><strong>servavit,</strong></span> <span class='ocrx_word' id='word_1_390' title='bbox 1558 3245 1625 3283; x_wconf 78' lang='lat' dir='ltr'><strong>ex</strong></span> <span class='ocrx_word' id='word_1_391' title='bbox 1670 3229 1806 3282; x_wconf 87' lang='lat' dir='ltr'><strong>ista-</strong></span> 
     </span>
    </p>
   </div>
   <div class='ocr_carea' id='block_1_50' title="bbox 236 3322 1811 3397">
    <p class='ocr_par' dir='ltr' id='par_1_50' title="bbox 236 3322 1811 3397">
     <span class='ocr_line' id='line_1_50' title="bbox 236 3322 1811 3397; baseline -0.006 -15"><span class='ocrx_word' id='word_1_392' title='bbox 236 3344 353 3382; x_wconf 91' lang='lat' dir='ltr'><strong>rum</strong></span> <span class='ocrx_word' id='word_1_393' title='bbox 380 3342 515 3397; x_wconf 90' lang='lat' dir='ltr'><strong>quas</strong></span> <span class='ocrx_word' id='word_1_394' title='bbox 543 3324 748 3380; x_wconf 89' lang='lat' dir='ltr'><strong>creavit</strong></span> <span class='ocrx_word' id='word_1_395' title='bbox 773 3322 1093 3379; x_wconf 87' lang='lat' dir='ltr'><strong>necessitate</strong></span> <span class='ocrx_word' id='word_1_396' title='bbox 1117 3322 1450 3390; x_wconf 85' lang='lat' dir='ltr'><strong>pendentes;</strong></span> <span class='ocrx_word' id='word_1_397' title='bbox 1476 3335 1585 3374; x_wconf 90' lang='lat' dir='ltr'><strong>non</strong></span> <span class='ocrx_word' id='word_1_398' title='bbox 1630 3327 1811 3373; x_wconf 90' lang='lat' dir='ltr'><strong>tamen</strong></span> 
     </span>
    </p>
   </div>
   <div class='ocr_carea' id='block_1_51' title="bbox 234 3413 1800 3489">
    <p class='ocr_par' dir='ltr' id='par_1_51' title="bbox 234 3413 1800 3489">
     <span class='ocr_line' id='line_1_51' title="bbox 234 3413 1800 3489; baseline -0.006 -14"><span class='ocrx_word' id='word_1_399' title='bbox 234 3428 457 3489; x_wconf 91' lang='lat' dir='ltr'><strong>possunt</strong></span> <span class='ocrx_word' id='word_1_400' title='bbox 477 3433 595 3474; x_wconf 89' lang='lat' dir='ltr'><strong>esse</strong></span> <span class='ocrx_word' id='word_1_401' title='bbox 609 3417 893 3473; x_wconf 79' lang='lat' dir='ltr'><strong>contraria:</strong></span> <span class='ocrx_word' id='word_1_402' title='bbox 904 3430 1039 3486; x_wconf 90' lang='lat' dir='ltr'><strong>quas</strong></span> <span class='ocrx_word' id='word_1_403' title='bbox 1060 3416 1116 3470; x_wconf 88' lang='lat' dir='ltr'><strong>in</strong></span> <span class='ocrx_word' id='word_1_404' title='bbox 1135 3429 1231 3470; x_wconf 87' lang='lat' dir='ltr'><strong>sua</strong></span> <span class='ocrx_word' id='word_1_405' title='bbox 1247 3414 1527 3470; x_wconf 89' lang='lat' dir='ltr'><strong>voluntate</strong></span> <span class='ocrx_word' id='word_1_406' title='bbox 1542 3413 1800 3475; x_wconf 82' lang='lat' dir='ltr'><strong>servavit,</strong></span> 
     </span>
    </p>
   </div>
   <div class='ocr_carea' id='block_1_52' title="bbox 234 3504 1811 3579">
    <p class='ocr_par' dir='ltr' id='par_1_52' title="bbox 234 3504 1811 3579">
     <span class='ocr_line' id='line_1_52' title="bbox 234 3504 1811 3579; baseline -0.004 -16"><span class='ocrx_word' id='word_1_407' title='bbox 234 3510 357 3579; x_wconf 85' lang='lat' dir='ltr'><strong>quia</strong></span> <span class='ocrx_word' id='word_1_408' title='bbox 378 3510 471 3564; x_wconf 89' lang='lat' dir='ltr'><strong>Dei</strong></span> <span class='ocrx_word' id='word_1_409' title='bbox 495 3509 742 3566; x_wconf 85' lang='lat' dir='ltr'><strong>voluntas</strong></span> <span class='ocrx_word' id='word_1_410' title='bbox 775 3524 881 3562; x_wconf 89' lang='lat' dir='ltr'><strong>non</strong></span> <span class='ocrx_word' id='word_1_411' title='bbox 895 3514 1073 3578; x_wconf 87' lang='lat' dir='ltr'><strong>potest</strong></span> <span class='ocrx_word' id='word_1_412' title='bbox 1094 3506 1194 3561; x_wconf 91' lang='lat' dir='ltr'><strong>sibi</strong></span> <span class='ocrx_word' id='word_1_413' title='bbox 1222 3519 1342 3561; x_wconf 90' lang='lat' dir='ltr'><strong>esse</strong></span> <span class='ocrx_word' id='word_1_414' title='bbox 1365 3504 1655 3560; x_wconf 82' lang='lat' dir='ltr'><strong>contraria.</strong></span> <span class='ocrx_word' id='word_1_415' title='bbox 1673 3504 1811 3557; x_wconf 85' lang='lat' dir='ltr'><strong>istas</strong></span> 
     </span>
    </p>
   </div>
   <div class='ocr_carea' id='block_1_53' title="bbox 235 3593 1810 3670">
    <p class='ocr_par' dir='ltr' id='par_1_53' title="bbox 235 3593 1810 3670">
     <span class='ocr_line' id='line_1_53' title="bbox 235 3593 1810 3670; baseline -0.006 -15"><span class='ocrx_word' id='word_1_416' title='bbox 235 3615 361 3670; x_wconf 84' lang='lat' dir='ltr'><strong>ergo</strong></span> <span class='ocrx_word' id='word_1_417' title='bbox 373 3601 451 3655; x_wconf 88' lang='lat' dir='ltr'><strong>sic</strong></span> <span class='ocrx_word' id='word_1_418' title='bbox 467 3599 732 3665; x_wconf 90' lang='lat' dir='ltr'><strong>condidit,</strong></span> <span class='ocrx_word' id='word_1_419' title='bbox 749 3607 808 3652; x_wconf 90' lang='lat' dir='ltr'><strong>ut</strong></span> <span class='ocrx_word' id='word_1_420' title='bbox 821 3613 884 3653; x_wconf 78' lang='lat' dir='ltr'><strong>ex</strong></span> <span class='ocrx_word' id='word_1_421' title='bbox 907 3598 1011 3652; x_wconf 90' lang='lat' dir='ltr'><strong>illis</strong></span> <span class='ocrx_word' id='word_1_422' title='bbox 1032 3611 1153 3650; x_wconf 89' lang='lat' dir='ltr'><strong>esse</strong></span> <span class='ocrx_word' id='word_1_423' title='bbox 1165 3596 1295 3649; x_wconf 92' lang='lat' dir='ltr'><strong>illud</strong></span> <span class='ocrx_word' id='word_1_424' title='bbox 1313 3593 1466 3661; x_wconf 88' lang='lat' dir='ltr'><strong>cujus</strong></span> <span class='ocrx_word' id='word_1_425' title='bbox 1493 3600 1810 3647; x_wconf 73' lang='lat' dir='ltr'><strong>causzesunt</strong></span> 
     </span>
    </p>
   </div>
   <div class='ocr_carea' id='block_1_54' title="bbox 236 3684 1805 3764">
    <p class='ocr_par' dir='ltr' id='par_1_54' title="bbox 236 3684 1805 3764">
     <span class='ocr_line' id='line_1_54' title="bbox 236 3684 1805 3764; baseline -0.009 -15"><span class='ocrx_word' id='word_1_426' title='bbox 236 3695 433 3764; x_wconf 86' lang='lat' dir='ltr'><strong>possit,</strong></span> <span class='ocrx_word' id='word_1_427' title='bbox 450 3695 543 3748; x_wconf 90' lang='lat' dir='ltr'><strong>sed</strong></span> <span class='ocrx_word' id='word_1_428' title='bbox 569 3709 673 3746; x_wconf 91' lang='lat' dir='ltr'><strong>non</strong></span> <span class='ocrx_word' id='word_1_429' title='bbox 696 3706 915 3746; x_wconf 89' lang='lat' dir='ltr'><strong>necesse</strong></span> <span class='ocrx_word' id='word_1_430' title='bbox 941 3690 1032 3743; x_wconf 90' lang='lat' dir='ltr'><strong>sit.</strong></span> <span class='ocrx_word' id='word_1_431' title='bbox 1054 3687 1178 3742; x_wconf 84' lang='lat' dir='ltr'><strong>Illas</strong></span> <span class='ocrx_word' id='word_1_432' title='bbox 1203 3694 1383 3740; x_wconf 89' lang='lat' dir='ltr'><strong>autem</strong></span> <span class='ocrx_word' id='word_1_433' title='bbox 1410 3686 1488 3739; x_wconf 91' lang='lat' dir='ltr'><strong>sic</strong></span> <span class='ocrx_word' id='word_1_434' title='bbox 1501 3684 1805 3747; x_wconf 87' lang='lat' dir='ltr'><strong>abscondit,</strong></span> 
     </span>
    </p>
   </div>
   <div class='ocr_carea' id='block_1_55' title="bbox 236 3768 1811 3846">
    <p class='ocr_par' dir='ltr' id='par_1_55' title="bbox 236 3768 1811 3846">
     <span class='ocr_line' id='line_1_55' title="bbox 236 3768 1811 3846; baseline -0.007 -8"><span class='ocrx_word' id='word_1_435' title='bbox 236 3794 295 3838; x_wconf 90' lang='lat' dir='ltr'><strong>ut</strong></span> <span class='ocrx_word' id='word_1_436' title='bbox 314 3800 378 3837; x_wconf 81' lang='lat' dir='ltr'><strong>ex</strong></span> <span class='ocrx_word' id='word_1_437' title='bbox 401 3784 481 3838; x_wconf 89' lang='lat' dir='ltr'><strong>eis</strong></span> <span class='ocrx_word' id='word_1_438' title='bbox 514 3797 633 3837; x_wconf 89' lang='lat' dir='ltr'><strong>esse</strong></span> <span class='ocrx_word' id='word_1_439' title='bbox 678 3768 896 3836; x_wconf 83' lang='lat' dir='ltr'><strong>necesse</strong></span> <span class='ocrx_word' id='word_1_440' title='bbox 938 3780 1009 3835; x_wconf 81' lang='lat' dir='ltr'><strong>sit</strong></span> <span class='ocrx_word' id='word_1_441' title='bbox 1041 3780 1143 3833; x_wconf 89' lang='lat' dir='ltr'><strong>hoc</strong></span> <span class='ocrx_word' id='word_1_442' title='bbox 1171 3776 1315 3846; x_wconf 89' lang='lat' dir='ltr'><strong>quod</strong></span> <span class='ocrx_word' id='word_1_443' title='bbox 1342 3791 1408 3830; x_wconf 79' lang='lat' dir='ltr'><strong>ex</strong></span> <span class='ocrx_word' id='word_1_444' title='bbox 1438 3775 1559 3831; x_wconf 80' lang='lat' dir='ltr'><strong>istis</strong></span> <span class='ocrx_word' id='word_1_445' title='bbox 1602 3773 1728 3829; x_wconf 90' lang='lat' dir='ltr'><strong>fecit</strong></span> <span class='ocrx_word' id='word_1_446' title='bbox 1751 3783 1811 3828; x_wconf 90' lang='lat' dir='ltr'><strong>ut</strong></span> 
     </span>
    </p>
   </div>
   <div class='ocr_carea' id='block_1_56' title="bbox 237 3868 880 3940">
    <p class='ocr_par' dir='ltr' id='par_1_56' title="bbox 237 3868 880 3940">
     <span class='ocr_line' id='line_1_56' title="bbox 237 3868 880 3940; baseline -0.006 -16"><span class='ocrx_word' id='word_1_447' title='bbox 237 3884 356 3924; x_wconf 84' lang='lat' dir='ltr'><strong>esse</strong></span> <span class='ocrx_word' id='word_1_448' title='bbox 375 3870 565 3940; x_wconf 89' lang='lat' dir='ltr'><strong>possit.</strong></span> <span class='ocrx_word' id='word_1_449' title='bbox 597 3868 880 3938; x_wconf 89' lang='lat' dir='ltr'><strong>Sequitur:</strong></span> 
     </span>
    </p>
   </div>
   <div class='ocr_carea' id='block_1_57' title="bbox 763 3971 1259 4013">
    <p class='ocr_par' dir='ltr' id='par_1_57' title="bbox 763 3971 1259 4013">
     <span class='ocr_line' id='line_1_57' title="bbox 763 3971 1259 4013; baseline -0.006 -2"><span class='ocrx_word' id='word_1_450' title='bbox 763 3972 894 4011; x_wconf 70' lang='grc' dir='ltr'><strong>ιτει</strong></span> <span class='ocrx_word' id='word_1_451' title='bbox 933 3971 1259 4013; x_wconf 69' lang='lat' dir='ltr'><strong>AUGUSTINUS</strong></span> 
     </span>
    </p>
   </div>
   <div class='ocr_carea' id='block_1_58' title="bbox 307 4040 1801 4117">
    <p class='ocr_par' dir='ltr' id='par_1_58' title="bbox 307 4040 1801 4117">
     <span class='ocr_line' id='line_1_58' title="bbox 307 4040 1801 4117; baseline -0.005 -14"><span class='ocrx_word' id='word_1_452' title='bbox 307 4050 377 4103; x_wconf 81' lang='grc' dir='ltr'><strong>Β.</strong></span> <span class='ocrx_word' id='word_1_453' title='bbox 413 4048 480 4102; x_wconf 81' lang='lat' dir='ltr'><strong>Et</strong></span> <span class='ocrx_word' id='word_1_454' title='bbox 508 4047 655 4117; x_wconf 69' lang='lat' dir='ltr'><strong>ﬂavit</strong></span> <span class='ocrx_word' id='word_1_455' title='bbox 689 4049 745 4101; x_wconf 78' lang='lat' dir='ltr'><strong>in</strong></span> <span class='ocrx_word' id='word_1_456' title='bbox 777 4047 966 4117; x_wconf 73' lang='lat' dir='ltr'><strong>{aciem</strong></span> <span class='ocrx_word' id='word_1_457' title='bbox 1015 4045 1130 4115; x_wconf 77' lang='lat' dir='ltr'><strong>ejus</strong></span> <span class='ocrx_word' id='word_1_458' title='bbox 1168 4045 1352 4113; x_wconf 74' lang='lat' dir='ltr'><strong>[latum</strong></span> <span class='ocrx_word' id='word_1_459' title='bbox 1380 4042 1497 4099; x_wconf 71' lang='lat' dir='ltr'><strong>vita:</strong></span> <span class='ocrx_word' id='word_1_460' title='bbox 1525 4040 1680 4114; x_wconf 75' lang='lat' dir='ltr'><strong>(Gen.</strong></span> <span class='ocrx_word' id='word_1_461' title='bbox 1726 4056 1763 4096; x_wconf 84' lang='grc' dir='ltr'>ιι</span> <span class='ocrx_word' id='word_1_462' title='bbox 1784 4080 1801 4105; x_wconf 87' lang='grc'><strong><em>,</em></strong></span> 
     </span>
    </p>
   </div>
   <div class='ocr_carea' id='block_1_59' title="bbox 239 4132 1810 4211">
    <p class='ocr_par' dir='ltr' id='par_1_59' title="bbox 239 4132 1810 4211">
     <span class='ocr_line' id='line_1_59' title="bbox 239 4132 1810 4211; baseline -0.004 -18"><span class='ocrx_word' id='word_1_463' title='bbox 239 4139 313 4211; x_wconf 88' lang='grc'><strong>7).</strong></span> <span class='ocrx_word' id='word_1_464' title='bbox 342 4139 618 4207; x_wconf 80' lang='lat' dir='ltr'><strong>Quomodo</strong></span> <span class='ocrx_word' id='word_1_465' title='bbox 640 4138 802 4195; x_wconf 87' lang='lat' dir='ltr'><strong>istum</strong></span> <span class='ocrx_word' id='word_1_466' title='bbox 829 4135 1016 4190; x_wconf 78' lang='lat' dir='ltr'><strong>ﬂatum</strong></span> <span class='ocrx_word' id='word_1_467' title='bbox 1043 4134 1363 4204; x_wconf 73' lang='lat' dir='ltr'><strong>recipimus,</strong></span> <span class='ocrx_word' id='word_1_468' title='bbox 1393 4133 1439 4191; x_wconf 86' lang='lat' dir='ltr'><strong>si</strong></span> <span class='ocrx_word' id='word_1_469' title='bbox 1466 4133 1607 4190; x_wconf 86' lang='lat' dir='ltr'><strong>Deus</strong></span> <span class='ocrx_word' id='word_1_470' title='bbox 1631 4132 1810 4187; x_wconf 83' lang='lat' dir='ltr'><strong>incor-</strong></span> 
     </span>
    </p>
   </div>
   <div class='ocr_carea' id='block_1_60' title="bbox 240 4227 579 4298">
    <p class='ocr_par' dir='ltr' id='par_1_60' title="bbox 240 4227 579 4298">
     <span class='ocr_line' id='line_1_60' title="bbox 240 4227 579 4298; baseline -0.006 -16"><span class='ocrx_word' id='word_1_471' title='bbox 240 4238 437 4298; x_wconf 82' lang='lat' dir='ltr'><strong>porcus</strong></span> <span class='ocrx_word' id='word_1_472' title='bbox 459 4227 579 4281; x_wconf 86' lang='lat' dir='ltr'><strong>est?</strong></span> 
     </span>
    </p>
   </div>
   <div class='ocr_carea' id='block_1_61' title="bbox 314 4309 1809 4380">
    <p class='ocr_par' dir='ltr' id='par_1_61' title="bbox 314 4309 1809 4380">
     <span class='ocr_line' id='line_1_61' title="bbox 314 4309 1809 4380; baseline -0.001 -14"><span class='ocrx_word' id='word_1_473' title='bbox 314 4313 387 4367; x_wconf 78' lang='grc' dir='ltr'><strong>Μ.</strong></span> <span class='ocrx_word' id='word_1_474' title='bbox 429 4315 457 4355; x_wconf 71' lang='grc' dir='ltr'>δ</span> <span class='ocrx_word' id='word_1_475' title='bbox 500 4314 613 4368; x_wconf 83' lang='lat' dir='ltr'><strong>Hoc</strong></span> <span class='ocrx_word' id='word_1_476' title='bbox 654 4312 937 4369; x_wconf 84' lang='lat' dir='ltr'><strong>manifeste</strong></span> <span class='ocrx_word' id='word_1_477' title='bbox 966 4309 1240 4367; x_wconf 78' lang='lat' dir='ltr'><strong>sciendum</strong></span> <span class='ocrx_word' id='word_1_478' title='bbox 1267 4318 1352 4367; x_wconf 87' lang='lat' dir='ltr'><strong>est</strong></span> <span class='ocrx_word' id='word_1_479' title='bbox 1376 4310 1501 4380; x_wconf 89' lang='lat' dir='ltr'><strong>quia</strong></span> <span class='ocrx_word' id='word_1_480' title='bbox 1532 4310 1671 4369; x_wconf 85' lang='lat' dir='ltr'><strong>sicut</strong></span> <span class='ocrx_word' id='word_1_481' title='bbox 1699 4324 1809 4365; x_wconf 90' lang='lat' dir='ltr'><strong>non</strong></span> 
     </span>
    </p>
   </div>
   <div class='ocr_carea' id='block_1_62' title="bbox 242 4398 1888 4478">
    <p class='ocr_par' dir='ltr' id='par_1_62' title="bbox 242 4398 1888 4478">
     <span class='ocr_line' id='line_1_62' title="bbox 242 4398 1888 4478; baseline -0.002 -21"><span class='ocrx_word' id='word_1_482' title='bbox 242 4403 487 4458; x_wconf 88' lang='lat' dir='ltr'><strong>manibus</strong></span> <span class='ocrx_word' id='word_1_483' title='bbox 534 4403 777 4473; x_wconf 83' lang='lat' dir='ltr'><strong>corporis</strong></span> <span class='ocrx_word' id='word_1_484' title='bbox 825 4401 1018 4466; x_wconf 77' lang='lat' dir='ltr'><strong>finxit,</strong></span> <span class='ocrx_word' id='word_1_485' title='bbox 1052 4402 1127 4459; x_wconf 82' lang='lat' dir='ltr'><strong>ita</strong></span> <span class='ocrx_word' id='word_1_486' title='bbox 1172 4414 1275 4455; x_wconf 90' lang='lat' dir='ltr'><strong>nec</strong></span> <span class='ocrx_word' id='word_1_487' title='bbox 1316 4398 1561 4456; x_wconf 85' lang='lat' dir='ltr'><strong>faucibus</strong></span> <span class='ocrx_word' id='word_1_488' title='bbox 1586 4399 1809 4455; x_wconf 83' lang='lat' dir='ltr'><strong>labiisve</strong></span> <span class='ocrx_word' id='word_1_489' title='bbox 1835 4417 1888 4478; x_wconf 74' lang='grc' dir='ltr'><strong>υ</strong></span> 
     </span>
    </p>
   </div>
   <div class='ocr_carea' id='block_1_63' title="bbox 241 4488 1805 4558">
    <p class='ocr_par' dir='ltr' id='par_1_63' title="bbox 241 4488 1805 4558">
     <span class='ocr_line' id='line_1_63' title="bbox 241 4488 1805 4558; baseline -0.005 -7"><span class='ocrx_word' id='word_1_490' title='bbox 241 4490 492 4551; x_wconf 84' lang='lat' dir='ltr'><strong>sulllavit.</strong></span> <span class='ocrx_word' id='word_1_491' title='bbox 513 4490 850 4549; x_wconf 85' lang='lat' dir='ltr'><strong>Grcdendum</strong></span> <span class='ocrx_word' id='word_1_492' title='bbox 871 4500 1053 4547; x_wconf 88' lang='lat' dir='ltr'><strong>tamen</strong></span> <span class='ocrx_word' id='word_1_493' title='bbox 1081 4497 1165 4545; x_wconf 89' lang='lat' dir='ltr'><strong>est</strong></span> <span class='ocrx_word' id='word_1_494' title='bbox 1191 4497 1352 4558; x_wconf 87' lang='lat' dir='ltr'><strong>atque</strong></span> <span class='ocrx_word' id='word_1_495' title='bbox 1377 4488 1805 4558; x_wconf 76' lang='lat' dir='ltr'><strong>intelligendum,</strong></span> 
     </span>
    </p>
   </div>
   <div class='ocr_carea' id='block_1_64' title="bbox 241 4575 1811 4649">
    <p class='ocr_par' dir='ltr' id='par_1_64' title="bbox 241 4575 1811 4649">
     <span class='ocr_line' id='line_1_64' title="bbox 241 4575 1811 4649; baseline -0.002 -16"><span class='ocrx_word' id='word_1_496' title='bbox 241 4594 415 4649; x_wconf 87' lang='lat' dir='ltr'><strong>neque</strong></span> <span class='ocrx_word' id='word_1_497' title='bbox 444 4579 553 4637; x_wconf 92' lang='lat' dir='ltr'><strong>ullo</strong></span> <span class='ocrx_word' id='word_1_498' title='bbox 581 4579 741 4637; x_wconf 88' lang='lat' dir='ltr'><strong>modo</strong></span> <span class='ocrx_word' id='word_1_499' title='bbox 768 4579 1150 4642; x_wconf 88' lang='lat' dir='ltr'><strong>dubitandum,</strong></span> <span class='ocrx_word' id='word_1_500' title='bbox 1184 4576 1330 4646; x_wconf 89' lang='lat' dir='ltr'><strong>quod</strong></span> <span class='ocrx_word' id='word_1_501' title='bbox 1359 4586 1509 4632; x_wconf 87' lang='lat' dir='ltr'><strong>recta</strong></span> <span class='ocrx_word' id='word_1_502' title='bbox 1536 4576 1673 4632; x_wconf 85' lang='lat' dir='ltr'><strong>lldes</strong></span> <span class='ocrx_word' id='word_1_503' title='bbox 1712 4575 1811 4630; x_wconf 77' lang='lat' dir='ltr'><strong>ha—</strong></span> 
     </span>
    </p>
   </div>
   <div class='ocr_carea' id='block_1_65' title="bbox 241 4669 1809 4735">
    <p class='ocr_par' dir='ltr' id='par_1_65' title="bbox 241 4669 1809 4735">
     <span class='ocr_line' id='line_1_65' title="bbox 241 4669 1809 4735; baseline -0.004 -11"><span class='ocrx_word' id='word_1_504' title='bbox 241 4670 362 4733; x_wconf 85' lang='lat' dir='ltr'><strong>bet,</strong></span> <span class='ocrx_word' id='word_1_505' title='bbox 403 4669 639 4728; x_wconf 77' lang='lat' dir='ltr'><strong>animam</strong></span> <span class='ocrx_word' id='word_1_506' title='bbox 681 4669 760 4728; x_wconf 83' lang='lat' dir='ltr'><strong>sic</strong></span> <span class='ocrx_word' id='word_1_507' title='bbox 784 4682 904 4725; x_wconf 86' lang='lat' dir='ltr'><strong>esse</strong></span> <span class='ocrx_word' id='word_1_508' title='bbox 939 4684 969 4723; x_wconf 88' lang='lat' dir='ltr'><strong>a</strong></span> <span class='ocrx_word' id='word_1_509' title='bbox 1011 4669 1123 4725; x_wconf 90' lang='lat' dir='ltr'><strong>Deo</strong></span> <span class='ocrx_word' id='word_1_510' title='bbox 1146 4707 1162 4732; x_wconf 92' lang='lat'><strong>,</strong></span> <span class='ocrx_word' id='word_1_511' title='bbox 1205 4675 1465 4735; x_wconf 87' lang='lat' dir='ltr'><strong>tanquam</strong></span> <span class='ocrx_word' id='word_1_512' title='bbox 1504 4680 1619 4725; x_wconf 86' lang='lat' dir='ltr'><strong>rem</strong></span> <span class='ocrx_word' id='word_1_513' title='bbox 1647 4679 1809 4734; x_wconf 89' lang='lat' dir='ltr'><strong>quam</strong></span> 
     </span>
    </p>
   </div>
   <div class='ocr_carea' id='block_1_66' title="bbox 240 4748 1813 4827">
    <p class='ocr_par' dir='ltr' id='par_1_66' title="bbox 240 4748 1813 4827">
     <span class='ocr_line' id='line_1_66' title="bbox 240 4748 1813 4827; baseline -0.002 -15"><span class='ocrx_word' id='word_1_514' title='bbox 240 4758 462 4823; x_wconf 75' lang='lat' dir='ltr'><strong>fecerit,</strong></span> <span class='ocrx_word' id='word_1_515' title='bbox 509 4774 619 4817; x_wconf 75' lang='lat' dir='ltr'><strong>non</strong></span> <span class='ocrx_word' id='word_1_516' title='bbox 666 4748 921 4827; x_wconf 73' lang='lat' dir='ltr'><strong>tanquam</strong></span> <span class='ocrx_word' id='word_1_517' title='bbox 952 4767 1159 4815; x_wconf 84' lang='lat' dir='ltr'><strong>naturae</strong></span> <span class='ocrx_word' id='word_1_518' title='bbox 1193 4753 1348 4821; x_wconf 78' lang='lat' dir='ltr'><strong>cuius</strong></span> <span class='ocrx_word' id='word_1_519' title='bbox 1382 4754 1499 4823; x_wconf 88' lang='lat' dir='ltr'><strong>ipse</strong></span> <span class='ocrx_word' id='word_1_520' title='bbox 1545 4760 1648 4818; x_wconf 86' lang='lat' dir='ltr'><strong>est,</strong></span> <span class='ocrx_word' id='word_1_521' title='bbox 1698 4754 1813 4809; x_wconf 88' lang='lat' dir='ltr'><strong>sive</strong></span> 
     </span>
    </p>
   </div>
   <div class='ocr_carea' id='block_1_67' title="bbox 240 4843 1814 4921">
    <p class='ocr_par' dir='ltr' id='par_1_67' title="bbox 240 4843 1814 4921">
     <span class='ocr_line' id='line_1_67' title="bbox 240 4843 1814 4921; baseline -0.005 -15"><span class='ocrx_word' id='word_1_522' title='bbox 240 4851 520 4921; x_wconf 73' lang='lat' dir='ltr'><strong>genuerit,</strong></span> <span class='ocrx_word' id='word_1_523' title='bbox 547 4851 660 4913; x_wconf 84' lang='lat' dir='ltr'><strong>sive</strong></span> <span class='ocrx_word' id='word_1_524' title='bbox 685 4848 1060 4918; x_wconf 85' lang='lat' dir='ltr'><strong>quoquomodo</strong></span> <span class='ocrx_word' id='word_1_525' title='bbox 1088 4845 1394 4916; x_wconf 83' lang='lat' dir='ltr'><strong>protulerit.</strong></span> <span class='ocrx_word' id='word_1_526' title='bbox 1418 4843 1536 4901; x_wconf 82' lang='lat' dir='ltr'><strong>Non</strong></span> <span class='ocrx_word' id='word_1_527' title='bbox 1565 4844 1631 4897; x_wconf 89' lang='lat' dir='ltr'><strong>de</strong></span> <span class='ocrx_word' id='word_1_528' title='bbox 1658 4856 1814 4898; x_wconf 86' lang='lat' dir='ltr'><strong>revo-</strong></span> 
     </span>
    </p>
   </div>
   <div class='ocr_carea' id='block_1_68' title="bbox 242 4929 1811 5003">
    <p class='ocr_par' dir='ltr' id='par_1_68' title="bbox 242 4929 1811 5003">
     <span class='ocr_line' id='line_1_68' title="bbox 242 4929 1811 5003; baseline -0.01 -6"><span class='ocrx_word' id='word_1_529' title='bbox 242 4938 537 5000; x_wconf 73' lang='lat' dir='ltr'><strong>lutionihus</strong></span> <span class='ocrx_word' id='word_1_530' title='bbox 563 4946 744 4999; x_wconf 79' lang='lat' dir='ltr'><strong>autem</strong></span> <span class='ocrx_word' id='word_1_531' title='bbox 776 4938 1078 4993; x_wconf 87' lang='lat' dir='ltr'><strong>animarum</strong></span> <span class='ocrx_word' id='word_1_532' title='bbox 1102 4933 1371 5003; x_wconf 86' lang='lat' dir='ltr'><strong>quomodo</strong></span> <span class='ocrx_word' id='word_1_533' title='bbox 1400 4947 1458 4986; x_wconf 90' lang='lat' dir='ltr'><strong>se</strong></span> <span class='ocrx_word' id='word_1_534' title='bbox 1488 4932 1686 4987; x_wconf 86' lang='lat' dir='ltr'><strong>haheat</strong></span> <span class='ocrx_word' id='word_1_535' title='bbox 1726 4929 1811 4997; x_wconf 80' lang='lat' dir='ltr'><strong>vel</strong></span> 
     </span>
    </p>
   </div>
   <div class='ocr_carea' id='block_1_69' title="bbox 244 5022 1813 5101">
    <p class='ocr_par' dir='ltr' id='par_1_69' title="bbox 244 5022 1813 5101">
     <span class='ocr_line' id='line_1_69' title="bbox 244 5022 1813 5101; baseline -0.006 -13"><span class='ocrx_word' id='word_1_536' title='bbox 244 5048 352 5087; x_wconf 90' lang='lat' dir='ltr'><strong>non</strong></span> <span class='ocrx_word' id='word_1_537' title='bbox 381 5032 576 5095; x_wconf 82' lang='lat' dir='ltr'><strong>haheat</strong></span> <span class='ocrx_word' id='word_1_538' title='bbox 598 5031 1038 5101; x_wconf 84' lang='lat' dir='ltr'><strong>philosophon</strong></span> <span class='ocrx_word' id='word_1_539' title='bbox 1078 5025 1260 5095; x_wconf 87' lang='lat' dir='ltr'><strong>opinio</strong></span> <span class='ocrx_word' id='word_1_540' title='bbox 1279 5063 1295 5091; x_wconf 91' lang='lat'><strong>,</strong></span> <span class='ocrx_word' id='word_1_541' title='bbox 1328 5022 1607 5079; x_wconf 79' lang='lat' dir='ltr'><strong>catholicae</strong></span> <span class='ocrx_word' id='word_1_542' title='bbox 1632 5030 1813 5079; x_wconf 89' lang='lat' dir='ltr'><strong>tamen</strong></span> 
     </span>
    </p>
   </div>
   <div class='ocr_carea' id='block_1_70' title="bbox 245 5113 1817 5187">
    <p class='ocr_par' dir='ltr' id='par_1_70' title="bbox 245 5113 1817 5187">
     <span class='ocr_line' id='line_1_70' title="bbox 245 5113 1817 5187; baseline -0.008 -7"><span class='ocrx_word' id='word_1_543' title='bbox 245 5124 371 5187; x_wconf 78' lang='lat' dir='ltr'><strong>fidei</strong></span> <span class='ocrx_word' id='word_1_544' title='bbox 397 5140 504 5179; x_wconf 91' lang='lat' dir='ltr'><strong>non</strong></span> <span class='ocrx_word' id='word_1_545' title='bbox 527 5121 782 5180; x_wconf 82' lang='lat' dir='ltr'><strong>convenit</strong></span> <span class='ocrx_word' id='word_1_546' title='bbox 810 5121 1030 5176; x_wconf 86' lang='lat' dir='ltr'><strong>credere</strong></span> <span class='ocrx_word' id='word_1_547' title='bbox 1057 5118 1265 5175; x_wconf 86' lang='lat' dir='ltr'><strong>animas</strong></span> <span class='ocrx_word' id='word_1_548' title='bbox 1289 5129 1542 5185; x_wconf 86' lang='lat' dir='ltr'><strong>pecorum</strong></span> <span class='ocrx_word' id='word_1_549' title='bbox 1567 5114 1621 5168; x_wconf 91' lang='lat' dir='ltr'><strong>in</strong></span> <span class='ocrx_word' id='word_1_550' title='bbox 1644 5113 1817 5169; x_wconf 86' lang='lat' dir='ltr'><strong>homi-</strong></span> 
     </span>
    </p>
   </div>
   <div class='ocr_carea' id='block_1_71' title="bbox 245 5201 1815 5279">
    <p class='ocr_par' dir='ltr' id='par_1_71' title="bbox 245 5201 1815 5279">
     <span class='ocr_line' id='line_1_71' title="bbox 245 5201 1815 5279; baseline -0.007 -11"><span class='ocrx_word' id='word_1_551' title='bbox 245 5227 345 5268; x_wconf 90' lang='lat' dir='ltr'><strong>nes</strong></span> <span class='ocrx_word' id='word_1_552' title='bbox 368 5219 462 5267; x_wconf 75' lang='lat' dir='ltr'><strong>aut</strong></span> <span class='ocrx_word' id='word_1_553' title='bbox 492 5212 773 5273; x_wconf 78' lang='lat' dir='ltr'><strong>hominum</strong></span> <span class='ocrx_word' id='word_1_554' title='bbox 800 5210 856 5265; x_wconf 86' lang='lat' dir='ltr'><strong>in</strong></span> <span class='ocrx_word' id='word_1_555' title='bbox 881 5222 1074 5279; x_wconf 76' lang='lat' dir='ltr'><strong>pecora</strong></span> <span class='ocrx_word' id='word_1_556' title='bbox 1109 5203 1514 5274; x_wconf 75' lang='lat' dir='ltr'><strong>transmigrare.</strong></span> <span class='ocrx_word' id='word_1_557' title='bbox 1550 5201 1683 5259; x_wconf 86' lang='lat' dir='ltr'><strong>Nam</strong></span> <span class='ocrx_word' id='word_1_558' title='bbox 1723 5202 1815 5257; x_wconf 89' lang='lat' dir='ltr'><strong>illa</strong></span> 
     </span>
    </p>
   </div>
   <div class='ocr_carea' id='block_1_72' title="bbox 245 5293 1817 5372">
    <p class='ocr_par' dir='ltr' id='par_1_72' title="bbox 245 5293 1817 5372">
     <span class='ocr_line' id='line_1_72' title="bbox 245 5293 1817 5372; baseline -0.005 -16"><span class='ocrx_word' id='word_1_559' title='bbox 245 5317 368 5372; x_wconf 77' lang='lat' dir='ltr'><strong>qua:</strong></span> <span class='ocrx_word' id='word_1_560' title='bbox 412 5300 663 5361; x_wconf 79' lang='lat' dir='ltr'><strong>feruntur</strong></span> <span class='ocrx_word' id='word_1_561' title='bbox 698 5299 963 5357; x_wconf 84' lang='lat' dir='ltr'><strong>accidisse</strong></span> <span class='ocrx_word' id='word_1_562' title='bbox 1007 5304 1067 5351; x_wconf 86' lang='lat' dir='ltr'><strong>ut</strong></span> <span class='ocrx_word' id='word_1_563' title='bbox 1110 5294 1333 5365; x_wconf 85' lang='lat' dir='ltr'><strong>quidam</strong></span> <span class='ocrx_word' id='word_1_564' title='bbox 1376 5293 1533 5363; x_wconf 84' lang='lat' dir='ltr'><strong>quasi</strong></span> <span class='ocrx_word' id='word_1_565' title='bbox 1565 5294 1817 5349; x_wconf 87' lang='lat' dir='ltr'><strong>recorda-</strong></span> 
     </span>
    </p>
   </div>
   <div class='ocr_carea' id='block_1_73' title="bbox 244 5385 1817 5463">
    <p class='ocr_par' dir='ltr' id='par_1_73' title="bbox 244 5385 1817 5463">
     <span class='ocr_line' id='line_1_73' title="bbox 244 5385 1817 5463; baseline -0.008 -8"><span class='ocrx_word' id='word_1_566' title='bbox 244 5402 436 5455; x_wconf 87' lang='lat' dir='ltr'><strong>rentur</strong></span> <span class='ocrx_word' id='word_1_567' title='bbox 460 5394 514 5449; x_wconf 88' lang='lat' dir='ltr'><strong>in</strong></span> <span class='ocrx_word' id='word_1_568' title='bbox 547 5406 779 5463; x_wconf 71' lang='lat' dir='ltr'><strong>quorum</strong></span> <span class='ocrx_word' id='word_1_569' title='bbox 800 5389 1112 5453; x_wconf 78' lang='lat' dir='ltr'><strong>animalium</strong></span> <span class='ocrx_word' id='word_1_570' title='bbox 1134 5387 1450 5458; x_wconf 88' lang='lat' dir='ltr'><strong>corporibus</strong></span> <span class='ocrx_word' id='word_1_571' title='bbox 1477 5385 1698 5453; x_wconf 81' lang='lat' dir='ltr'><strong>fuerint,</strong></span> <span class='ocrx_word' id='word_1_572' title='bbox 1721 5394 1817 5442; x_wconf 90' lang='lat' dir='ltr'><strong>aut</strong></span> 
     </span>
    </p>
   </div>
   <div class='ocr_carea' id='block_1_74' title="bbox 247 5475 1819 5547">
    <p class='ocr_par' dir='ltr' id='par_1_74' title="bbox 247 5475 1819 5547">
     <span class='ocr_line' id='line_1_74' title="bbox 247 5475 1819 5547; baseline -0.001 -13"><span class='ocrx_word' id='word_1_573' title='bbox 247 5482 382 5542; x_wconf 78' lang='lat' dir='ltr'><strong>falsa</strong></span> <span class='ocrx_word' id='word_1_574' title='bbox 408 5488 722 5547; x_wconf 86' lang='lat' dir='ltr'><strong>narrantur,</strong></span> <span class='ocrx_word' id='word_1_575' title='bbox 752 5487 847 5539; x_wconf 82' lang='lat' dir='ltr'><strong>aut</strong></span> <span class='ocrx_word' id='word_1_576' title='bbox 885 5478 1338 5541; x_wconf 80' lang='lat' dir='ltr'><strong>ludificationibus</strong></span> <span class='ocrx_word' id='word_1_577' title='bbox 1360 5478 1664 5535; x_wconf 61' lang='lat' dir='ltr'><strong>daemonum</strong></span> <span class='ocrx_word' id='word_1_578' title='bbox 1712 5475 1819 5533; x_wconf 82' lang='lat' dir='ltr'><strong>hoc</strong></span> 
     </span>
    </p>
   </div>
   <div class='ocr_carea' id='block_1_75' title="bbox 248 5565 1814 5639">
    <p class='ocr_par' dir='ltr' id='par_1_75' title="bbox 248 5565 1814 5639">
     <span class='ocr_line' id='line_1_75' title="bbox 248 5565 1814 5639; baseline -0.003 -10"><span class='ocrx_word' id='word_1_579' title='bbox 248 5570 521 5629; x_wconf 82' lang='lat' dir='ltr'><strong>ineorum</strong></span> <span class='ocrx_word' id='word_1_580' title='bbox 551 5571 746 5639; x_wconf 81' lang='lat' dir='ltr'><strong>animis</strong></span> <span class='ocrx_word' id='word_1_581' title='bbox 785 5569 987 5625; x_wconf 85' lang='lat' dir='ltr'><strong>factum</strong></span> <span class='ocrx_word' id='word_1_582' title='bbox 1030 5577 1132 5625; x_wconf 87' lang='lat' dir='ltr'><strong>est.</strong></span> <span class='ocrx_word' id='word_1_583' title='bbox 1176 5567 1234 5624; x_wconf 88' lang='lat' dir='ltr'><strong>Si</strong></span> <span class='ocrx_word' id='word_1_584' title='bbox 1278 5568 1421 5631; x_wconf 85' lang='lat' dir='ltr'><strong>enim</strong></span> <span class='ocrx_word' id='word_1_585' title='bbox 1452 5567 1715 5638; x_wconf 78' lang='lat' dir='ltr'><strong>contingit</strong></span> <span class='ocrx_word' id='word_1_586' title='bbox 1757 5565 1814 5625; x_wconf 85' lang='lat' dir='ltr'><strong>in</strong></span> 
     </span>
    </p>
   </div>
   <div class='ocr_carea' id='block_1_76' title="bbox 322 5676 1266 5751">
    <p class='ocr_par' dir='ltr' id='par_1_76' title="bbox 322 5676 1266 5751">
     <span class='ocr_line' id='line_1_76' title="bbox 322 5676 1266 5751; baseline -0.011 -12"><span class='ocrx_word' id='word_1_587' title='bbox 322 5696 348 5726; x_wconf 77' lang='grc' dir='ltr'>ι</span> <span class='ocrx_word' id='word_1_588' title='bbox 374 5681 514 5751; x_wconf 68' lang='lat' dir='ltr'><strong>Aug.</strong></span> <span class='ocrx_word' id='word_1_589' title='bbox 542 5681 611 5739; x_wconf 89' lang='lat' dir='ltr'><strong>de</strong></span> <span class='ocrx_word' id='word_1_590' title='bbox 627 5680 762 5739; x_wconf 86' lang='lat' dir='ltr'><strong>Gen.</strong></span> <span class='ocrx_word' id='word_1_591' title='bbox 783 5681 853 5737; x_wconf 89' lang='lat' dir='ltr'><strong>ad</strong></span> <span class='ocrx_word' id='word_1_592' title='bbox 873 5679 1003 5747; x_wconf 87' lang='lat' dir='ltr'><strong>litt.,</strong></span> <span class='ocrx_word' id='word_1_593' title='bbox 1030 5692 1149 5747; x_wconf 88' lang='lat' dir='ltr'><strong>cap.</strong></span> <span class='ocrx_word' id='word_1_594' title='bbox 1182 5676 1266 5731; x_wconf 70' lang='lat' dir='ltr'><strong>lt.</strong></span> 
     </span>
    </p>
   </div>
   <div class='ocr_carea' id='block_1_77' title="bbox 1895 1869 3468 1946">
    <p class='ocr_par' dir='ltr' id='par_1_77' title="bbox 1895 1869 3468 1946">
     <span class='ocr_line' id='line_1_77' title="bbox 1895 1869 3468 1946; baseline -0.008 -13"><span class='ocrx_word' id='word_1_595' title='bbox 1895 1886 1984 1933; x_wconf 90' lang='lat' dir='ltr'><strong>tur</strong></span> <span class='ocrx_word' id='word_1_596' title='bbox 2015 1878 2261 1933; x_wconf 82' lang='lat' dir='ltr'><strong>insania.</strong></span> <span class='ocrx_word' id='word_1_597' title='bbox 2281 1876 2513 1932; x_wconf 87' lang='lat' dir='ltr'><strong>Proinde</strong></span> <span class='ocrx_word' id='word_1_598' title='bbox 2535 1876 2787 1946; x_wconf 87' lang='lat' dir='ltr'><strong>quoniam</strong></span> <span class='ocrx_word' id='word_1_599' title='bbox 2819 1889 2946 1944; x_wconf 88' lang='lat' dir='ltr'><strong>pars</strong></span> <span class='ocrx_word' id='word_1_600' title='bbox 2975 1872 3181 1941; x_wconf 82' lang='lat' dir='ltr'><strong>cerebri</strong></span> <span class='ocrx_word' id='word_1_601' title='bbox 3205 1869 3468 1932; x_wconf 90' lang='lat' dir='ltr'><strong>anterior,</strong></span> 
     </span>
    </p>
   </div>
   <div class='ocr_carea' id='block_1_78' title="bbox 1894 1960 3472 2030">
    <p class='ocr_par' dir='ltr' id='par_1_78' title="bbox 1894 1960 3472 2030">
     <span class='ocr_line' id='line_1_78' title="bbox 1894 1960 3472 2030; baseline -0.006 -6"><span class='ocrx_word' id='word_1_602' title='bbox 1894 1969 2037 2024; x_wconf 89' lang='lat' dir='ltr'><strong>unde</strong></span> <span class='ocrx_word' id='word_1_603' title='bbox 2066 1983 2256 2025; x_wconf 87' lang='lat' dir='ltr'><strong>sensus</strong></span> <span class='ocrx_word' id='word_1_604' title='bbox 2284 1982 2473 2024; x_wconf 87' lang='lat' dir='ltr'><strong>omnes</strong></span> <span class='ocrx_word' id='word_1_605' title='bbox 2506 1966 2917 2030; x_wconf 84' lang='lat' dir='ltr'><strong>distribuuntur,</strong></span> <span class='ocrx_word' id='word_1_606' title='bbox 2945 1965 3012 2019; x_wconf 89' lang='lat' dir='ltr'><strong>ad</strong></span> <span class='ocrx_word' id='word_1_607' title='bbox 3044 1962 3275 2019; x_wconf 86' lang='lat' dir='ltr'><strong>frontem</strong></span> <span class='ocrx_word' id='word_1_608' title='bbox 3307 1960 3472 2016; x_wconf 82' lang='lat' dir='ltr'><strong>collo-</strong></span> 
     </span>
    </p>
   </div>
   <div class='ocr_carea' id='block_1_79' title="bbox 1895 2057 3468 2129">
    <p class='ocr_par' dir='ltr' id='par_1_79' title="bbox 1895 2057 3468 2129">
     <span class='ocr_line' id='line_1_79' title="bbox 1895 2057 3468 2129; baseline -0.004 -14"><span class='ocrx_word' id='word_1_609' title='bbox 1895 2068 2016 2115; x_wconf 85' lang='lat' dir='ltr'><strong>cata</strong></span> <span class='ocrx_word' id='word_1_610' title='bbox 2036 2069 2151 2126; x_wconf 88' lang='lat' dir='ltr'><strong>est,</strong></span> <span class='ocrx_word' id='word_1_611' title='bbox 2179 2068 2343 2129; x_wconf 82' lang='lat' dir='ltr'><strong>atque</strong></span> <span class='ocrx_word' id='word_1_612' title='bbox 2372 2059 2424 2114; x_wconf 92' lang='lat' dir='ltr'><strong>in</strong></span> <span class='ocrx_word' id='word_1_613' title='bbox 2451 2057 2588 2117; x_wconf 77' lang='lat' dir='ltr'><strong>facie</strong></span> <span class='ocrx_word' id='word_1_614' title='bbox 2617 2066 2743 2115; x_wconf 87' lang='lat' dir='ltr'><strong>sunt</strong></span> <span class='ocrx_word' id='word_1_615' title='bbox 2768 2059 2884 2127; x_wconf 89' lang='lat' dir='ltr'><strong>ipsa</strong></span> <span class='ocrx_word' id='word_1_616' title='bbox 2912 2058 3068 2127; x_wconf 90' lang='lat' dir='ltr'><strong>quasi</strong></span> <span class='ocrx_word' id='word_1_617' title='bbox 3098 2070 3302 2127; x_wconf 74' lang='lat' dir='ltr'><strong>organa</strong></span> <span class='ocrx_word' id='word_1_618' title='bbox 3343 2068 3468 2109; x_wconf 86' lang='lat' dir='ltr'><strong>sen-</strong></span> 
     </span>
    </p>
   </div>
   <div class='ocr_carea' id='block_1_80' title="bbox 1896 2146 3470 2221">
    <p class='ocr_par' dir='ltr' id='par_1_80' title="bbox 1896 2146 3470 2221">
     <span class='ocr_line' id='line_1_80' title="bbox 1896 2146 3470 2221; baseline -0.006 -13"><span class='ocrx_word' id='word_1_619' title='bbox 1896 2153 2063 2209; x_wconf 89' lang='lat' dir='ltr'><strong>tiendi</strong></span> <span class='ocrx_word' id='word_1_620' title='bbox 2082 2193 2098 2217; x_wconf 94' lang='lat'><strong>,</strong></span> <span class='ocrx_word' id='word_1_621' title='bbox 2123 2153 2243 2208; x_wconf 89' lang='lat' dir='ltr'><strong>ideo</strong></span> <span class='ocrx_word' id='word_1_622' title='bbox 2265 2152 2526 2221; x_wconf 85' lang='lat' dir='ltr'><strong>scriptum</strong></span> <span class='ocrx_word' id='word_1_623' title='bbox 2551 2150 2806 2215; x_wconf 84' lang='lat' dir='ltr'><strong>arbitror,</strong></span> <span class='ocrx_word' id='word_1_624' title='bbox 2848 2150 2989 2218; x_wconf 91' lang='lat' dir='ltr'><strong>quod</strong></span> <span class='ocrx_word' id='word_1_625' title='bbox 3022 2149 3074 2203; x_wconf 90' lang='lat' dir='ltr'><strong>in</strong></span> <span class='ocrx_word' id='word_1_626' title='bbox 3100 2147 3292 2204; x_wconf 83' lang='lat' dir='ltr'><strong>faciem</strong></span> <span class='ocrx_word' id='word_1_627' title='bbox 3326 2146 3470 2207; x_wconf 84' lang='lat' dir='ltr'><strong>Deus</strong></span> 
     </span>
    </p>
   </div>
   <div class='ocr_carea' id='block_1_81' title="bbox 1896 2234 3472 2305">
    <p class='ocr_par' dir='ltr' id='par_1_81' title="bbox 1896 2234 3472 2305">
     <span class='ocr_line' id='line_1_81' title="bbox 1896 2234 3472 2305; baseline -0.007 -8"><span class='ocrx_word' id='word_1_628' title='bbox 1896 2239 2191 2297; x_wconf 82' lang='lat' dir='ltr'><strong>suﬂlaverit</strong></span> <span class='ocrx_word' id='word_1_629' title='bbox 2219 2239 2452 2295; x_wconf 86' lang='lat' dir='ltr'><strong>hominis</strong></span> <span class='ocrx_word' id='word_1_630' title='bbox 2472 2237 2657 2292; x_wconf 82' lang='lat' dir='ltr'><strong>flatum</strong></span> <span class='ocrx_word' id='word_1_631' title='bbox 2684 2237 2825 2292; x_wconf 72' lang='lat' dir='ltr'><strong>vitaz.</strong></span> <span class='ocrx_word' id='word_1_632' title='bbox 2853 2235 3108 2291; x_wconf 84' lang='lat' dir='ltr'><strong>Auterior</strong></span> <span class='ocrx_word' id='word_1_633' title='bbox 3128 2234 3323 2305; x_wconf 85' lang='lat' dir='ltr'><strong>quippe</strong></span> <span class='ocrx_word' id='word_1_634' title='bbox 3344 2246 3472 2303; x_wconf 79' lang='lat' dir='ltr'><strong>pars</strong></span> 
     </span>
    </p>
   </div>
   <div class='ocr_carea' id='block_1_82' title="bbox 1895 2320 3468 2401">
    <p class='ocr_par' dir='ltr' id='par_1_82' title="bbox 1895 2320 3468 2401">
     <span class='ocr_line' id='line_1_82' title="bbox 1895 2320 3468 2401; baseline -0.01 -13"><span class='ocrx_word' id='word_1_635' title='bbox 1895 2330 2181 2401; x_wconf 84' lang='lat' dir='ltr'><strong>posteriori</strong></span> <span class='ocrx_word' id='word_1_636' title='bbox 2214 2329 2410 2385; x_wconf 86' lang='lat' dir='ltr'><strong>merito</strong></span> <span class='ocrx_word' id='word_1_637' title='bbox 2431 2327 2763 2398; x_wconf 70' lang='lat' dir='ltr'><strong>praeponitur</strong></span> <span class='ocrx_word' id='word_1_638' title='bbox 2781 2366 2797 2390; x_wconf 90' lang='lat'><strong>,</strong></span> <span class='ocrx_word' id='word_1_639' title='bbox 2827 2326 2952 2395; x_wconf 87' lang='lat' dir='ltr'><strong>quia</strong></span> <span class='ocrx_word' id='word_1_640' title='bbox 2974 2332 3027 2378; x_wconf 91' lang='lat' dir='ltr'><strong>et</strong></span> <span class='ocrx_word' id='word_1_641' title='bbox 3051 2324 3152 2378; x_wconf 79' lang='lat' dir='ltr'><strong>ista</strong></span> <span class='ocrx_word' id='word_1_642' title='bbox 3178 2321 3353 2396; x_wconf 85' lang='lat' dir='ltr'><strong>ducit,</strong></span> <span class='ocrx_word' id='word_1_643' title='bbox 3378 2320 3468 2374; x_wconf 83' lang='lat' dir='ltr'><strong>illa</strong></span> 
     </span>
    </p>
   </div>
   <div class='ocr_carea' id='block_1_83' title="bbox 1897 2408 3470 2489">
    <p class='ocr_par' dir='ltr' id='par_1_83' title="bbox 1897 2408 3470 2489">
     <span class='ocr_line' id='line_1_83' title="bbox 1897 2408 3470 2489; baseline -0.009 -14"><span class='ocrx_word' id='word_1_644' title='bbox 1897 2419 2166 2489; x_wconf 81' lang='lat' dir='ltr'><strong>sequitur,</strong></span> <span class='ocrx_word' id='word_1_645' title='bbox 2193 2426 2249 2474; x_wconf 89' lang='lat' dir='ltr'><strong>et</strong></span> <span class='ocrx_word' id='word_1_646' title='bbox 2275 2418 2344 2472; x_wconf 89' lang='lat' dir='ltr'><strong>ab</strong></span> <span class='ocrx_word' id='word_1_647' title='bbox 2366 2418 2470 2472; x_wconf 78' lang='lat' dir='ltr'><strong>ista</strong></span> <span class='ocrx_word' id='word_1_648' title='bbox 2499 2431 2720 2480; x_wconf 86' lang='lat' dir='ltr'><strong>sensus,</strong></span> <span class='ocrx_word' id='word_1_649' title='bbox 2749 2415 2818 2469; x_wconf 87' lang='lat' dir='ltr'><strong>ab</strong></span> <span class='ocrx_word' id='word_1_650' title='bbox 2847 2413 2936 2467; x_wconf 90' lang='lat' dir='ltr'><strong>illa</strong></span> <span class='ocrx_word' id='word_1_651' title='bbox 2971 2421 3148 2467; x_wconf 90' lang='lat' dir='ltr'><strong>motus</strong></span> <span class='ocrx_word' id='word_1_652' title='bbox 3172 2418 3286 2474; x_wconf 88' lang='lat' dir='ltr'><strong>est,</strong></span> <span class='ocrx_word' id='word_1_653' title='bbox 3328 2408 3470 2464; x_wconf 86' lang='lat' dir='ltr'><strong>sicut</strong></span> 
     </span>
    </p>
   </div>
   <div class='ocr_carea' id='block_1_84' title="bbox 1898 2495 3473 2575">
    <p class='ocr_par' dir='ltr' id='par_1_84' title="bbox 1898 2495 3473 2575">
     <span class='ocr_line' id='line_1_84' title="bbox 1898 2495 3473 2575; baseline -0.01 -11"><span class='ocrx_word' id='word_1_654' title='bbox 1898 2507 2179 2564; x_wconf 86' lang='lat' dir='ltr'><strong>consilium</strong></span> <span class='ocrx_word' id='word_1_655' title='bbox 2205 2504 2462 2575; x_wconf 56' lang='lat' dir='ltr'><strong>praecedit</strong></span> <span class='ocrx_word' id='word_1_656' title='bbox 2486 2503 2777 2559; x_wconf 90' lang='lat' dir='ltr'><strong>actionem.</strong></span> <span class='ocrx_word' id='word_1_657' title='bbox 2807 2501 2874 2556; x_wconf 86' lang='lat' dir='ltr'><strong>Et</strong></span> <span class='ocrx_word' id='word_1_658' title='bbox 2895 2501 3149 2570; x_wconf 85' lang='lat' dir='ltr'><strong>quoniam</strong></span> <span class='ocrx_word' id='word_1_659' title='bbox 3177 2495 3473 2567; x_wconf 87' lang='lat' dir='ltr'><strong>corporalis</strong></span> 
     </span>
    </p>
   </div>
   <div class='ocr_carea' id='block_1_85' title="bbox 1898 2584 3470 2665">
    <p class='ocr_par' dir='ltr' id='par_1_85' title="bbox 1898 2584 3470 2665">
     <span class='ocr_line' id='line_1_85' title="bbox 1898 2584 3470 2665; baseline -0.01 -14"><span class='ocrx_word' id='word_1_660' title='bbox 1898 2603 2077 2651; x_wconf 89' lang='lat' dir='ltr'><strong>motus</strong></span> <span class='ocrx_word' id='word_1_661' title='bbox 2112 2594 2205 2665; x_wconf 89' lang='lat' dir='ltr'><strong>qui</strong></span> <span class='ocrx_word' id='word_1_662' title='bbox 2245 2606 2464 2648; x_wconf 86' lang='lat' dir='ltr'><strong>sensum</strong></span> <span class='ocrx_word' id='word_1_663' title='bbox 2505 2584 2788 2661; x_wconf 82' lang='lat' dir='ltr'><strong>sequitur,</strong></span> <span class='ocrx_word' id='word_1_664' title='bbox 2828 2590 2945 2645; x_wconf 88' lang='lat' dir='ltr'><strong>sine</strong></span> <span class='ocrx_word' id='word_1_665' title='bbox 2993 2586 3288 2643; x_wconf 87' lang='lat' dir='ltr'><strong>intervallis</strong></span> <span class='ocrx_word' id='word_1_666' title='bbox 3328 2592 3470 2639; x_wconf 85' lang='lat' dir='ltr'><strong>tem-</strong></span> 
     </span>
    </p>
   </div>
   <div class='ocr_carea' id='block_1_86' title="bbox 1897 2674 3471 2756">
    <p class='ocr_par' dir='ltr' id='par_1_86' title="bbox 1897 2674 3471 2756">
     <span class='ocr_line' id='line_1_86' title="bbox 1897 2674 3471 2756; baseline -0.01 -16"><span class='ocrx_word' id='word_1_667' title='bbox 1897 2699 2090 2756; x_wconf 88' lang='lat' dir='ltr'><strong>porum</strong></span> <span class='ocrx_word' id='word_1_668' title='bbox 2121 2682 2302 2738; x_wconf 84' lang='lat' dir='ltr'><strong>nullus</strong></span> <span class='ocrx_word' id='word_1_669' title='bbox 2320 2689 2425 2748; x_wconf 89' lang='lat' dir='ltr'><strong>est,</strong></span> <span class='ocrx_word' id='word_1_670' title='bbox 2448 2695 2610 2750; x_wconf 74' lang='lat' dir='ltr'><strong>agere</strong></span> <span class='ocrx_word' id='word_1_671' title='bbox 2638 2685 2819 2735; x_wconf 89' lang='lat' dir='ltr'><strong>autem</strong></span> <span class='ocrx_word' id='word_1_672' title='bbox 2863 2674 3142 2732; x_wconf 83' lang='lat' dir='ltr'><strong>intervalla</strong></span> <span class='ocrx_word' id='word_1_673' title='bbox 3168 2683 3471 2743; x_wconf 82' lang='lat' dir='ltr'><strong>temporum</strong></span> 
     </span>
    </p>
   </div>
   <div class='ocr_carea' id='block_1_87' title="bbox 1902 2763 3473 2844">
    <p class='ocr_par' dir='ltr' id='par_1_87' title="bbox 1902 2763 3473 2844">
     <span class='ocr_line' id='line_1_87' title="bbox 1902 2763 3473 2844; baseline -0.008 -14"><span class='ocrx_word' id='word_1_674' title='bbox 1902 2779 2199 2844; x_wconf 87' lang='lat' dir='ltr'><strong>spontaneo</strong></span> <span class='ocrx_word' id='word_1_675' title='bbox 2233 2779 2383 2828; x_wconf 92' lang='lat' dir='ltr'><strong>motu</strong></span> <span class='ocrx_word' id='word_1_676' title='bbox 2408 2770 2511 2827; x_wconf 88' lang='lat' dir='ltr'><strong>nisi</strong></span> <span class='ocrx_word' id='word_1_677' title='bbox 2540 2784 2640 2840; x_wconf 88' lang='lat' dir='ltr'><strong>per</strong></span> <span class='ocrx_word' id='word_1_678' title='bbox 2684 2767 3009 2838; x_wconf 77' lang='lat' dir='ltr'><strong>adiutorium</strong></span> <span class='ocrx_word' id='word_1_679' title='bbox 3048 2763 3320 2820; x_wconf 67' lang='lat' dir='ltr'><strong>memoria:</strong></span> <span class='ocrx_word' id='word_1_680' title='bbox 3362 2774 3473 2817; x_wconf 92' lang='lat' dir='ltr'><strong>non</strong></span> 
     </span>
    </p>
   </div>
   <div class='ocr_carea' id='block_1_88' title="bbox 1901 2849 3475 2929">
    <p class='ocr_par' dir='ltr' id='par_1_88' title="bbox 1901 2849 3475 2929">
     <span class='ocr_line' id='line_1_88' title="bbox 1901 2849 3475 2929; baseline -0.009 -11"><span class='ocrx_word' id='word_1_681' title='bbox 1901 2863 2175 2928; x_wconf 80' lang='lat' dir='ltr'><strong>valemus;</strong></span> <span class='ocrx_word' id='word_1_682' title='bbox 2210 2862 2330 2916; x_wconf 88' lang='lat' dir='ltr'><strong>ideo</strong></span> <span class='ocrx_word' id='word_1_683' title='bbox 2356 2868 2471 2916; x_wconf 88' lang='lat' dir='ltr'><strong>tres</strong></span> <span class='ocrx_word' id='word_1_684' title='bbox 2506 2867 2767 2929; x_wconf 85' lang='lat' dir='ltr'><strong>tanquam</strong></span> <span class='ocrx_word' id='word_1_685' title='bbox 2816 2854 3102 2911; x_wconf 85' lang='lat' dir='ltr'><strong>ventriculi</strong></span> <span class='ocrx_word' id='word_1_686' title='bbox 3128 2850 3341 2909; x_wconf 89' lang='lat' dir='ltr'><strong>cerebri</strong></span> <span class='ocrx_word' id='word_1_687' title='bbox 3379 2849 3475 2905; x_wconf 88' lang='lat' dir='ltr'><strong>de-</strong></span> 
     </span>
    </p>
   </div>
   <div class='ocr_carea' id='block_1_89' title="bbox 1902 2946 3478 3013">
    <p class='ocr_par' dir='ltr' id='par_1_89' title="bbox 1902 2946 3478 3013">
     <span class='ocr_line' id='line_1_89' title="bbox 1902 2946 3478 3013; baseline -0.01 -4"><span class='ocrx_word' id='word_1_688' title='bbox 1902 2958 2289 3009; x_wconf 89' lang='lat' dir='ltr'><strong>monstrantur.</strong></span> <span class='ocrx_word' id='word_1_689' title='bbox 2316 2950 2468 3009; x_wconf 90' lang='lat' dir='ltr'><strong>Unus</strong></span> <span class='ocrx_word' id='word_1_690' title='bbox 2487 2949 2728 3005; x_wconf 90' lang='lat' dir='ltr'><strong>anterior</strong></span> <span class='ocrx_word' id='word_1_691' title='bbox 2750 2947 2817 3007; x_wconf 89' lang='lat' dir='ltr'><strong>ad</strong></span> <span class='ocrx_word' id='word_1_692' title='bbox 2847 2946 3042 3002; x_wconf 87' lang='lat' dir='ltr'><strong>faciem</strong></span> <span class='ocrx_word' id='word_1_693' title='bbox 3063 2984 3078 3011; x_wconf 91' lang='lat'><strong>,</strong></span> <span class='ocrx_word' id='word_1_694' title='bbox 3102 2959 3133 2999; x_wconf 90' lang='lat' dir='ltr'><strong>a</strong></span> <span class='ocrx_word' id='word_1_695' title='bbox 3155 2956 3261 3013; x_wconf 87' lang='lat' dir='ltr'><strong>quo</strong></span> <span class='ocrx_word' id='word_1_696' title='bbox 3285 2952 3478 2997; x_wconf 88' lang='lat' dir='ltr'><strong>sensus</strong></span> 
     </span>
    </p>
   </div>
   <div class='ocr_carea' id='block_1_90' title="bbox 1904 3038 3479 3113">
    <p class='ocr_par' dir='ltr' id='par_1_90' title="bbox 1904 3038 3479 3113">
     <span class='ocr_line' id='line_1_90' title="bbox 1904 3038 3479 3113; baseline -0.007 -15"><span class='ocrx_word' id='word_1_697' title='bbox 1904 3043 2114 3110; x_wconf 87' lang='lat' dir='ltr'><strong>omnis;</strong></span> <span class='ocrx_word' id='word_1_698' title='bbox 2168 3042 2306 3098; x_wconf 83' lang='lat' dir='ltr'><strong>alter</strong></span> <span class='ocrx_word' id='word_1_699' title='bbox 2351 3042 2617 3113; x_wconf 83' lang='lat' dir='ltr'><strong>posterior</strong></span> <span class='ocrx_word' id='word_1_700' title='bbox 2655 3042 2724 3096; x_wconf 90' lang='lat' dir='ltr'><strong>ad</strong></span> <span class='ocrx_word' id='word_1_701' title='bbox 2771 3038 3054 3103; x_wconf 81' lang='lat' dir='ltr'><strong>verticem,</strong></span> <span class='ocrx_word' id='word_1_702' title='bbox 3085 3051 3116 3090; x_wconf 90' lang='lat' dir='ltr'><strong>a</strong></span> <span class='ocrx_word' id='word_1_703' title='bbox 3148 3048 3253 3104; x_wconf 87' lang='lat' dir='ltr'><strong>quo</strong></span> <span class='ocrx_word' id='word_1_704' title='bbox 3299 3040 3479 3087; x_wconf 81' lang='lat' dir='ltr'><strong>motus</strong></span> 
     </span>
    </p>
   </div>
   <div class='ocr_carea' id='block_1_91' title="bbox 1910 3122 3478 3200">
    <p class='ocr_par' dir='ltr' id='par_1_91' title="bbox 1910 3122 3478 3200">
     <span class='ocr_line' id='line_1_91' title="bbox 1910 3122 3478 3200; baseline -0.01 -10"><span class='ocrx_word' id='word_1_705' title='bbox 1910 3134 2119 3200; x_wconf 88' lang='lat' dir='ltr'><strong>omnis;</strong></span> <span class='ocrx_word' id='word_1_706' title='bbox 2158 3133 2349 3188; x_wconf 87' lang='lat' dir='ltr'><strong>tertius</strong></span> <span class='ocrx_word' id='word_1_707' title='bbox 2398 3132 2540 3187; x_wconf 86' lang='lat' dir='ltr'><strong>inter</strong></span> <span class='ocrx_word' id='word_1_708' title='bbox 2568 3140 2881 3199; x_wconf 89' lang='lat' dir='ltr'><strong>utrumque,</strong></span> <span class='ocrx_word' id='word_1_709' title='bbox 2929 3128 2983 3182; x_wconf 93' lang='lat' dir='ltr'><strong>in</strong></span> <span class='ocrx_word' id='word_1_710' title='bbox 3010 3140 3116 3195; x_wconf 86' lang='lat' dir='ltr'><strong>quo</strong></span> <span class='ocrx_word' id='word_1_711' title='bbox 3161 3122 3478 3177; x_wconf 89' lang='lat' dir='ltr'><strong>memoriam</strong></span> 
     </span>
    </p>
   </div>
   <div class='ocr_carea' id='block_1_92' title="bbox 1910 3213 3478 3294">
    <p class='ocr_par' dir='ltr' id='par_1_92' title="bbox 1910 3213 3478 3294">
     <span class='ocr_line' id='line_1_92' title="bbox 1910 3213 3478 3294; baseline -0.009 -15"><span class='ocrx_word' id='word_1_712' title='bbox 1910 3225 2090 3294; x_wconf 79' lang='lat' dir='ltr'><strong>vigere</strong></span> <span class='ocrx_word' id='word_1_713' title='bbox 2126 3223 2522 3286; x_wconf 87' lang='lat' dir='ltr'><strong>demonstrant;</strong></span> <span class='ocrx_word' id='word_1_714' title='bbox 2562 3236 2629 3275; x_wconf 84' lang='lat' dir='ltr'><strong>ne</strong></span> <span class='ocrx_word' id='word_1_715' title='bbox 2657 3235 2780 3276; x_wconf 84' lang='lat' dir='ltr'><strong>cum</strong></span> <span class='ocrx_word' id='word_1_716' title='bbox 2813 3232 3030 3272; x_wconf 87' lang='lat' dir='ltr'><strong>sensum</strong></span> <span class='ocrx_word' id='word_1_717' title='bbox 3075 3213 3319 3282; x_wconf 89' lang='lat' dir='ltr'><strong>sequitur</strong></span> <span class='ocrx_word' id='word_1_718' title='bbox 3363 3226 3478 3267; x_wconf 80' lang='lat' dir='ltr'><strong>mo-</strong></span> 
     </span>
    </p>
   </div>
   <div class='ocr_carea' id='block_1_93' title="bbox 1908 3303 3474 3379">
    <p class='ocr_par' dir='ltr' id='par_1_93' title="bbox 1908 3303 3474 3379">
     <span class='ocr_line' id='line_1_93' title="bbox 1908 3303 3474 3379; baseline -0.009 -8"><span class='ocrx_word' id='word_1_719' title='bbox 1908 3323 2026 3378; x_wconf 91' lang='lat' dir='ltr'><strong>tus,</strong></span> <span class='ocrx_word' id='word_1_720' title='bbox 2076 3330 2182 3370; x_wconf 92' lang='lat' dir='ltr'><strong>non</strong></span> <span class='ocrx_word' id='word_1_721' title='bbox 2222 3319 2508 3367; x_wconf 89' lang='lat' dir='ltr'><strong>connectat</strong></span> <span class='ocrx_word' id='word_1_722' title='bbox 2554 3312 2717 3365; x_wconf 92' lang='lat' dir='ltr'><strong>homo</strong></span> <span class='ocrx_word' id='word_1_723' title='bbox 2742 3310 2885 3379; x_wconf 89' lang='lat' dir='ltr'><strong>quod</strong></span> <span class='ocrx_word' id='word_1_724' title='bbox 2919 3306 3219 3362; x_wconf 87' lang='lat' dir='ltr'><strong>faciendum</strong></span> <span class='ocrx_word' id='word_1_725' title='bbox 3268 3313 3383 3369; x_wconf 81' lang='lat' dir='ltr'><strong>est,</strong></span> <span class='ocrx_word' id='word_1_726' title='bbox 3426 3303 3474 3357; x_wconf 83' lang='lat' dir='ltr'><strong>si</strong></span> 
     </span>
    </p>
   </div>
   <div class='ocr_carea' id='block_1_94' title="bbox 1909 3392 3480 3472">
    <p class='ocr_par' dir='ltr' id='par_1_94' title="bbox 1909 3392 3480 3472">
     <span class='ocr_line' id='line_1_94' title="bbox 1909 3392 3480 3472; baseline -0.008 -13"><span class='ocrx_word' id='word_1_727' title='bbox 1909 3404 2074 3461; x_wconf 89' lang='lat' dir='ltr'><strong>fuerit</strong></span> <span class='ocrx_word' id='word_1_728' title='bbox 2107 3402 2249 3472; x_wconf 90' lang='lat' dir='ltr'><strong>quod</strong></span> <span class='ocrx_word' id='word_1_729' title='bbox 2283 3402 2411 3457; x_wconf 90' lang='lat' dir='ltr'><strong>facit</strong></span> <span class='ocrx_word' id='word_1_730' title='bbox 2437 3401 2654 3456; x_wconf 90' lang='lat' dir='ltr'><strong>oblitus.</strong></span> <span class='ocrx_word' id='word_1_731' title='bbox 2694 3397 2844 3455; x_wconf 84' lang='lat' dir='ltr'><strong>Unde</strong></span> <span class='ocrx_word' id='word_1_732' title='bbox 2879 3413 3011 3468; x_wconf 81' lang='lat' dir='ltr'><strong>ergo</strong></span> <span class='ocrx_word' id='word_1_733' title='bbox 3035 3397 3106 3451; x_wconf 91' lang='lat' dir='ltr'><strong>sit</strong></span> <span class='ocrx_word' id='word_1_734' title='bbox 3152 3395 3287 3462; x_wconf 87' lang='lat' dir='ltr'><strong>ipsa,</strong></span> <span class='ocrx_word' id='word_1_735' title='bbox 3321 3392 3372 3447; x_wconf 90' lang='lat' dir='ltr'><strong>id</strong></span> <span class='ocrx_word' id='word_1_736' title='bbox 3397 3401 3480 3448; x_wconf 86' lang='lat' dir='ltr'><strong>est</strong></span> 
     </span>
    </p>
   </div>
   <div class='ocr_carea' id='block_1_95' title="bbox 1910 3480 3478 3559">
    <p class='ocr_par' dir='ltr' id='par_1_95' title="bbox 1910 3480 3478 3559">
     <span class='ocr_line' id='line_1_95' title="bbox 1910 3480 3478 3559; baseline -0.008 -12"><span class='ocrx_word' id='word_1_737' title='bbox 1910 3493 1978 3547; x_wconf 87' lang='lat' dir='ltr'><strong>de</strong></span> <span class='ocrx_word' id='word_1_738' title='bbox 2013 3505 2121 3559; x_wconf 89' lang='lat' dir='ltr'><strong>qua</strong></span> <span class='ocrx_word' id='word_1_739' title='bbox 2152 3490 2300 3543; x_wconf 85' lang='lat' dir='ltr'><strong>velut</strong></span> <span class='ocrx_word' id='word_1_740' title='bbox 2329 3488 2557 3543; x_wconf 86' lang='lat' dir='ltr'><strong>materia</strong></span> <span class='ocrx_word' id='word_1_741' title='bbox 2585 3487 2728 3545; x_wconf 88' lang='lat' dir='ltr'><strong>Deus</strong></span> <span class='ocrx_word' id='word_1_742' title='bbox 2757 3486 2900 3541; x_wconf 90' lang='lat' dir='ltr'><strong>hunc</strong></span> <span class='ocrx_word' id='word_1_743' title='bbox 2929 3483 3115 3539; x_wconf 85' lang='lat' dir='ltr'><strong>ﬂatum</strong></span> <span class='ocrx_word' id='word_1_744' title='bbox 3145 3480 3332 3536; x_wconf 84' lang='lat' dir='ltr'><strong>fecerit</strong></span> <span class='ocrx_word' id='word_1_745' title='bbox 3357 3496 3478 3550; x_wconf 82' lang='lat' dir='ltr'><strong>quae</strong></span> 
     </span>
    </p>
   </div>
   <div class='ocr_carea' id='block_1_96' title="bbox 1908 3570 3481 3645">
    <p class='ocr_par' dir='ltr' id='par_1_96' title="bbox 1908 3570 3481 3645">
     <span class='ocr_line' id='line_1_96' title="bbox 1908 3570 3481 3645; baseline -0.007 -12"><span class='ocrx_word' id='word_1_746' title='bbox 1908 3579 2090 3633; x_wconf 88' lang='lat' dir='ltr'><strong>anima</strong></span> <span class='ocrx_word' id='word_1_747' title='bbox 2116 3577 2336 3641; x_wconf 87' lang='lat' dir='ltr'><strong>dicitur,</strong></span> <span class='ocrx_word' id='word_1_748' title='bbox 2364 3577 2491 3631; x_wconf 90' lang='lat' dir='ltr'><strong>dum</strong></span> <span class='ocrx_word' id='word_1_749' title='bbox 2510 3575 2797 3645; x_wconf 75' lang='lat' dir='ltr'><strong>qurritur,</strong></span> <span class='ocrx_word' id='word_1_750' title='bbox 2820 3573 2953 3628; x_wconf 89' lang='lat' dir='ltr'><strong>nihil</strong></span> <span class='ocrx_word' id='word_1_751' title='bbox 2979 3585 3294 3641; x_wconf 89' lang='lat' dir='ltr'><strong>corporeum</strong></span> <span class='ocrx_word' id='word_1_752' title='bbox 3319 3570 3481 3624; x_wconf 77' lang='lat' dir='ltr'><strong>delet</strong></span> 
     </span>
    </p>
   </div>
   <div class='ocr_carea' id='block_1_97' title="bbox 1910 3660 3482 3732">
    <p class='ocr_par' dir='ltr' id='par_1_97' title="bbox 1910 3660 3482 3732">
     <span class='ocr_line' id='line_1_97' title="bbox 1910 3660 3482 3732; baseline -0.004 -10"><span class='ocrx_word' id='word_1_753' title='bbox 1910 3681 2227 3732; x_wconf 82' lang='lat' dir='ltr'><strong>occurrere;</strong></span> <span class='ocrx_word' id='word_1_754' title='bbox 2263 3666 2402 3721; x_wconf 90' lang='lat' dir='ltr'><strong>sicut</strong></span> <span class='ocrx_word' id='word_1_755' title='bbox 2429 3665 2571 3721; x_wconf 89' lang='lat' dir='ltr'><strong>enim</strong></span> <span class='ocrx_word' id='word_1_756' title='bbox 2608 3664 2749 3718; x_wconf 85' lang='lat' dir='ltr'><strong>Deus</strong></span> <span class='ocrx_word' id='word_1_757' title='bbox 2775 3677 2989 3721; x_wconf 88' lang='lat' dir='ltr'><strong>omnem</strong></span> <span class='ocrx_word' id='word_1_758' title='bbox 3024 3669 3357 3727; x_wconf 88' lang='lat' dir='ltr'><strong>creaturam,</strong></span> <span class='ocrx_word' id='word_1_759' title='bbox 3400 3660 3482 3715; x_wconf 89' lang='lat' dir='ltr'><strong>sic</strong></span> 
     </span>
    </p>
   </div>
   <div class='ocr_carea' id='block_1_98' title="bbox 1910 3750 3483 3823">
    <p class='ocr_par' dir='ltr' id='par_1_98' title="bbox 1910 3750 3483 3823">
     <span class='ocr_line' id='line_1_98' title="bbox 1910 3750 3483 3823; baseline -0.005 -11"><span class='ocrx_word' id='word_1_760' title='bbox 1910 3756 2093 3813; x_wconf 88' lang='lat' dir='ltr'><strong>anima</strong></span> <span class='ocrx_word' id='word_1_761' title='bbox 2127 3770 2341 3810; x_wconf 87' lang='lat' dir='ltr'><strong>omnem</strong></span> <span class='ocrx_word' id='word_1_762' title='bbox 2389 3763 2693 3811; x_wconf 85' lang='lat' dir='ltr'><strong>creaturam</strong></span> <span class='ocrx_word' id='word_1_763' title='bbox 2731 3768 3045 3823; x_wconf 85' lang='lat' dir='ltr'><strong>corpoream</strong></span> <span class='ocrx_word' id='word_1_764' title='bbox 3076 3760 3283 3807; x_wconf 63' lang='lat' dir='ltr'><strong>natura:</strong></span> <span class='ocrx_word' id='word_1_765' title='bbox 3308 3750 3483 3820; x_wconf 78' lang='lat' dir='ltr'><strong>digni-</strong></span> 
     </span>
    </p>
   </div>
   <div class='ocr_carea' id='block_1_99' title="bbox 1907 3842 3483 3920">
    <p class='ocr_par' dir='ltr' id='par_1_99' title="bbox 1907 3842 3483 3920">
     <span class='ocr_line' id='line_1_99' title="bbox 1907 3842 3483 3920; baseline -0.006 -12"><span class='ocrx_word' id='word_1_766' title='bbox 1907 3857 2021 3909; x_wconf 83' lang='lat' dir='ltr'><strong>tate</strong></span> <span class='ocrx_word' id='word_1_767' title='bbox 2049 3848 2342 3920; x_wconf 69' lang='lat' dir='ltr'><strong>praecellit;</strong></span> <span class='ocrx_word' id='word_1_768' title='bbox 2374 3863 2471 3919; x_wconf 88' lang='lat' dir='ltr'><strong>per</strong></span> <span class='ocrx_word' id='word_1_769' title='bbox 2517 3847 2690 3904; x_wconf 90' lang='lat' dir='ltr'><strong>lucem</strong></span> <span class='ocrx_word' id='word_1_770' title='bbox 2733 3842 2876 3903; x_wconf 85' lang='lat' dir='ltr'><strong>enim</strong></span> <span class='ocrx_word' id='word_1_771' title='bbox 2936 3855 2989 3901; x_wconf 91' lang='lat' dir='ltr'><strong>et</strong></span> <span class='ocrx_word' id='word_1_772' title='bbox 3032 3858 3212 3899; x_wconf 90' lang='lat' dir='ltr'><strong>aerem</strong></span> <span class='ocrx_word' id='word_1_773' title='bbox 3266 3858 3385 3912; x_wconf 74' lang='lat' dir='ltr'><strong>quze</strong></span> <span class='ocrx_word' id='word_1_774' title='bbox 3425 3843 3483 3899; x_wconf 90' lang='lat' dir='ltr'><strong>in</strong></span> 
     </span>
    </p>
   </div>
   <div class='ocr_carea' id='block_1_100' title="bbox 1909 3936 3484 4010">
    <p class='ocr_par' dir='ltr' id='par_1_100' title="bbox 1909 3936 3484 4010">
     <span class='ocr_line' id='line_1_100' title="bbox 1909 3936 3484 4010; baseline -0.006 -14"><span class='ocrx_word' id='word_1_775' title='bbox 1909 3939 2026 4010; x_wconf 89' lang='lat' dir='ltr'><strong>ipso</strong></span> <span class='ocrx_word' id='word_1_776' title='bbox 2054 3952 2269 4009; x_wconf 87' lang='lat' dir='ltr'><strong>quoque</strong></span> <span class='ocrx_word' id='word_1_777' title='bbox 2302 3937 2502 3993; x_wconf 86' lang='lat' dir='ltr'><strong>mundo</strong></span> <span class='ocrx_word' id='word_1_778' title='bbox 2535 3936 2895 4008; x_wconf 61' lang='lat' dir='ltr'><strong>praecellentia</strong></span> <span class='ocrx_word' id='word_1_779' title='bbox 2931 3942 3056 3990; x_wconf 91' lang='lat' dir='ltr'><strong>sunt</strong></span> <span class='ocrx_word' id='word_1_780' title='bbox 3094 3947 3343 4003; x_wconf 87' lang='lat' dir='ltr'><strong>corpora,</strong></span> <span class='ocrx_word' id='word_1_781' title='bbox 3368 3949 3484 3988; x_wconf 78' lang='lat' dir='ltr'><strong>ma-</strong></span> 
     </span>
    </p>
   </div>
   <div class='ocr_carea' id='block_1_101' title="bbox 1908 4022 3482 4103">
    <p class='ocr_par' dir='ltr' id='par_1_101' title="bbox 1908 4022 3482 4103">
     <span class='ocr_line' id='line_1_101' title="bbox 1908 4022 3482 4103; baseline -0.003 -20"><span class='ocrx_word' id='word_1_782' title='bbox 1908 4028 2096 4103; x_wconf 70' lang='lat' dir='ltr'><strong>gisque</strong></span> <span class='ocrx_word' id='word_1_783' title='bbox 2120 4028 2323 4085; x_wconf 86' lang='lat' dir='ltr'><strong>habent</strong></span> <span class='ocrx_word' id='word_1_784' title='bbox 2345 4024 2578 4083; x_wconf 85' lang='lat' dir='ltr'><strong>faciendi</strong></span> <span class='ocrx_word' id='word_1_785' title='bbox 2614 4026 2982 4096; x_wconf 62' lang='lat' dir='ltr'><strong>praestantiam</strong></span> <span class='ocrx_word' id='word_1_786' title='bbox 3025 4038 3186 4095; x_wconf 88' lang='lat' dir='ltr'><strong>quam</strong></span> <span class='ocrx_word' id='word_1_787' title='bbox 3239 4022 3482 4093; x_wconf 85' lang='lat' dir='ltr'><strong>patiendi</strong></span> 
     </span>
    </p>
   </div>
   <div class='ocr_carea' id='block_1_102' title="bbox 1907 4115 3478 4186">
    <p class='ocr_par' dir='ltr' id='par_1_102' title="bbox 1907 4115 3478 4186">
     <span class='ocr_line' id='line_1_102' title="bbox 1907 4115 3478 4186; baseline -0.006 -12"><span class='ocrx_word' id='word_1_788' title='bbox 1907 4115 2325 4186; x_wconf 85' lang='lat' dir='ltr'><strong>corpulentiam,</strong></span> <span class='ocrx_word' id='word_1_789' title='bbox 2357 4115 2498 4169; x_wconf 88' lang='lat' dir='ltr'><strong>sicut</strong></span> <span class='ocrx_word' id='word_1_790' title='bbox 2520 4116 2717 4170; x_wconf 87' lang='lat' dir='ltr'><strong>humor</strong></span> <span class='ocrx_word' id='word_1_791' title='bbox 2740 4122 2795 4169; x_wconf 91' lang='lat' dir='ltr'><strong>et</strong></span> <span class='ocrx_word' id='word_1_792' title='bbox 2821 4124 2984 4179; x_wconf 90' lang='lat' dir='ltr'><strong>terra,</strong></span> <span class='ocrx_word' id='word_1_793' title='bbox 3011 4121 3264 4183; x_wconf 89' lang='lat' dir='ltr'><strong>tanquam</strong></span> <span class='ocrx_word' id='word_1_794' title='bbox 3294 4126 3392 4182; x_wconf 87' lang='lat' dir='ltr'><strong>per</strong></span> <span class='ocrx_word' id='word_1_795' title='bbox 3411 4126 3478 4167; x_wconf 88' lang='lat' dir='ltr'><strong>ea</strong></span> 
     </span>
    </p>
   </div>
   <div class='ocr_carea' id='block_1_103' title="bbox 1909 4199 3482 4276">
    <p class='ocr_par' dir='ltr' id='par_1_103' title="bbox 1909 4199 3482 4276">
     <span class='ocr_line' id='line_1_103' title="bbox 1909 4199 3482 4276; baseline -0.004 -14"><span class='ocrx_word' id='word_1_796' title='bbox 1909 4221 2028 4276; x_wconf 74' lang='lat' dir='ltr'><strong>quae</strong></span> <span class='ocrx_word' id='word_1_797' title='bbox 2063 4205 2274 4274; x_wconf 87' lang='lat' dir='ltr'><strong>spiritui</strong></span> <span class='ocrx_word' id='word_1_798' title='bbox 2299 4204 2555 4261; x_wconf 90' lang='lat' dir='ltr'><strong>similiora</strong></span> <span class='ocrx_word' id='word_1_799' title='bbox 2582 4211 2708 4259; x_wconf 90' lang='lat' dir='ltr'><strong>sunt</strong></span> <span class='ocrx_word' id='word_1_800' title='bbox 2734 4219 2930 4276; x_wconf 83' lang='lat' dir='ltr'><strong>corpus</strong></span> <span class='ocrx_word' id='word_1_801' title='bbox 2951 4202 3313 4257; x_wconf 86' lang='lat' dir='ltr'><strong>administrat.</strong></span> <span class='ocrx_word' id='word_1_802' title='bbox 3335 4199 3482 4255; x_wconf 88' lang='lat' dir='ltr'><strong>Nun-</strong></span> 
     </span>
    </p>
   </div>
   <div class='ocr_carea' id='block_1_104' title="bbox 1910 4290 3483 4365">
    <p class='ocr_par' dir='ltr' id='par_1_104' title="bbox 1910 4290 3483 4365">
     <span class='ocr_line' id='line_1_104' title="bbox 1910 4290 3483 4365; baseline -0.006 -13"><span class='ocrx_word' id='word_1_803' title='bbox 1910 4298 2010 4352; x_wconf 91' lang='lat' dir='ltr'><strong>tiat</strong></span> <span class='ocrx_word' id='word_1_804' title='bbox 2023 4297 2165 4351; x_wconf 89' lang='lat' dir='ltr'><strong>enim</strong></span> <span class='ocrx_word' id='word_1_805' title='bbox 2186 4295 2390 4365; x_wconf 90' lang='lat' dir='ltr'><strong>aliquid</strong></span> <span class='ocrx_word' id='word_1_806' title='bbox 2409 4295 2499 4349; x_wconf 82' lang='lat' dir='ltr'><strong>lux</strong></span> <span class='ocrx_word' id='word_1_807' title='bbox 2520 4309 2810 4364; x_wconf 85' lang='lat' dir='ltr'><strong>corporea:</strong></span> <span class='ocrx_word' id='word_1_808' title='bbox 2838 4295 2925 4349; x_wconf 90' lang='lat' dir='ltr'><strong>cui</strong></span> <span class='ocrx_word' id='word_1_809' title='bbox 2945 4301 3124 4349; x_wconf 89' lang='lat' dir='ltr'><strong>autem</strong></span> <span class='ocrx_word' id='word_1_810' title='bbox 3141 4290 3483 4352; x_wconf 77' lang='lat' dir='ltr'><strong>nuntiat,n0n</strong></span> 
     </span>
    </p>
   </div>
   <div class='ocr_carea' id='block_1_105' title="bbox 1910 4378 3482 4452">
    <p class='ocr_par' dir='ltr' id='par_1_105' title="bbox 1910 4378 3482 4452">
     <span class='ocr_line' id='line_1_105' title="bbox 1910 4378 3482 4452; baseline -0.006 -12"><span class='ocrx_word' id='word_1_811' title='bbox 1910 4385 2116 4441; x_wconf 89' lang='lat' dir='ltr'><strong>esthoc</strong></span> <span class='ocrx_word' id='word_1_812' title='bbox 2135 4383 2278 4452; x_wconf 89' lang='lat' dir='ltr'><strong>quod</strong></span> <span class='ocrx_word' id='word_1_813' title='bbox 2299 4383 2409 4446; x_wconf 89' lang='lat' dir='ltr'><strong>illa,</strong></span> <span class='ocrx_word' id='word_1_814' title='bbox 2437 4390 2492 4435; x_wconf 87' lang='lat' dir='ltr'><strong>et</strong></span> <span class='ocrx_word' id='word_1_815' title='bbox 2517 4382 2633 4436; x_wconf 66' lang='lat' dir='ltr'><strong>haec</strong></span> <span class='ocrx_word' id='word_1_816' title='bbox 2653 4390 2736 4437; x_wconf 91' lang='lat' dir='ltr'><strong>est</strong></span> <span class='ocrx_word' id='word_1_817' title='bbox 2766 4381 2946 4434; x_wconf 89' lang='lat' dir='ltr'><strong>anima</strong></span> <span class='ocrx_word' id='word_1_818' title='bbox 2973 4380 3060 4434; x_wconf 89' lang='lat' dir='ltr'><strong>cui</strong></span> <span class='ocrx_word' id='word_1_819' title='bbox 3095 4378 3341 4440; x_wconf 86' lang='lat' dir='ltr'><strong>nuntiat,</strong></span> <span class='ocrx_word' id='word_1_820' title='bbox 3373 4392 3482 4431; x_wconf 91' lang='lat' dir='ltr'><strong>non</strong></span> 
     </span>
    </p>
   </div>
   <div class='ocr_carea' id='block_1_106' title="bbox 1912 4465 3487 4543">
    <p class='ocr_par' dir='ltr' id='par_1_106' title="bbox 1912 4465 3487 4543">
     <span class='ocr_line' id='line_1_106' title="bbox 1912 4465 3487 4543; baseline -0.006 -13"><span class='ocrx_word' id='word_1_821' title='bbox 1912 4475 2005 4530; x_wconf 89' lang='lat' dir='ltr'><strong>illa</strong></span> <span class='ocrx_word' id='word_1_822' title='bbox 2029 4488 2147 4543; x_wconf 72' lang='lat' dir='ltr'><strong>qua:</strong></span> <span class='ocrx_word' id='word_1_823' title='bbox 2172 4470 2403 4527; x_wconf 88' lang='lat' dir='ltr'><strong>nuntiat.</strong></span> <span class='ocrx_word' id='word_1_824' title='bbox 2430 4469 2635 4525; x_wconf 85' lang='lat' dir='ltr'><strong>Etcum</strong></span> <span class='ocrx_word' id='word_1_825' title='bbox 2664 4468 2975 4526; x_wconf 83' lang='lat' dir='ltr'><strong>affectiones</strong></span> <span class='ocrx_word' id='word_1_826' title='bbox 2994 4466 3236 4536; x_wconf 89' lang='lat' dir='ltr'><strong>corporis</strong></span> <span class='ocrx_word' id='word_1_827' title='bbox 3259 4465 3487 4520; x_wconf 82' lang='lat' dir='ltr'><strong>moleste</strong></span> 
     </span>
    </p>
   </div>
   <div class='ocr_carea' id='block_1_107' title="bbox 1911 4555 3483 4629">
    <p class='ocr_par' dir='ltr' id='par_1_107' title="bbox 1911 4555 3483 4629">
     <span class='ocr_line' id='line_1_107' title="bbox 1911 4555 3483 4629; baseline -0.009 -5"><span class='ocrx_word' id='word_1_828' title='bbox 1911 4565 2097 4629; x_wconf 90' lang='lat' dir='ltr'><strong>sentit,</strong></span> <span class='ocrx_word' id='word_1_829' title='bbox 2120 4563 2387 4618; x_wconf 88' lang='lat' dir='ltr'><strong>actionem</strong></span> <span class='ocrx_word' id='word_1_830' title='bbox 2413 4575 2565 4615; x_wconf 86' lang='lat' dir='ltr'><strong>suam</strong></span> <span class='ocrx_word' id='word_1_831' title='bbox 2587 4573 2692 4628; x_wconf 90' lang='lat' dir='ltr'><strong>qua</strong></span> <span class='ocrx_word' id='word_1_832' title='bbox 2719 4558 2795 4613; x_wconf 90' lang='lat' dir='ltr'><strong>illi</strong></span> <span class='ocrx_word' id='word_1_833' title='bbox 2822 4558 3054 4624; x_wconf 82' lang='lat' dir='ltr'><strong>regendo</strong></span> <span class='ocrx_word' id='word_1_834' title='bbox 3069 4556 3242 4620; x_wconf 87' lang='lat' dir='ltr'><strong>adest,</strong></span> <span class='ocrx_word' id='word_1_835' title='bbox 3267 4555 3483 4610; x_wconf 89' lang='lat' dir='ltr'><strong>turbato</strong></span> 
     </span>
    </p>
   </div>
   <div class='ocr_carea' id='block_1_108' title="bbox 1912 4645 3484 4725">
    <p class='ocr_par' dir='ltr' id='par_1_108' title="bbox 1912 4645 3484 4725">
     <span class='ocr_line' id='line_1_108' title="bbox 1912 4645 3484 4725; baseline -0.008 -14"><span class='ocrx_word' id='word_1_836' title='bbox 1912 4654 2031 4725; x_wconf 88' lang='lat' dir='ltr'><strong>ejus</strong></span> <span class='ocrx_word' id='word_1_837' title='bbox 2056 4657 2481 4723; x_wconf 87' lang='lat' dir='ltr'><strong>temperamento</strong></span> <span class='ocrx_word' id='word_1_838' title='bbox 2500 4648 2746 4717; x_wconf 88' lang='lat' dir='ltr'><strong>impediri</strong></span> <span class='ocrx_word' id='word_1_839' title='bbox 2762 4646 3073 4713; x_wconf 86' lang='lat' dir='ltr'><strong>offenditur,</strong></span> <span class='ocrx_word' id='word_1_840' title='bbox 3097 4651 3153 4701; x_wconf 91' lang='lat' dir='ltr'><strong>et</strong></span> <span class='ocrx_word' id='word_1_841' title='bbox 3174 4647 3291 4703; x_wconf 66' lang='lat' dir='ltr'><strong>haec</strong></span> <span class='ocrx_word' id='word_1_842' title='bbox 3314 4645 3484 4702; x_wconf 73' lang='lat' dir='ltr'><strong>offen-</strong></span> 
     </span>
    </p>
   </div>
   <div class='ocr_carea' id='block_1_109' title="bbox 1913 4735 3480 4809">
    <p class='ocr_par' dir='ltr' id='par_1_109' title="bbox 1913 4735 3480 4809">
     <span class='ocr_line' id='line_1_109' title="bbox 1913 4735 3480 4809; baseline -0.009 -7"><span class='ocrx_word' id='word_1_843' title='bbox 1913 4745 1995 4809; x_wconf 86' lang='lat' dir='ltr'><strong>sio</strong></span> <span class='ocrx_word' id='word_1_844' title='bbox 2019 4743 2170 4801; x_wconf 91' lang='lat' dir='ltr'><strong>dolor</strong></span> <span class='ocrx_word' id='word_1_845' title='bbox 2192 4748 2433 4799; x_wconf 84' lang='lat' dir='ltr'><strong>vocatur.</strong></span> <span class='ocrx_word' id='word_1_846' title='bbox 2468 4738 2537 4793; x_wconf 91' lang='lat' dir='ltr'><strong>Et</strong></span> <span class='ocrx_word' id='word_1_847' title='bbox 2564 4753 2658 4793; x_wconf 84' lang='lat' dir='ltr'><strong>aer</strong></span> <span class='ocrx_word' id='word_1_848' title='bbox 2681 4737 2769 4807; x_wconf 67' lang='lat' dir='ltr'><strong>qui</strong></span> <span class='ocrx_word' id='word_1_849' title='bbox 2798 4736 2978 4792; x_wconf 88' lang='lat' dir='ltr'><strong>nervis</strong></span> <span class='ocrx_word' id='word_1_850' title='bbox 3010 4735 3219 4793; x_wconf 80' lang='lat' dir='ltr'><strong>infusus</strong></span> <span class='ocrx_word' id='word_1_851' title='bbox 3255 4743 3357 4802; x_wconf 85' lang='lat' dir='ltr'><strong>est,</strong></span> <span class='ocrx_word' id='word_1_852' title='bbox 3384 4751 3480 4806; x_wconf 87' lang='lat' dir='ltr'><strong>pa-</strong></span> 
     </span>
    </p>
   </div>
   <div class='ocr_carea' id='block_1_110' title="bbox 1912 4825 3480 4895">
    <p class='ocr_par' dir='ltr' id='par_1_110' title="bbox 1912 4825 3480 4895">
     <span class='ocr_line' id='line_1_110' title="bbox 1912 4825 3480 4895; baseline -0.006 -7"><span class='ocrx_word' id='word_1_853' title='bbox 1912 4842 1998 4895; x_wconf 89' lang='lat' dir='ltr'><strong>ret</strong></span> <span class='ocrx_word' id='word_1_854' title='bbox 2028 4830 2290 4889; x_wconf 90' lang='lat' dir='ltr'><strong>voluntati</strong></span> <span class='ocrx_word' id='word_1_855' title='bbox 2327 4838 2389 4887; x_wconf 87' lang='lat' dir='ltr'><strong>ut</strong></span> <span class='ocrx_word' id='word_1_856' title='bbox 2413 4828 2652 4883; x_wconf 88' lang='lat' dir='ltr'><strong>membra</strong></span> <span class='ocrx_word' id='word_1_857' title='bbox 2706 4835 2950 4893; x_wconf 88' lang='lat' dir='ltr'><strong>moveat,</strong></span> <span class='ocrx_word' id='word_1_858' title='bbox 2996 4841 3104 4881; x_wconf 94' lang='lat' dir='ltr'><strong>non</strong></span> <span class='ocrx_word' id='word_1_859' title='bbox 3139 4834 3321 4881; x_wconf 90' lang='lat' dir='ltr'><strong>autem</strong></span> <span class='ocrx_word' id='word_1_860' title='bbox 3363 4825 3480 4894; x_wconf 82' lang='lat' dir='ltr'><strong>ipse</strong></span> 
     </span>
    </p>
   </div>
   <div class='ocr_carea' id='block_1_111' title="bbox 1913 4912 3484 4986">
    <p class='ocr_par' dir='ltr' id='par_1_111' title="bbox 1913 4912 3484 4986">
     <span class='ocr_line' id='line_1_111' title="bbox 1913 4912 3484 4986; baseline -0.005 -9"><span class='ocrx_word' id='word_1_861' title='bbox 1913 4922 2160 4977; x_wconf 89' lang='lat' dir='ltr'><strong>voluntas</strong></span> <span class='ocrx_word' id='word_1_862' title='bbox 2191 4926 2292 4975; x_wconf 88' lang='lat' dir='ltr'><strong>est.</strong></span> <span class='ocrx_word' id='word_1_863' title='bbox 2330 4917 2575 4986; x_wconf 84' lang='lat' dir='ltr'><strong>Namque</strong></span> <span class='ocrx_word' id='word_1_864' title='bbox 2615 4915 2759 4970; x_wconf 88' lang='lat' dir='ltr'><strong>aliud</strong></span> <span class='ocrx_word' id='word_1_865' title='bbox 2799 4929 2919 4969; x_wconf 89' lang='lat' dir='ltr'><strong>esse</strong></span> <span class='ocrx_word' id='word_1_866' title='bbox 2948 4915 3214 4980; x_wconf 89' lang='lat' dir='ltr'><strong>animam,</strong></span> <span class='ocrx_word' id='word_1_867' title='bbox 3242 4912 3346 4967; x_wconf 84' lang='lat' dir='ltr'><strong>alia</strong></span> <span class='ocrx_word' id='word_1_868' title='bbox 3364 4913 3484 4969; x_wconf 70' lang='lat' dir='ltr'><strong>haec</strong></span> 
     </span>
    </p>
   </div>
   <div class='ocr_carea' id='block_1_112' title="bbox 1915 5001 3486 5080">
    <p class='ocr_par' dir='ltr' id='par_1_112' title="bbox 1915 5001 3486 5080">
     <span class='ocr_line' id='line_1_112' title="bbox 1915 5001 3486 5080; baseline -0.006 -13"><span class='ocrx_word' id='word_1_869' title='bbox 1915 5010 2031 5080; x_wconf 76' lang='lat' dir='ltr'><strong>eius</strong></span> <span class='ocrx_word' id='word_1_870' title='bbox 2067 5009 2367 5079; x_wconf 89' lang='lat' dir='ltr'><strong>corporalia</strong></span> <span class='ocrx_word' id='word_1_871' title='bbox 2401 5006 2695 5062; x_wconf 88' lang='lat' dir='ltr'><strong>ministeria</strong></span> <span class='ocrx_word' id='word_1_872' title='bbox 2717 5046 2731 5070; x_wconf 93' lang='lat'><strong>,</strong></span> <span class='ocrx_word' id='word_1_873' title='bbox 2760 5004 2841 5059; x_wconf 85' lang='lat' dir='ltr'><strong>vel</strong></span> <span class='ocrx_word' id='word_1_874' title='bbox 2873 5003 3126 5069; x_wconf 87' lang='lat' dir='ltr'><strong>vasa,vel</strong></span> <span class='ocrx_word' id='word_1_875' title='bbox 3154 5018 3374 5074; x_wconf 78' lang='lat' dir='ltr'><strong>organa,</strong></span> <span class='ocrx_word' id='word_1_876' title='bbox 3401 5001 3486 5057; x_wconf 64' lang='lat' dir='ltr'><strong>vd</strong></span> 
     </span>
    </p>
   </div>
   <div class='ocr_carea' id='block_1_113' title="bbox 1916 5094 3478 5172">
    <p class='ocr_par' dir='ltr' id='par_1_113' title="bbox 1916 5094 3478 5172">
     <span class='ocr_line' id='line_1_113' title="bbox 1916 5094 3478 5172; baseline -0.006 -14"><span class='ocrx_word' id='word_1_877' title='bbox 1916 5103 1964 5158; x_wconf 87' lang='lat' dir='ltr'><strong>si</strong></span> <span class='ocrx_word' id='word_1_878' title='bbox 1992 5102 2122 5172; x_wconf 85' lang='lat' dir='ltr'><strong>quid</strong></span> <span class='ocrx_word' id='word_1_879' title='bbox 2154 5101 2332 5170; x_wconf 86' lang='lat' dir='ltr'><strong>aptius</strong></span> <span class='ocrx_word' id='word_1_880' title='bbox 2362 5097 2468 5153; x_wconf 90' lang='lat' dir='ltr'><strong>dici</strong></span> <span class='ocrx_word' id='word_1_881' title='bbox 2510 5104 2758 5168; x_wconf 87' lang='lat' dir='ltr'><strong>possunt.</strong></span> <span class='ocrx_word' id='word_1_882' title='bbox 2786 5095 2924 5150; x_wconf 87' lang='lat' dir='ltr'><strong>lline</strong></span> <span class='ocrx_word' id='word_1_883' title='bbox 2960 5095 3235 5150; x_wconf 85' lang='lat' dir='ltr'><strong>evidenter</strong></span> <span class='ocrx_word' id='word_1_884' title='bbox 3272 5094 3478 5158; x_wconf 89' lang='lat' dir='ltr'><strong>elucet,</strong></span> 
     </span>
    </p>
   </div>
   <div class='ocr_carea' id='block_1_114' title="bbox 1919 5182 3487 5263">
    <p class='ocr_par' dir='ltr' id='par_1_114' title="bbox 1919 5182 3487 5263">
     <span class='ocr_line' id='line_1_114' title="bbox 1919 5182 3487 5263; baseline -0.004 -17"><span class='ocrx_word' id='word_1_885' title='bbox 1919 5192 2061 5263; x_wconf 92' lang='lat' dir='ltr'><strong>quod</strong></span> <span class='ocrx_word' id='word_1_886' title='bbox 2076 5189 2391 5261; x_wconf 87' lang='lat' dir='ltr'><strong>plerumque</strong></span> <span class='ocrx_word' id='word_1_887' title='bbox 2412 5202 2471 5242; x_wconf 92' lang='lat' dir='ltr'><strong>se</strong></span> <span class='ocrx_word' id='word_1_888' title='bbox 2495 5185 2799 5240; x_wconf 90' lang='lat' dir='ltr'><strong>vehementi</strong></span> <span class='ocrx_word' id='word_1_889' title='bbox 2826 5184 3168 5255; x_wconf 77' lang='lat' dir='ltr'><strong>cogitationis</strong></span> <span class='ocrx_word' id='word_1_890' title='bbox 3190 5182 3487 5240; x_wconf 88' lang='lat' dir='ltr'><strong>intentione</strong></span> 
     </span>
    </p>
   </div>
   <div class='ocr_carea' id='block_1_115' title="bbox 1921 5274 3486 5344">
    <p class='ocr_par' dir='ltr' id='par_1_115' title="bbox 1921 5274 3486 5344">
     <span class='ocr_line' id='line_1_115' title="bbox 1921 5274 3486 5344; baseline -0.009 -5"><span class='ocrx_word' id='word_1_891' title='bbox 1921 5280 2120 5339; x_wconf 84' lang='lat' dir='ltr'><strong>avertit</strong></span> <span class='ocrx_word' id='word_1_892' title='bbox 2159 5278 2226 5333; x_wconf 88' lang='lat' dir='ltr'><strong>ab</strong></span> <span class='ocrx_word' id='word_1_893' title='bbox 2249 5277 2499 5333; x_wconf 86' lang='lat' dir='ltr'><strong>omnibus</strong></span> <span class='ocrx_word' id='word_1_894' title='bbox 2526 5316 2542 5340; x_wconf 88' lang='lat'><strong>,</strong></span> <span class='ocrx_word' id='word_1_895' title='bbox 2569 5282 2630 5331; x_wconf 90' lang='lat' dir='ltr'><strong>ut</strong></span> <span class='ocrx_word' id='word_1_896' title='bbox 2668 5290 2778 5344; x_wconf 69' lang='lat' dir='ltr'><strong>pra:</strong></span> <span class='ocrx_word' id='word_1_897' title='bbox 2808 5274 2981 5329; x_wconf 89' lang='lat' dir='ltr'><strong>oculis</strong></span> <span class='ocrx_word' id='word_1_898' title='bbox 3004 5274 3310 5344; x_wconf 83' lang='lat' dir='ltr'><strong>patentibus</strong></span> <span class='ocrx_word' id='word_1_899' title='bbox 3338 5279 3486 5327; x_wconf 80' lang='lat' dir='ltr'><strong>recte</strong></span> 
     </span>
    </p>
   </div>
   <div class='ocr_carea' id='block_1_116' title="bbox 1918 5361 3489 5436">
    <p class='ocr_par' dir='ltr' id='par_1_116' title="bbox 1918 5361 3489 5436">
     <span class='ocr_line' id='line_1_116' title="bbox 1918 5361 3489 5436; baseline -0.008 -8"><span class='ocrx_word' id='word_1_900' title='bbox 1918 5370 2222 5433; x_wconf 82' lang='lat' dir='ltr'><strong>valentibus</strong></span> <span class='ocrx_word' id='word_1_901' title='bbox 2250 5366 2420 5423; x_wconf 88' lang='lat' dir='ltr'><strong>multa</strong></span> <span class='ocrx_word' id='word_1_902' title='bbox 2458 5366 2632 5436; x_wconf 86' lang='lat' dir='ltr'><strong>posita</strong></span> <span class='ocrx_word' id='word_1_903' title='bbox 2673 5364 2903 5419; x_wconf 86' lang='lat' dir='ltr'><strong>nesciat.</strong></span> <span class='ocrx_word' id='word_1_904' title='bbox 2946 5362 3084 5425; x_wconf 87' lang='lat' dir='ltr'><strong>Nam</strong></span> <span class='ocrx_word' id='word_1_905' title='bbox 3127 5372 3183 5419; x_wconf 90' lang='lat' dir='ltr'><strong>et</strong></span> <span class='ocrx_word' id='word_1_906' title='bbox 3219 5361 3489 5419; x_wconf 83' lang='lat' dir='ltr'><strong>oblivisci-</strong></span> 
     </span>
    </p>
   </div>
   <div class='ocr_carea' id='block_1_117' title="bbox 1916 5452 3488 5530">
    <p class='ocr_par' dir='ltr' id='par_1_117' title="bbox 1916 5452 3488 5530">
     <span class='ocr_line' id='line_1_117' title="bbox 1916 5452 3488 5530; baseline -0.009 -10"><span class='ocrx_word' id='word_1_907' title='bbox 1916 5473 2011 5521; x_wconf 87' lang='lat' dir='ltr'><strong>tur</strong></span> <span class='ocrx_word' id='word_1_908' title='bbox 2046 5459 2364 5530; x_wconf 89' lang='lat' dir='ltr'><strong>aliquando,</strong></span> <span class='ocrx_word' id='word_1_909' title='bbox 2399 5465 2454 5513; x_wconf 90' lang='lat' dir='ltr'><strong>et</strong></span> <span class='ocrx_word' id='word_1_910' title='bbox 2486 5456 2626 5512; x_wconf 88' lang='lat' dir='ltr'><strong>unde</strong></span> <span class='ocrx_word' id='word_1_911' title='bbox 2651 5457 2833 5510; x_wconf 87' lang='lat' dir='ltr'><strong>veniat</strong></span> <span class='ocrx_word' id='word_1_912' title='bbox 2852 5460 2905 5510; x_wconf 88' lang='lat' dir='ltr'><strong>et</strong></span> <span class='ocrx_word' id='word_1_913' title='bbox 2931 5469 3037 5524; x_wconf 87' lang='lat' dir='ltr'><strong>quo</strong></span> <span class='ocrx_word' id='word_1_914' title='bbox 3061 5460 3180 5520; x_wconf 89' lang='lat' dir='ltr'><strong>eat,</strong></span> <span class='ocrx_word' id='word_1_915' title='bbox 3220 5461 3275 5508; x_wconf 90' lang='lat' dir='ltr'><strong>et</strong></span> <span class='ocrx_word' id='word_1_916' title='bbox 3297 5452 3488 5507; x_wconf 78' lang='lat' dir='ltr'><strong>transit</strong></span> 
     </span>
    </p>
   </div>
   <div class='ocr_carea' id='block_1_118' title="bbox 1919 5541 3489 5625">
    <p class='ocr_par' dir='ltr' id='par_1_118' title="bbox 1919 5541 3489 5625">
     <span class='ocr_line' id='line_1_118' title="bbox 1919 5541 3489 5625; baseline -0.008 -13"><span class='ocrx_word' id='word_1_917' title='bbox 1919 5553 2232 5625; x_wconf 88' lang='lat' dir='ltr'><strong>imprudens</strong></span> <span class='ocrx_word' id='word_1_918' title='bbox 2254 5549 2438 5606; x_wconf 89' lang='lat' dir='ltr'><strong>villam</strong></span> <span class='ocrx_word' id='word_1_919' title='bbox 2471 5561 2576 5618; x_wconf 91' lang='lat' dir='ltr'><strong>quo</strong></span> <span class='ocrx_word' id='word_1_920' title='bbox 2603 5546 2855 5603; x_wconf 85' lang='lat' dir='ltr'><strong>tendebat</strong></span> <span class='ocrx_word' id='word_1_921' title='bbox 2872 5587 2888 5612; x_wconf 88' lang='lat'><strong>,</strong></span> <span class='ocrx_word' id='word_1_922' title='bbox 2914 5554 3112 5601; x_wconf 88' lang='lat' dir='ltr'><strong>natura</strong></span> <span class='ocrx_word' id='word_1_923' title='bbox 3141 5544 3226 5601; x_wconf 92' lang='lat' dir='ltr'><strong>sui</strong></span> <span class='ocrx_word' id='word_1_924' title='bbox 3249 5541 3489 5614; x_wconf 89' lang='lat' dir='ltr'><strong>corporis</strong></span> 
     </span>
    </p>
   </div>
   <div class='ocr_carea' id='block_1_119' title="bbox 1996 5654 3488 5735">
    <p class='ocr_par' dir='ltr' id='par_1_119' title="bbox 1996 5654 3488 5735">
     <span class='ocr_line' id='line_1_119' title="bbox 1996 5654 3488 5735; baseline -0.009 -16"><span class='ocrx_word' id='word_1_925' title='bbox 1996 5666 2029 5709; x_wconf 73' lang='grc' dir='ltr'><strong>ι</strong></span> <span class='ocrx_word' id='word_1_926' title='bbox 2051 5664 2216 5735; x_wconf 43' lang='lat' dir='ltr'><strong>Aug”</strong></span> <span class='ocrx_word' id='word_1_927' title='bbox 2250 5662 2349 5720; x_wconf 79' lang='lat' dir='ltr'><strong>lib.</strong></span> <span class='ocrx_word' id='word_1_928' title='bbox 2377 5676 2454 5723; x_wconf 82' lang='lat' dir='ltr'><strong>vlt</strong></span> <span class='ocrx_word' id='word_1_929' title='bbox 2476 5660 2543 5727; x_wconf 74' lang='lat' dir='ltr'><strong>ds</strong></span> <span class='ocrx_word' id='word_1_930' title='bbox 2568 5658 2702 5718; x_wconf 82' lang='lat' dir='ltr'><strong>Gen.</strong></span> <span class='ocrx_word' id='word_1_931' title='bbox 2729 5658 2796 5716; x_wconf 88' lang='lat' dir='ltr'><strong>ad</strong></span> <span class='ocrx_word' id='word_1_932' title='bbox 2819 5658 2951 5725; x_wconf 93' lang='lat' dir='ltr'><strong>litt.,</strong></span> <span class='ocrx_word' id='word_1_933' title='bbox 2977 5671 3097 5728; x_wconf 84' lang='lat' dir='ltr'><strong>cap.</strong></span> <span class='ocrx_word' id='word_1_934' title='bbox 3123 5656 3212 5723; x_wconf 79' lang='lat' dir='ltr'><strong>tl,</strong></span> <span class='ocrx_word' id='word_1_935' title='bbox 3246 5654 3312 5710; x_wconf 79' lang='grc' dir='ltr'>Π</span> <span class='ocrx_word' id='word_1_936' title='bbox 3335 5666 3488 5723; x_wconf 84' lang='lat' dir='ltr'><strong>seqq.</strong></span> 
     </span>
    </p>
   </div>
  </div>
