3986 6168
525 250 550 308 Ι
566 252 667 312 M3
2001 269 2292 332 WICBODI

3646 302 3789 364 “4"

518 385 672 436 sana,
688 372 782 429 sed
799 375 959 427 suain
975 374 1118 430 aliud
1142 386 1383 432 evocata.
1412 378 1583 435 Omne
1603 383 1800 453 quippe
1821 386 2085 454 corpusin
2114 387 2167 444 Α
2258 389 2485 478 D.Quid
2502 402 2589 448 est
2606 395 2752 452 enim
2777 400 2921 468 quod
2932 404 3139 470 anima,
3165 423 3286 478 quae
3310 409 3568 471 innocens
3588 430 3786 477 creata

515 476 675 516 omne
707 477 905 531 corpus
934 468 1128 523 mutari
1157 483 1315 536 posse
1356 472 1613 527 credibile
1649 481 1765 538 est,
1810 476 2089 544 quodlibet
2188 485 2302 539 est.
2327 477 2382 531 in
2425 494 2620 552 corpus
2658 483 2924 555 introivit,
2956 493 3101 560 quod
3125 468 3273 551 Déus

512 557 693 606 autem
721 568 917 626 corpus
951 558 1146 613 mutari
1186 575 1343 629 posse
1371 563 1426 616 in
1458 565 1693 621 animam
1721 569 1945 624 credere
1989 572 2087 624 ab—
2186 572 2472 623 calumm?

512 642 734 697 surdum
763 654 867 699 est.
905 645 1037 701 lllud
1060 663 1188 703 vero
1217 651 1492 708 videamus
1518 661 1698 709 utrum
1734 656 1955 713 forsitan
1992 673 2084 714 vc—

510 745 629 784 rum
663 746 782 787 esse
817 735 1018 804 possit,
1058 737 1199 805 quod
1236 746 1383 793 certe
1422 741 1670 799 humanae
1702 746 1945 815 opinioni
1992 757 2077 802 to-

506 822 783 880 lcrabilius
814 825 941 880 mihi
969 826 1209 891 videtur,
1258 826 1425 884 Deum
1452 831 1504 885 in
1544 832 1650 887 illis
1685 836 1874 905 primis
1896 838 2077 906 operi-

506 913 640 978 bus,
696 928 816 983 quae
852 914 1009 969 simul
1067 918 1248 972 omnia
1309 921 1553 987 creavit,
1616 925 1782 978 etiam
1837 928 2073 982 animam

2178 868 2524 924 peccaturum
2569 864 2882 933 introisset,
2918 882 2974 925 et
3003 874 3073 928 ad
3119 875 3225 930 hoc
3266 890 3541 936 reservata
3573 896 3725 941 esset

2177 948 2301 1015 quia
2323 948 2369 1001 si
2388 950 2468 1004 sic
2488 961 2649 1015 esset,
2678 954 2821 1011 Deus
2836 968 3026 1014 auctor
3047 965 3257 1030 peccati
3283 966 3508 1041 fuisset;
3532 974 3631 1030 sed
3651 991 3765 1031 non

2194 1005 2211 1015 _
2502 1005 2509 1006 ,
2562 1005 2565 1006 ν
2590 1005 2597 1006 ,
2618 1005 2648 1015 ,,
2678 1005 2708 1008 _
2729 1005 2818 1011 _.__
2836 1005 3014 1014 ....--..-
3047 1005 3257 1030 τννω...
3283 1005 3473 1041 ιιι-ουρ.
3491 1011 3508 1035 θ
3532 1005 3631 1030 σου
3651 1005 3762 1031 uuu

501 1018 718 1059 creasse
764 1005 1079 1070 causaliter.
1111 1009 1404 1064 secundum
1452 1026 1615 1080 quam
1649 1013 1801 1068 ίίθτθι
1828 1031 1950 1071 cum
1991 1016 2075 1071 ‘3'
2174 1043 2257 1089 est
2289 1036 2383 1090 ita.
2426 1039 2595 1110 Magis
2621 1052 2799 1099 autem
2841 1047 3245 1119 intelligendum
3277 1064 3442 1126 atque
3488 1064 3762 1133 recipien-

501 1092 748 1133 ninmlnm
778 1101 921 1133 neunt
963 1110 1161 1133 nnmna
1191 1098 1481 1133 humanum
1548 1102 1683 1133 Νη...
1723 1117 1895 1133 ...ιω-ι.
1940 1106 2070 1133 mm:
2191 1128 2206 1133 -
2492 1132 2495 1133 ν

2512 1092 2589 1110 0"
2623 1092 2798 1099 ”-”ν“”’
2841 1092 3245 1119 ’⁵-⁷ν““¹δν¹.““.υ

500 1092 748 1147 ciendum
778 1101 923 1148 esset
963 1110 1162 1166 corpus
1190 1098 1504 1154 humanum.
1548 1102 1685 1156 Nam
1723 1117 1896 1174 neque
1940 1106 2072 1161 illud
2173 1128 2332 1194 dum,
2363 1132 2507 1199 quod
2530 1134 2639 1190 Deo
2669 1136 2992 1207 inspimme’
3029 1142 3142 1212 ipsa
3180 1146 3482 1204 mimum.
3525 1092 3759 1211 mltos?

500 1186 638 1212 ηι-Αιι
666 1186 862 1212 ,ῘΞΑο---κ
898 1196 975 1212 Α...
1033 1188 1095 1212 -.Ι
1134 1191 1322 1212 2----..Ξη
1346 1209 1403 1212 hu
1448 1210 1493 1212 ,η
1675 1197 1686 1209 α
1723 1198 1735 1210 ο
1766 1198 1778 1210 ο
1928 1201 1939 1212 ο

2320 1186 2331 1194 -
2380 1186 2397 1199 .
2532 1186 2553 1187 η
2582 1186 2632 1190 η
2670 1186 2992 1207 νη-τ---κ-ν,
3029 1186 3142 1212 -ιιν-
3190 1186 3482 1204 manu..-
3525 1186 3757 1211 ...κυημ-

495 1186 638 1255 quod
662 1186 863 1242 dictum
895 1196 994 1250 est,
1026 1188 1095 1243 ad
1131 1191 1410 1260 imaginem
1436 1210 1609 1259 suam,
1634 1197 1739 1252 nisi
1765 1198 1819 1252 in
1852 1201 2064 1264 anima;
2172 1225 2253 1271 se;
2295 1220 2349 1273 in
2373 1236 2570 1291 corpus
2598 1225 3082 1283 administrandum
3110 1232 3308 1301 ipsum,
3336 1238 3465 1305 quia
3506 1254 3609 1308 per
3640 1245 3757 1297 ani.

495 1292 671 1308 ..ιιι-..Λ
698 1278 824 1308 ill-nl
856 1281 996 1308 nnnA
1030 1281 1225 1308 Aha“...
1256 1292 1331 1308 -..ι
1385 1286 1670 1308 -....--,-ι--η,
1731 1299 1762 1308 -.
1800 1291 1823 1308 ι·
1905 1294 1916 1304 ι

2470 1278 2485 1291 Ι
2644 1278 2647 1279 ν
2730 1278 2739 1279 7
2784 1278 3082 1283 _"—“"—W--_
3110 1278 3308 1301 'r"_m,
3337 1278 3465 1305 1‘..-
3506 1278 3597 1308 r‘v-
3640 1278 3754 1297 η...-

495 1292 671 1346 neque
697 1278 825 1334 ίηυά
854 1281 996 1348 (111οά
1028 1281 1227 1335 dictum
1252 1292 1355 1348 εει,
1384 1286 1674 1341 "tumulum
1714 1299 1764 1343 ει
1794 1291 2060 1359 immani.
2171 1321 2313 1360 mam
2344 1313 2575 1366 sentitur
2598 1328 2817 1383 corpus,
2840 1318 2964 1386 quia
2988 1320 3038 1374 si
3065 1323 3245 1378 anima
3275 1341 3382 1380 non
3404 1338 3519 1393 est,
3550 1346 3754 1402 corpus

495 1368 593 1402 nia:
626 1368 678 1402 in
714 1385 939 1402 nnmnnn
967 1381 1113 1402 ἰιι-«Δ
1160 1373 1507 1402 ἕη.α112...2.......
1561 1378 1824 1402 l‘--.l-.--_
1862 1399 1945 1402 -_~
2051 1390 2064 1401 ο

493 1368 595 1423 nisi
625 1368 679 1423 in
714 1385 939 1440 corpore
967 1381 1113 1427 recte
1160 1373 1527 1445 intelligimus.
1560 1378 1826 1436 Credatur
1853 1399 1981 1454 ergo
2019 1390 2065 1444 si
2167 1404 2440 1451 mortuum
2467 1408 2570 1453 est.
2847 1368 2874 1386 Ἰ
3228 1412 3252 1427 '

490 1457 635 1524 nulla
675 1458 1076 1530 Scripturarum
1122 1466 1414 1521 auctoritas
1448 1483 1543 1523 seu
1569 1472 1767 1527 veritas
1797 1478 2068 1532 contradi-

2238 1548 2302 1555 -ν
2369 1548 2504 1571 ιιι-η·
2549 1548 2677 1579 ἰο-ου
2728 1548 2811 1566 μοι
2861 1548 3072 1572 aulum:
3116 1548 3209 1576 at".
3240 1548 3286 1577 δι
3326 1548 3409 1579 est
3445 1548 3624 1598 aliqua
3652 1548 3750 1587 res

446 1624 465 1636 .
487 1548 594 1614 cit.
621 1550 892 1607 hominem
917 1554 989 1608 ita
1016 1552 1215 1609 factum
1241 1564 1395 1612 sexto
1430 1559 1543 1623 die,
1576 1568 1636 1615 ut
1666 1567 1913 1633 corporis
1934 1569 2060 1636 qui-
2164 1593 2304 1648 unde
2331 1596 2523 1653 animm
2553 1599 2712 1666 ﬁam,
2740 1606 2867 1672 quid
2893 1606 3007 1676 ipsa
3036 1612 3154 1665 est?
3180 1616 3323 1682 quod
3348 1632 3541 1673 nomen
3581 1619 3750 1688 eius?

484 1639 605 1688 dem
637 1655 799 1688 causa
832 1642 883 1688 in
911 1643 1188 1688 elementis
1214 1645 1423 1688 mundi.
1461 1649 1638 1688 nninm
1664 1667 1793 1688 unm
1813 1653 1919 1688 iam
1945 1657 2057 1688 in..-

2169 1639 2304 1648 ..-.....
2331 1639 2523 1653 ...ηιυιν
2553 1639 2712 1666 ιιι-ιιι,
2740 1639 2867 1672 ιιιιιυ
2893 1639 3007 1676 ιγθιι
3036 1639 3148 1665 ὕδιξ
3180 1639 3323 1682 quuu
3348 1639 3541 1673 nomen
3581 1639 3747 1688 9108?

484 1639 605 1693 dem
637 1655 800 1695 causa
832 1642 883 1695 in
911 1643 1188 1698 elementis
1214 1645 1427 1710 mundi,
1460 1649 1638 1704 anima
1664 1667 1793 1707 vero
1807 1653 1919 1721 jam
1945 1657 2057 1726 ipsa
2163 1699 2282 1754 quae
2318 1691 2558 1757 species?
2593 1709 2752 1762 quem
2794 1713 2949 1753 “sum
2990 1702 3044 1756 in
3083 1706 3244 1762 rebus
3281 1710 3508 1765 conditis
3716 1715 3747 1755 ,

484 1737 781 1775 crearetur-
814 1728 965 1775 Sient
986 1747 1106 1775 num
1154 1732 1361 1775 nrimnc
1404 1737 1651 1775 οηιυιίιηα
1695 1747 1775 1775 ιρι
1804 1743 1919 1775 Αίαο
2005 1757 2055 1775 ..ο
2095 1716 2137 1775 Β
3553 1722 3738 1771 leuet.

483 1737 781 1782 crearetur.
814 1728 1106 1785 Sicutcum
1154 1732 1361 1802 primus
1404 1737 1653 1794 conditus
1694 1747 1778 1796 est
1804 1743 1921 1799 dies
1947 1786 1961 1810 ,
2003 1757 2058 1802 et
2095 1728 2137 1775 ⁸

1360 1826 1372 1861 ί
1408 1784 2058 1861 ’λζξςξξᾼξχξλνῖλς
2160 1784 2318 1842 vivit,
2351 1795 2418 1833 an
2442 1798 2546 1837 non
2563 1785 2588 1837 ?
2612 1784 2669 1839 Si
2697 1787 2848 1853 vivit,
2878 1793 3006 1860 quid
3032 1796 3241 1851 confert
3264 1801 3636 1861 universitatis
3659 1808 3742 1861 af.

1360 1826 1372 1837 -
2169 1818 2318 1842 """
2351 1818 2418 1833 “"
2442 1818 2546 1837 ἰυυ
2568 1818 2579 1837 ε
2612 1818 2669 1839 u-
2703 1818 2848 1853 νινιιν
2878 1818 3006 1860 qutu
3032 1818 3241 1851 conten
3264 1818 3636 1861 universitatis
3659 1818 3738 1861 af-

483 1826 666 1871 ereata
694 1818 890 1874 lateret
921 1821 974 1875 in
1001 1823 1255 1891 operibus
1282 1824 1373 1879 Det
1393 1867 1408 1891 ,
1439 1828 1608 1885 donec
1632 1844 1751 1886 eam
1778 1848 1877 1889 suo
1919 1844 2055 1891 tem-
2156 1865 2419 1925 “actibus?
2437 1873 2723 1931 Minume
2745 1879 2910 1936 vitam
2949 1883 3116 1950 duc“,
3148 1902 3216 1941 an
3258 1892 3553 1948 miseram?
3590 1895 3738 1963 Quid

483 1919 611 1963 Dore
635 1905 897 1963 suillando
918 1950 933 1963 .
974 1910 1075 1963 hoc
1110 1918 1194 1963 est
1231 1913 1544 1963 insnirandn
1576 1918 1807 1963 fni-mam
1835 1938 1897 1963 ρτ
1929 1924 2055 1963 ιίηιη
2386 1962 2389 1963 ν
2838 1960 2845 1963 Α

480 1919 611 1974 pore
635 1905 897 1964 suillando
918 1950 933 1973 ,
974 1910 1075 1965 hoc
1110 1918 1194 1965 est
1231 1913 1544 1983 inspirando
1574 1918 1807 1976 formato
1835 1938 1897 1977 ex
1926 1924 2055 1981 limo

678 1998 692 2052 i
730 1960 1197 2054 aestifera
1231 1960 2055 2054 ζῖίῖζἓῖἶ”ηζῖιίἱ.ἐ’,ῖ.ῖ..”ἷπξῖί’ξζ
2153 1974 2282 2029 θνεο
2308 1962 2521 2054 δηίων
2547 1966 2742 2021 “mm
2768 1985 2873 2025 "0"
2896 1981 2995 2035 εδει
3024 1990 3198 2047 ηθαυθ
3226 1987 3386 2046 mm,
3413 1999 3588 2054 neque
3609 2003 3732 2053 θετν

678 2000 691 2011 ,
731 2000 744 2011 ,
1263 2004 1274 2017 ,
1307 2005 1319 2018 ο
1690 2012 1702 2024 ⁸
1999 2017 2011 2031 .
2154 2000 2201 2013 ν·
2214 2000 2281 2029 δυ
2308 2000 2485 2017 αιηιιιιι
2502 2000 2513 2017 a
2547 2000 2742 2021 ‘Axlulll
2770 2000 2873 2025 ΙΙυΙΙ
2896 2000 2995 2035 cal,
3025 2000 3198 2047 neque
3226 2000 3386 2046 wrra,

478 2011 692 2067 corpori
730 2009 1012 2055 msereret.
1045 2000 1197 2067 Quod
1231 2018 1277 2059 ει
1306 2014 1378 2060 tta
1402 2016 1517 2066 est.
1542 2007 1831 2068 fatebimur
1871 2031 1974 2070 non
1997 2034 2050 2073 In
2150 2064 2327 2118 neque
2356 2052 2496 2124 ignis
2518 2095 2531 2118 ’
2563 2072 2668 2111 non
2697 2064 2835 2128 aqua
2904 2079 3010 2118 non
3043 2065 3186 2123 Deus
3241 2085 3348 2125 non
3389 2074 3567 2129 Sidera
3621 2094 3733 2134 non

478 2101 542 2141 eo
567 2101 746 2141 rerum
776 2104 967 2141 uenere
990 2093 1224 2141 animam
1261 2096 1510 2141 nrimitmt
1542 2110 1781 2141 ιιι-μαίων.
1807 2115 1861 2141 ιιι
1906 2115 2048 2141 περ.
2187 2139 2196 2141 μ
2857 2102 2870 2126 ν
3190 2109 3205 2132 ν
3573 2118 3589 2141 ν

476 2101 542 2142 eo
567 2101 746 2143 rerum
776 2104 967 2159 genere
990 2093 1226 2147 animam
1261 2096 1510 2164 primitus
1542 2110 1781 2156 creatam
1807 2115 1866 2159 ut
1906 2115 2050 2162 esset

1213 2139 1226 2197 ζ
1262 2139 1510 2203 ¹’““ζ“”“ῖ’
1543 2139 1866 2209 “”““’Ῐ“ξ“¹¹”,“¹
1906 2139 2050 2162 ππ*
2148 2139 2330 2206 visus,
2368 2158 2473 2196 non
2508 2146 2741 2211 auditus,
2798 2165 2905 2205 non
2941 2162 3159 2222 gustus,
3197 2160 3279 2213 vel
3306 2170 3532 2227 cetera,
3577 2171 3731 2235 qnol

1213 2202 1226 2235 Ι
1256 2188 1339 2235 vel
1364 2200 1489 2235 ιιιειι
1524 2193 1604 2235 vel
1634 2210 1800 2235 Intmn
1866 2198 2049 2235 Nan-In
2489 2233 2501 2235 _

475 2179 694 2246 praescia
736 2178 900 2235 futuri
936 2184 1115 2251 operis
1145 2185 1226 2239 sui
1256 2188 1339 2242 vel
1358 2186 1491 2256 justi
1524 2193 1604 2245 vel
1633 2194 1823 2263 iniqui.
1865 2198 2049 2268 Neque

2238 1502 2302 1555 D.
2364 1504 2504 1571 Quid
2548 1523 2678 1579 ergo
2728 1521 2811 1566 est
2861 1517 3080 1572 anima?
3116 1532 3209 1576 aut
3240 1523 3286 1577 si
3326 1535 3409 1579 est
3445 1528 3624 1598 aliqua
3652 1545 3753 1587 res

2145 2243 2464 2286 enumerare
2488 2233 2704 2305 longum
2726 2246 2827 2304 εει,
2848 2255 2976 2310 quie
3002 2243 3056 2297 in
3081 2246 3218 2300 εωιο
3238 2259 3363 2302 sunt
3383 2259 3439 2304 et
3465 2252 3517 2305 in
3544 2233 3712 2308 terra.

470 2269 615 2323 enim
644 2285 707 2325 ex
737 2271 820 2326 his
841 2281 1045 2328 tantum
1080 2275 1375 2334 laudandus
1400 2289 1481 2335 est
1516 2283 1672 2347 Deus,
1703 2289 1900 2355 quibus
1915 2305 2047 2359 prie-

470 2358 750 2413 scientiam
774 2360 949 2427 dedit,
982 2379 1104 2418 cum
1133 2374 1277 2422 recte
1317 2369 1564 2427 laudetur
1586 2375 1749 2429 etiam
1772 2378 1897 2447 quia
1920 2358 2042 2450 ipe-

468 2462 593 2503 cora
631 2451 870 2516 creavit,
908 2454 1104 2521 quibus
1158 2465 1242 2513 est
1280 2468 1471 2516 natura
1513 2463 1747 2521 humana
1780 2477 2042 2537 praestan-

469 2537 599 2602 tior,
633 2540 794 2595 etiam
831 2542 883 2596 in
916 2543 1047 2613 ipsis
1090 2549 1456 2615 peccantibus.
1490 2552 1689 2608 Natura
1716 2557 1914 2627 quippe
1934 2560 2036 2613 ho-

468 2626 627 2681 minis
660 2643 727 2683 ex
762 2629 871 2685 Deo
904 2640 1017 2699 est,
1060 2650 1166 2689 non
1198 2636 1452 2707 iniquitas
1487 2656 1593 2710 qua
1633 2659 1690 2698 se
1719 2626 1832 2715 ipse
1859 2648 2034 2703 invol-

465 2717 569 2782 vit,
604 2720 741 2775 male
775 2726 971 2780 utendo
993 2725 1161 2782 libero
1183 2729 1436 2794 arbitrio,
1467 2733 1609 2801 quod
1646 2742 1822 2791 tamen
1846 2739 1890 2793 si
1928 2756 2035 2796 non

463 2806 703 2876 haberet,
738 2810 793 2865 in
838 2821 1028 2870 natura
1074 2832 1256 2873 rerum
1305 2821 1483 2877 minus
1525 2825 1831 2881 excelleret.
1877 2828 2035 2899 Cogi-

392 2886 405 2891 ’
467 2900 658 2956 tandus
691 2909 773 2957 est
820 2904 1017 2975 quippe
1046 2907 1205 2963 homo
1242 2908 1389 2977 justc
1437 2913 1650 2978 vivens,
1702 2916 1868 2971 etiam
1925 2886 2029 2976 non

460 2989 714 3058 przcscius
752 2990 1052 3049 futurorum
1074 3036 1088 3060 ,
1119 3007 1174 3052 et
1203 2999 1276 3054 ita
1305 3001 1590 3058 videndum
1634 3014 1736 3072 est,
1766 3009 2027 3065 excellen-

459 3080 531 3134 tia
558 3079 844 3138 voluntatls
890 3084 1043 3141 bona:
1067 3101 1227 3156 quam
1277 3106 1381 3145 non
1428 3092 1755 3163 impediatur
1784 3099 1851 3154 ad
1884 3112 2029 3158 recte

456 3167 738 3225 vivendum
763 3181 816 3226 et
847 3173 938 3243 qui
965 3174 1284 3243 placendum
1322 3192 1378 3244 ο,
1419 3183 1562 3251 quod
1602 3185 1819 3254 ignarus
1863 3190 2026 3247 futuri

457 3259 586 3315 vivit
612 3276 678 3317 ex
722 3262 843 3318 (Ide.
894 3265 1210 3335 llujusmodi
1254 3284 1383 3343 ergo
1434 3285 1741 3332 creaturam
1783 3282 2027 3351 quisquis

451 3362 572 3405 esse
599 3351 730 3406 nolit
767 3353 820 3408 in
862 3356 1046 3421 rebus,
1085 3362 1403 3417 contradicit
1436 3364 1529 3421 Dei
1577 3368 1838 3437 bonitati;
1876 3371 2025 3441 quis—

450 3443 571 3512 quis
593 3452 772 3519 autcm
795 3462 981 3517 ptenas
1011 3466 1129 3507 eam
1158 3469 1263 3510 non
1302 3458 1410 3511 vult
1440 3458 1587 3515 luere
1615 3477 1713 3531 pro
1751 3467 2020 3533 peccatis,

450 3531 698 3589 inimicus
721 3543 800 3593 est
825 3540 1086 3609 aequitati.
1109 3542 1204 3599 His
1230 3545 1372 3601 enim
1394 3549 1645 3607 omnibus
1664 3531 1858 3609 divinae
1880 3554 2024 3610 Scri-

449 3632 617 3693 ptura:
641 3628 962 3686 testimoniis
982 3672 996 3697 ,
1021 3647 1182 3702 quam
1205 3650 1322 3691 esse
1336 3652 1582 3695 veraeem
1604 3657 1762 3698 nemo
1789 3644 2019 3712 dubitat,

447 3716 548 3771 nisi
582 3716 810 3774 infidelis
846 3728 900 3776 et
952 3722 1182 3793 impius;
1218 3727 1286 3781 ad
1325 3728 1471 3784 illam
1503 3736 1827 3790 sententiam
1872 3737 2020 3793 ducti

447 3824 664 3873 sumus,
696 3820 754 3863 ut
786 3811 1086 3869 diceremus
1125 3816 1290 3871 Deum
1324 3821 1393 3875 ab
1429 3824 1651 3878 exordio
1681 3827 1862 3882 steculi
1901 3830 2017 3898 pri-

445 3909 588 3947 mum
604 3896 760 3948 simul
774 3898 950 3951 omnia
967 3901 1255 3967 creavisse;
1273 3909 1513 3972 quaedam
1528 3911 1874 3981 conditisjam
1891 3896 2020 3984 ipsis

444 3981 669 4046 naturis,
697 3984 939 4051 quaedam
969 3990 1307 4058 praecognitis
1332 3996 1537 4062 causis,
1565 3998 1705 4055 sicut
1728 4017 1831 4057 non
1843 3981 2016 4060 solum

440 4073 725 4142 pnescntia
746 4114 761 4139 ,
795 4090 978 4131 verum
1008 4077 1169 4156 etiam
1196 4079 1374 4137 futura
1404 4084 1531 4141 fecit
1564 4087 1933 4161 Omnipotens,
1961 4107 2016 4151 et

438 4163 507 4219 ab
535 4162 615 4218 eis
643 4163 799 4221 factis
836 4169 1126 4239 requievit,
1168 4179 1225 4226 ut
1268 4188 1455 4230 eorum
1500 4179 1751 4251 deinceps
1784 4185 2014 4242 admini-

437 4252 695 4308 stratione
717 4263 877 4326 atque
899 4258 1157 4329 regimine
1183 4272 1395 4318 crearet
1418 4267 1581 4323 etiam
1621 4273 1837 4330 ordines
1866 4285 2008 4331 tem-

2153 2316 2303 2373 Unde
2324 2336 2453 2392 ergo
2474 2335 2556 2377 est
2582 2326 2761 2381 anima
2784 2328 2808 2381 ?

2214 2407 2289 2461 Μ.
2332 2410 2521 2465 Anima
2547 2429 2613 2467 cx
2643 2416 2753 2472 Deo
2774 2418 2895 2472 data
2919 2428 3002 2475 est
3026 2430 3080 2475 et
3104 2438 3170 2477 ex
3206 2426 3374 2482 nihilo
3399 2428 3560 2492 facta,
3589 2434 3721 2500 quia

2141 2498 2300 2554 homo
2329 2502 2418 2569 qui
2449 2503 2513 2557 de
2539 2513 2679 2560 terra
2718 2506 2892 2566 factus
2918 2521 3020 2579 est,
3085 2516 3138 2571 in
3176 2525 3374 2574 terram
3400 2498 3717 2579 revertitur.

2139 2590 2399 2647 Similiter
2434 2596 2585 2651 nives
2628 2605 2682 2652 et
2731 2602 3005 2668 procellze,
3059 2621 3178 2675 qua:
3230 2624 3296 2664 ex
3347 2626 3486 2681 aqua
3539 2613 3714 2681 ﬁunt,

2137 2689 2190 2733 ct
2216 2695 2308 2735 aer
2327 2684 2491 2737 sumit
2520 2685 2584 2739 dc
2612 2694 2783 2752 terra,
2819 2690 2869 2743 in
2900 2706 3095 2761 aquam
3124 2705 3499 2764 revertuntur,
3528 2710 3584 2756 et
3604 2703 3713 2756 ite-

2137 2786 2257 2824 rum
2293 2772 2359 2841 de
2397 2783 2541 2829 terra
2588 2791 2653 2830 ex
2681 2792 2785 2847 qua
2811 2791 3020 2849 sumpta
3062 2792 3185 2838 sunt
3213 2786 3264 2839 in
3294 2802 3493 2842 aerem.
3520 2789 3715 2844 Anima

2135 2876 2263 2916 vero
2308 2879 2413 2917 non
2456 2864 2615 2920 habet
2646 2867 2812 2922 ullum
2839 2870 3167 2927 elementum
3195 2877 3262 2931 ad
3291 2879 3433 2946 quod
3460 2889 3705 2935 reverta-

2133 2957 2247 3015 tur,
2280 2952 2385 3007 nisi
2423 2955 2490 3008 ad
2520 2964 2817 3011 creatorem
2858 2972 3013 3014 suum
3060 2973 3346 3034 postquam
3385 2969 3451 3022 de
3477 2985 3713 3040 corpora

2054 3047 2102 3110 ο
2130 3042 2355 3109 exierit,
2383 3052 2442 3097 ut
2467 3045 2583 3115 ipso
2611 3047 2922 3104 moderante
2949 3052 3173 3121 recipiat
3203 3058 3345 3124 quod
3382 3068 3645 3115 meretur.

2200 3151 2267 3204 D.
2306 3152 2622 3221 lnquirenda
2647 3164 2728 3210 est
2767 3173 2895 3228 ergo
2924 3161 3063 3216 ratio
3106 3163 3246 3218 unde
3287 3166 3489 3221 homini
3521 3170 3707 3228 anima

2129 3245 2310 3298 veniat
2334 3244 2548 3314 quando
2575 3249 2849 3303 nascitur?

2198 3353 2275 3408 Η.
2300 3354 2405 3409 Alii
2444 3357 2630 3412 dicunt
2651 3360 2794 3429 quod
2827 3362 2966 3418 sicut
2996 3380 3123 3421 caro
3150 3368 3217 3424 de
3241 3384 3404 3425 carne
3427 3375 3701 3440 nascitur,

2127 3443 2197 3499 ita
2223 3445 2401 3501 anima
2426 3447 2491 3502 de
2516 3449 2696 3503 anima
2722 3442 3004 3521 nascatur;
3037 3456 3131 3510 sed
3163 3458 3265 3513 hoc
3288 3458 3567 3532 Scriptura
3590 3480 3699 3520 non

2124 3545 2311 3590 narrat
2345 3536 2452 3593 ullo
2480 3537 2627 3603 loco,
2661 3541 2802 3596 unde
2828 3544 3006 3598 anima
3034 3545 3235 3601 homini
3271 3550 3453 3605 veniat
3480 3554 3699 3621 quando

2121 3636 2282 3683 natus
2312 3637 2423 3695 est,
2467 3646 2640 3700 neque
2675 3632 2740 3687 de
2766 3633 2878 3702 ipsa
2902 3634 3082 3689 anima
3114 3638 3384 3703 mulieris,
3425 3646 3697 3711 quomodo

2120 3718 2170 3772 ei
2200 3719 2325 3773 data
2354 3719 2568 3786 fuisset,
2597 3722 2738 3777 sicut
2759 3734 2943 3779 narrat
2972 3725 3037 3780 de
3065 3742 3228 3783 carne
3253 3734 3521 3798 quomodo
3545 3732 3690 3789 facta

2120 3816 2221 3861 est.

2186 3918 2292 3974 Alii
2319 3934 2446 3975 vero
2479 3922 2672 3977 melius
2698 3926 2953 3992 sentiunt,
2984 3931 3128 3998 quod
3149 3932 3438 4002 unicuique
3468 3935 3677 3991 homini

2117 4010 2293 4065 anima
2310 4026 2340 4065 a
2363 4010 2472 4066 Deo
2495 4013 2617 4067 data
2639 4014 2726 4079 sit,
2759 4017 2972 4084 quando
2996 4029 3154 4076 natus
3177 4031 3280 4087 est,
3297 4024 3437 4079 sicut
3452 4026 3505 4079 in
3526 4026 3669 4083 lsaia

2115 4102 2372 4171 scriptum
2392 4111 2477 4157 est
2505 4117 2520 4157 :
2549 4103 2780 4175 Spiritu:
2811 4124 2877 4162 ea:
2897 4125 2977 4163 me
2994 4113 3248 4180 procedit,
3282 4124 3333 4169 et
3352 4132 3555 4172 omnem
3576 4121 3689 4189 ﬂa-

2112 4200 2222 4244 tum
2237 4208 2330 4262 ego
2355 4192 2455 4261 feci
2483 4192 2617 4263 (Ira.
2643 4212 2777 4261 Lvit,
2803 4197 2914 4268 16),
2954 4199 3008 4254 id
3051 4210 3136 4257 est
3181 4219 3397 4260 omnem
3424 4209 3687 4265 animam.

2113 4280 2181 4335 Et
2205 4282 2345 4336 sicut
2375 4282 2427 4337 in
2457 4284 2665 4353 psalmo
2684 4287 2945 4355 scriptum
2966 4298 3051 4344 est
3076 4305 3092 4344 :
3121 4291 3226 4357 Qui
3250 4294 3407 4362 ﬁnxit
3444 4298 3689 4368 singilla-

435 4360 625 4415 porum
661 4354 716 4401 et
738 4349 1133 4418 temporalium.
1162 4351 1312 4408 Nunc
1338 4363 1515 4412 tamen
1542 4360 1607 4414 de
1642 4363 1820 4419 anima
1845 4382 2005 4436 quam
2036 4367 2087 4430 Ι)
2109 4374 2201 4426 tim
2227 4375 2385 4428 corda
2407 4349 2586 4431 eorum
2612 4349 2981 4449 (Paw-nm,
3027 4349 3163 4455 15).w
3162 4386 3232 4441 Et
3250 4349 3370 4443 ’³1ἰί

438 4435 578 4491 Deus
606 4438 883 4509 inspiravit
911 4441 1112 4496 homini
1138 4444 1398 4503 sulllando
1419 4450 1473 4503 in
1497 4449 1614 4519 ejus
1635 4452 1849 4522 faciem,
1867 4435 2007 4516 nihil

434 4526 714 4592 conﬁrmo,
754 4529 854 4583 nisi
880 4532 1003 4600 quia
1034 4548 1098 4587 ex
1130 4534 1239 4590 Deo
1263 4538 1341 4592 sic
1369 4546 1489 4605 est,
1528 4550 1588 4596 ut
1632 4560 1737 4600 non
1761 4547 1832 4601 sit
1876 4551 2005 4607 sub-

434 4615 629 4669 stantia
661 4615 790 4681 Dei,
829 4626 883 4672 ct
920 4620 991 4675 sit
1018 4623 1361 4693 incorporea;
1400 4628 1453 4683 id
1495 4640 1610 4698 est,
1648 4650 1755 4691 non
1788 4639 1859 4693 sit
1886 4656 2007 4697 cor-

434 4718 561 4774 pus,
595 4705 687 4760 sed
708 4705 958 4776 spiritus;
991 4727 1096 4767 non
1122 4714 1186 4768 de
1211 4716 1507 4774 substantia
1536 4720 1629 4777 Dei
1653 4727 1884 4795 genitus,
1906 4748 2005 4790 nec

432 4798 498 4850 de
530 4794 826 4855 substantia
851 4798 940 4853 Dei
957 4805 1281 4883 procedens,
1309 4810 1403 4864 sed
1437 4809 1610 4868 factus
1645 4794 1676 4869 ά
1719 4816 1863 4883 Deo;
1907 4837 2007 4879 nec

432 4884 505 4941 ita
542 4885 711 4943 factus
731 4930 744 4950 ,
762 4890 894 4945 utin
920 4877 1037 4959 eius
1073 4902 1318 4952 naturam
1341 4907 1528 4955 natura
1554 4903 1641 4957 illa
1666 4909 1908 4976 corporis
1924 4913 2007 4968 vel

429 4972 765 5034 inrationalis
809 4979 1000 5037 anima:
1021 4993 1334 5041 verteretur.

608 5081 847 5131 ιιιῖωρυιε
886 5085 1227 5133 ρυεετιοκεε
1263 5092 1327 5131 DE
1366 5094 1580 5136 NATURA
1621 5100 1821 5143 ΑΝιιιιε.

499 5152 565 5206 D.
609 5152 893 5228 lnauﬁiavit
932 5161 987 5214 in
1030 5161 1165 5232 [acie
1197 5165 1312 5236 ejus
1341 5169 1662 5237 spiraculum
1705 5177 1841 5233 vitam
1893 5181 1997 5238 Per

426 5240 751 5309 spiraculum
773 5245 896 5302 vitze
920 5249 1047 5319 quid
1072 5250 1365 5325 intelligere
1386 5257 1676 5316 debemus?

497 5609 523 5638 ι
559 5599 711 5667 Apud
748 5605 1121 5678 Auguslittmn,
1156 5614 1249 5669 lib.

2111 4464 2316 4532 dicunt,
2346 4468 2487 4536 quod
2517 4476 2643 4523 tunc
2666 4470 2859 4526 anima:
2899 4474 3138 4529 omnium
3173 4488 3372 4534 creata:
3416 4480 3681 4548 fuissent,

2108 4556 2322 4623 quando
2343 4556 2501 4610 simul
2521 4558 2702 4611 omnia
2743 4561 2889 4625 iecit,
2912 4572 2967 4617 et
3004 4564 3057 4617 in
3083 4568 3315 4634 quodam
3352 4569 3472 4626 loco
3499 4576 3685 4629 occul-

2108 4651 2311 4711 tantur,
2335 4644 2505 4700 donec
2532 4647 2692 4701 homo
2719 4656 2879 4705 natus
2898 4652 2987 4716 sit,
3019 4663 3076 4707 et
3098 4662 3226 4710 tunc
3246 4656 3296 4711 ei
3323 4657 3448 4712 data
3470 4660 3541 4715 sit
3561 4664 3682 4716 ani-

2109 4748 2195 4787 ma
2223 4749 2289 4788 ex
2314 4733 2445 4789 Deo.
2470 4734 2575 4790 Sed
2605 4738 2706 4793 hoc
2733 4755 2839 4793 non
2869 4750 2952 4796 est
2978 4744 3032 4797 in
3068 4746 3230 4801 rebus
3265 4758 3469 4805 nostris
3494 4755 3682 4807 consi-

2109 4825 2403 4881 derandum
2446 4830 2572 4897 quid
2596 4831 2681 4884 vel
2715 4833 2877 4899 sinat,
2925 4837 3011 4890 vel
3050 4854 3156 4893 non
3199 4842 3361 4909 sinat,
3401 4849 3680 4914 quoume

2108 4915 2288 4968 anima
2314 4916 2438 4970 data
2468 4917 2541 4971 sit
2583 4917 2786 4975 homini
2817 4941 2830 4975 :
2857 4925 3000 4992 quod
3023 4925 3305 4996 Scriptura
3348 4947 3455 4987 non
3485 4945 3676 4991 narrat

2107 5006 2217 5061 ullo
2261 5007 2411 5074 loco,
2461 5026 2559 5066 nos
2602 5028 2708 5067 non
2744 5030 3030 5083 possumus
3061 5023 3367 5083 discernere
3385 5032 3531 5097 quod
3582 5047 3675 5087 ve-

2103 5098 2234 5152 ritas
2260 5100 2448 5166 tacuit,
2477 5110 2531 5156 et
2548 5104 2680 5157 nihil
2702 5105 2845 5163 aliud
2870 5119 3026 5164 sonat
3040 5110 3317 5183 Scriptura
3343 5118 3413 5174 de
3442 5120 3545 5176 hac
3576 5138 3631 5176 ne
3648 5164 3669 5187 ,

2099 5187 2201 5243 nisi
2229 5189 2333 5244 hoc
2354 5198 2582 5257 tantum,
2614 5198 2884 5263 quomodo
2916 5201 3095 5256 anima
3124 5218 3157 5258 a
3195 5206 3306 5262 Deo
3329 5212 3455 5265 data
3481 5212 3575 5267 sit.

2171 5275 2237 5329 D.
2259 5276 2400 5346 Ergo
2422 5276 2670 5335 Salvator
2689 5294 2875 5339 noster
2900 5288 3042 5343 unde
3066 5290 3257 5347 habuit
3279 5297 3514 5353 animam
3529 5301 3555 5353 ?

2091 5563 2215 5604 men
2237 5549 2305 5604 de
2356 5555 2647 5624 propagine
2679 5560 2884 5626 peccati
2930 5577 3041 5618 non
3079 5569 3348 5638 concepit,
3393 5573 3517 5642 quia
3557 5586 3664 5628 nec

1296 5632 1369 5673 vit
1396 5621 1693 5680 DeGenesi
1727 5628 1799 5684 ad
1839 5635 2100 5706 litteram,
2129 5657 2178 5696 c.
2210 5639 2310 5705 26’,
2337 5621 2557 5712 legitur,
2591 5646 2655 5699 Et
2681 5621 2795 5703 Deo
2824 5651 3155 5720 placendum.
