3986 6168
304 365 437 420 1143
1213 365 1336 420 LIB.
1380 363 1853 432 QUzESTlONUM
1893 361 2116 417 SUPER
2153 363 2281 416 LIB.
2319 363 2629 419 GENESIS.
3404 367 3540 420 1146

301 477 412 543 ipsa
437 481 552 529 erat
581 489 707 528 caro
735 475 961 542 peccati,
993 474 1084 528 sed
1109 475 1400 528 similitudo
1428 475 1606 529 carnis
1631 473 1858 543 peccati.
1888 477 1938 531 Α
1964 473 2107 540 quod
2151 469 2394 540 sequitur
2423 491 2435 525 :
2485 473 2552 526 Et
2598 473 2796 544 lignum
2839 477 2956 529 vita:
2983 478 3036 530 in
3092 477 3262 530 medio
3305 481 3540 547 paradisi

301 565 416 619 Non
447 565 590 618 enim
617 566 742 619 inde
769 565 974 634 accepit
1009 573 1216 618 reatum
1245 565 1530 620 moriendi.
1965 560 2263 629 lignumque
2287 562 2520 614 scientiae
2554 562 2671 614 boni
2693 572 2740 615 et
2768 564 2914 626 mali,
2952 565 3261 634 diligentius
3295 566 3541 622 conside-

372 654 440 708 Β.
469 655 536 708 Et
583 655 784 719 anima,
812 655 1024 722 quando
1053 655 1117 708 de
1152 654 1255 708 hoc
1282 669 1510 723 corpore
1529 654 1861 724 migraverit,
1966 648 2192 700 randum
2216 655 2299 700 est
2325 661 2393 700 ne
2414 657 2638 716 cegatur
2661 649 2714 702 in
2738 650 3070 720 allegoriam,
3100 658 3161 705 ut
3201 666 3309 706 non
3354 653 3455 706 ista
3481 655 3541 709 li-

297 754 381 801 .5;
411 745 706 814 corporalis
731 760 798 798 an
833 744 1224 812 incorporalis?
1965 747 2069 800 gua
2107 731 2327 798 fuerint,
2359 734 2451 788 sed
2493 735 2637 789 aliud
2681 737 2883 805 aliquid
2918 740 3137 793 nomine
3189 739 3318 809 ligni
3345 742 3539 808 signiﬁ-

371 834 448 888 11.
485 833 841 901 lncorporalis
865 833 1080 902 quidem
1108 843 1210 886 est.
1965 830 2109 876 cent.
2135 824 2346 877 Dictum
2373 832 2456 878 est
2490 826 2632 879 enim
2657 827 2722 880 de
2771 828 3056 896 sapientia,
3081 829 3278 899 lignum
3307 832 3424 884 vita:
3467 845 3536 884 est

367 925 435 978 υ,
466 923 743 990 Quomodo
768 937 896 991 ergo
919 931 1185 991 portatur,
1216 925 1261 979 si
1283 924 1635 993 incorporalis
1667 924 1792 978 est?
1965 913 2387 984 amplectentibus
2442 934 2556 970 eam
2596 917 2776 988 (Prov.
2823 936 2882 974 ιιι
2914 961 2928 985 ,
2996 921 3106 993 18).
3155 923 3540 980 Verumtamen

367 1012 445 1067 Μ.
478 1011 792 1080 lncorpore'a
818 1010 1032 1078 quidem
1058 1013 1250 1067 similis
1277 1013 1616 1080 corporibus.
1965 1019 2087 1058 cum
2109 1003 2180 1058 sit
2202 1004 2536 1060 Hierusalem
2559 1018 2761 1061 interna
2810 1010 2864 1062 in
2889 1011 3060 1074 caelis,
3086 1011 3249 1066 etiam
3297 1013 3350 1066 in
3393 1021 3540 1068 terra

366 1104 434 1157 υ.
468 1104 534 1157 Et
557 1104 646 1156 ubi
674 1103 955 1170 portatur?
991 1103 1058 1156 ad
1082 1102 1255 1157 locum
1294 1117 1630 1172 corporeum,
1659 1116 1726 1154 an
1776 1100 1865 1153 in-
1965 1096 2158 1149 civitas
2207 1111 2313 1163 Qua
2343 1096 2433 1149 illa
2477 1098 2874 1166 signiﬁcaretur
2902 1103 3118 1155 condita
3159 1111 3262 1156 est.
3299 1104 3365 1156 Et
3403 1104 3542 1158 Sara

291 1194 652 1262 corporeum?
1964 1194 2020 1238 et
2040 1185 2181 1253 Agar
2204 1187 2450 1253 quamvis
2466 1189 2570 1240 duo
2595 1189 2940 1243 Testamenta
2965 1191 3352 1260 signiﬁcarent.
3389 1203 3542 1250 erant

367 1285 443 1338 Μ.
470 1284 549 1336 Ad
573 1283 689 1336 loca
719 1283 1034 1350 incorporea
1059 1281 1255 1336 similia
1281 1284 1665 1351 corporalibus.
1965 1283 2145 1329 tamen
2168 1277 2328 1329 etiam
2354 1279 2600 1345 quaedam
2623 1279 2740 1332 duae
2753 1280 3028 1335 mulieres.
3059 1282 3268 1336 Etcum
3292 1277 3556 1362 Christus

368 1373 433 1426 ι),
465 1373 734 1436 ngeritur
757 1387 885 1442 ergo
911 1374 956 1426 si
1001 1380 1180 1440 potest
1203 1374 1380 1427 animo
1405 1375 1607 1442 absque
1640 1388 1864 1442 corpore
1961 1379 2058 1432 per
2078 1364 2203 1434 ligni
2226 1367 2531 1434 passionem
2555 1367 2754 1423 fluento
2781 1371 3007 1438 spiritali
3031 1387 3129 1426 nos
3172 1373 3379 1442 irriget,
3425 1383 3543 1428 erat

295 1463 436 1516 inter
462 1461 680 1530 angelos
715 1461 769 1514 in
796 1468 1052 1529 perpetua
1078 1463 1408 1517 beatitudine
1434 1465 1730 1518 consistere
1747 1464 1863 1518 sine

1968 1462 2144 1509 tamen
2187 1465 2339 1523 petra
2364 1472 2484 1525 quae
2523 1474 2716 1527 aquam
2760 1461 2963 1515 sitienti
3009 1463 3207 1531 populo
3230 1463 3372 1534 ligno
3416 1481 3542 1534 per-

297 1552 530 1614 defectu,
560 1553 686 1620 quid
712 1567 839 1620 ergo
863 1567 999 1620 opus
1024 1560 1105 1606 est
1130 1561 1189 1606 ut
1214 1554 1410 1609 iterum
1436 1565 1621 1624 surgat
1643 1569 1859 1623 corpus,
1965 1559 2121 1598 cussa
2147 1548 2403 1600 manavit.
2449 1548 2525 1602 De
2549 1565 2654 1617 qua
2701 1550 2897 1604 dicitur
2925 1569 2938 1603 :
2992 1551 3152 1605 Petra
3209 1563 3380 1607 autem
3429 1565 3541 1608 erat

295 1649 355 1694 ut
379 1641 523 1694 illam
553 1649 680 1695 tunc
714 1641 1071 1696 immortalem
1102 1643 1306 1707 induat,
1343 1658 1504 1712 quam
1531 1660 1675 1698 nunc
1719 1659 1864 1698 mor.
1965 1631 2204 1687 Christus
2312 1635 2433 1689 Cor.
2458 1653 2512 1700 Χ,
2536 1638 2612 1708 4),
2636 1655 2740 1693 non
2769 1641 2908 1694 sicut
2932 1641 3020 1695 ille
3043 1642 3244 1697 vitulus
3271 1645 3543 1714 saginatus

297 1730 457 1784 talem
489 1731 769 1799 deposuit?
1892 1799 1925 1802 _
1965 1725 2056 1792 qui
2079 1724 2285 1780 minore
2314 1726 2423 1780 ﬁlio
2455 1737 2754 1783 revertente
2781 1731 2833 1782 in
2857 1731 3042 1798 epulas
3064 1747 3233 1786 cmsus
3255 1743 3354 1787 est.
3389 1734 3541 1802 (Luc.

367 1819 445 1872 Μ.
474 1820 616 1875 lnest
639 1823 851 1890 quidem
897 1823 1136 1891 corporis
1171 1822 1582 1884 administratio,
1624 1837 1731 1892 quo
1778 1837 1865 1876 re-
1891 1799 1940 1858 Β
1969 1830 2060 1878 ιν,
2096 1814 2209 1884 25)-
2237 1816 2311 1869 lbi
2338 1817 2534 1886 quippe
2555 1819 2669 1886 ipsa
2697 1820 2940 1874 narratio
2967 1821 3261 1890 ﬁgurarum
3305 1799 3405 1886 est.
3434 1841 3542 1880 non

295 1911 540 1964 tardatur
564 1913 776 1965 animus
802 1921 860 1966 ιιι
879 1929 986 1966 non
1014 1914 1066 1966 in
1098 1913 1227 1967 illud
1252 1929 1520 1967 summum
1538 1920 1744 1983 pergat,
1769 1913 1864 1967 do—
1965 1920 2146 1959 rerum
2171 1916 2439 1976 gestarum
2465 1909 2690 1976 ﬁgurata
2715 1909 3058 1978 signiﬁcatio.
3091 1911 3194 1966 Sed
3221 1912 3350 1966 illud
3373 1915 3536 1966 etiam

295 2013 396 2052 nec
420 2009 708 2069 consurgat
729 2016 943 2069 corpus,
973 2002 1186 2070 utquod
1208 2018 1352 2056 nunc
1379 2003 1427 2057 ei
1452 2003 1506 2056 in
1523 2003 1733 2057 sarcina
1756 2012 1858 2068 est,
1963 1996 2018 2048 in
2042 1996 2200 2049 rebus
2231 1997 2394 2062 gestis
2424 1996 2622 2050 Ῑδοῐυιη
2653 2007 2754 2063 θεῖ,
2783 1999 2884 2053 hoc
2927 2009 3106 2054 aulem
3148 2007 3353 2054 tantum
3380 2002 3434 2054 ἱη
3483 2001 3544 2054 ﬁ-

297 2097 426 2143 tunc
450 2091 520 2143 sit
546 2091 600 2143 in
629 2091 817 2159 gloria.
1963 2088 2111 2155 guris
2130 2087 2462 2154 praedictum.
2480 2088 2572 2142 Sic
2594 2097 2648 2142 et
2677 2091 2937 2158 sapientia
2971 2092 3110 2145 idem
3137 2092 3250 2159 ipse
3265 2091 3538 2154 Christus,

369 2179 434 2232 ι).
477 2178 613 2245 Quid
647 2196 774 2246 ergo
819 2197 954 2250 opus
980 2191 1081 2246 est,
1129 2192 1188 2237 ut
1231 2186 1439 2253 parvuli
1487 2187 1578 2254 qui
1614 2194 1862 2254 parentes
1963 2179 2165 2246 lignum
2203 2179 2324 2232 vitae
2347 2188 2427 2231 est
2463 2181 2515 2233 in
2548 2181 2797 2246 paradiso
2839 2182 3092 2249 spiritali,
3130 2198 3237 2250 quo
3274 2183 3423 2236 misit
3475 2185 3542 2237 de

297 2272 496 2326 habent
520 2272 854 2328 Christianos
875 2283 1079 2343 patrem
1111 2285 1163 2330 et
1189 2286 1434 2342 matrem,
1467 2280 1661 2332 iterum
1701 2295 1859 2332 rena-

1968 2285 2124 2323 cruce
2149 2270 2431 2323 latronem.
2459 2270 2712 2325 Creatum
2736 2281 2819 2327 est
2849 2285 3028 2327 autem
3058 2275 3199 2342 quod
3225 2290 3345 2328 eam
3381 2277 3542 2346 signi-

297 2371 518 2416 scantur
541 2379 636 2432 per
662 2381 853 2434 aquam
880 2368 1254 2435 baptismatiS?
1964 2357 2150 2410 ﬁcaret
2178 2357 2379 2426 lignum
2411 2359 2533 2412 vita:
2555 2361 2716 2413 etiam
2749 2362 2800 2414 in
2825 2363 3074 2430 paradiso
3109 2364 3396 2430 corporali,
3435 2378 3540 2418 nec

369 2449 446 2502 Μ,
489 2449 623 2516 Quia
652 2455 1020 2523 unusquisque
1063 2456 1116 2508 in
1146 2456 1390 2524 originali
1433 2465 1654 2525 peccato
1694 2456 1864 2509 nosci-
1963 2447 2080 2500 sine
2125 2446 2394 2516 mysteriis
2427 2462 2606 2501 rerum
2649 2450 2973 2517 spiritalium
3016 2451 3369 2520 corporaliter
3409 2467 3542 2520 prte-

297 2547 406 2604 tur,
443 2548 498 2594 et
524 2541 626 2594 nisi
657 2550 875 2596 renatus
901 2543 972 2596 sit
996 2559 1093 2612 per
1125 2560 1319 2613 aquam
1346 2545 1704 2613 baptismatiS,
1753 2559 1860 2597 non
1963 2537 2211 2600 scutatis,
2247 2536 2414 2590 voluit
2453 2539 2724 2592 hominem
2773 2540 2914 2594 Deus
2953 2542 3007 2594 in
3046 2541 3297 2610 paradiso
3336 2541 3540 2596 vivere.

296 2636 470 2700 potest
498 2631 720 2684 introire
739 2630 792 2682 in
817 2646 1038 2699 regnum
1067 2633 1181 2686 Dei.
1965 2626 2094 2679 Erat
2113 2641 2242 2694 ergo
2257 2627 2304 2679 ei
2334 2627 2386 2678 in
2409 2625 2571 2695 lignis
2591 2628 2801 2681 caeteris
2817 2627 3149 2690 alimentum,
3178 2630 3229 2682 in
3255 2628 3344 2682 illo
3357 2636 3539 2682 autem

699 2736 763 2774 ne
803 2737 1170 2776 pum-“rom:
1211 2739 1472 2777 prmoisr.
1965 2723 2391 2778 sacramentum,
2429 2715 2556 2784 quid
2579 2716 2887 2785 signiﬁcans
2927 2718 3029 2770 nisi
3080 2719 3425 2786 sapientiam,
3472 2716 3538 2771 de

369 2809 726 2879 Hieronymus
756 2811 809 2864 in
841 2812 976 2866 libro
998 2811 1364 2878 Quaestionum
1403 2813 1474 2865 ita
1500 2828 1513 2864 ε
1547 2811 1612 2863 Et
1647 2811 1862 2880 ριαηεα-
1965 2819 2070 2873 qua
2091 2805 2170 2858 sic
2189 2805 2389 2858 dictum
2410 2813 2522 2859 est:
2551 2805 2772 2874 Lignum
2799 2806 3348 2877 vitreamplectentibus
3370 2825 3484 2862 eam
3506 2808 3534 2861 γ

283 2901 352 2954 vit
363 2897 608 2954 Dominus
633 2900 771 2954 Deus
809 2902 1114 2971 paradisum
1137 2905 1190 2955 in
1214 2901 1358 2956 Eden
1382 2913 1561 2955 contra
1589 2904 1859 2956 orientem.
1966 2897 2419 2963 quemadmodum
2463 2897 2528 2950 de
2553 2912 2659 2965 quo
2691 2897 3000 2953 diceretur:
3027 2897 3183 2951 Petra
3206 2914 3431 2954 manans
3453 2907 3538 2954 est

301 2984 403 3040 Pro
451 2985 718 3055 paradiso,
769 2989 982 3042 hortum
1042 2991 1236 3052 habet,
1287 2991 1340 3045 id
1387 2999 1470 3045 est
1523 3007 1644 3060 gan.
1695 2991 1863 3044 Porro
1966 2987 2272 3041 sitientibus
2297 2986 2596 3040 eum.lllud
2632 3003 2846 3057 quoque
2887 2989 3024 3048 addo
3061 3004 3370 3058 quanquam
3420 3007 3539 3046 cor-

300 3075 445 3131 Eden
473 3077 678 3133 delicia:
725 3081 1144 3148 interpretantur
1170 3121 1182 3144 ,
1222 3095 1320 3149 pro
1363 3096 1470 3149 quo
1507 3081 1860 3150 Symmachus
1886 3124 1937 3188 α
1967 3079 2204 3148 poralem
2233 3081 2432 3145 cibum,
2461 3082 2620 3134 talem
2660 3090 2838 3137 tamen
2865 3083 3011 3135 illam
3051 3085 3300 3136 arborem
3339 3082 3541 3151 prtesti-

299 3168 592 3232 transtulit,
634 3168 936 3238 paradisum
965 3171 1252 3238 ﬂorentem.
1305 3168 1413 3224 Nec
1451 3186 1557 3224 non
1589 3171 1729 3238 quod
1777 3186 1863 3224 se-
1887 3168 1937 3188 "
1973 3171 2120 3232 tisse,
2149 3186 2256 3238 quo
2284 3186 2480 3239 corpus
2508 3173 2740 3226 hominis
2762 3174 2991 3226 sanitate
3007 3172 3184 3226 stabili
3217 3171 3541 3232 ﬁrmaretur,

297 3257 512 3324 quitur,
568 3265 752 3312 contra
808 3260 1069 3313 orientem
1091 3301 1104 3324 ,
1167 3261 1220 3314 in
1282 3261 1505 3315 Hebraeo
1550 3273 1575 3299 α
1623 3261 1863 3312 mimizra
1965 3275 2070 3313 non
2099 3261 2238 3312 sicut
2266 3275 2333 3313 ex
2365 3261 2470 3314 alio
2493 3261 2635 3323 cibo,
2661 3261 2754 3315 sed
2798 3261 3052 3314 nonnulla
3082 3260 3431 3328 inspiratione
3463 3274 3542 3312 sa-

298 3347 569 3426 scrihitur,
603 3350 742 3416 quod
770 3349 958 3418 Aquila
990 3352 1167 3419 posuit
1193 3357 1293 3407 ἀπὸ
1324 3356 1496 3427 ἀρχῆς
1532 3359 1586 3406 et
1634 3367 1758 3414 nos.
1798 3351 1862 3404 ab
1965 3347 2234 3401 lubritatis
2271 3350 2498 3403 occulta.
2532 3349 2781 3403 Profecto
2819 3350 2944 3402 licet
2979 3350 3208 3403 usitatus
3248 3349 3402 3416 panis
3443 3347 3542 3401 ali-

296 3436 1542 3510 exordio,possumusdicere.Symmachusvero
1558 3444 1613 3495 ἐκ
1635 3445 1857 3515 πρὼτης,
1964 3436 2090 3503 quid
2117 3444 2293 3489 tamen
2319 3438 2548 3505 amplius
2584 3439 2790 3501 habuit,
2829 3438 2984 3506 cujus
3027 3455 3129 3492 una
3169 3439 3410 3493 colliride
3438 3439 3538 3493 ho-

297 3525 631 3581 Theodotion
657 3531 706 3582 ἐν
732 3535 974 3606 πρώτοις,
1002 3531 1142 3599 quod
1174 3539 1227 3584 et
1257 3532 1426 3600 ipsum
1461 3548 1568 3585 non
1595 3532 1860 3593 orientem,
1966 3525 2094 3578 mini
2125 3525 2265 3578 Deus
2309 3527 2377 3578 ab
2429 3527 2718 3596 indigentia
2785 3527 2943 3582 famis
2966 3529 3173 3583 dierum
3196 3544 3263 3583 XL
3309 3529 3541 3597 spatium

296 3615 389 3667 sed
415 3618 726 3686 principium
753 3619 1040 3686 signiﬁcat.
1071 3622 1147 3673 Ex
1177 3637 1282 3688 quo
1309 3621 1592 3674 manifeste
1617 3634 1868 3686 compro~
1964 3613 2272 3666 VindicaVit.
2299 3614 2560 3683 Sequitur
2598 3635 2612 3668 :

294 3703 452 3757 batur
489 3703 630 3771 quod
674 3707 985 3774 priusquam
1018 3708 1212 3761 cmlum
1239 3717 1292 3760 et
1329 3717 1525 3762 terram
1555 3709 1694 3761 Deus
1724 3708 1866 3761 face.-
2036 3703 2185 3756 Nunc
2207 3706 2484 3760 videamus
2512 3721 2526 3760 ε
2561 3708 2627 3761 de
2651 3708 2795 3778 ligno
2841 3709 3080 3763 scientiae
3118 3711 3243 3764 boni
3277 3719 3330 3764 et
3381 3711 3540 3776 mali,

295 3801 399 3855 ret,
425 3793 730 3858 paradisum
755 3803 880 3848 ante
911 3797 1253 3859 condiderat,
1281 3797 1420 3850 sicut
1459 3797 1652 3866 legitur
1678 3798 1732 3850 in
1760 3797 1865 3851 He-
1966 3809 2065 3847 cur
2095 3793 2235 3847 istud
2271 3809 2464 3848 nomen
2507 3798 2794 3866 acceperit,
2825 3797 2949 3866 quia
2983 3796 3136 3851 valde
3167 3798 3305 3851 bona
3361 3799 3543 3854 omnia

295 3880 461 3936 lineo.
482 3879 818 3939 Plantaverat
843 3895 1015 3940 autem
1040 3887 1292 3941 Dominus
1316 3888 1457 3942 Deus
1481 3888 1782 3957 paradisum
1809 3889 1863 3941 in
1967 3883 2108 3936 Deus
2129 3884 2351 3937 creavit.
2379 3883 2432 3937 ld
2463 3885 2844 3941 dinoscendum
2876 3888 3001 3942 boni
3045 3898 3098 3942 et
3123 3887 3247 3941 mali
3281 3897 3542 3957 quantum

299 3970 449 4025 Eden
473 3989 506 4024 a
529 3973 804 4042 principio.
1964 3973 2154 4029 fuisset
2189 3976 2330 4029 inter
2356 3977 2672 4031 obedientice
2697 3979 2895 4032 bonum
2929 3987 2983 4033 et
3005 3979 3380 4035 inobedientize
3423 3995 3540 4034 ma-

681 4077 1004 4119 .iucosrtsvs
1037 4083 1089 4120 ιη
1129 4080 1471 4121 uenarum.
1964 4067 2096 4130 lum,
2127 4069 2279 4136 quasi
2309 4069 2432 4123 inde
2463 4077 2829 4141 transgressus
2843 4080 3006 4134 esset,
3032 4072 3230 4125 malum
3260 4071 3334 4125 illi
3358 4078 3537 4138 esset;

366 4150 436 4204 Et
464 4151 714 4221 plantavit
738 4154 877 4208 Deus
917 4156 1222 4223 paradisum
1247 4158 1301 4210 in
1339 4156 1486 4210 Edon
1516 4156 1584 4208 ad
1615 4157 1862 4209 orientem
1965 4158 2008 4209 si
2033 4173 2159 4210 vero
2181 4167 2449 4212 servasset
2477 4169 2740 4229 prtecepta
2762 4161 3057 4216 conditoris
3085 4161 3188 4222 sui,
3229 4161 3427 4214 bonum
3453 4159 3537 4214 illi

295 4251 341 4294 et
362 4245 532 4310 posuit
555 4243 625 4295 ibi
646 4245 904 4298 hominem
932 4263 1083 4315 quem
1114 4248 1266 4316 ﬁnxit
1299 4248 1450 4317 (Gen.
1484 4263 1546 4312 it,
1583 4247 1658 4317 8).
1693 4248 1721 4286 ι’
1746 4246 1862 4300 Non
1965 4246 2175 4310 fuisset,
2205 4251 2458 4316 quoniam
2495 4251 2538 4303 si
2563 4260 2932 4320 transgressus
2957 4266 3063 4305 non
3098 4250 3304 4316 fuisset,
3331 4249 3542 4318 experi-

295 4327 484 4397 ignoro
508 4330 573 4384 de
601 4333 851 4398 paradiso
877 4335 1073 4390 multos
1091 4337 1254 4390 multa
1295 4337 1515 4401 dixisse,
1548 4347 1656 4392 tres
1683 4346 1860 4392 tamen
1968 4347 2206 4390 utentum
2233 4353 2408 4404 paenae
2431 4354 2540 4391 non
2576 4338 2871 4393 didicisset.

295 4417 362 4471 de
382 4418 483 4472 hac
509 4435 566 4474 re
589 4423 741 4488 quasi
768 4425 1044 4491 generales
1087 4437 1213 4479 sunt
1266 4429 1568 4482 sementim.
1604 4428 1718 4483 Una
1766 4442 1858 4482 θοι
1889 4445 1938 4506 ο
2037 4425 2103 4476 D.
2139 4425 2204 4476 Et
2229 4426 2348 4493 fons
2372 4426 2681 4480 ascendebat
2715 4427 2779 4478 de
2818 4426 2932 4478 loco
2963 4425 3257 4506 voluptatis,
3314 4424 3384 4478 ad
3419 4423 3543 4477 irri-

295 4522 414 4561 rum
440 4511 530 4577 qui
557 4516 930 4568 tantummodo
977 4517 1329 4584 corporaliter
1353 4519 1661 4586 paradisum
1709 4519 1863 4572 intel-
1963 4514 2194 4584 gendum
2227 4515 2555 4583 paradisum,
2578 4517 2666 4585 qui
2689 4516 2810 4568 inde
2838 4515 3092 4568 dividitur
3112 4515 3165 4568 in
3187 4523 3411 4584 quatuor
3452 4531 3540 4566 ca-

295 4595 387 4666 ligi
415 4600 614 4664 volunt,
645 4603 748 4655 alia
772 4619 955 4657 eorum
984 4608 1073 4674 qui
1104 4608 1418 4675 spiritaliter
1445 4617 1672 4664 tantum.
1702 4609 1860 4661 tertia
1963 4605 2103 4671 pita,
2143 4602 2224 4656 vel
2257 4603 2310 4654 in
2333 4610 2563 4670 quatuor
2596 4610 2801 4672 partes,
2830 4603 3099 4669 quomodo
3136 4600 3539 4670 intelligendum

295 4703 479 4741 eorum
507 4691 596 4758 qui
625 4699 853 4761 utroque
879 4695 1129 4759 modo,et
1158 4699 1512 4766 corporaliter
1534 4707 1587 4751 et
1612 4698 1866 4765 spiritali-
1964 4705 2050 4750 est
2072 4696 2097 4748 ‘I

297 4791 398 4835 ter.
455 4780 697 4834 Breviter
733 4797 860 4852 ergo
891 4785 1084 4846 dicam,
1127 4787 1338 4838 tertiam
1371 4787 1501 4838 mihi
1556 4785 1726 4839 fateor
1753 4786 1866 4854 pla-
2576 4797 2923 4838 AUGUSTINUS.

292 4885 416 4925 cere
442 4871 779 4923 sententiam.
833 4871 1171 4926 Plantaverat
1214 4888 1342 4941 ergo
1373 4875 1512 4926 Deus
1549 4872 1859 4942 paradisum
2034 4872 2110 4924 Μ.
2137 4871 2214 4925 Ne
2235 4871 2356 4940 quis
2389 4888 2455 4926 ex
2490 4873 2591 4927 hoc
2614 4881 2894 4926 moveatur
2923 4871 3066 4942 quod
3095 4873 3158 4926 de
3191 4872 3278 4925 his
3299 4869 3531 4924 ﬂumini-

298 4961 350 5011 in
378 4957 604 5021 deliciis,
639 4960 740 5012 hoc
760 4968 844 5013 est
863 4959 929 5012 ad
959 4963 1242 5025 orientem,
1272 4969 1325 5014 et
1365 4963 1543 5028 posuit
1575 4962 1646 5015 ibi
1686 4962 1863 5016 homi-
1962 4963 2063 5016 bus
2107 4961 2323 5026 dicitur,
2350 4963 2578 5016 aliorum
2610 4978 2730 5017 esse
2756 4961 2932 5017 fontes
2977 4971 3152 5025 notos,
3185 4961 3410 5015 aliorum
3443 4977 3538 5014 au-

294 5063 418 5100 nem
445 5063 603 5116 quem
636 5047 882 5112 ﬁnxerat,
909 5052 986 5106 sic
1007 5053 1147 5105 enim
1195 5053 1452 5120 scriptum
1479 5061 1579 5114 est,
1619 5054 1742 5121 quia
1784 5055 1862 5108 sic
1963 5060 2069 5105 tem
2103 5067 2322 5120 prorsus
2364 5053 2688 5120 incognitos;
2717 5069 2837 5107 cum
2879 5053 2930 5106 id
2987 5052 3164 5122 potius
3206 5051 3530 5106 credendum

294 5136 495 5190 factum
519 5145 622 5200 est,
670 5146 728 5191 ut
771 5138 984 5208 quidam
1031 5141 1243 5207 sapiens
1263 5142 1357 5204 ait,
1382 5142 1523 5209 quod
1555 5143 1606 5196 in
1631 5144 1858 5212 quodam
1963 5141 2047 5203 sit,
2079 5141 2335 5210 quoniam
2359 5141 2507 5195 locus
2534 5141 2646 5210 ipse
2666 5142 2899 5210 paradisi
2953 5157 2983 5194 a
3030 5141 3335 5211 cognitione
3365 5139 3536 5194 homi-

294 5227 414 5282 loco
437 5227 537 5281 iste
567 5229 844 5296 paradisus
865 5230 1142 5318 plantatus
1165 5239 1265 5294 est,
1299 5233 1386 5285 ubi
1426 5234 1585 5287 homo
1613 5242 1861 5289 terrenus
1962 5249 2087 5287 num
2118 5240 2199 5285 est
2231 5232 2641 5294 remotissimus,
2669 5231 2791 5286 inde
2817 5241 3046 5300 quatuor
3063 5247 3324 5300 aquarum
3355 5239 3536 5300 partes

293 5317 538 5374 habitare
563 5320 755 5388 potuit.
789 5321 920 5374 Nam
946 5317 1225 5390 paradisus
1252 5323 1567 5391 spiritaliter
1603 5324 1859 5392 intelligi-
1961 5323 2118 5377 dividi
2147 5363 2160 5386 ,
2202 5321 2340 5376 sicut
2369 5320 2674 5376 ﬁdelissima
2707 5321 2985 5390 Scriptura
3029 5329 3278 5376 testatur.
3330 5320 3434 5374 Sed
3473 5335 3534 5373 ea

295 5418 400 5477 tur,
427 5412 517 5466 ubi
541 5425 685 5466 nunc
705 5412 896 5466 anima:
927 5421 1233 5468 sanctorum
1269 5415 1335 5469 de
1355 5431 1580 5484 corpore
1602 5425 1862 5471 exeuntes

1961 5411 2200 5475 flumina,
2228 5425 2457 5479 quorum
2497 5409 2673 5465 fontes
2715 5411 2828 5465 noti
2873 5426 2992 5466 esse
3019 5411 3285 5472 dicuntur,
3334 5408 3531 5463 alicubi

292 5511 542 5574 pergunt,
565 5503 620 5556 in
660 5502 815 5572 cujus
861 5503 1084 5573 ﬁguram
1117 5506 1217 5558 iste
1263 5506 1548 5575 paradisus
1587 5508 1859 5577 plantatus
1961 5503 2067 5557 isse
2091 5503 2189 5556 sub
2213 5511 2406 5562 terras,
2433 5508 2486 5556 et
2510 5509 2630 5570 post
2653 5510 2856 5557 tractus
2877 5502 3205 5570 prolixarum
3232 5499 3530 5569 regionum,

295 5593 410 5658 fuit,
449 5593 743 5651 secundum
776 5608 956 5648 rerum
997 5601 1268 5663 gestarum
1304 5595 1481 5651 ﬁdem.
1523 5595 1654 5650 lllud
1702 5597 1860 5666 plane
1960 5591 2091 5646 locis
2132 5590 2251 5644 aliis
2277 5593 2550 5660 erupisse,
2603 5593 2693 5646 ubi
2741 5601 2994 5662 tanquam
3038 5593 3090 5646 in
3136 5591 3248 5646 suis
3297 5589 3534 5646 fontibus

363 5719 387 5745 ε·
427 5708 481 5761 1η
509 5705 670 5788 editis.
692 5704 863 5761 sancti
892 5703 1200 5772 llierouymi
1231 5703 1424 5772 legitur
1456 5706 1731 5759 mccedem.
2029 5703 2055 5743 δ
2085 5703 2246 5771 Aug,
2276 5703 2368 5759 lib.
2397 5721 2489 5759 vm
2528 5705 2591 5758 de
2613 5705 2748 5760 Gen.
2788 5707 2854 5759 ad
2883 5707 2983 5762 litt.
3020 5720 3154 5773 capp
3208 5705 3319 5759 l—7.
