3986 6168
433 313 568 371 Hi7

430 526 605 583 aquas
628 509 812 567 facere
834 506 958 576 quis
989 505 1246 575 ignorat?

953 651 1087 692 ιτειι
1127 652 1474 692 AUGUSTINUS.

507 772 733 828 Flumen
775 777 956 824 autem
988 768 1135 836 quod
1158 766 1484 836 procedebat
1504 779 1571 821 ex
1598 764 1771 827 Edon,
1823 763 1877 819 id
1924 771 2011 819 est

436 877 505 918 ex
532 860 762 920 deliciis.
804 865 859 912 et
907 857 1200 928 voluptate,
1235 863 1292 911 et
1319 855 1514 926 epulis,
1552 856 1695 924 quod
1740 853 1939 909 ﬁumen
1976 866 2010 909 a

436 955 694 1025 propheta
718 950 1053 1021 signiﬁcatur
1080 949 1134 1003 in
1161 947 1369 1016 psalmo
1388 946 1481 1002 ubi
1510 946 1586 1001 ait
1614 963 1628 1000 :
1657 944 1905 1000 Torreate
1924 962 2013 1000 uo-

438 1043 655 1113 luptatis
679 1051 784 1095 tute
805 1040 1006 1110 potabis
1032 1054 1119 1092 eos
1143 1035 1317 1107 (Psal.
1345 1051 1505 1099 xxxv,
1530 1035 1609 1105 9),
1637 1035 1909 1096 dividitur,
1932 1035 2014 1088 in-

432 1133 577 1204 quit,
605 1132 659 1186 in
680 1138 913 1199 quatuor
928 1137 1130 1197 partes,
1154 1136 1209 1181 et
1230 1134 1462 1195 quatuor
1473 1124 1701 1179 virtutes
1725 1123 2010 1192 signiﬁcat.

438 1222 811 1293 prudentiam,
840 1218 1224 1278 fortitudinem,
1256 1214 1687 1284 temperantiam,
1722 1212 2010 1282 justitiam.

404 1314 419 1333 ‘
441 1313 648 1368 Dicitur
667 1318 851 1366 autem
874 1309 1088 1379 Pbyson
1111 1307 1224 1376 ipse
1250 1319 1371 1361 esse
1389 1304 1622 1373 Ganges,
1655 1304 1805 1359 Geon
1832 1313 2013 1357 autem

440 1405 612 1469 Nilus,
642 1404 789 1472 quod
816 1400 981 1456 etiam
1016 1399 1072 1453 in
1108 1397 1340 1453 Jeremia
1368 1396 1629 1467 propheta
1661 1393 2014 1449 animadverti

436 1499 637 1564 potest,
670 1505 817 1546 nunc
841 1488 965 1544 aliis
986 1487 1293 1542 nominibus
1320 1485 1677 1555 appellantur,
1708 1484 1850 1539 sicut
1870 1500 2015 1541 nunc

442 1582 655 1641 Tiberis
676 1581 877 1638 dicitur
914 1578 1112 1634 ﬂuvius
1148 1578 1240 1647 qui
1292 1577 1445 1647 prius
1480 1575 1673 1631 Albula
1714 1574 2011 1631 dicebatur.

442 1670 620 1741 Tigris
638 1677 818 1725 autem
840 1676 896 1724 et
914 1667 1216 1736 Euphrates
1237 1667 1404 1720 etiam
1430 1681 1573 1720 nunc
1594 1664 1779 1721 eadem
1798 1665 2013 1723 nomina

1894 306 2183 365 WICBODI

431 422 548 479 uoti
582 433 703 477 esse
732 418 1172 487 perbiberentur.
1204 416 1342 473 Nam
1377 417 1484 475 hoc
1510 416 1685 474 solere
1717 415 2006 472 nimnullas
2030 415 2086 477 Α

3540 310 3685 369 ms

2607 412 3183 470 RECAPITULATIO.

2218 501 2295 557 De
2309 504 2583 569 paradiso,
2607 504 2749 573 {ante
2766 520 2828 558 ac
2849 502 3175 572 ﬂuminibus,
3196 512 3245 556 et
3268 500 3408 570 ligno
3435 506 3575 558 vita.

2707 606 2949 647 ιβιυοιυδ
2970 603 3018 644 ⁸.

2181 679 2518 735 Plantarerat
2545 690 2716 734 autem
2739 679 2995 735 Dominus
3036 679 3180 734 Deus
3204 681 3512 750 paradisum
3526 681 3695 738 vall-

2108 769 2266 838 ptatis
2303 785 2335 821 a
2364 769 2639 839 principio.
2681 769 2972 827 Paradisus
2995 768 3238 825 Ecclesia
3271 777 3375 833 est,
3412 770 3493 826 sic
3535 771 3694 828 enim

2109 858 2179 913 de
2208 858 2294 912 illa
2316 857 2510 928 legitur
2552 859 2608 913 in
2630 857 2870 914 Canticis
2903 857 3239 913 canticorum
3262 875 3280 912 :
3318 857 3520 913 Hortus
3558 874 3696 914 eon—

2111 945 2285 1000 clusus
2306 956 2380 1000 est
2401 962 2552 1001 soror
2573 963 2690 1001 mea
2711 944 2887 1017 (Cant.
2914 961 2987 1010 Iv,
3017 945 3122 1017 η).
3149 945 3196 1000 Α
3215 946 3483 1016 principio
3503 956 3695 1003 autem

2106 1035 2392 1106 paradisus
2404 1037 2699 1105 plantatur,
2722 1036 2848 1106 quia
2872 1036 3111 1093 Ecclesia
3122 1036 3388 1092 catholica
3413 1053 3446 1092 a
3462 1035 3697 1094 Christo

2112 1126 2376 1195 principio
2403 1126 2647 1180 omnium
2673 1128 2888 1181 condita
2913 1140 3034 1181 esse
3062 1127 3430 1196 cognoscitur.
3463 1127 3695 1183 Flavius

2112 1211 2181 1268 de
2211 1214 2460 1280 paradiso
2486 1214 2692 1278 exiens,
2716 1214 3002 1283 imaginem
3028 1222 3208 1282 portat
3234 1214 3462 1279 Christi,
3486 1216 3557 1270 de
3584 1231 3693 1285 pa-

2116 1307 2270 1356 terno
2292 1300 2439 1357 fonte
2458 1301 2688 1365 fluentis,
2708 1302 2800 1373 qui
2825 1303 3016 1372 irrigat
3027 1302 3322 1358 Ecclesium
3345 1318 3498 1358 suam
3515 1306 3695 1360 verbo

2113 1392 2511 1462 praedicationis
2553 1400 2609 1448 et
2651 1392 2793 1448 dono
2845 1392 3132 1462 baptismi;
3161 1390 3231 1445 de
3258 1407 3365 1460 quo
3410 1394 3550 1448 bene
3589 1408 3698 1460 per

2112 1482 2433 1555 prophetam
2466 1482 2665 1538 dicitur
2718 1499 2733 1536 :
2788 1482 3046 1539 Dominus
3098 1481 3241 1537 Deus
3283 1493 3461 1537 noster
3495 1470 3697 1552 ﬂuuius

2110 1571 2372 1640 gloriosus
2389 1570 2634 1627 exsiliens
2654 1572 2712 1625 in
2728 1581 2925 1627 terram
2940 1571 3216 1626 sitientem.
3241 1571 3484 1638 Quatuor
3504 1583 3695 1629 autem

2119 1661 2354 1728 paradisi
2380 1661 2597 1716 flumina
2625 1670 2854 1730 quatuor
2880 1669 3006 1718 sunt
3026 1661 3312 1733 Evangelia
3342 1662 3408 1717 ad
3429 1665 3697 1732 prndiu-

443 1739 647 1815 tenent.
694 1757 901 1824 Quibus
949 1763 1129 1811 tamen
1158 1754 1466 1811 nominibus
1494 1755 1738 1817 virtutes,
1785 1762 1847 1809 ut
1872 1754 2013 1819 dixi,
2047 1739 2093 1804 Β
2122 1750 2324 1806 tionem
2357 1752 2413 1806 in
2459 1752 2669 1808 cunctis
2715 1751 2965 1820 gentibus
2996 1751 3181 1806 missa.
3210 1751 3381 1821 Ligna
3408 1752 3693 1807 fructifera

438 1847 716 1916 spiritales
759 1844 1159 1917 signiﬁcantur,
1189 1844 1333 1915 quod
1368 1845 1532 1899 etiam
1564 1844 1801 1913 ipsorum
1843 1845 2020 1900 nomi-

442 1953 574 1995 num
595 1935 968 2006 interpretatio
994 1936 1167 1999 docet,
1208 1935 1254 1990 si
1292 1935 1416 2004 quis
1460 1934 1743 1990 Hebraeam
1785 1935 2020 2004 linguam

443 2027 530 2082 vel
556 2026 748 2096 Syram
773 2025 1097 2090 consideret,
1137 2024 1276 2080 sicut
1303 2022 1655 2087 Hierusalem,
1685 2023 1932 2092 quamvis
1952 2024 2024 2079 sit

445 2116 675 2172 visibilis
725 2123 782 2172 et
806 2124 1053 2170 terrenus
1095 2114 1262 2175 locus,
1315 2113 1584 2184 signiﬁcat
1630 2121 1808 2171 tamen
1833 2114 2024 2169 civita-

447 2215 558 2262 tem
578 2207 731 2279 pacis
762 2206 1105 2276 spiritaliter,
1132 2213 1187 2260 et
1231 2205 1363 2260 Sion
1384 2205 1632 2274 quamvis
1656 2205 1729 2261 sit
1772 2221 1927 2261 mons
1968 2206 2023 2263 in

446 2301 595 2349 terra
615 2294 1034 2364 speculationem
1066 2302 1243 2349 tamen
1281 2292 1570 2363 significat.
1603 2292 1672 2347 Et
1703 2294 1809 2348 hoc
1841 2300 2022 2350 tamen

446 2384 503 2438 in
540 2382 940 2453 Scripturarum
967 2382 1236 2453 allegoriis
1262 2382 1329 2437 ad
1378 2382 1640 2451 spiritalia
1679 2383 2024 2453 intelligenda

448 2485 595 2539 erepo
620 2469 960 2527 transfertur.
996 2471 1066 2525 Et
1088 2470 1176 2525 ille
1201 2470 1295 2539 qui
1317 2470 1676 2528 descendebat
1710 2472 1779 2525 ab
1807 2468 2026 2526 Jerusa-

450 2558 558 2613 lem
584 2559 638 2615 in
659 2557 896 2626 Iericho,
920 2559 1059 2615 sicut
1082 2559 1233 2622 dicit,
1268 2566 1324 2613 et
1343 2558 1397 2613 in
1427 2560 1512 2614 via
1539 2559 1874 2625 vulneratus,
1899 2575 2025 2615 sau—

450 2650 569 2707 cius
587 2657 643 2703 et
661 2648 952 2705 semivivus
976 2649 1199 2704 relictus
1244 2657 1330 2703 est
1353 2663 1386 2702 a
1424 2648 1725 2704 latronibus
1765 2648 1916 2719 (Luc.
1964 2665 2020 2715 ιι,

448 2735 564 2806 50).
593 2736 779 2806 utique
802 2736 920 2794 loca
958 2737 1060 2793 ista
1091 2747 1382 2801 terrarum,
1428 2739 1676 2807 quamvis
1729 2739 2022 2795 secundum

450 2823 733 2881 historiam
772 2824 826 2883 in
862 2831 1004 2882 terra
1029 2825 1394 2893 inveniantur,
1420 2826 1734 2897 spiritaliter
1760 2828 1905 2899 cogit
1939 2829 2025 2884 in-

453 2913 644 2984 telligi.

523 3021 814 3083 Prudentia
849 3038 979 3092 ergo
1012 3040 1132 3094 quae
1173 3027 1442 3097 signiﬁcat
1471 3029 1641 3097 ipsam
1696 3029 2023 3099 contempla-

452 3116 657 3171 tionem
686 3115 948 3179 veritatis,
977 3118 1043 3171 ab
1063 3118 1211 3173 omni
1237 3133 1332 3174 ore
1352 3119 1588 3174 buu'ano
1612 3120 1864 3184 alienam,
1894 3122 2022 3189 quia

450 3212 539 3261 est
562 3203 876 3270 inefl‘abilis,
919 3220 1079 3274 quam
1107 3206 1154 3261 si
1199 3207 1378 3277 eloqui
1419 3208 1570 3270 velis,
1622 3209 1857 3277 parturis
1906 3225 2025 3264 eam

450 3294 633 3365 potius
659 3309 822 3363 quam
850 3296 1018 3365 paris,
1042 3297 1173 3365 quia
1217 3306 1274 3353 et
1297 3299 1371 3353 ibi
1404 3298 1609 3353 audivit
1636 3299 1923 3368 Apostolus
1946 3301 2030 3355 in-

452 3379 688 3439 effabilia
719 3384 880 3439 verba
904 3398 1027 3452 quae
1049 3399 1157 3439 non
1180 3385 1306 3441 licet
1328 3384 1533 3442 homini
1556 3384 1723 3455 loqui.
1751 3386 1879 3442 Haec
1898 3401 2028 3457 ergo

450 3475 739 3548 prudentia
768 3484 970 3535 terram
997 3477 1209 3543 circuit,
1240 3492 1363 3547 quae
1380 3477 1544 3533 habet
1578 3493 1770 3551 aurum
1811 3486 1867 3532 et
1909 3493 2030 3532 car-

454 3563 744 3619 bunculum
775 3573 830 3619 et
854 3565 1087 3635 lapidem
1128 3567 1424 3635 prasinum,
1455 3567 1508 3622 id
1553 3576 1636 3622 est
1689 3567 2028 3638 disciplinam

453 3652 690 3718 vivendi,
729 3669 852 3722 quae
899 3655 968 3709 ab
1011 3656 1261 3712 omnibus
1306 3657 1536 3713 terrenis
1583 3657 1834 3712 sordibus
1872 3658 2027 3727 quasi

450 3742 676 3801 decocta
697 3742 964 3807 enitescit,
993 3743 1133 3798 sicut
1151 3759 1344 3798 aurum
1370 3746 1655 3812 optimum,
1671 3752 1727 3800 et
1745 3745 2029 3800 veritatem

455 3846 619 3901 quam
653 3832 801 3887 nulla
849 3832 1059 3888 falsitas
1082 3834 1277 3899 vincit,
1320 3835 1461 3890 sicut
1505 3835 1819 3890 carbunculi
1852 3834 2031 3905 fulgor

454 3927 616 3977 nocte
646 3934 753 3974 non
782 3920 1030 3985 vincitur,
1058 3930 1115 3974 et
1139 3921 1306 3976 vitam
1328 3930 1586 3978 aeternam
1611 3938 1732 3992 qua:
1758 3923 2031 3979 viriditate

454 4007 647 4080 lapidis
672 4011 879 4079 prasini
910 4009 1247 4081 signiﬁcatur
1274 4021 1496 4083 propter
1529 4015 1771 4085 vigorem
1803 4015 1897 4087 qui
1920 4031 2028 4072 non

454 4099 688 4159 arescit.-
1000 4150 1007 4157 ι
1494 4136 1497 4137 ν

525 4209 749 4267 Flavius
769 4218 949 4267 autem
975 4212 1067 4269 ille
1088 4212 1182 4283 qui
1224 4214 1419 4269 circuit
1450 4223 1651 4269 terram
1696 4213 2029 4285 Ethiopiam

453 4299 681 4356 multum
726 4300 955 4357 calidam
980 4312 1145 4372 atque
1166 4301 1483 4370 ferventem,
1515 4303 1784 4375 signiﬁcat
1815 4304 2029 4362 fortitu-

455 4390 638 4447 dinem
660 4391 841 4448 calere
863 4393 1094 4477 actionis
1116 4393 1352 4449 alacrem
1388 4400 1551 4463 atque
1576 4394 1883 4463 impigram.

528 4501 743 4556 Tertius
763 4511 941 4557 autem
968 4503 1146 4574 Tigris
1164 4504 1310 4558 vadit
1352 4512 1538 4559 contra
1578 4501 1850 4574 Assyrios,
1877 4512 1931 4559 et
1956 4504 2030 4560 si-

454 4587 679 4669 gniﬁcat
706 4591 1135 4658 temperantiam,
1168 4606 1286 4660 quae
1311 4591 1515 4646 resistit
1560 4586 1768 4645 libidini
1801 4593 2029 4646 multum

453 4677 765 4747 adversanti
810 4679 1049 4734 consiliis
1075 4680 1404 4748 prudentiae,
1436 4680 1578 4734 unde
1620 4680 1942 4750 plerumque
1973 4681 2028 4736 in

455 4766 774 4837 Scripturis,
796 4768 1003 4843 Assyrii
1032 4770 1460 4824 adversariorum
1481 4770 1600 4824 loco
1623 4778 1920 4839 ponuntur.

525 4877 762 4945 Quartus
790 4875 985 4938 ﬂuvius
1009 4893 1114 4930 non
1139 4885 1222 4932 est
1250 4878 1448 4932 dictum
1475 4887 1664 4931 contra
1685 4876 1813 4947 quid
1843 4876 2024 4943 vadat,

454 4978 548 5031 aut
576 4985 738 5049 quam
772 4979 967 5029 terram
996 4970 1321 5036 circumeat;
1346 4968 1552 5038 iustitia
1581 4969 1724 5023 enim
1748 4968 1816 5021 ad
1839 4982 2028 5025 omnes

455 5067 642 5129 partes
665 5060 858 5117 anima:
879 5060 1131 5130 pertinet,
1151 5060 1276 5130 quia
1302 5060 1416 5129 ipsa
1438 5058 1572 5113 ordo
1594 5067 1650 5114 et
1669 5057 1895 5128 arquitas
1918 5056 2028 5111 ani—
2090 5122 2100 5130 ,

458 5164 559 5203 mae
594 5156 696 5219 est,
719 5164 825 5219 qua
851 5149 954 5205 sibi
1001 5149 1106 5203 tria
1140 5149 1244 5204 ista
1288 5148 1630 5204 concorditer
1678 5146 2019 5216 copulantur.

461 5237 638 5306 Prima
685 5238 988 5309 prudentia,
1027 5241 1260 5295 secunda
1305 5238 1586 5303 fortitudo,
1617 5238 1776 5293 tertia
1825 5244 2027 5305 tempe-

460 5330 632 5389 rantia
677 5339 734 5397 et
776 5330 829 5395 in
882 5338 1081 5398 statuta
1105 5330 1444 5413 copulatione
1492 5336 1659 5405 atque
1681 5324 2024 5384 ordinatione

458 5414 684 5482 iustitia.
758 5429 777 5451 ο

529 5637 555 5666 ι
581 5626 642 5691 In
664 5624 799 5681 Gen.
831 5642 949 5699 cap.
969 5630 1023 5689 3,

2122 1854 2313 1895 names
2346 1842 2518 1896 sancti
2552 1848 2706 1905 sunt,
2730 1840 2939 1897 fructus
2963 1855 3150 1895 eorum
3174 1855 3338 1910 opera
3362 1856 3575 1896 eorum.
3598 1841 3697 1897 Li-

2120 1945 2284 2002 gnum
2305 1930 2429 1985 vitae
2457 1939 2679 1987 sanctus
2724 1938 3033 1989 sanctorum
3075 1930 3263 2000 utique
3291 1930 3573 1996 Christus,
3618 1935 3695 1990 ad

2120 2035 2280 2092 quem
2342 2021 2571 2091 quisque
2630 2020 2676 2075 si
2717 2021 3019 2089 porrexerit
3075 2034 3316 2085 manum,
3340 2022 3486 2077 vivet
3535 2022 3592 2077 in
3617 2038 3697 2077 a-

2121 2118 2354 2167 ternum.
2383 2112 2610 2182 Lignum
2627 2121 2808 2167 autem
2832 2110 3080 2166 scientia:
3104 2111 3231 2166 boni
3269 2118 3327 2166 et
3373 2112 3520 2177 mali,
3566 2128 3697 2183 pro-

2118 2203 2297 2274 prium
2322 2211 2407 2259 est
2434 2201 2726 2257 voluntatis
2751 2200 3056 2266 arbitrium,
3102 2201 3248 2272 quod
3298 2201 3355 2257 in
3397 2203 3582 2257 medio
3608 2215 3698 2259 ea

2119 2294 2356 2363 positum
2384 2293 2453 2347 ad
2474 2280 2861 2347 dinoscendiim
2894 2291 3094 2345 bonum
3141 2299 3197 2345 et
3223 2290 3441 2354 malum,
3470 2291 3539 2345 de
3584 2308 3698 2361 quo

2122 2386 2214 2456 qui
2251 2385 2438 2441 relicta
2486 2383 2660 2454 gratia
2698 2382 2795 2438 Dei
2839 2381 3158 2451 gustaverit,
3189 2391 3363 2437 morte
3405 2382 3695 2438 morietur.

2123 2471 2379 2543 Sequitur
2398 2491 2412 2527 :
2680 2536 2683 2539 _

2190 2561 2258 2615 D.
2298 2560 2434 2614 Tulit
2475 2576 2595 2631 ergo
2636 2559 2892 2615 Dominus
2937 2559 3079 2617 Deus
3117 2558 3411 2623 hminem,
3441 2568 3491 2613 et
3520 2561 3698 2631 possit

2121 2668 2240 2706 eam
2262 2652 2319 2705 in
2333 2650 2579 2721 paradiso
2610 2650 2906 2720 uoluptatis,
2932 2660 2987 2704 ut
3014 2660 3317 2721 operaretur
3339 2659 3388 2703 et
3411 2650 3699 2703 custodiret

2121 2740 2272 2799 illum
2296 2739 2450 2812 (Gen.
2480 2757 2542 2807 ιι,
2567 2740 2677 2812 l5).
2707 2740 2865 2807 Quid,
2898 2756 3048 2810 rogo,
3072 2739 3430 2808 operaretur?
3451 2740 3581 2808 quid
3602 2756 3702 2794 cu-

2122 2832 2385 2887 stodiret?
2418 2831 2746 2901 paradisum,
2775 2846 2843 2884 an
2873 2830 3019 2885 aliud
3037 2829 3284 2898 aliquid?

2193 2920 2272 2976 Μ.
2321 2919 2429 2975 Ista
2475 2921 2738 2977 sententia
2781 2918 3046 2989 duplicem
3080 2917 3486 2989 intelligentiam
3530 2918 3699 2986 parit.

2126 3012 2249 3068 Sive
2281 3012 2425 3067 enim
2471 3019 2793 3081 operaretur
2826 3011 2985 3065 homo
3030 3009 3373 3078 paradisum,
3418 3009 3473 3064 id
3514 3016 3602 3063 est
3640 3009 3702 3063 in

2123 3105 2375 3175 paradiso
2403 3102 2602 3171 aliquid
2629 3110 2961 3171 operaretur,
3007 3115 3113 3154 non
3148 3100 3466 3155 necessitate
3500 3100 3700 3161 victus,

2126 3195 2220 3250 sed
2242 3193 2592 3249 delectatione
2631 3191 2973 3261 operabatur.
3000 3189 3189 3244 Adhuc
3225 3204 3329 3243 non
3359 3199 3697 3256 pacaverat,

2124 3300 2226 3339 nec
2246 3285 2296 3338 ei
2324 3291 2467 3338 terra
2513 3283 2696 3352 spinas
2739 3292 2795 3336 et
2837 3280 3066 3336 tribulos
3091 3280 3505 3349 geminaverat,
3537 3289 3600 3365 ut
3640 3280 3699 3333 in

2124 3377 2322 3437 sudare
2349 3375 2504 3433 faciei
2544 3390 2656 3430 suae
2690 3374 2872 3429 ederet
2891 3387 3085 3442 panem
3126 3386 3303 3427 suum.
3352 3369 3469 3427 Hoc
3505 3385 3702 3440 nempe

2124 3468 2325 3527 meruit
2368 3476 2491 3537 post
2534 3474 2835 3537 peccatum.
2879 3465 3020 3520 Ante
3064 3472 3343 3534 peccatum
3382 3465 3564 3535 igitur,
3590 3481 3695 3520 non

2124 3557 2439 3628 indigentia,
2472 3572 2578 3612 non
2600 3556 2943 3621 necessitate,
2970 3556 3063 3610 sed
3091 3555 3223 3620 sola,
3246 3564 3306 3611 ut
3326 3556 3581 3620 diximus,
3606 3572 3693 3611 vo-

2126 3648 2332 3703 luntate
2360 3647 2686 3715 operabatur
2708 3646 3019 3715 paradisum
3058 3660 3155 3715 per
3194 3646 3576 3716 agriculturam
3596 3687 3612 3712 ,
3640 3663 3703 3702 e;

2124 3735 2465 3791 custodiebat
2494 3749 2588 3804 per
2624 3734 2975 3805 disciplinam,
3010 3750 3116 3791 non
3138 3742 3326 3790 contra
3353 3736 3578 3801 bestias,
3604 3752 3703 3792 ne-

2127 3839 2229 3894 que
2252 3831 2441 3880 contra
2467 3824 2645 3893 aliqua
2687 3823 2938 3879 animalia
2976 3822 3282 3892 paradisum
3320 3825 3699 3892 custodiebat;

2129 3913 2223 3968 sed
2246 3913 2348 3968 sibi
2376 3912 2604 3979 scilicet,
2635 3928 2705 3968 ne
2736 3913 3008 3966 amitteret
3030 3913 3325 3980 peccando,
3350 3914 3497 3982 quod
3518 3923 3705 3970 custo—

2129 4000 2247 4057 dire
2291 4009 2544 4071 potuerat
2572 4002 2891 4059 obediendo.
2929 3999 3055 4056 Sive
3086 4001 3264 4071 ipsum
3304 4003 3579 4059 hominem
3606 4020 3703 4075 po-

2127 4104 2264 4147 nens
2287 4091 2428 4147 Deus
2457 4091 2511 4147 in
2536 4091 2842 4160 paradisum
2872 4098 2932 4145 ut
2955 4098 3270 4160 operaretur
3301 4100 3360 4148 et
3381 4094 3700 4157 custodiret,

2128 4188 2191 4236 ut
2216 4191 2362 4238 tutus
2389 4191 2574 4248 esset;
2613 4181 2886 4251 quodlibet
2906 4182 3099 4242 horum
3122 4181 3353 4247 dicatur,
3395 4182 3514 4238 sive
3538 4184 3701 4240 bunt

2129 4276 2446 4339 operaretur
2465 4269 2769 4339 paradisum
2788 4281 2889 4337 per
2900 4267 3307 4338 agriculturam,
3336 4277 3392 4323 et
3408 4270 3705 4325 custodiret

2054 4396 2110 4459 υ
2131 4371 2228 4426 per
2253 4355 2612 4426 disciplinam,
2634 4357 2747 4412 sive
2770 4356 2943 4428 ipsum
2977 4357 3247 4459 hominem
3442 4372 3701 4428 operare-

2133 4455 2221 4502 tur
2242 4457 2302 4502 ut
2323 4448 2497 4503 bonus
2523 4455 2668 4509 esset
2693 4461 2758 4501 ac
2784 4453 2965 4512 tutus;
3004 4446 3281 4515 quodlibet
3312 4446 3508 4503 horum
3544 4447 3704 4503 intel-

2128 4538 2280 4609 ligas,
2328 4538 2591 4593 rationem
2632 4537 2794 4593 habet
2822 4535 2977 4606 juxta
3020 4546 3312 4608 utrumque
3346 4538 3700 4600 intellectum.

2129 4629 2413 4700 Sequitur:

2202 4719 2551 4790 Prwcepitque
2569 4718 2618 4772 ei
2641 4716 2897 4772 Dominus
2923 4716 3142 4772 dicens:
3178 4733 3246 4772 ea:
3267 4718 3408 4777 omni
3432 4716 3576 4787 ligno
3594 4735 3692 4788 po-

2128 4808 2292 4866 radisi
2311 4808 2541 4874 comede,
2564 4807 2628 4862 de
2651 4807 2793 4878 ligno
2821 4816 2995 4861 autem
3018 4806 3250 4865 scientiw
3268 4805 3388 4861 boni
3408 4816 3457 4860 et
3482 4808 3615 4862 ntali
3634 4825 3703 4863 ne

2126 4896 2396 4962 comedas;
2430 4899 2487 4952 in
2528 4911 2836 4966 euocarique
2881 4894 2967 4948 die
3006 4893 3292 4951 comederis
3330 4910 3397 4955 ex
3420 4910 3507 4960 eo.
3534 4906 3703 4951 morte

2125 4986 2363 5042 morieris
2391 4985 2545 5057 (Gen.
2573 5000 2644 5052 ιι,
2672 4984 2781 5057 l6).

2736 5090 3080 5135 AUGUSTINUS.

2196 5172 2265 5227 D.
2291 5169 2424 5227 Cum
2451 5169 2592 5226 Deus
2616 5166 2915 5222 minaretur
2953 5164 3158 5227 homini
3192 5174 3424 5225 mortem
3467 5164 3554 5221 die
3590 5180 3702 5234 quo

2124 5262 2303 5318 cibum
2327 5260 2554 5317 vetitum
2576 5255 2834 5327 tetigerit,
2863 5270 2962 5310 cur
2990 5269 3099 5311 non
3124 5254 3315 5317 eodem
3340 5254 3428 5315 die
3454 5261 3702 5313 mortuus

2125 5352 2335 5417 fuerat,
2364 5350 2503 5406 sicut
2528 5348 2812 5418 Scriptura
2847 5345 3012 5402 dicit:
3052 5343 3121 5400 In
3498 5342 3585 5407 die
3607 5356 3697 5399 co-

2123 5442 2347 5512 mederis
2378 5456 2445 5496 ea:
2471 5456 2549 5505 eo,
2578 5445 2747 5494 morte
2767 5435 3046 5493 morieris?

2195 5534 2274 5590 ll-
2300 5532 2540 5601 Quatvor
2562 5542 2683 5595 esse
2707 5535 2910 5593 mortes
2932 5533 3121 5589 sanat
3155 5516 3433 5596 Setinum
3470 5516 3699 5585 annib-
