3986 6168
250 336 393 397 1149

1175 333 1302 389 LIB.
1338 328 1815 401 QUIESTIONUM
1853 329 2081 388 SUPER
2118 329 2247 386 LlB.
2287 327 2604 387 GENESIS.

3381 328 3514 384 “50

247 449 486 510 stissimo
511 445 769 506 ostendit.
795 445 977 502 Prima
1019 460 1165 505 mors
1188 452 1274 500 est
1300 444 1493 499 animae
1516 457 1638 513 quat
1662 455 1820 497 suum
1849 446 1901 506 Α
1924 451 2076 507 sent,
2103 457 2212 498 non
2238 442 2320 498 eis
2345 441 2555 511 possint
2581 439 2936 497 translatione
2970 452 3080 495 non
3122 447 3300 496 morte
3332 455 3518 498 suone

249 541 452 601 deserit
470 546 795 604 creatorem,
820 552 943 593 mm
964 535 1110 590 enim
1136 533 1437 591 deseruerit
1453 539 1665 602 peccat.
1681 530 1826 594 Sine,

248 632 426 702 inquit
451 629 711 688 Dominus
738 629 794 683 in
820 627 1111 699 Evangelio
1128 666 1144 691 ,
1170 635 1405 680 mortuos
1439 622 1658 695 sepelire
1696 638 1835 676 mor-

248 732 369 779 tuos
392 736 519 776 suos
548 717 782 789 (Matth.
826 733 948 781 vm,
982 714 1115 786 22).
1148 715 1287 769 Ecce
1330 714 1498 769 habes
1538 711 1833 767 secundum

250 814 489 869 animum
523 809 841 879 sepelientes
870 816 1133 871 mortuos,
1173 812 1228 862 et
1267 820 1405 875 quos
1444 803 1710 873 sepeliant
1750 815 1836 856 se-

251 906 488 960 cundum
511 915 728 957 carnem
752 909 1010 957 mortuos.
1038 898 1165 954 Haec
1187 899 1369 966 itaque
1404 894 1674 951 sententia
1701 894 1835 949 duas

251 1001 459 1050 mortes
500 989 939 1051 manifestissime
973 987 1247 1052 ostendit,
1290 1001 1453 1041 unam
1495 984 1832 1047 animarum,

246 1083 476 1139 alteram
501 1095 809 1151 corporum.
851 1077 1031 1134 Tertia
1078 1076 1247 1133 solius
1292 1085 1377 1130 est
1418 1074 1639 1136 animae,
1672 1084 1835 1140 quam

249 1175 382 1231 dum
407 1185 476 1228 ex
503 1184 731 1239 corpore
749 1167 942 1223 exierit
962 1167 1187 1238 patitur,
1216 1164 1509 1222 secundum
1538 1162 1669 1218 illud
1692 1160 1839 1231 quod

250 1263 309 1320 in
335 1259 628 1330 Evangelia
656 1260 724 1313 de
750 1257 841 1313 1110
869 1257 1037 1312 divite
1064 1255 1295 1326 legimus
1319 1269 1335 1307 :
1359 1253 1524 1307 Pater
1549 1250 1835 1313 Abraham,

253 1351 431 1423 inquit
454 1349 625 1414 divos,
649 1348 797 1405 mitte
823 1347 952 1401 mihi
979 1345 1266 1410 Lazarum,
1297 1354 1355 1399 ut
1377 1344 1542 1413 digito
1563 1358 1659 1396 suo
1690 1339 1842 1409 tciri-

255 1450 392 1514 geret
438 1438 675 1509 linguam
726 1451 928 1500 meam,
980 1435 1107 1505 quia
1149 1434 1357 1488 crucior
1398 1434 1457 1486 in
1489 1432 1588 1485 hac
1622 1431 1841 1499 ﬂamma

255 1531 413 1603 (Luc.
440 1545 550 1593 xvi,
579 1527 693 1598 24).
721 1525 924 1592 Quarta
957 1533 1136 1579 autem
1173 1538 1350 1588 mors,
1387 1537 1510 1577 cum
1530 1540 1537 1551 -η
1550 1520 1731 1575 anima
1756 1533 1844 1574 re-

254 1619 461 1690 ceperit
492 1630 725 1686 oorpus,
767 1622 828 1669 nt
852 1613 907 1668 in
932 1614 1112 1682 ignem
1149 1613 1397 1668 mittatur
1425 1617 1709 1672 aeternum,
1757 1622 1844 1663 ser

255 1711 492 1768 cundum
514 1707 648 1764 illud
676 1706 822 1776 quod
852 1705 1112 1761 Dominus
1141 1705 1195 1759 in
1239 1702 1535 1773 Evangelio
1559 1701 1628 1756 de
1658 1699 1841 1755 futuro

1929 535 2182 591 dentibus
2200 533 2412 590 cedere.
2437 532 2569 601 Qua:
2591 549 2717 589 cum
2736 533 2810 587 ita
2829 534 2955 600 sint,
2974 549 3073 589 cur
3093 550 3201 589 non
3232 535 3519 590 credamus

1928 639 2024 681 eos
2070 633 2196 680 ante
2217 631 2499 695 peccatum
2527 624 2603 678 ita
2642 624 2964 706 genitalibus
2990 626 3251 680 membris
3287 626 3354 679 ad
3391 641 3515 694 pro-

1930 716 2195 773 creandos
2227 715 2366 771 filios
2390 716 2655 785 imperare
2681 716 2921 785 potuisse
2941 757 2956 781 ,
2995 716 3138 771 sicut
3164 716 3376 772 ueteris
3399 732 3522 786 quisa

1932 805 1989 859 in
2015 805 2258 874 quolibet
2278 819 2443 874 opere
2487 805 2669 858 anima
2696 804 2815 860 sine
2836 803 2947 859 ulla
2988 802 3237 858 molestia
3273 811 3328 858 et
3364 805 3521 875 quasi

1931 894 2143 962 pruritu
2188 893 2479 962 voluptatis
2525 899 2706 949 movet
2727 933 2744 958 ,
2794 900 2858 947 ut
2899 907 2965 948 eo
3013 901 3148 948 nutu
3191 892 3523 962 imperarent

1933 982 2211 1047 membris,
2258 982 2452 1052 quibus
2494 981 2639 1038 fetus
2678 981 2945 1048 exoritur,
2992 997 3101 1052 quo
3144 982 3374 1053 pedibus
3398 998 3526 1038 cum

1936 1073 2262 1138 ambulatur,
2290 1081 2354 1129 ut
2372 1088 2549 1142 neque
2570 1078 2697 1129 cum
2722 1075 2918 1129 ardore
2944 1074 3327 1140 seminaretur,
3351 1088 3529 1144 neque

1936 1177 2061 1217 cum
2111 1161 2299 1218 dolore
2344 1172 2650 1232 pareretur.
2703 1163 2858 1219 Nunc
2903 1179 3035 1220 vero
3080 1165 3528 1235 transgrediendo

1936 1262 2283 1323 praeceptum,
2318 1262 2521 1310 motum
2550 1254 2688 1326 legis
2717 1256 2898 1321 illius,
2945 1270 3068 1324 quae
3111 1263 3376 1325 repugnat
3423 1255 3528 1326 legi

1940 1344 2138 1399 mentis
2160 1343 2215 1398 in
2235 1345 2515 1411 membris,
2545 1353 2820 1416 concepta:
2845 1347 3040 1402 mortis
3082 1347 3283 1402 habere
3319 1364 3529 1403 merue-

1938 1441 2086 1489 runt.
2113 1433 2182 1487 Et
2206 1433 2336 1502 quid
2359 1434 2463 1489 hac
2487 1449 2647 1503 poena
2668 1434 2890 1507 iustius,
2922 1450 3084 1505 quam
3108 1445 3168 1491 ιιι
3193 1452 3300 1491 non
3324 1436 3391 1492 ad
3412 1452 3530 1492 om-

1941 1539 2068 1579 nem
2104 1531 2295 1578 nntum
2356 1525 2558 1580 serviat
2604 1540 2835 1596 corpus,
2883 1525 2940 1582 id
2987 1534 3073 1582 est
3123 1541 3255 1582 suus
3292 1526 3529 1583 famulus

1942 1615 2170 1680 animas,
2219 1617 2359 1671 sicut
2401 1616 2630 1672 Domino
2661 1632 2760 1673 suo
2789 1617 3114 1674 detrectavit
3158 1619 3274 1691 ipsa
3301 1620 3528 1675 servire.

2016 1703 2289 1760 Formatis
2335 1705 2498 1775 igitur
2540 1706 2798 1762 Dominus
2842 1707 2984 1763 Deus
3032 1708 3098 1763 de
3140 1710 3299 1764 humo
3332 1711 3531 1765 cunctis

254 1800 455 1872 judicio
485 1799 652 1856 dicit:
695 1798 777 1853 Ite
802 1798 860 1853 in
884 1798 1057 1867 ignem
1081 1806 1356 1860 aeternum,
1379 1803 1436 1849 et
1465 1793 1695 1862 reliqua.
1740 1790 1838 1846 Die
1865 1784 1914 1844 Β
1942 1795 2297 1851 animantibus
2335 1806 2490 1851 teme
2516 1806 2564 1851 et
2592 1798 2845 1853 universis
2874 1798 3172 1854 volatilibus
3193 1799 3328 1868 caeli,
3368 1800 3534 1855 addu-

258 1890 443 1959 itaque
476 1903 585 1959 quo
612 1885 855 1956 peccavit
896 1885 1089 1948 Adam,
1135 1883 1190 1939 iu
1237 1885 1417 1939 anima
1450 1890 1695 1941 mortuus
1721 1888 1838 1947 est;

256 1982 400 2039 sicut
422 1980 568 2034 enim
591 1992 790 2047 corpus
814 1976 947 2031 vivit
969 1990 1036 2031 ex
1059 1975 1257 2041 anima,
1285 1976 1360 2030 ita
1383 1976 1585 2041 anima,
1606 1982 1669 2030 ut
1687 1975 1845 2031 beate

258 2070 428 2134 vivat,
456 2083 523 2123 ex
546 2068 678 2124 Deo.
704 2066 846 2137 Ergo
871 2063 1123 2120 defuncta
1149 2065 1330 2120 anima
1353 2064 1483 2120 Adae
1497 2062 1622 2133 jure
1645 2064 1845 2119 dicitur

262 2171 495 2227 mortua,
517 2175 585 2216 ex
612 2175 739 2244 qua.
758 2166 868 2214 tres
892 2166 1079 2228 postea
1114 2167 1315 2214 sectum
1357 2168 1485 2214 sunt
1520 2168 1742 2215 mortes.
1773 2158 1846 2216 Ut

260 2256 404 2309 enim
443 2254 529 2308 ha:
555 2253 1014 2319 subsequerentnr
1041 2250 1216 2319 prima
1262 2251 1562 2320 praecessit,
1604 2250 1732 2321 quia
1778 2264 1847 2306 eo

263 2344 351 2399 die
387 2358 495 2411 quo
522 2340 768 2410 peccavit
791 2337 989 2403 Adam,
1014 2339 1067 2392 in
1105 2338 1287 2393 anima
1326 2346 1570 2394 mortuus
1596 2345 1700 2394 est.

337 2432 403 2486 ι).
436 2431 716 2497 Quomodo
740 2436 951 2498 poterat
974 2436 1207 2484 mortem
1235 2429 1429 2484 timere
1463 2428 1659 2495 Adam,
1684 2443 1846 2499 quam

266 2521 571 2577 nullatenus
594 2520 799 2577 sciebat
816 2518 839 2573 i

340 2611 419 2669 Μ.
447 2611 599 2669 Sicut
626 2610 772 2667 enim
802 2624 905 2664 nos
925 2607 1128 2664 scimus
1155 2610 1643 2673 resurrectionem,
1684 2622 1850 2679 quam

267 2715 542 2769 nunquam
576 2698 785 2767 experti
830 2712 1053 2761 sumus,
1095 2713 1198 2753 nec
1238 2698 1500 2761 vidimus,
1544 2697 1619 2750 ita
1665 2703 1724 2749 et
1763 2694 1852 2749 ille

268 2790 478 2847 sciebat
498 2796 752 2848 mortem.
794 2785 1040 2848 ﬁdentes
1074 2786 1238 2856 igitur
1278 2785 1421 2854 quod
1446 2785 1635 2839 exiens
1668 2783 1852 2837 anima

271 2896 303 2935 a
328 2893 556 2949 corpore
595 2876 760 2935 faciat
783 2883 1036 2939 mortem,
1067 2882 1122 2930 et
1166 2875 1295 2933 dum
1323 2887 1539 2930 reversa
1584 2872 1749 2928 fuerit
1796 2871 1852 2926 in

274 2984 471 3039 corpus
498 2982 655 3031 suum
684 2965 850 3022 iaciat
872 2964 1355 3029 resurrectionem;
1388 2978 1516 3021 ecce
1547 2965 1749 3021 scimus
1777 2978 1855 3019 re-

273 3060 685 3124 surrectionem,
732 3071 894 3126 quam
939 3070 1214 3124 nunquam
1247 3054 1459 3125 experti
1500 3053 1721 3111 fuimus.
1758 3052 1854 3109 Sic

1944 1889 2022 1943 πει
2047 1904 2110 1942 ea
2134 1887 2207 1942 ad
2236 1887 2406 1941 Adam
2435 1886 2590 1959 (Gen.
2623 1905 2684 1953 ιι,
2718 1888 2830 1960 19).
2862 1888 2927 1943 Et
2958 1889 3185 1959 reliqua.

2018 1977 2085 2032 Β.
2114 1977 2493 2048 Nunquidnam
2523 1978 2603 2033 sic
2625 1978 2852 2033 adduxit
2877 1980 3021 2036 Deus
3045 1981 3113 2036 ad
3144 1980 3315 2036 Adam
3342 1989 3536 2036 cuncta

1947 2068 2201 2124 animalia
2240 2077 2295 2124 et
2320 2070 2571 2124 universa
2614 2069 2852 2124 volatilia
2880 2070 3002 2126 coeli
3020 2110 3035 2136 ,
3065 2070 3338 2140 quomodo
3366 2071 3536 2124 addu-

1947 2166 2078 2215 cunt
2104 2167 2432 2227 aucupantes
2467 2167 2561 2213 aut
2588 2166 2847 2214 venantes
2876 2160 2944 2214 ad
2973 2160 3157 2214 retia?
3192 2160 3274 2213 An
3304 2158 3533 2214 forsitan

1947 2263 2051 2303 vox
2081 2249 2149 2303 de
2177 2248 2319 2303 nube
2343 2248 2485 2303 facta
2510 2246 2794 2316 jussionis,
2833 2263 2996 2317 quam
3024 2247 3385 2317 intelligerent
3412 2256 3532 2302 tan-

1950 2353 2112 2408 quam
2137 2336 2430 2393 rationales
2465 2337 2692 2404 animaa,
2740 2345 2798 2393 et
2835 2351 2901 2393 ea
2935 2337 3143 2399 audita.
3187 2336 3538 2392 nihilominus

1946 2427 2295 2484 obedierunt.

2023 2514 2102 2570 ll.
2140 2514 2259 2570 Non
2290 2515 2394 2570 hoc
2416 2524 2742 2585 acceperunt
2773 2514 3028 2570 animalia
3052 2522 3146 2569 aut
3180 2513 3451 2581 volatilia,
3479 2520 3541 2570 ut

1949 2605 2061 2660 sint
2088 2604 2297 2660 ratione
2321 2617 2571 2673 capaces,
2598 2619 2697 2675 per
2715 2619 2879 2674 quam
2898 2604 3120 2660 obedire
3140 2606 3351 2675 possint
3369 2603 3539 2660 Crea-

1949 2698 2056 2751 tori
2086 2710 2186 2751 sno
2209 2712 2224 2760 ;
2250 2694 2306 2750 in
2331 2709 2431 2750 suo
2450 2703 2631 2750 tamen
2652 2709 2849 2766 genere
2870 2696 3248 2764 obtemperant
3275 2696 3410 2761 Deo,
3431 2709 3543 2751 non

1952 2783 2259 2839 rationabili
2299 2783 2590 2854 voluptatis
2630 2784 2888 2849 arbitrio,
2928 2785 3023 2839 sed
3050 2784 3194 2838 sicut
3227 2791 3409 2840 movet
3447 2784 3539 2839 ille

1950 2872 2137 2927 omnia
2167 2873 2502 2941 temporibus
2536 2873 2875 2943 opportunis,
2900 2886 3008 2927 non
3036 2873 3151 2943 ipse
3175 2874 3545 2943 temporaliter

1954 2971 2154 3019 motus.
2198 2964 2372 3019 Movet
2396 2965 2575 3032 itaque
2603 2965 2839 3034 seipsum
2876 2965 2995 3019 sine
3037 2973 3282 3034 tempore
3317 2972 3373 3020 et
3401 2965 3544 3032 loco,

1955 3055 2126 3111 movit
2150 3061 2389 3109 creatum
2416 3055 2663 3124 spiritum
2689 3055 2806 3109 sine
2832 3054 2950 3110 loco
2976 3054 3370 3126 temporaliter.
3401 3054 3548 3111 Prae-

274 3160 330 3206 et
360 3120 447 3205 ilic
475 3120 681 3205 sciebat
725 3120 915 3216 nitique
957 3120 1185 3205 mortem
1213 3120 1337 3203 non
1365 3144 1540 3203 adhuc
1564 3158 1664 3214 per
1691 3157 1855 3212 exper
1876 3120 1927 3185 ε
1956 3149 2100 3205 cedit
2120 3148 2287 3217 igitur
2309 3120 2612 3203 substantia
2635 3164 2755 3218 quae
2780 3156 2992 3203 tantum
3022 3120 3397 3217 temporaliter
3430 3163 3548 3205 mo-

273 3241 544 3305 rientium,
575 3237 670 3292 sed
692 3251 790 3306 per
817 3235 1117 3297 scientiam.
1154 3233 1373 3290 Sciebat
1399 3233 1598 3303 quippe
1625 3231 1752 3300 quid
1772 3245 1858 3285 08-
1956 3247 2132 3294 vetur.
2163 3237 2426 3293 Praecedit
2453 3239 2636 3307 itaque
2671 3238 2973 3293 substantia
2998 3252 3118 3306 qua:
3145 3253 3248 3293 nec
3278 3246 3548 3307 tempora-

276 3341 361 3390 set
410 3332 606 3392 vivere,
650 3336 703 3384 et
739 3342 841 3397 per
863 3326 1223 3398 privationem
1268 3324 1392 3383 vita:
1435 3322 1641 3381 sciebat
1673 3321 1860 3389 utique
1959 3328 2084 3382 liter
2110 3342 2211 3382 nec
2239 3327 2482 3382 localiter
2512 3335 2781 3391 movetur,
2832 3326 2977 3379 illam
3021 3341 3142 3394 quae
3179 3326 3550 3395 temporaliter

278 3428 527 3477 mortem.
552 3418 643 3474 Sic
671 3417 914 3472 sciuntur
936 3415 1171 3471 tenebrae
1194 3429 1291 3485 per
1316 3413 1674 3483 privationem
1702 3409 1856 3474 lucis,
1958 3423 2240 3480 movetur;
2266 3415 2406 3470 idem
2432 3415 2652 3485 spiritus
2675 3415 2924 3470 conditus
2950 3421 3129 3469 movet
3172 3415 3407 3483 seipsum
3450 3430 3550 3485 per

274 3524 334 3572 et
362 3515 529 3571 scitur
554 3512 826 3569 silentium
852 3524 950 3580 per
974 3509 1329 3579 privationem
1360 3506 1535 3562 vocis:
1562 3505 1634 3558 ita
1658 3503 1861 3557 sciebat
1962 3512 2175 3573 tempus
2206 3504 2490 3569 sine'loco,
2533 3513 2779 3559 movetur
2801 3519 2997 3573 corpus
3031 3517 3130 3573 per
3156 3511 3368 3574 tempus
3394 3515 3449 3561 et
3473 3507 3551 3563 io-

275 3602 451 3662 Adam
476 3609 706 3657 mortem
734 3613 832 3668 per
864 3596 1219 3667 privationem
1244 3596 1385 3648 vitze.
1423 3590 1715 3662 Sequitur:
1960 3608 2103 3648 cum.
2133 3591 2367 3661 Spiritus
2391 3607 2521 3647 vero
2556 3601 2771 3648 creator
2794 3603 2975 3648 movet
3002 3594 3239 3662 seipsum
3273 3595 3390 3650 sine
3416 3603 3551 3649 tem-

900 3699 1248 3740 auausrnvus.
1960 3698 2093 3755 pore
2116 3691 2172 3737 et
2196 3683 2333 3738 loco.
2365 3682 2535 3753 igitur
2563 3684 2785 3752 spiritus
2812 3684 3115 3750 rationalis,
3141 3684 3232 3753 qui
3255 3694 3340 3742 est
3363 3687 3417 3741 in
3445 3687 3548 3742 ho-

351 3782 421 3835 D.
450 3779 594 3833 Dixit
625 3790 826 3845 quoque
854 3772 1109 3825 Dominus
1129 3786 1148 3823 :
1175 3769 1299 3823 Non
1319 3777 1393 3823 est
1421 3768 1613 3822 bonum
1634 3783 1743 3822 esse
1770 3767 1863 3821 Ilo-
1958 3774 2231 3839 minibus,
2261 3787 2357 3827 seu
2389 3773 2752 3838 irrationalis,
2783 3774 2947 3829 etiam
2991 3783 3047 3830 et
3086 3773 3255 3848 jussis
3283 3785 3547 3833 movetur.

280 3879 473 3931 minem
493 3872 683 3937 solum,
700 3872 957 3941 faciamus
974 3868 1022 3922 ei
1047 3867 1368 3937 adjutorium
1388 3866 1560 3921 simile
1594 3866 1678 3920 sui
1705 3864 1859 3937 (Gen.
1962 3866 2072 3922 Sed
2092 3865 2372 3921 rationalis
2393 3867 2558 3922 habet
2579 3866 2990 3939 intelligentiam
3013 3882 3111 3937 per
3130 3883 3291 3937 quam
3307 3868 3554 3938 judicare

281 3983 348 4033 ιι,
378 3964 489 4035 18).
526 3962 804 4030 Quomodo
829 3959 933 4013 hoc
958 3956 1360 4027 intelligendum
1380 3956 1406 4010 ἲ
1962 3958 2133 4029 possit
2160 3965 2339 4012 utrum
2358 3956 2528 4028 jussis
2554 3954 2889 4026 consentiat,
2941 3975 3011 4016 an
3053 3977 3164 4016 non
3207 3965 3551 4017 consentiat:

353 4055 433 4111 Μ.
476 4068 506 4097 ι
540 4053 701 4110 Certe
741 4052 788 4107 si
824 4066 857 4105 a
889 4064 976 4130 me
1001 4055 1276 4119 quaaratur
1299 4047 1368 4103 ad
1393 4058 1570 4117 ,quam
1596 4061 1710 4101 rem
1747 4046 1864 4102 ﬁeri
1964 4049 2218 4106 animalia
2249 4064 2376 4106 vero
2400 4059 2495 4106 aut
2525 4051 2762 4107 volatilia
2787 4064 2894 4106 non
2932 4059 3258 4122 acceperunt
3280 4052 3383 4107 hoc
3403 4050 3553 4122 judi-

282 4146 583 4219 oportuerit
628 4146 733 4200 hoc
775 4140 1120 4211 adiutorium,
1170 4138 1305 4193 nihil
1347 4138 1492 4193 aliud
1517 4137 1867 4208 probabiliter
1965 4141 2110 4197 cium
2134 4157 2150 4206 ;
2177 4156 2277 4211 pro
2303 4157 2403 4197 suo
2430 4150 2610 4199 tamen
2639 4155 2834 4214 genere
2862 4150 3025 4214 atque
3055 4151 3249 4199 natura
3271 4143 3427 4215 jussu
3455 4144 3561 4215 alia

283 4236 543 4301 occurrit,
568 4249 729 4305 quam
762 4239 985 4302 propter
1016 4230 1154 4286 ﬁlios
1186 4229 1570 4300 procreandos,
1607 4229 1747 4284 sicut
1772 4230 1867 4284 ad-
1965 4248 2072 4303 quo
2094 4240 2235 4288 tacta
2260 4229 2652 4305 propelluntur.
2701 4234 2856 4289 Unde
2887 4233 3130 4303 angelica
3169 4234 3559 4304 natura,jussa

281 4327 544 4398 jutorinm
566 4325 758 4398 semini
780 4332 865 4380 est
887 4323 941 4378 in
971 4332 1140 4386 terra,
1158 4330 1218 4377 ut
1234 4321 1523 4390 virgultum
1549 4338 1613 4377 ex
1638 4330 1867 4392 utraque
1966 4323 2060 4378 Dei
2082 4323 2386 4392 periit-iens,
2414 4333 2595 4377 movet
2613 4321 2780 4390 jussis
2799 4338 2960 4377 omne
2979 4339 3150 4393 genus
3175 4325 3560 4399 animantium,

285 4423 558 4469 nascatur.
628 4414 738 4469 Nec
782 4413 938 4467 video
987 4411 1115 4480 quid
1158 4410 1449 4480 prohibere
1489 4412 1759 4481 potuerit,
1804 4419 1867 4466 ut
1896 4466 1942 4486 η
1967 4414 2169 4469 ducens
2207 4425 2314 4480 quo
2359 4411 2449 4464 illa
2494 4413 2762 4467 nesciunt.
2794 4410 2855 4466 Si
2885 4411 3133 4467 homines
3164 4421 3394 4486 possunt
3418 4429 3555 4468 non-

287 4508 468 4556 essent
494 4501 573 4556 eis
616 4501 781 4555 etiam
806 4499 859 4554 in
887 4500 1138 4570 paradiso
1173 4500 1516 4555 honorabiles
1541 4502 1763 4570 nuptiae,
1804 4511 1867 4558 ut

288 4591 403 4645 sine
424 4590 533 4645 ullo
562 4590 803 4659 inquieto
824 4590 1018 4645 ardore
1042 4589 1301 4654 libidinis,
1327 4591 1446 4645 sine
1468 4590 1576 4647 ullo
1601 4591 1783 4645 labore
1802 4606 1866 4647 ac

289 4680 472 4734 dolore
497 4679 760 4749 pariendi,
800 4678 941 4735 fetus
987 4693 1056 4733 ex
1080 4693 1269 4734 eorum
1296 4677 1503 4733 semine
1535 4679 1862 4751 gigneretur.

290 4769 406 4823 Non
439 4777 499 4822 ut
517 4769 873 4824 morientibus
901 4770 1214 4837 parentibus
1245 4767 1339 4821 11111
1365 4768 1733 4833 succederent,
1771 4769 1867 4825 sed

290 4868 350 4913 ut
376 4859 481 4914 illis
499 4860 594 4929 qui
620 4860 951 4931 genuissent,
977 4858 1031 4913 in
1067 4858 1249 4927 aliquo
1271 4856 1459 4912 forma:
1481 4865 1622 4912 statu
1645 4874 1866 4915 manen-

293 4949 458 5013 tibus,
485 4963 551 5002 ex
572 4947 716 5019 ligno
742 4948 867 5003 vitae
900 4947 1045 5016 quod
1071 4946 1144 5001 ibi
1174 4946 1471 5016 plantatum
1500 4954 1640 5010 erat,
1676 4961 1868 5018 corpo-

294 5038 459 5091 ralem
486 5038 723 5107 vigorem
749 5037 1106 5102 sumentihus,
1130 5045 1185 5090 et
1207 5034 1285 5089 illi
1317 5034 1409 5105 qui
1433 5035 1780 5104 gignerentur
1799 5038 1868 5093 ad

290 5127 537 5180 cumidem
563 5127 984 5195 perducerentur
1026 5135 1250 5190 statum,
1275 5125 1446 5181 donec
1471 5134 1620 5182 certo
1642 5143 1869 5183 numero

294 5216 534 5285 impleto,
573 5216 619 5270 si
642 5215 786 5284 juste
816 5230 1005 5270 omnes
1039 5215 1457 5284 obedienterqne
1483 5215 1745 5281 viverent,
1776 5215 1870 5272 lie-

292 5312 376 5359 ret
408 5306 463 5359 in
505 5314 763 5360 aeternam
806 5306 975 5359 vitam
1015 5305 1396 5371 commutatio,
1427 5305 1570 5361 sicut
1620 5306 1870 5361 conside-

294 5395 402 5448 rari
431 5401 609 5462 potest
649 5403 705 5449 et
748 5395 813 5450 de
842 5394 1025 5449 Enoch
1045 5435 1061 5459 ,
1091 5393 1183 5464 qui
1225 5394 1350 5450 iiliis
1385 5394 1581 5465 genitis
1609 5395 1718 5451 Deo
1757 5396 1873 5466 pla-

1967 4500 2111 4556 nulla
2133 4499 2445 4554 animalium
2465 4515 2663 4570 genera
2683 4508 2963 4557 mansueta
2980 4500 3178 4571 facere,
3194 4500 3272 4557 ita
3306 4511 3367 4561 ut
3397 4518 3559 4577 (ιιιιιεπ

1967 4594 2090 4647 dam
2140 4591 2447 4649 voluntates
2488 4592 2767 4649 hominum
2794 4592 2976 4649 facere
3002 4593 3311 4663 videantur,
3350 4603 3555 4667 quanto

1965 4683 2140 4756 magis
2163 4683 2269 4740 hoc
2295 4682 2472 4754 angeli
2499 4683 2770 4752 possunt?

2035 4773 2105 4828 Β.
2140 4772 2271 4841 Quae
2315 4787 2476 4837 causa
2502 4772 2632 4829 facit
2667 4781 2726 4828 ιιι
2764 4773 2925 4839 Deus,
2986 4790 3146 4845 quem
3192 4775 3396 4839 astruis
3440 4789 3557 4828 mo-

1967 4866 2101 4931 veri,
2133 4882 2242 4923 non
2268 4875 2550 4921 moveatur
2572 4866 2627 4921 in
2654 4874 2919 4937 tempore,
2963 4876 3059 4922 aut
3090 4868 3313 4937 spiritus
3338 4873 3558 4929 creatus

1967 4960 2059 5029 qui
2089 4968 2335 5014 movetur
2361 4960 2413 5013 in
2442 4967 2700 5029 tempore,
2730 4975 2839 5015 non
2863 4968 3145 5016 moveatur
3169 4966 3224 5014 ct
3246 4959 3409 5015 loco?

2040 5049 2118 5104 Μ.
2151 5051 2292 5105 Deus
2333 5050 2423 5120 qui
2470 5050 2702 5105 instituit
2730 5059 2994 5121 tempora,
3035 5057 3200 5121 etest
3241 5056 3366 5109 ante
3415 5056 3555 5112 tem-

1967 5157 2120 5212 pora,
2145 5141 2278 5196 nihil
2302 5142 2355 5195 in
2383 5157 2447 5197 eo
2469 5152 2552 5197 est
2578 5143 2911 5211 praeteritum
2937 5150 3030 5197 aut
3055 5143 3314 5207 futurum,
3344 5141 3555 5197 nullum

1969 5232 2252 5287 consilium
2275 5248 2493 5300 novum,
2522 5231 2772 5302 nullaque
2799 5232 3056 5303 cogitatio
3079 5246 3238 5298 nova,
3268 5231 3422 5300 quasi
3449 5231 3556 5286 sci-

1970 5322 2099 5379 licet
2126 5324 2197 5378 sit
2240 5338 2379 5377 nova
2422 5330 2477 5377 ct
2521 5323 2801 5377 accedens.
2848 5321 2984 5376 Nam
3015 5321 3061 5377 si
3083 5320 3293 5376 accedit
3319 5319 3430 5376 Deo
3458 5318 3558 5373 aii-

1971 5413 2117 5481 quid,
2137 5410 2251 5479 jam
2285 5426 2391 5465 non
2423 5408 2805 5476 immutabilis;
2848 5410 3011 5480 igitur
3035 5407 3389 5465 immutabilis
3415 5405 3557 5463 Deus

292 5500 446 5551 cens,
477 5500 583 5540 non
630 5493 893 5552 mortuus,
940 5487 1032 5540 sed
1059 5486 1352 5543 translatus
1386 5495 1491 5551 est.
1520 5486 1633 5543 Cur
1659 5503 1787 5560 ergo
1819 5504 1849 5544 e

1972 5510 2075 5566 est,
2118 5501 2252 5556 nihil
2278 5501 2350 5556 illi
2391 5500 2618 5565 accedit,
2662 5499 2806 5555 nulla
2852 5515 2991 5555 nova
3030 5498 3315 5570 cogitatio,
3351 5497 3556 5554 nullum

294 5576 467 5633 Adam
494 5585 550 5633 et
574 5578 706 5643 Eva,
740 5575 953 5645 sijuste
980 5578 1223 5636 viventes
1261 5588 1411 5637 caste
1434 5581 1574 5638 ﬁlios
1595 5597 1875 5654 procreas-
1973 5607 2171 5649 novum
2212 5591 2516 5651 consilium.
2560 5589 2685 5648 [deo
2731 5606 2837 5648 non
2884 5598 3130 5649 movetm-
3162 5591 3217 5648 in
3266 5598 3511 5662 tempore
3535 5625 3555 5663 ι

369 5699 393 5727 ο
423 5685 562 5758 Aug.
593 5686 658 5743 de
680 5686 815 5743 Gen.
846 5688 913 5742 ad
939 5686 1066 5753 litt.,
1099 5688 1192 5743 lib.
1218 5704 1297 5756 ιι,
1328 5704 1446 5761 cap.
1479 5692 1534 5745 5.
