3986 6168
445 312 571 367 1151

1913 305 2207 364 WICBODI

3568 304 3723 358 “52

443 431 670 489 corpora
711 429 838 472 vero
865 431 960 470 sua
1007 416 1063 480 in
1107 415 1281 469 locum
1329 416 1647 469 movendum
1684 415 2015 471 descendunt
2043 417 2088 476 Α
2119 423 2285 468 testas
2311 413 2583 469 Creatoris
2626 413 2783 468 habet
2823 413 2963 482 apud
2986 427 3043 467 se
3069 427 3228 482 posse
3256 415 3322 467 de
3347 413 3431 468 his
3454 416 3726 468 omnibus

443 510 511 563 de
541 508 678 562 caalo
708 516 762 560 et
789 506 1085 559 ascendunt
1115 506 1168 558 in
1197 505 1412 559 malum.
1448 505 1684 574 Spiritus
1713 507 1892 574 itaque
1925 508 2024 561 ho—

446 599 649 652 minum
687 604 933 649 movetur
957 595 1009 649 in
1037 604 1279 664 tempore
1309 597 1702 650 reminiscendo
1727 598 2022 664 praeterita,

447 685 624 739 futura
669 686 1067 753 exspectando,
1113 679 1304 753 aliqua
1339 701 1475 740 nova
1523 687 1795 742 discendo.
1842 688 2026 756 Neque

449 776 591 828 enim
621 789 743 829 cum
791 775 1042 828 recordor
1077 775 1311 842 aliquam
1355 774 1636 828 lectionem
1671 785 1761 829 aut
1793 777 2024 844 aliquam

450 863 740 924 civitatem,
771 863 848 914 sic
869 870 1168 915 commotus
1195 869 1277 914 est
1303 863 1526 930 spiritus
1548 879 1697 916 meus
1722 865 2024 932 cogitando,

377 957 381 961 '
453 962 508 1005 ut
553 953 668 1004 hate
701 951 1072 1004 recordaretur
1101 966 1165 1003 ex
1212 959 1470 1019 tempore,
1513 951 1587 1004 ita
1628 961 1806 1006 motus
1851 961 1933 1006 est
1974 961 2028 1006 et

453 1043 588 1096 loco.
642 1040 792 1106 Quod
823 1039 868 1092 si
918 1040 970 1092 in
1006 1040 1122 1096 loco
1167 1048 1438 1103 movetur,
1470 1055 1537 1093 an
1577 1041 1630 1094 in
1663 1041 1831 1102 caelo,
1864 1057 1930 1093 an
1973 1041 2026 1093 in

452 1138 597 1182 terra
638 1128 922 1182 movetur?
955 1131 1080 1195 quia
1123 1129 1239 1180 sine
1283 1129 1421 1182 caelo
1465 1136 1520 1181 et
1555 1137 1696 1181 terra
1744 1127 1922 1181 nullus
1948 1138 2030 1182 est

453 1220 618 1274 locus.
652 1219 753 1274 Ubi
779 1220 924 1272 enim
953 1218 1053 1272 fuit
1078 1219 1192 1287 ipse
1220 1219 1462 1287 spiritus,
1497 1220 1549 1272 in
1579 1218 1716 1273 caelo
1746 1233 1814 1271 an
1839 1219 1892 1271 in
1924 1228 2032 1271 ter-

455 1324 534 1371 ra,
568 1316 626 1360 ut
656 1308 862 1360 videret
888 1308 1055 1374 ipsam
1091 1307 1373 1360 lectionem
1398 1306 1482 1360 vel
1519 1307 1690 1375 ipsam
1717 1307 2032 1360 civitatem?

455 1398 595 1465 Ergo
641 1397 683 1449 si
728 1397 780 1449 in
818 1395 962 1449 nullo
993 1395 1107 1449 loco
1135 1396 1286 1459 vidit,
1333 1403 1392 1448 ut
1440 1394 1834 1457 recordaretur,
1867 1395 1920 1447 in
1950 1408 2034 1447 sc-

457 1487 574 1555 ipso
605 1488 756 1540 vidit.
788 1486 851 1538 Et
879 1487 1002 1554 quia
1040 1487 1250 1538 initium
1278 1486 1458 1550 habet,
1485 1485 1737 1554 cogitatio
1763 1494 1848 1540 est
1873 1500 2034 1539 omne

457 1579 599 1648 quod
634 1578 844 1631 initium
877 1586 930 1632 ct
963 1587 1171 1648 tempus
1197 1579 1376 1631 habet.
1405 1578 1571 1644 Igitur
1605 1577 1897 1631 secundum
1938 1591 2032 1630 su-

457 1667 752 1737 pradictam
781 1667 1039 1719 rationem
1068 1667 1288 1736 spiritus
1309 1676 1522 1720 creatus
1548 1680 1643 1733 per
1670 1674 1882 1734 tempus
1921 1680 2036 1718 mo-

461 1756 572 1809 veri
615 1764 820 1824 potest,
857 1771 963 1808 non
999 1770 1095 1823 per
1140 1755 1335 1808 locum.
1383 1754 1615 1822 Spiritus
1645 1759 1773 1809 vero
1819 1763 2030 1809 creator
2063 1742 2105 1800 Β

459 1846 576 1900 sine
618 1830 857 1908 tempore
894 1854 948 1897 et
990 1844 1138 1906 loco,
1169 1857 1360 1911 corpus
1389 1850 1568 1896 autem
1609 1851 1664 1896 et
1710 1851 1950 1910 tempore
1978 1850 2035 1897 et

462 1936 600 1990 loco.
635 1934 915 2002 Sequitur:

534 2024 756 2076 Immisit
796 2040 914 2092 ergo
960 2022 1209 2074 Dominus
1249 2037 1482 2091 soporem
1532 2021 1586 2073 in
1623 2020 1810 2083 Adam,
1838 2029 1885 2074 et
1915 2019 2032 2074 tulit

462 2131 620 2168 unam
653 2114 716 2166 de
741 2115 892 2166 costis
913 2114 1046 2181 ejus,
1078 2127 1243 2179 usque
1273 2113 1382 2164 ha'c
1405 2111 1667 2164 vocabitur
1691 2112 1885 2180 virago,
1911 2111 2035 2182 quia

461 2222 525 2259 ca:
551 2206 657 2258 viro
687 2220 780 2257 suo
805 2211 1010 2272 sumpta
1032 2211 1106 2255 est
1139 2200 1292 2270 (Gen.
1323 2217 1385 2266 ιι,
1412 2201 1524 2272 21).

1042 2330 1378 2369 ιιιειιοιιιιιυε
1403 2326 1426 2353 ﬂ
1436 2353 1450 2366 .

533 2410 598 2464 Et
626 2410 774 2463 misit
797 2408 1057 2462 Dominus
1090 2407 1229 2460 Deus
1254 2405 1508 2459 exstasim
1534 2419 1696 2473 super
1712 2405 1910 2467 Adam;
1940 2418 2039 2471 pro

461 2501 674 2564 exstasi,
702 2499 752 2553 id
778 2505 860 2552 est
897 2497 1092 2551 mentis
1120 2511 1366 2560 excessu,
1394 2496 1446 2549 in
1476 2495 1701 2550 Hebraao
1739 2495 1901 2549 habet
1931 2503 2041 2546 tar-

462 2587 636 2651 dema,
671 2587 813 2655 quod
843 2586 1032 2654 Aquila
1059 2588 1364 2661 καταφορὰν,
1403 2583 1760 2654 Symmachus
1785 2584 1957 2654 κάρον,
1986 2582 2040 2636 id

462 2682 547 2727 est
571 2689 784 2742 gravem
811 2683 864 2728 et
897 2673 1218 2742 profundum
1255 2689 1501 2744 soporem
1531 2673 1864 2740 interpretati
1892 2680 2036 2727 sunt.

463 2765 704 2834 Denique
731 2767 988 2834 sequitur,
1015 2776 1064 2819 et
1103 2767 1362 2828 dormivit,
1397 2765 1627 2832 idipsum
1655 2764 1876 2816 verbum
1907 2770 1961 2815 et
1986 2762 2039 2816 in

461 2854 612 2909 Iona:
637 2854 912 2907 stertentis
935 2869 1122 2907 somno
1147 2853 1376 2921 positum
1400 2860 1482 2905 est
1504 2851 1649 2920 (Jan.
1667 2851 1730 2919 ι).
1754 2849 2038 2917 Sequitur:

541 2941 654 2995 Hoc
681 2958 817 2994 nunc
845 2957 902 2994 os
931 2958 995 2994 ea;
1019 2941 1218 2994 ossibus
1256 2942 1382 2992 meis
1408 2949 1454 2992 et
1481 2955 1602 2991 caro
1624 2937 1686 2990 de
1717 2953 1872 2990 carne
1907 2953 2037 3000 mea,

464 3033 575 3086 ha'c
617 3030 1148 3093 vocabiturmulicr,
1195 3030 1439 3099 quoniam
1480 3043 1543 3080 ωε
1576 3028 1683 3079 viro
1729 3035 1934 3094 sumpta
1968 3036 2039 3078 est

467 3121 621 3192 (Gen.
651 3137 710 3183 ιι,
741 3121 855 3189 25).
885 3119 997 3173 Non
1026 3119 1234 3172 videtur
1265 3119 1316 3171 in
1359 3117 1546 3171 Graeco
1569 3125 1622 3169 et
1649 3116 1701 3168 in
1742 3112 1931 3168 Latino
1957 3130 2042 3168 re—

466 3226 659 3267 sonare
687 3210 878 3283 [Edit.,
907 3209 1121 3280 sonare]
1151 3225 1246 3263 cur
1274 3207 1466 3261 mulier
1494 3206 1807 3275 appelletur,
1825 3206 1950 3274 quia
1975 3221 2042 3259 ex

464 3304 582 3356 viro
616 3310 826 3371 sumpta
857 3303 963 3365 sit;
1005 3302 1098 3356 sed
1125 3299 1446 3371 etymologia
1472 3299 1524 3352 in
1549 3299 1774 3350 Hebraeo
1797 3313 2043 3352 sermone

453 3404 732 3459 ,servatur,
763 3395 846 3448 vir
870 3395 1066 3463 quippe
1094 3395 1162 3457 is,
1207 3392 1401 3446 mulier
1433 3392 1559 3444 issa.
1593 3390 1757 3443 Recte
1786 3389 1948 3459 igitur
1977 3389 2042 3443 ab

465 3491 512 3544 is
557 3488 818 3557 appellata
862 3494 946 3542 est
985 3486 1176 3540 mulier
1219 3486 1344 3537 issu.
1400 3483 1550 3538 Unde
1596 3490 1651 3535 et
1692 3480 2044 3551 Symmachus

466 3577 689 3648 pulchre
709 3576 1084 3646 etymologiam
1106 3575 1269 3628 etiam
1296 3574 1347 3626 in
1375 3572 1563 3626 Graeco
1585 3571 1751 3625 voluit
1774 3570 2044 3624 custodire

467 3667 684 3720 dicens:
711 3663 837 3718 ch
858 3663 1140 3726 vocabitur,
1164 3661 1331 3736 ἀνδίιις
1354 3659 1430 3716 ὅτι
1455 3662 1506 3714 ἐκ
1525 3669 1614 3714 τοῦ
1641 3658 1821 3734 ἀνδρὸς
1848 3660 2038 3731 ἐλήφθη.

468 3752 621 3820 Quod
647 3768 744 3806 nos
767 3751 957 3805 Latine
981 3765 1266 3820 possumus
1288 3750 1464 3803 dicere
1490 3767 1501 3801 :
1533 3748 1660 3801 Ha'c
1683 3748 1948 3802 vocabitur
1972 3747 2046 3800 vi-

468 3861 614 3912 rago,
642 3845 764 3912 quia
788 3859 850 3895 ea:
870 3843 915 3895 vi
923 3859 978 3895 ro
999 3851 1202 3910 sumpta
1223 3851 1316 3894 est.
1349 3840 1515 3894 Porro
1535 3839 1864 3915 Theodotion
1884 3835 2043 3893 aliam

468 3910 846 4001 etymologiam
896 3931 1196 3996 suspicatus
1225 3939 1308 3982 est
1353 3929 1572 3982 dicens:
1621 3910 1747 3981 Huic
1782 3929 2044 3981 vocabitur

469 4019 774 4087 assumptio,
805 4019 928 4087 quia
967 4033 1029 4070 ea:
1063 4018 1169 4069 viro
1200 4027 1466 4085 assumpta
1504 4027 1598 4070 est.
1632 4017 1814 4069 Potest
1849 4016 2045 4083 quippe

469 4111 575 4161 issa
605 4106 896 4161 secundum
924 4105 1233 4158 varietatem
1273 4117 1527 4159 accentus
1558 4114 1612 4160 et
1641 4107 1922 4174 assumptio
1962 4104 2045 4158 in-

388 4206 391 4207 ⁷
470 4195 658 4264 telligi.

543 4285 570 4325 δ
590 4284 742 4350 Quod
765 4285 808 4338 si
832 4284 1094 4354 quaeritur
1119 4285 1183 4338 de
1203 4283 1343 4337 facta
1369 4293 1493 4352 post
1518 4285 1760 4350 muliere,
1777 4289 2043 4355 quomodo

463 4389 521 4428 se
551 4372 746 4427 habeat
765 4372 995 4427 causalis
1021 4372 1112 4425 illa
1133 4373 1389 4434 conditio,
1417 4381 1596 4425 utrum
1613 4373 1726 4441 jam
1749 4374 1800 4426 id
1825 4374 2036 4437 habeat,
2069 4404 2120 4463 Ι)

464 4471 523 4516 ιιι
551 4463 841 4516 secundum
877 4476 994 4514 eam
1021 4476 1241 4516 necesse
1273 4469 1416 4515 esset
1446 4476 1508 4514 ex
1533 4461 1669 4514 virili
1697 4461 1861 4516 latere
1889 4461 2043 4516 femi-

468 4567 593 4604 nam
625 4549 759 4612 ﬁeri,
787 4565 855 4607 an
882 4550 983 4603 hoc
1010 4557 1214 4603 tantum
1241 4550 1473 4604 habebat
1509 4557 1568 4601 ut
1595 4549 1708 4602 ﬁeri
1735 4557 1945 4618 posset;
1984 4560 2043 4604 ut

468 4648 650 4691 autem
677 4639 749 4691 ita
778 4638 894 4692 ﬁeri
920 4653 1139 4694 necesse
1166 4647 1328 4704 esset,
1356 4655 1463 4693 non
1497 4639 1570 4692 ibi
1591 4636 1702 4706 jam
1739 4640 2040 4705 conditum,

469 4728 562 4782 sed
595 4727 652 4780 in
681 4727 789 4781 Deo
815 4736 933 4781 erat
968 4728 1358 4782 absconditum.
1403 4729 1584 4782 Dicam
1637 4728 1762 4796 quid
1811 4729 1938 4781 mihi
1966 4729 2044 4781 vi-

470 4816 681 4872 deatur.
726 4827 747 4854 ο
781 4814 979 4872 Omnes
1025 4818 1141 4872 isne
1190 4827 1395 4872 natura:
1434 4818 1811 4871 usitatissimos
1854 4834 2044 4872 cursus

468 4907 689 4972 habent,
731 4908 988 4976 quasdam
1027 4908 1297 4963 naturales
1332 4909 1476 4978 leges
1500 4924 1642 4962 suas.
1674 4909 1752 4962 Ex
1787 4909 1871 4964 his
1899 4910 2045 4964 velut

468 4997 781 5070 primordiis
811 5014 1011 5062 rerum,
1043 4999 1220 5053 omnia
1251 5015 1368 5068 quze
1398 5001 1687 5069 gignuntur
1706 5016 1802 5054 suo
1831 5016 2042 5071 quoque

473 5098 712 5158 tempore
755 5098 974 5143 exortus
1017 5104 1404 5159 processusque
1433 5099 1668 5155 sumunt,
1716 5089 1954 5158 ﬁnesque
1990 5101 2045 5146 et

471 5178 810 5233 decessiones
830 5179 910 5231 sui
933 5179 1188 5247 cujusque
1211 5181 1439 5248 generis.
1463 5178 1610 5233 Unde
1633 5181 1691 5231 lit
1714 5187 1773 5232 ut
1794 5179 1859 5234 de
1877 5195 2042 5248 grano

471 5270 637 5323 tritici
665 5285 771 5324 non
793 5278 1042 5323 nascatur
1069 5269 1210 5334 faba,
1235 5270 1316 5324 vel
1347 5270 1411 5324 dc
1435 5270 1648 5324 homine
1665 5285 1845 5338 pecus.
1871 5271 2044 5340 Super

471 5359 614 5415 hunc
639 5370 818 5415 autem
844 5370 1048 5415 motum
1078 5377 1400 5430 cursumque
1425 5378 1602 5415 rerum
1630 5361 1924 5416 naturalem
1950 5379 2043 5432 po-

544 5521 570 5550 α
600 5510 798 5575 Quaest.
831 5510 991 5565 Hebr.

543 5580 573 5618 ιι
605 5579 740 5647 Aug.
774 5579 840 5631 de
873 5579 1008 5634 Gen.
1042 5581 1108 5634 ad
1136 5580 1262 5644 litt.,
1291 5581 1385 5635 lib.
1415 5597 1490 5643 Ix,
1521 5597 1569 5634 c.
1604 5581 1689 5634 17.

547 5659 568 5684 ε
600 5646 656 5698 In
683 5646 860 5708 editis,
897 5647 1077 5700 Omnis
1109 5650 1203 5702 iste
1228 5661 1428 5702 natura:
1466 5652 1832 5704 usitaiissinms
1861 5667 2042 5703 cursus

2124 502 2300 556 facere
2345 503 2488 557 aliud
2528 518 2688 572 quam
2727 518 2914 557 eorum
2950 503 3107 570 quasi
3149 503 3437 557 seminales
3468 505 3726 558 rationes

2123 591 2339 646 habent.
2363 591 2564 645 Horum
2584 601 2640 646 et
2665 593 2853 646 talium
2880 579 3161 647 modorum
3188 594 3428 648 rationes
3451 610 3559 648 non
3589 604 3725 648 tan-

2127 689 2238 733 tum
2269 681 2320 734 in
2353 682 2463 736 Deo
2491 689 2634 744 sunt,
2679 682 2770 736 sed
2805 682 2874 736 ab
2917 681 3006 736 illo
3032 683 3192 735 etiam
3221 683 3381 736 rebus
3405 684 3602 736 enatis
3626 684 3720 737 in-

2125 771 2250 824 ditae
2284 783 2444 840 atque
2480 781 2763 826 concretae.
2799 771 2870 827 Ut
2913 781 3091 825 autem
3123 772 3325 841 lignum
3356 774 3420 826 de
3451 782 3592 826 terra
3620 789 3722 826 ex.

2126 861 2318 925 cisum,
2343 862 2570 925 aridum,
2590 863 2910 930 perpolitum
2937 863 3052 916 sine
3073 861 3179 915 ulla
3203 862 3401 926 radice,
3423 865 3540 921 sine
3564 873 3723 917 terra

2126 959 2181 1002 et
2205 965 2342 1018 aqua
2385 957 2603 1018 repente
2637 951 2826 1004 ﬂoreat
2852 960 2907 1004 et
2931 951 3164 1005 fructum
3191 953 3393 1021 gignat,
3423 953 3572 1006 dedit
3598 969 3728 1021 qm-

2128 1038 2246 1092 dem
2274 1041 2480 1094 naturis
2505 1056 2640 1108 quas
2681 1041 2883 1094 creavit
2899 1081 2913 1106 ,
2942 1049 3002 1094 ut
3029 1057 3096 1095 ex
3119 1042 3200 1095 eis
3222 1050 3277 1094 et
3301 1047 3415 1096 haec
3440 1043 3561 1096 ﬁeri
3590 1059 3727 1112 pos-

2129 1133 2257 1186 sint.
2283 1135 2662 1188 Verumtamen
2685 1143 2739 1187 et
2763 1135 2869 1188 alio
2891 1135 3049 1190 modo
3075 1135 3225 1189 dedit
3253 1144 3313 1188 ut
3338 1151 3446 1189 non
3473 1136 3590 1190 htec
3617 1137 3726 1190 ha-

2129 1223 2318 1277 berent
2345 1225 2399 1279 in
2423 1236 2569 1280 motu
2597 1227 2845 1291 naturali,
2872 1227 2965 1281 sed
2991 1227 3044 1280 in
3079 1242 3145 1281 eo
3173 1242 3280 1296 quo
3308 1228 3381 1281 ita
3408 1235 3591 1281 creata
3621 1240 3723 1280 es—

2129 1322 2270 1378 sent,
2302 1324 2362 1368 ut
2397 1330 2580 1369 eorum
2615 1325 2806 1370 natura
2843 1331 2954 1370 suae
2991 1316 3252 1370 voluntati
3279 1316 3508 1385 amplius
3535 1315 3724 1382 subia-

2131 1412 2298 1455 ceret.
2340 1403 2512 1458 Habet
2555 1419 2683 1473 crgo
2721 1405 2860 1458 Deus
2896 1405 2951 1458 in
2982 1405 3160 1473 seipso
3193 1405 3537 1458 absconditas
3573 1419 3724 1472 quo-

2133 1492 2376 1545 rumdam
2421 1491 2680 1546 factorum
2712 1509 2934 1556 causas,
2981 1508 3115 1560 quas
3144 1494 3306 1548 rebus
3348 1494 3576 1547 conditis
3605 1507 3724 1546 non

2133 1579 2378 1634 inseruit.
2409 1582 2484 1634 lbi
2509 1590 2591 1634 est
2615 1590 2671 1634 et
2693 1583 2863 1651 gratia
2895 1597 2990 1650 per
3011 1597 3172 1650 quam
3200 1580 3335 1635 salvi
3363 1582 3496 1634 ﬁunt
3520 1596 3727 1649 pecca-

2134 1677 2299 1722 tores.
2333 1669 2463 1722 Nam
2503 1670 2644 1738 quod
2687 1670 2880 1723 attinet
2921 1670 2988 1723 ad
3035 1679 3282 1723 naturam
3312 1671 3570 1738 iniquam,
3614 1685 3724 1724 sua

2131 1761 2407 1814 voluntate
2434 1761 2804 1829 depravatam,
2830 1776 3105 1815 recursum
3126 1775 3224 1830 per
3245 1762 3586 1829 semetipsam
3605 1777 3724 1816 non

2130 1850 2308 1913 habet,
2349 1851 2442 1905 sed
2466 1866 2562 1919 per
2582 1851 2676 1905 Dei
2707 1851 2957 1920 gratiam.
2989 1851 3216 1920 Propter
3235 1851 3377 1918 quod
3397 1851 3722 1920 mysterium

2133 1942 2319 2010 gratia:
2359 1941 2474 2008 ejus
2510 1941 2796 2010 Apostolus
2842 1941 3059 2012 (Ephcs.
3098 1955 3191 2002 ιιι,
3239 1940 3293 2008 9)
3339 1940 3722 1994 absconditum

2134 2032 2288 2096 dixit,
2314 2049 2420 2086 non
2464 2033 2516 2087 in
2549 2035 2770 2097 mundo,
2798 2034 2890 2088 sed
2915 2034 2968 2087 in
3001 2034 3128 2097 Deo,
3167 2034 3260 2102 qui
3282 2033 3532 2086 universa
3567 2048 3724 2087 crea-

2134 2122 2232 2175 vit.
2258 2122 2619 2188 Quamobrem
2663 2124 2839 2178 omnia
2873 2123 3034 2177 etiam
3071 2137 3192 2191 quae
3228 2121 3294 2175 ad
3323 2123 3464 2176 hanc
3487 2123 3720 2190 gratiam

2137 2213 2537 2282 signiﬁcandam
2565 2229 2670 2269 non
2698 2214 2926 2268 naturali
2957 2223 3103 2268 motu
3133 2227 3335 2277 rerum,
3366 2212 3460 2266 sed
3490 2213 3720 2266 mirabi-

2137 2305 2262 2359 liter
2286 2305 2423 2360 facta
2449 2315 2593 2369 sunt,
2637 2321 2825 2361 eorum
2862 2306 3023 2360 etiam
3065 2320 3241 2359 causa:
3270 2305 3322 2358 in
3352 2305 3462 2358 Deo
3484 2306 3718 2359 abscon-

2138 2396 2260 2450 dita:
2286 2396 2521 2450 fuerunt.
2559 2396 2796 2462 Quorum
2821 2396 2866 2450 si
2893 2411 3058 2450 unum
3080 2403 3216 2460 erat,
3254 2394 3395 2463 quod
3423 2396 3495 2448 ita
3525 2396 3723 2449 mulier

2139 2485 2278 2539 facta
2306 2486 2473 2540 estde
2501 2487 2668 2541 latere
2689 2487 2808 2549 viri,
2839 2487 3015 2540 ethoc
3041 2485 3379 2548 dormientis,
3403 2501 3508 2540 non
3531 2485 3721 2539 habuit

2139 2578 2242 2632 hoc
2267 2579 2439 2647 prima
2472 2593 2653 2632 rerum
2684 2578 2941 2643 conditio,
2968 2577 3185 2646 quando
3208 2584 3359 2631 sexta
3400 2576 3486 2630 die
3515 2577 3721 2631 dictum

2138 2675 2261 2722 est:
2304 2666 2600 2721 Masculum
2633 2677 2681 2721 et
2710 2669 2955 2737 feminam
2987 2668 3108 2737 fecit
3145 2685 3254 2733 eos,
3283 2677 3344 2723 ut
3369 2670 3568 2724 femina
3597 2685 3720 2724 om-

2139 2762 2268 2816 nino
2309 2761 2386 2815 sic
2434 2760 2607 2825 ﬁeret,
2654 2761 2748 2816 sed
2786 2769 2992 2814 tantum
3021 2761 3124 2816 hoc
3151 2760 3356 2824 habuit,
3403 2762 3527 2829 quia
3557 2771 3611 2815 et
3639 2763 3722 2815 sic

2140 2852 2256 2905 fieri
2282 2853 2472 2922 possit.
2522 2851 2632 2907 Nec
2656 2861 2844 2906 contra
2869 2866 3062 2907 causas
3099 2867 3235 2922 quas
3262 2851 3536 2906 voluntate
3567 2853 3724 2906 iusti.

2142 2945 2262 3007 tuit,
2291 2945 2532 2999 mutabili
2565 2943 2837 2998 voluntate
2867 2943 3067 3012 aliquid
3095 2943 3296 2999 faceret
3321 2963 3334 2997 :
3375 2945 3504 3013 quid
3539 2952 3722 2997 autem

2067 3074 2117 3140 c
2144 3035 2298 3088 ﬁeret
2323 3044 2382 3088 ut
2412 3035 2554 3089 aliud
2582 3032 2802 3089 omnino
2829 3034 3069 3088 futurum
3107 3049 3216 3088 non
3246 3043 3408 3100 esset,
3436 3033 3722 3089 abscondi-

2148 3131 2258 3176 tum
2284 3131 2401 3178 erat
2428 3124 2482 3176 in
2509 3124 2618 3178 Deo
2641 3124 2731 3192 qui
2764 3124 3012 3178 universa
3034 3124 3239 3178 creavit

2665 3248 2795 3287 ιτειι
2834 3247 3178 3288 AUGUSTINUS.

2643 3342 2715 3396 De
2757 3343 2933 3396 anima
2969 3341 3223 3398 mulieris.

2211 3455 2236 3495 ἀ
2278 3454 2537 3522 Quoniam
2560 3454 2625 3510 de
2651 3469 2814 3509 carne
2839 3453 3081 3508 mulieris
3102 3453 3552 3522 quemadmodum
3579 3451 3720 3506 facta

2142 3547 2212 3601 sit
2237 3547 2512 3616 Scriptura
2539 3545 2796 3608 narravit,
2826 3544 2991 3598 tacuit
3019 3553 3197 3598 autem
3230 3543 3294 3597 de
3321 3544 3519 3604 anima,
3553 3541 3722 3596 multo

2141 3636 2312 3706 magis
2338 3651 2435 3690 nos
2462 3633 2588 3689 fecit
2639 3635 2872 3688 intentos
2905 3642 2964 3687 ut
2997 3633 3062 3688 de
3102 3634 3202 3686 hoc
3241 3633 3440 3686 mundo
3486 3643 3509 3669 ε
3550 3630 3722 3685 refelli

2141 3727 2349 3798 possint
2371 3727 2482 3780 sive
2506 3742 2612 3781 non
2639 3726 2865 3796 possint,
2895 3724 2984 3792 qui
3009 3724 3232 3779 credunt
3257 3725 3491 3777 animam
3518 3723 3583 3776 de
3606 3721 3720 3774 ani.

2143 3834 2228 3872 ma
2252 3818 2502 3883 hominis,
2519 3819 2657 3873 sicut
2681 3818 2746 3873 de
2771 3831 2933 3872 carne
2954 3832 3189 3881 carnem,
3217 3816 3334 3871 ﬁeri
3355 3832 3383 3869 a
3405 3816 3723 3886 parentibus

2143 3911 2198 3964 in
2243 3910 2382 3965 ﬁlios
2426 3911 2708 3978 utriusque
2751 3910 2829 3964 rei
2877 3907 3166 3963 transfusis
3209 3907 3528 3962 seminibus.
3584 3905 3721 3958 Hinc

2143 4003 2287 4057 enim
2334 4001 2583 4071 primitus
2627 4000 2694 4054 ad
2736 4000 2838 4054 hoc
2879 4005 3181 4062 moventur,
3229 4007 3289 4051 ut
3331 3997 3532 4058 dicant,
3577 3994 3724 4064 quod

2143 4108 2302 4146 unam
2333 4092 2569 4145 animam
2595 4091 2735 4145 Deus
2761 4088 2969 4153 fecerit,
2998 4103 3158 4156 quam
3186 4087 3416 4143 suﬁlavit
3446 4089 3499 4140 in
3522 4085 3722 4140 faciem

2144 4183 2396 4247 hominis,
2426 4197 2583 4251 quem
2614 4181 2680 4236 de
2705 4181 2920 4250 pulvere
2941 4179 3204 4243 ﬁnxerat;
3236 4188 3290 4232 et
3317 4187 3378 4232 ut
3401 4193 3468 4231 ex
3495 4176 3583 4230 illa
3603 4175 3725 4243 jam

2143 4282 2351 4325 caetera:
2377 4279 2627 4326 creentur
2641 4270 2830 4324 anima:
2855 4268 3150 4333 hominum,
3176 4268 3314 4321 sicut
3337 4283 3404 4321 ex
3432 4266 3573 4320 illius
3599 4280 3724 4320 car-

2145 4376 2212 4414 ne
2234 4361 2408 4414 omnis
2433 4361 2592 4415 etiam
2619 4376 2744 4415 caro
2770 4359 3066 4414 hominum.
3091 4357 3226 4411 Huic
3247 4355 3536 4425 suspicioni
3561 4353 3722 4408 facile

2145 4450 2464 4503 occurritur.
2499 4449 2553 4503 Si
2579 4450 2721 4503 enim
2746 4457 3022 4518 propterea
3053 4455 3241 4516 putant
3268 4446 3501 4498 animam
3528 4445 3724 4499 mulie-

2147 4539 2221 4592 ris
2245 4553 2310 4592 ex
2333 4539 2511 4591 anima
2537 4538 2636 4591 viri
2661 4537 2874 4599 factam,
2907 4536 3031 4604 quia
3058 4551 3162 4589 non
3185 4536 3442 4604 scriptum
3469 4543 3548 4588 est
3573 4534 3723 4602 quod

2146 4628 2198 4681 in
2231 4627 2472 4680 mulieris
2506 4625 2696 4679 faciem
2728 4625 3019 4678 sumaverit
3053 4624 3215 4687 Deus,
3253 4638 3352 4677 cur
3385 4623 3610 4676 credunt
3649 4639 3720 4676 ex

2145 4718 2261 4771 viro
2292 4718 2580 4770 animatam
2608 4731 2819 4784 quoque
2846 4713 3119 4778 feminam,
3147 4716 3363 4784 quando
3393 4729 3492 4768 nec
3517 4713 3574 4766 id
3603 4714 3701 4781 qui

2145 4809 2264 4862 dem
2298 4807 2554 4875 scriptum
2585 4814 2686 4860 est.

2213 4894 2290 4948 Ac
2323 4895 2554 4963 primum
2591 4893 2718 4947 illud
2753 4891 3057 4946 ﬁrmissime
3086 4899 3381 4953 teneamus,
3408 4888 3602 4943 anima:
3625 4904 3723 4940 na-

2143 4995 2318 5039 turam
2346 5001 2452 5038 non
2478 4985 2530 5038 in
2557 4992 2801 5038 naturam
2830 4983 3073 5051 corporis
3097 4981 3355 5044 converti,
3384 4989 3441 5035 ut
3463 4995 3586 5048 qua!
3600 4978 3720 5046 jam

2144 5078 2244 5132 fuit
2272 5078 2471 5141 anima,
2504 5077 2595 5130 ﬁat
2623 5091 2854 5146 corpus:
2891 5088 2990 5129 nec
3027 5075 3081 5128 in
3124 5085 3372 5128 naturam
3411 5073 3604 5126 animm
3645 5071 3722 5122 ir-

2145 5169 2443 5232 rationalis,
2475 5175 2534 5221 ut
2560 5182 2677 5234 qua:
2705 5164 2805 5219 fuit
2834 5167 3013 5218 anima
3043 5165 3278 5218 hominis
3297 5204 3311 5226 ,
3341 5163 3432 5216 fiat
3458 5162 3667 5232 pecoris
3697 5174 3715 5212 :

2144 5277 2243 5316 nec
2282 5263 2333 5314 in
2373 5269 2617 5314 naturam
2653 5258 2771 5322 Dei,
2813 5266 2872 5312 ut
2904 5273 3023 5327 qua:
3057 5256 3159 5310 fuit
3197 5256 3394 5321 anima,
3437 5255 3526 5307 ﬁat
3569 5251 3717 5321 quod

2146 5352 2285 5404 Deus
2310 5360 2409 5403 est.

2144 5505 2300 5583 habet
2318 5502 2571 5583 quasdam
2583 5499 3023 5583 lautumias/eges
3057 5515 3199 5583 suas.

2215 5574 2238 5612 ἀ
2283 5566 2399 5625 Lib.
2431 5589 2460 5625 ιι
2487 5573 2553 5626 de
2579 5571 2714 5625 Gen.
2744 5572 2812 5624 ad
2840 5566 2967 5632 littI,
2997 5583 3114 5636 cap.
3146 5566 3306 5620 1-15.

2219 5656 2241 5681 ι’
2277 5642 2427 5710 Apud
2455 5642 2830 5709 Augustinum,
2859 5655 3084 5707 quonam
3114 5638 3286 5691 modo.
