  <div class='ocr_page' id='page_1' title='image "/cluster/home/n/w/nwhite01/storage/ocr_20150623/96/hvd.32044052819901/582.png"; bbox 0 0 3986 6168; ppageno 0'>
   <div class='ocr_carea' id='block_1_1' title="bbox 315 262 453 316">
    <p class='ocr_par' dir='ltr' id='par_1_1' title="bbox 315 262 453 316">
     <span class='ocr_line' id='line_1_1' title="bbox 315 262 453 316; baseline 0.007 -1"><span class='ocrx_word' id='word_1_1' title='bbox 315 262 338 315; x_wconf 70' lang='grc' dir='ltr'><strong>«Ι</strong></span> <span class='ocrx_word' id='word_1_2' title='bbox 359 262 453 316; x_wconf 71' lang='grc'><strong>155</strong></span> 
     </span>
    </p>
   </div>
   <div class='ocr_carea' id='block_1_2' title="bbox 1234 257 2649 326">
    <p class='ocr_par' dir='ltr' id='par_1_2' title="bbox 1234 257 2649 326">
     <span class='ocr_line' id='line_1_2' title="bbox 1234 257 2649 326; baseline 0 -10"><span class='ocrx_word' id='word_1_3' title='bbox 1234 263 1358 316; x_wconf 85' lang='lat' dir='ltr'><strong>LIB.</strong></span> <span class='ocrx_word' id='word_1_4' title='bbox 1401 257 1874 326; x_wconf 64' lang='lat' dir='ltr'><strong>QUzESTIONL&#39;M</strong></span> <span class='ocrx_word' id='word_1_5' title='bbox 1911 257 2134 312; x_wconf 84' lang='lat' dir='ltr'><strong>SUPER</strong></span> <span class='ocrx_word' id='word_1_6' title='bbox 2173 259 2298 314; x_wconf 88' lang='lat' dir='ltr'><strong>LIB.</strong></span> <span class='ocrx_word' id='word_1_7' title='bbox 2341 260 2649 316; x_wconf 75' lang='lat' dir='ltr'><strong>GENESIS.</strong></span> 
     </span>
    </p>
   </div>
   <div class='ocr_carea' id='block_1_3' title="bbox 3416 270 3551 325">
    <p class='ocr_par' dir='ltr' id='par_1_3' title="bbox 3416 270 3551 325">
     <span class='ocr_line' id='line_1_3' title="bbox 3416 270 3551 325; baseline 0.022 -3"><span class='ocrx_word' id='word_1_8' title='bbox 3416 270 3551 325; x_wconf 66' lang='grc'><strong>1154</strong></span> 
     </span>
    </p>
   </div>
   <div class='ocr_carea' id='block_1_4' title="bbox 378 367 3552 440">
    <p class='ocr_par' dir='ltr' id='par_1_4' title="bbox 378 367 3552 440">
     <span class='ocr_line' id='line_1_4' title="bbox 378 367 3552 440; baseline 0.005 -17"><span class='ocrx_word' id='word_1_9' title='bbox 378 369 510 423; x_wconf 80' lang='lat' dir='ltr'><strong>illud</strong></span> <span class='ocrx_word' id='word_1_10' title='bbox 542 368 703 422; x_wconf 88' lang='lat' dir='ltr'><strong>etiam</strong></span> <span class='ocrx_word' id='word_1_11' title='bbox 735 385 839 424; x_wconf 92' lang='lat' dir='ltr'><strong>non</strong></span> <span class='ocrx_word' id='word_1_12' title='bbox 872 370 1046 423; x_wconf 87' lang='lat' dir='ltr'><strong>minus</strong></span> <span class='ocrx_word' id='word_1_13' title='bbox 1071 379 1275 423; x_wconf 85' lang='lat' dir='ltr'><strong>certum</strong></span> <span class='ocrx_word' id='word_1_14' title='bbox 1299 383 1416 422; x_wconf 89' lang='lat' dir='ltr'><strong>esse</strong></span> <span class='ocrx_word' id='word_1_15' title='bbox 1439 368 1616 431; x_wconf 69' lang='lat' dir='ltr'><strong>debet,</strong></span> <span class='ocrx_word' id='word_1_16' title='bbox 1645 367 1877 419; x_wconf 84' lang='lat' dir='ltr'><strong>animam</strong></span> <span class='ocrx_word' id='word_1_17' title='bbox 1907 368 1954 424; x_wconf 79' lang='grc' dir='ltr'>Α</span> <span class='ocrx_word' id='word_1_18' title='bbox 1982 367 2235 422; x_wconf 86' lang='lat' dir='ltr'><strong>rectionis</strong></span> <span class='ocrx_word' id='word_1_19' title='bbox 2258 383 2272 422; x_wconf 90' lang='lat'><strong>:</strong></span> <span class='ocrx_word' id='word_1_20' title='bbox 2297 371 2389 424; x_wconf 88' lang='lat' dir='ltr'><strong>sed</strong></span> <span class='ocrx_word' id='word_1_21' title='bbox 2414 385 2635 427; x_wconf 88' lang='lat' dir='ltr'><strong>necesse</strong></span> <span class='ocrx_word' id='word_1_22' title='bbox 2662 387 2781 429; x_wconf 88' lang='lat' dir='ltr'><strong>esse</strong></span> <span class='ocrx_word' id='word_1_23' title='bbox 2806 383 2862 428; x_wconf 98' lang='grc' dir='ltr'><strong>ιιι</strong></span> <span class='ocrx_word' id='word_1_24' title='bbox 2891 388 3012 430; x_wconf 87' lang='lat' dir='ltr'><strong>cum</strong></span> <span class='ocrx_word' id='word_1_25' title='bbox 3041 381 3298 435; x_wconf 83' lang='lat' dir='ltr'><strong>membris</strong></span> <span class='ocrx_word' id='word_1_26' title='bbox 3325 386 3552 440; x_wconf 88' lang='lat' dir='ltr'><strong>terrenis</strong></span> 
     </span>
    </p>
   </div>
   <div class='ocr_carea' id='block_1_5' title="bbox 314 459 1166 514">
    <p class='ocr_par' dir='ltr' id='par_1_5' title="bbox 314 459 1166 514">
     <span class='ocr_line' id='line_1_5' title="bbox 314 459 1166 514; baseline -0.004 0"><span class='ocrx_word' id='word_1_27' title='bbox 314 473 417 514; x_wconf 82' lang='lat' dir='ltr'><strong>ncn</strong></span> <span class='ocrx_word' id='word_1_28' title='bbox 442 474 561 513; x_wconf 90' lang='lat' dir='ltr'><strong>esse</strong></span> <span class='ocrx_word' id='word_1_29' title='bbox 592 459 695 512; x_wconf 88' lang='lat' dir='ltr'><strong>nisi</strong></span> <span class='ocrx_word' id='word_1_30' title='bbox 722 467 1022 512; x_wconf 75' lang='lat' dir='ltr'><strong>creaturam</strong></span> <span class='ocrx_word' id='word_1_31' title='bbox 1053 459 1166 512; x_wconf 88' lang='lat' dir='ltr'><strong>Dei.</strong></span> 
     </span>
    </p>
   </div>
   <div class='ocr_carea' id='block_1_6' title="bbox 381 548 1880 616">
    <p class='ocr_par' dir='ltr' id='par_1_6' title="bbox 381 548 1880 616">
     <span class='ocr_line' id='line_1_6' title="bbox 381 548 1880 616; baseline -0.005 -12"><span class='ocrx_word' id='word_1_32' title='bbox 381 550 531 604; x_wconf 84' lang='lat' dir='ltr'><strong>Nunc</strong></span> <span class='ocrx_word' id='word_1_33' title='bbox 554 549 737 616; x_wconf 79' lang='lat' dir='ltr'><strong>itaque</strong></span> <span class='ocrx_word' id='word_1_34' title='bbox 761 557 814 602; x_wconf 89' lang='lat' dir='ltr'><strong>et</strong></span> <span class='ocrx_word' id='word_1_35' title='bbox 838 549 964 602; x_wconf 91' lang='lat' dir='ltr'><strong>illud</strong></span> <span class='ocrx_word' id='word_1_36' title='bbox 988 548 1408 608; x_wconf 85' lang='lat' dir='ltr'><strong>consideremus,</strong></span> <span class='ocrx_word' id='word_1_37' title='bbox 1432 556 1610 601; x_wconf 91' lang='lat' dir='ltr'><strong>utrum</strong></span> <span class='ocrx_word' id='word_1_38' title='bbox 1634 555 1880 600; x_wconf 88' lang='lat' dir='ltr'><strong>neutram</strong></span> 
     </span>
    </p>
   </div>
   <div class='ocr_carea' id='block_1_7' title="bbox 311 635 1877 707">
    <p class='ocr_par' dir='ltr' id='par_1_7' title="bbox 311 635 1877 707">
     <span class='ocr_line' id='line_1_7' title="bbox 311 635 1877 707; baseline -0.003 -14"><span class='ocrx_word' id='word_1_39' title='bbox 311 638 938 701; x_wconf 80' lang='lat' dir='ltr'><strong>conﬁrmetsententiam,</strong></span> <span class='ocrx_word' id='word_1_40' title='bbox 956 639 1047 693; x_wconf 90' lang='lat' dir='ltr'><strong>sed</strong></span> <span class='ocrx_word' id='word_1_41' title='bbox 1062 639 1274 707; x_wconf 89' lang='lat' dir='ltr'><strong>utrique</strong></span> <span class='ocrx_word' id='word_1_42' title='bbox 1287 639 1453 707; x_wconf 92' lang='lat' dir='ltr'><strong>possit</strong></span> <span class='ocrx_word' id='word_1_43' title='bbox 1465 635 1877 698; x_wconf 87' lang='lat' dir='ltr'><strong>accommodari,</strong></span> 
     </span>
    </p>
   </div>
   <div class='ocr_carea' id='block_1_8' title="bbox 311 727 1881 799">
    <p class='ocr_par' dir='ltr' id='par_1_8' title="bbox 311 727 1881 799">
     <span class='ocr_line' id='line_1_8' title="bbox 311 727 1881 799; baseline -0.003 -17"><span class='ocrx_word' id='word_1_44' title='bbox 311 731 453 799; x_wconf 87' lang='lat' dir='ltr'><strong>quod</strong></span> <span class='ocrx_word' id='word_1_45' title='bbox 489 730 746 796; x_wconf 83' lang='lat' dir='ltr'><strong>scriptum</strong></span> <span class='ocrx_word' id='word_1_46' title='bbox 773 737 875 783; x_wconf 85' lang='lat' dir='ltr'><strong>est.</strong></span> <span class='ocrx_word' id='word_1_47' title='bbox 913 729 1016 782; x_wconf 88' lang='lat' dir='ltr'><strong>Per</strong></span> <span class='ocrx_word' id='word_1_48' title='bbox 1037 746 1196 782; x_wconf 85' lang='lat' dir='ltr'><strong>unum</strong></span> <span class='ocrx_word' id='word_1_49' title='bbox 1219 730 1479 781; x_wconf 80' lang='lat' dir='ltr'><strong>hominem</strong></span> <span class='ocrx_word' id='word_1_50' title='bbox 1507 737 1772 797; x_wconf 84' lang='lat' dir='ltr'><strong>peccatum</strong></span> <span class='ocrx_word' id='word_1_51' title='bbox 1799 727 1881 778; x_wconf 84' lang='lat' dir='ltr'><strong>in-</strong></span> 
     </span>
    </p>
   </div>
   <div class='ocr_carea' id='block_1_9' title="bbox 311 817 1880 887">
    <p class='ocr_par' dir='ltr' id='par_1_9' title="bbox 311 817 1880 887">
     <span class='ocr_line' id='line_1_9' title="bbox 311 817 1880 887; baseline -0.003 -16"><span class='ocrx_word' id='word_1_52' title='bbox 311 819 480 872; x_wconf 85' lang='lat' dir='ltr'><strong>troivit</strong></span> <span class='ocrx_word' id='word_1_53' title='bbox 505 820 558 871; x_wconf 83' lang='lat' dir='ltr'><strong>in</strong></span> <span class='ocrx_word' id='word_1_54' title='bbox 585 818 856 881; x_wconf 82' lang='lat' dir='ltr'><strong>mundum,</strong></span> <span class='ocrx_word' id='word_1_55' title='bbox 878 827 924 870; x_wconf 88' lang='lat' dir='ltr'><strong>et</strong></span> <span class='ocrx_word' id='word_1_56' title='bbox 945 834 1035 887; x_wconf 84' lang='lat' dir='ltr'><strong>per</strong></span> <span class='ocrx_word' id='word_1_57' title='bbox 1054 828 1319 887; x_wconf 86' lang='lat' dir='ltr'><strong>peccatum</strong></span> <span class='ocrx_word' id='word_1_58' title='bbox 1340 834 1510 877; x_wconf 86' lang='lat' dir='ltr'><strong>mors;</strong></span> <span class='ocrx_word' id='word_1_59' title='bbox 1533 826 1579 870; x_wconf 89' lang='lat' dir='ltr'><strong>et</strong></span> <span class='ocrx_word' id='word_1_60' title='bbox 1602 818 1674 869; x_wconf 88' lang='lat' dir='ltr'><strong>ita</strong></span> <span class='ocrx_word' id='word_1_61' title='bbox 1696 817 1751 868; x_wconf 86' lang='lat' dir='ltr'><strong>in</strong></span> <span class='ocrx_word' id='word_1_62' title='bbox 1776 831 1880 868; x_wconf 88' lang='lat' dir='ltr'><strong>om-</strong></span> 
     </span>
    </p>
   </div>
   <div class='ocr_carea' id='block_1_10' title="bbox 310 900 1880 976">
    <p class='ocr_par' dir='ltr' id='par_1_10' title="bbox 310 900 1880 976">
     <span class='ocr_line' id='line_1_10' title="bbox 310 900 1880 976; baseline -0.003 -16"><span class='ocrx_word' id='word_1_63' title='bbox 310 924 398 960; x_wconf 82' lang='lat' dir='ltr'><strong>nes</strong></span> <span class='ocrx_word' id='word_1_64' title='bbox 424 900 655 960; x_wconf 83' lang='lat' dir='ltr'><strong>homines</strong></span> <span class='ocrx_word' id='word_1_65' title='bbox 684 922 823 959; x_wconf 90' lang='lat' dir='ltr'><strong>mors</strong></span> <span class='ocrx_word' id='word_1_66' title='bbox 853 908 1171 976; x_wconf 73' lang='lat' dir='ltr'><strong>pertransiit,</strong></span> <span class='ocrx_word' id='word_1_67' title='bbox 1207 908 1260 959; x_wconf 87' lang='lat' dir='ltr'><strong>in</strong></span> <span class='ocrx_word' id='word_1_68' title='bbox 1293 922 1393 976; x_wconf 86' lang='lat' dir='ltr'><strong>quo</strong></span> <span class='ocrx_word' id='word_1_69' title='bbox 1431 919 1606 958; x_wconf 84' lang='lat' dir='ltr'><strong>omnes</strong></span> <span class='ocrx_word' id='word_1_70' title='bbox 1642 919 1880 974; x_wconf 82' lang='lat' dir='ltr'><strong>peccave-</strong></span> 
     </span>
    </p>
   </div>
   <div class='ocr_carea' id='block_1_11' title="bbox 310 991 1880 1066">
    <p class='ocr_par' dir='ltr' id='par_1_11' title="bbox 310 991 1880 1066">
     <span class='ocr_line' id='line_1_11' title="bbox 310 991 1880 1066; baseline -0.003 -17"><span class='ocrx_word' id='word_1_71' title='bbox 310 1006 430 1049; x_wconf 83' lang='lat' dir='ltr'><strong>runt</strong></span> <span class='ocrx_word' id='word_1_72' title='bbox 455 994 633 1066; x_wconf 88' lang='lat' dir='ltr'><strong>(Rom.</strong></span> <span class='ocrx_word' id='word_1_73' title='bbox 665 1010 719 1058; x_wconf 89' lang='lat' dir='ltr'><strong>v,</strong></span> <span class='ocrx_word' id='word_1_74' title='bbox 748 994 858 1064; x_wconf 73' lang='grc'><strong>12).</strong></span> <span class='ocrx_word' id='word_1_75' title='bbox 891 995 967 1047; x_wconf 85' lang='lat' dir='ltr'><strong>Ex</strong></span> <span class='ocrx_word' id='word_1_76' title='bbox 1005 995 1088 1048; x_wconf 90' lang='lat' dir='ltr'><strong>his</strong></span> <span class='ocrx_word' id='word_1_77' title='bbox 1119 995 1261 1048; x_wconf 88' lang='lat' dir='ltr'><strong>enim</strong></span> <span class='ocrx_word' id='word_1_78' title='bbox 1296 995 1472 1047; x_wconf 87' lang='lat' dir='ltr'><strong>verbis</strong></span> <span class='ocrx_word' id='word_1_79' title='bbox 1512 992 1751 1060; x_wconf 82' lang='lat' dir='ltr'><strong>Apostoli</strong></span> <span class='ocrx_word' id='word_1_80' title='bbox 1789 991 1880 1058; x_wconf 93' lang='lat' dir='ltr'><strong>qui</strong></span> 
     </span>
    </p>
   </div>
   <div class='ocr_carea' id='block_1_12' title="bbox 309 1082 1879 1152">
    <p class='ocr_par' dir='ltr' id='par_1_12' title="bbox 309 1082 1879 1152">
     <span class='ocr_line' id='line_1_12' title="bbox 309 1082 1879 1152; baseline -0.004 -14"><span class='ocrx_word' id='word_1_81' title='bbox 309 1083 603 1138; x_wconf 87' lang='lat' dir='ltr'><strong>defendunt</strong></span> <span class='ocrx_word' id='word_1_82' title='bbox 638 1083 938 1136; x_wconf 88' lang='lat' dir='ltr'><strong>animarum</strong></span> <span class='ocrx_word' id='word_1_83' title='bbox 971 1083 1334 1152; x_wconf 80' lang='lat' dir='ltr'><strong>propaginem,</strong></span> <span class='ocrx_word' id='word_1_84' title='bbox 1371 1082 1688 1136; x_wconf 86' lang='lat' dir='ltr'><strong>sententiam</strong></span> <span class='ocrx_word' id='word_1_85' title='bbox 1727 1095 1879 1134; x_wconf 89' lang='lat' dir='ltr'><strong>suam</strong></span> 
     </span>
    </p>
   </div>
   <div class='ocr_carea' id='block_1_13' title="bbox 309 1171 1876 1233">
    <p class='ocr_par' dir='ltr' id='par_1_13' title="bbox 309 1171 1876 1233">
     <span class='ocr_line' id='line_1_13' title="bbox 309 1171 1876 1233; baseline -0.003 -6"><span class='ocrx_word' id='word_1_86' title='bbox 309 1173 391 1227; x_wconf 87' lang='lat' dir='ltr'><strong>sic</strong></span> <span class='ocrx_word' id='word_1_87' title='bbox 416 1181 657 1226; x_wconf 89' lang='lat' dir='ltr'><strong>astruere</strong></span> <span class='ocrx_word' id='word_1_88' title='bbox 682 1171 992 1226; x_wconf 90' lang='lat' dir='ltr'><strong>moliuntur.</strong></span> <span class='ocrx_word' id='word_1_89' title='bbox 1025 1171 1082 1225; x_wconf 89' lang='lat' dir='ltr'><strong>Si</strong></span> <span class='ocrx_word' id='word_1_90' title='bbox 1117 1173 1406 1226; x_wconf 90' lang='lat' dir='ltr'><strong>secundum</strong></span> <span class='ocrx_word' id='word_1_91' title='bbox 1441 1171 1608 1226; x_wconf 91' lang='lat' dir='ltr'><strong>solam</strong></span> <span class='ocrx_word' id='word_1_92' title='bbox 1639 1185 1876 1233; x_wconf 87' lang='lat' dir='ltr'><strong>carnem,</strong></span> 
     </span>
    </p>
   </div>
   <div class='ocr_carea' id='block_1_14' title="bbox 310 1260 1880 1330">
    <p class='ocr_par' dir='ltr' id='par_1_14' title="bbox 310 1260 1880 1330">
     <span class='ocr_line' id='line_1_14' title="bbox 310 1260 1880 1330; baseline -0.001 -16"><span class='ocrx_word' id='word_1_93' title='bbox 310 1260 580 1329; x_wconf 89' lang='lat' dir='ltr'><strong>inquiunt,</strong></span> <span class='ocrx_word' id='word_1_94' title='bbox 603 1269 788 1329; x_wconf 73' lang='lat' dir='ltr'><strong>potest</strong></span> <span class='ocrx_word' id='word_1_95' title='bbox 818 1260 1038 1329; x_wconf 82' lang='lat' dir='ltr'><strong>intelligi</strong></span> <span class='ocrx_word' id='word_1_96' title='bbox 1065 1269 1341 1330; x_wconf 87' lang='lat' dir='ltr'><strong>peccatum</strong></span> <span class='ocrx_word' id='word_1_97' title='bbox 1370 1260 1451 1314; x_wconf 92' lang='lat' dir='ltr'><strong>vel</strong></span> <span class='ocrx_word' id='word_1_98' title='bbox 1477 1270 1742 1329; x_wconf 83' lang='lat' dir='ltr'><strong>peccator,</strong></span> <span class='ocrx_word' id='word_1_99' title='bbox 1773 1275 1880 1313; x_wconf 90' lang='lat' dir='ltr'><strong>non</strong></span> 
     </span>
    </p>
   </div>
   <div class='ocr_carea' id='block_1_15' title="bbox 311 1349 1876 1419">
    <p class='ocr_par' dir='ltr' id='par_1_15' title="bbox 311 1349 1876 1419">
     <span class='ocr_line' id='line_1_15' title="bbox 311 1349 1876 1419; baseline -0.003 -15"><span class='ocrx_word' id='word_1_100' title='bbox 311 1350 552 1419; x_wconf 81' lang='lat' dir='ltr'><strong>cogimur</strong></span> <span class='ocrx_word' id='word_1_101' title='bbox 579 1350 633 1402; x_wconf 92' lang='lat' dir='ltr'><strong>in</strong></span> <span class='ocrx_word' id='word_1_102' title='bbox 660 1349 744 1403; x_wconf 89' lang='lat' dir='ltr'><strong>his</strong></span> <span class='ocrx_word' id='word_1_103' title='bbox 771 1350 947 1402; x_wconf 84' lang='lat' dir='ltr'><strong>verbis</strong></span> <span class='ocrx_word' id='word_1_104' title='bbox 967 1365 1032 1403; x_wconf 80' lang='lat' dir='ltr'><strong>ex</strong></span> <span class='ocrx_word' id='word_1_105' title='bbox 1053 1350 1364 1417; x_wconf 88' lang='lat' dir='ltr'><strong>parentibus</strong></span> <span class='ocrx_word' id='word_1_106' title='bbox 1385 1351 1616 1403; x_wconf 91' lang='lat' dir='ltr'><strong>animam</strong></span> <span class='ocrx_word' id='word_1_107' title='bbox 1637 1349 1876 1403; x_wconf 82' lang='lat' dir='ltr'><strong>credere.</strong></span> 
     </span>
    </p>
   </div>
   <div class='ocr_carea' id='block_1_16' title="bbox 314 1439 1880 1508">
    <p class='ocr_par' dir='ltr' id='par_1_16' title="bbox 314 1439 1880 1508">
     <span class='ocr_line' id='line_1_16' title="bbox 314 1439 1880 1508; baseline -0.002 -14"><span class='ocrx_word' id='word_1_108' title='bbox 314 1439 372 1494; x_wconf 88' lang='lat' dir='ltr'><strong>Si</strong></span> <span class='ocrx_word' id='word_1_109' title='bbox 401 1447 599 1502; x_wconf 89' lang='lat' dir='ltr'><strong>autem,</strong></span> <span class='ocrx_word' id='word_1_110' title='bbox 631 1439 872 1507; x_wconf 80' lang='lat' dir='ltr'><strong>quamvis</strong></span> <span class='ocrx_word' id='word_1_111' title='bbox 895 1454 991 1508; x_wconf 91' lang='lat' dir='ltr'><strong>per</strong></span> <span class='ocrx_word' id='word_1_112' title='bbox 1015 1439 1319 1494; x_wconf 88' lang='lat' dir='ltr'><strong>illecebram</strong></span> <span class='ocrx_word' id='word_1_113' title='bbox 1342 1439 1539 1500; x_wconf 84' lang='lat' dir='ltr'><strong>carnis,</strong></span> <span class='ocrx_word' id='word_1_114' title='bbox 1569 1453 1674 1490; x_wconf 91' lang='lat' dir='ltr'><strong>non</strong></span> <span class='ocrx_word' id='word_1_115' title='bbox 1703 1447 1880 1491; x_wconf 76' lang='lat' dir='ltr'><strong>tamen</strong></span> 
     </span>
    </p>
   </div>
   <div class='ocr_carea' id='block_1_17' title="bbox 313 1525 1880 1599">
    <p class='ocr_par' dir='ltr' id='par_1_17' title="bbox 313 1525 1880 1599">
     <span class='ocr_line' id='line_1_17' title="bbox 313 1525 1880 1599; baseline -0.001 -16"><span class='ocrx_word' id='word_1_116' title='bbox 313 1535 499 1599; x_wconf 88' lang='lat' dir='ltr'><strong>peccat</strong></span> <span class='ocrx_word' id='word_1_117' title='bbox 541 1525 644 1581; x_wconf 90' lang='lat' dir='ltr'><strong>nisi</strong></span> <span class='ocrx_word' id='word_1_118' title='bbox 681 1531 875 1590; x_wconf 75' lang='lat' dir='ltr'><strong>anima,</strong></span> <span class='ocrx_word' id='word_1_119' title='bbox 913 1527 1180 1598; x_wconf 89' lang='lat' dir='ltr'><strong>quomodo</strong></span> <span class='ocrx_word' id='word_1_120' title='bbox 1219 1529 1584 1598; x_wconf 89' lang='lat' dir='ltr'><strong>accipiendum</strong></span> <span class='ocrx_word' id='word_1_121' title='bbox 1622 1536 1704 1581; x_wconf 90' lang='lat' dir='ltr'><strong>est</strong></span> <span class='ocrx_word' id='word_1_122' title='bbox 1739 1528 1880 1596; x_wconf 89' lang='lat' dir='ltr'><strong>quod</strong></span> 
     </span>
    </p>
   </div>
   <div class='ocr_carea' id='block_1_18' title="bbox 312 1619 1879 1690">
    <p class='ocr_par' dir='ltr' id='par_1_18' title="bbox 312 1619 1879 1690">
     <span class='ocr_line' id='line_1_18' title="bbox 312 1619 1879 1690; baseline -0.002 -16"><span class='ocrx_word' id='word_1_123' title='bbox 312 1620 515 1674; x_wconf 90' lang='lat' dir='ltr'><strong>dictum</strong></span> <span class='ocrx_word' id='word_1_124' title='bbox 554 1628 637 1672; x_wconf 90' lang='lat' dir='ltr'><strong>est</strong></span> <span class='ocrx_word' id='word_1_125' title='bbox 662 1636 686 1670; x_wconf 52' lang='lat'><strong>&#39;:</strong></span> <span class='ocrx_word' id='word_1_126' title='bbox 721 1624 776 1671; x_wconf 78' lang='lat' dir='ltr'><strong>in</strong></span> <span class='ocrx_word' id='word_1_127' title='bbox 814 1635 1132 1685; x_wconf 84' lang='lat' dir='ltr'><strong>quo_omnes</strong></span> <span class='ocrx_word' id='word_1_128' title='bbox 1169 1628 1535 1690; x_wconf 84' lang='lat' dir='ltr'><strong>peccaverunt,</strong></span> <span class='ocrx_word' id='word_1_129' title='bbox 1581 1619 1627 1672; x_wconf 88' lang='lat' dir='ltr'><strong>si</strong></span> <span class='ocrx_word' id='word_1_130' title='bbox 1669 1634 1774 1672; x_wconf 90' lang='lat' dir='ltr'><strong>non</strong></span> <span class='ocrx_word' id='word_1_131' title='bbox 1814 1632 1879 1671; x_wconf 88' lang='lat' dir='ltr'><strong>ex</strong></span> 
     </span>
    </p>
   </div>
   <div class='ocr_carea' id='block_1_19' title="bbox 1982 461 3549 541">
    <p class='ocr_par' dir='ltr' id='par_1_19' title="bbox 1982 461 3549 541">
     <span class='ocr_line' id='line_1_19' title="bbox 1982 461 3549 541; baseline 0.012 -32"><span class='ocrx_word' id='word_1_132' title='bbox 1982 468 2142 526; x_wconf 72' lang='lat' dir='ltr'><strong>atque</strong></span> <span class='ocrx_word' id='word_1_133' title='bbox 2167 461 2511 525; x_wconf 85' lang='lat' dir='ltr'><strong>mortalibus,</strong></span> <span class='ocrx_word' id='word_1_134' title='bbox 2545 463 2881 533; x_wconf 82' lang='lat' dir='ltr'><strong>maximeque</strong></span> <span class='ocrx_word' id='word_1_135' title='bbox 2909 467 2974 519; x_wconf 90' lang='lat' dir='ltr'><strong>de</strong></span> <span class='ocrx_word' id='word_1_136' title='bbox 2999 470 3203 535; x_wconf 83' lang='lat' dir='ltr'><strong>peccati</strong></span> <span class='ocrx_word' id='word_1_137' title='bbox 3233 487 3396 526; x_wconf 90' lang='lat' dir='ltr'><strong>carne</strong></span> <span class='ocrx_word' id='word_1_138' title='bbox 3422 488 3549 541; x_wconf 84' lang='lat' dir='ltr'><strong>pro—</strong></span> 
     </span>
    </p>
   </div>
   <div class='ocr_carea' id='block_1_20' title="bbox 1980 550 3553 629">
    <p class='ocr_par' dir='ltr' id='par_1_20' title="bbox 1980 550 3553 629">
     <span class='ocr_line' id='line_1_20' title="bbox 1980 550 3553 629; baseline 0.011 -29"><span class='ocrx_word' id='word_1_139' title='bbox 1980 550 2186 617; x_wconf 82' lang='lat' dir='ltr'><strong>pagatis</strong></span> <span class='ocrx_word' id='word_1_140' title='bbox 2215 552 2352 604; x_wconf 89' lang='lat' dir='ltr'><strong>miro</strong></span> <span class='ocrx_word' id='word_1_141' title='bbox 2375 553 2533 607; x_wconf 90' lang='lat' dir='ltr'><strong>modo</strong></span> <span class='ocrx_word' id='word_1_142' title='bbox 2555 564 2897 623; x_wconf 88' lang='lat' dir='ltr'><strong>coaptentur,</strong></span> <span class='ocrx_word' id='word_1_143' title='bbox 2926 568 2984 611; x_wconf 93' lang='lat' dir='ltr'><strong>ut</strong></span> <span class='ocrx_word' id='word_1_144' title='bbox 3012 575 3073 612; x_wconf 90' lang='lat' dir='ltr'><strong>ea</strong></span> <span class='ocrx_word' id='word_1_145' title='bbox 3101 562 3349 629; x_wconf 87' lang='lat' dir='ltr'><strong>primitus</strong></span> <span class='ocrx_word' id='word_1_146' title='bbox 3375 564 3553 618; x_wconf 85' lang='lat' dir='ltr'><strong>vivifi-</strong></span> 
     </span>
    </p>
   </div>
   <div class='ocr_carea' id='block_1_21' title="bbox 1980 643 3555 719">
    <p class='ocr_par' dir='ltr' id='par_1_21' title="bbox 1980 643 3555 719">
     <span class='ocr_line' id='line_1_21' title="bbox 1980 643 3555 719; baseline 0.01 -28"><span class='ocrx_word' id='word_1_147' title='bbox 1980 654 2104 694; x_wconf 88' lang='lat' dir='ltr'><strong>care</strong></span> <span class='ocrx_word' id='word_1_148' title='bbox 2119 681 2133 704; x_wconf 94' lang='lat'><strong>,</strong></span> <span class='ocrx_word' id='word_1_149' title='bbox 2156 649 2277 710; x_wconf 88' lang='lat' dir='ltr'><strong>post</strong></span> <span class='ocrx_word' id='word_1_150' title='bbox 2301 643 2460 697; x_wconf 90' lang='lat' dir='ltr'><strong>etiam</strong></span> <span class='ocrx_word' id='word_1_151' title='bbox 2481 645 2654 700; x_wconf 66' lang='lat' dir='ltr'><strong>aetatis</strong></span> <span class='ocrx_word' id='word_1_152' title='bbox 2675 662 2924 702; x_wconf 87' lang='lat' dir='ltr'><strong>accessus</strong></span> <span class='ocrx_word' id='word_1_153' title='bbox 2945 664 3130 718; x_wconf 87' lang='lat' dir='ltr'><strong>regere</strong></span> <span class='ocrx_word' id='word_1_154' title='bbox 3150 652 3389 719; x_wconf 88' lang='lat' dir='ltr'><strong>possint,</strong></span> <span class='ocrx_word' id='word_1_155' title='bbox 3435 661 3555 707; x_wconf 83' lang='lat' dir='ltr'><strong>tan-</strong></span> 
     </span>
    </p>
   </div>
   <div class='ocr_carea' id='block_1_22' title="bbox 1981 731 3556 808">
    <p class='ocr_par' dir='ltr' id='par_1_22' title="bbox 1981 731 3556 808">
     <span class='ocr_line' id='line_1_22' title="bbox 1981 731 3556 808; baseline 0.01 -27"><span class='ocrx_word' id='word_1_156' title='bbox 1981 744 2141 797; x_wconf 86' lang='lat' dir='ltr'><strong>quam</strong></span> <span class='ocrx_word' id='word_1_157' title='bbox 2169 731 2432 785; x_wconf 84' lang='lat' dir='ltr'><strong>oblivione</strong></span> <span class='ocrx_word' id='word_1_158' title='bbox 2457 743 2879 802; x_wconf 68' lang='lat' dir='ltr'><strong>prmgraventur,</strong></span> <span class='ocrx_word' id='word_1_159' title='bbox 2909 751 3029 803; x_wconf 70' lang='lat' dir='ltr'><strong>qum</strong></span> <span class='ocrx_word' id='word_1_160' title='bbox 3053 739 3096 791; x_wconf 91' lang='lat' dir='ltr'><strong>si</strong></span> <span class='ocrx_word' id='word_1_161' title='bbox 3124 748 3265 794; x_wconf 86' lang='lat' dir='ltr'><strong>esset</strong></span> <span class='ocrx_word' id='word_1_162' title='bbox 3295 741 3556 808; x_wconf 86' lang='lat' dir='ltr'><strong>quodam-</strong></span> 
     </span>
    </p>
   </div>
   <div class='ocr_carea' id='block_1_23' title="bbox 1981 819 3554 889">
    <p class='ocr_par' dir='ltr' id='par_1_23' title="bbox 1981 819 3554 889">
     <span class='ocr_line' id='line_1_23' title="bbox 1981 819 3554 889; baseline 0.011 -20"><span class='ocrx_word' id='word_1_163' title='bbox 1981 819 2138 873; x_wconf 90' lang='lat' dir='ltr'><strong>modo</strong></span> <span class='ocrx_word' id='word_1_164' title='bbox 2165 819 2582 889; x_wconf 84' lang='lat' dir='ltr'><strong>indigestabilis,</strong></span> <span class='ocrx_word' id='word_1_165' title='bbox 2613 826 2844 878; x_wconf 88' lang='lat' dir='ltr'><strong>creatori</strong></span> <span class='ocrx_word' id='word_1_166' title='bbox 2876 826 2901 864; x_wconf 73' lang='grc' dir='ltr'>δ</span> <span class='ocrx_word' id='word_1_167' title='bbox 2938 827 3206 882; x_wconf 88' lang='lat' dir='ltr'><strong>tribuitur.</strong></span> <span class='ocrx_word' id='word_1_168' title='bbox 3251 830 3384 885; x_wconf 86' lang='lat' dir='ltr'><strong>Cum</strong></span> <span class='ocrx_word' id='word_1_169' title='bbox 3422 847 3554 888; x_wconf 88' lang='lat' dir='ltr'><strong>vero</strong></span> 
     </span>
    </p>
   </div>
   <div class='ocr_carea' id='block_1_24' title="bbox 1978 910 3556 987">
    <p class='ocr_par' dir='ltr' id='par_1_24' title="bbox 1978 910 3556 987">
     <span class='ocr_line' id='line_1_24' title="bbox 1978 910 3556 987; baseline 0.01 -25"><span class='ocrx_word' id='word_1_170' title='bbox 1978 910 2235 977; x_wconf 81' lang='lat' dir='ltr'><strong>paulatim</strong></span> <span class='ocrx_word' id='word_1_171' title='bbox 2274 914 2341 965; x_wconf 89' lang='lat' dir='ltr'><strong>ab</strong></span> <span class='ocrx_word' id='word_1_172' title='bbox 2385 913 2539 981; x_wconf 87' lang='lat' dir='ltr'><strong>hujus</strong></span> <span class='ocrx_word' id='word_1_173' title='bbox 2581 915 2866 970; x_wconf 86' lang='lat' dir='ltr'><strong>oblivionis</strong></span> <span class='ocrx_word' id='word_1_174' title='bbox 2915 926 3152 987; x_wconf 88' lang='lat' dir='ltr'><strong>tempore</strong></span> <span class='ocrx_word' id='word_1_175' title='bbox 3197 919 3374 976; x_wconf 88' lang='lat' dir='ltr'><strong>anima</strong></span> <span class='ocrx_word' id='word_1_176' title='bbox 3422 924 3556 978; x_wconf 88' lang='lat' dir='ltr'><strong>resi-</strong></span> 
     </span>
    </p>
   </div>
   <div class='ocr_carea' id='block_1_25' title="bbox 1978 999 3554 1078">
    <p class='ocr_par' dir='ltr' id='par_1_25' title="bbox 1978 999 3554 1078">
     <span class='ocr_line' id='line_1_25' title="bbox 1978 999 3554 1078; baseline 0.011 -27"><span class='ocrx_word' id='word_1_177' title='bbox 1978 999 2160 1066; x_wconf 87' lang='lat' dir='ltr'><strong>piscit,</strong></span> <span class='ocrx_word' id='word_1_178' title='bbox 2205 1002 2332 1069; x_wconf 86' lang='lat' dir='ltr'><strong>quid</strong></span> <span class='ocrx_word' id='word_1_179' title='bbox 2375 1003 2424 1056; x_wconf 87' lang='lat' dir='ltr'><strong>ei</strong></span> <span class='ocrx_word' id='word_1_180' title='bbox 2465 1005 2618 1057; x_wconf 91' lang='lat' dir='ltr'><strong>obest</strong></span> <span class='ocrx_word' id='word_1_181' title='bbox 2666 1005 2809 1058; x_wconf 89' lang='lat' dir='ltr'><strong>illam</strong></span> <span class='ocrx_word' id='word_1_182' title='bbox 2857 1007 3008 1060; x_wconf 84' lang='lat' dir='ltr'><strong>velut:</strong></span> <span class='ocrx_word' id='word_1_183' title='bbox 3051 1025 3239 1064; x_wconf 86' lang='lat' dir='ltr'><strong>somno</strong></span> <span class='ocrx_word' id='word_1_184' title='bbox 3279 1013 3554 1078; x_wconf 87' lang='lat' dir='ltr'><strong>paululum</strong></span> 
     </span>
    </p>
   </div>
   <div class='ocr_carea' id='block_1_26' title="bbox 1980 1087 3555 1164">
    <p class='ocr_par' dir='ltr' id='par_1_26' title="bbox 1980 1087 3555 1164">
     <span class='ocr_line' id='line_1_26' title="bbox 1980 1087 3555 1164; baseline 0.009 -24"><span class='ocrx_word' id='word_1_185' title='bbox 1980 1087 2256 1159; x_wconf 86' lang='lat' dir='ltr'><strong>immergi,</strong></span> <span class='ocrx_word' id='word_1_186' title='bbox 2297 1091 2437 1144; x_wconf 91' lang='lat' dir='ltr'><strong>unde</strong></span> <span class='ocrx_word' id='word_1_187' title='bbox 2471 1093 2726 1160; x_wconf 87' lang='lat' dir='ltr'><strong>paulatim</strong></span> <span class='ocrx_word' id='word_1_188' title='bbox 2761 1095 3020 1164; x_wconf 86' lang='lat' dir='ltr'><strong>evigilans</strong></span> <span class='ocrx_word' id='word_1_189' title='bbox 3062 1097 3114 1150; x_wconf 92' lang='lat' dir='ltr'><strong>in</strong></span> <span class='ocrx_word' id='word_1_190' title='bbox 3151 1098 3323 1152; x_wconf 89' lang='lat' dir='ltr'><strong>lucem</strong></span> <span class='ocrx_word' id='word_1_191' title='bbox 3357 1099 3555 1154; x_wconf 89' lang='lat' dir='ltr'><strong>intelli-</strong></span> 
     </span>
    </p>
   </div>
   <div class='ocr_carea' id='block_1_27' title="bbox 1979 1181 3555 1258">
    <p class='ocr_par' dir='ltr' id='par_1_27' title="bbox 1979 1181 3555 1258">
     <span class='ocr_line' id='line_1_27' title="bbox 1979 1181 3555 1258; baseline 0.008 -26"><span class='ocrx_word' id='word_1_192' title='bbox 1979 1181 2171 1248; x_wconf 68' lang='lat' dir='ltr'><strong>gentia:</strong></span> <span class='ocrx_word' id='word_1_193' title='bbox 2198 1183 2474 1252; x_wconf 80' lang='lat' dir='ltr'><strong>emergat?</strong></span> <span class='ocrx_word' id='word_1_194' title='bbox 2521 1182 2627 1237; x_wconf 86' lang='lat' dir='ltr'><strong>Sed</strong></span> <span class='ocrx_word' id='word_1_195' title='bbox 2666 1193 2953 1254; x_wconf 87' lang='lat' dir='ltr'><strong>antequam</strong></span> <span class='ocrx_word' id='word_1_196' title='bbox 2991 1202 3088 1256; x_wconf 89' lang='lat' dir='ltr'><strong>per</strong></span> <span class='ocrx_word' id='word_1_197' title='bbox 3127 1198 3344 1243; x_wconf 74' lang='lat' dir='ltr'><strong>mtatem</strong></span> <span class='ocrx_word' id='word_1_198' title='bbox 3384 1191 3555 1258; x_wconf 88' lang='lat' dir='ltr'><strong>possit</strong></span> 
     </span>
    </p>
   </div>
   <div class='ocr_carea' id='block_1_28' title="bbox 1980 1271 3556 1339">
    <p class='ocr_par' dir='ltr' id='par_1_28' title="bbox 1980 1271 3556 1339">
     <span class='ocr_line' id='line_1_28' title="bbox 1980 1271 3556 1339; baseline 0.006 -16"><span class='ocrx_word' id='word_1_199' title='bbox 1980 1271 2272 1325; x_wconf 88' lang='lat' dir='ltr'><strong>secundum</strong></span> <span class='ocrx_word' id='word_1_200' title='bbox 2298 1272 2542 1339; x_wconf 90' lang='lat' dir='ltr'><strong>spiritum</strong></span> <span class='ocrx_word' id='word_1_201' title='bbox 2568 1273 2744 1326; x_wconf 84' lang='lat' dir='ltr'><strong>vivere</strong></span> <span class='ocrx_word' id='word_1_202' title='bbox 2767 1314 2781 1337; x_wconf 94' lang='lat'><strong>,</strong></span> <span class='ocrx_word' id='word_1_203' title='bbox 2810 1289 3027 1330; x_wconf 86' lang='lat' dir='ltr'><strong>necesse</strong></span> <span class='ocrx_word' id='word_1_204' title='bbox 3055 1277 3217 1331; x_wconf 87' lang='lat' dir='ltr'><strong>habet</strong></span> <span class='ocrx_word' id='word_1_205' title='bbox 3244 1278 3556 1333; x_wconf 86' lang='lat' dir='ltr'><strong>mediatoris</strong></span> 
     </span>
    </p>
   </div>
   <div class='ocr_carea' id='block_1_29' title="bbox 1981 1362 3556 1432">
    <p class='ocr_par' dir='ltr' id='par_1_29' title="bbox 1981 1362 3556 1432">
     <span class='ocr_line' id='line_1_29' title="bbox 1981 1362 3556 1432; baseline 0.006 -21"><span class='ocrx_word' id='word_1_206' title='bbox 1981 1370 2350 1424; x_wconf 87' lang='lat' dir='ltr'><strong>sacramento,</strong></span> <span class='ocrx_word' id='word_1_207' title='bbox 2384 1369 2442 1414; x_wconf 93' lang='lat' dir='ltr'><strong>ut</strong></span> <span class='ocrx_word' id='word_1_208' title='bbox 2471 1362 2610 1430; x_wconf 90' lang='lat' dir='ltr'><strong>quod</strong></span> <span class='ocrx_word' id='word_1_209' title='bbox 2643 1378 2738 1432; x_wconf 91' lang='lat' dir='ltr'><strong>per</strong></span> <span class='ocrx_word' id='word_1_210' title='bbox 2766 1363 2881 1432; x_wconf 83' lang='lat' dir='ltr'><strong>ejus</strong></span> <span class='ocrx_word' id='word_1_211' title='bbox 2911 1375 2934 1402; x_wconf 75' lang='grc' dir='ltr'><strong>ο</strong></span> <span class='ocrx_word' id='word_1_212' title='bbox 2970 1375 3364 1421; x_wconf 87' lang='lat' dir='ltr'><strong>sacramentum</strong></span> <span class='ocrx_word' id='word_1_213' title='bbox 3405 1376 3455 1422; x_wconf 89' lang='lat' dir='ltr'><strong>et</strong></span> <span class='ocrx_word' id='word_1_214' title='bbox 3497 1367 3556 1420; x_wconf 88' lang='lat' dir='ltr'><strong>li-</strong></span> 
     </span>
    </p>
   </div>
   <div class='ocr_carea' id='block_1_30' title="bbox 1981 1451 3549 1527">
    <p class='ocr_par' dir='ltr' id='par_1_30' title="bbox 1981 1451 3549 1527">
     <span class='ocr_line' id='line_1_30' title="bbox 1981 1451 3549 1527; baseline 0.004 -23"><span class='ocrx_word' id='word_1_215' title='bbox 1981 1451 2102 1504; x_wconf 91' lang='lat' dir='ltr'><strong>dem</strong></span> <span class='ocrx_word' id='word_1_216' title='bbox 2147 1453 2382 1506; x_wconf 91' lang='lat' dir='ltr'><strong>nondum</strong></span> <span class='ocrx_word' id='word_1_217' title='bbox 2423 1461 2633 1522; x_wconf 87' lang='lat' dir='ltr'><strong>potest,</strong></span> <span class='ocrx_word' id='word_1_218' title='bbox 2674 1471 2770 1525; x_wconf 90' lang='lat' dir='ltr'><strong>per</strong></span> <span class='ocrx_word' id='word_1_219' title='bbox 2807 1470 2992 1511; x_wconf 89' lang='lat' dir='ltr'><strong>eorum</strong></span> <span class='ocrx_word' id='word_1_220' title='bbox 3032 1459 3122 1526; x_wconf 89' lang='lat' dir='ltr'><strong>qui</strong></span> <span class='ocrx_word' id='word_1_221' title='bbox 3165 1458 3392 1527; x_wconf 88' lang='lat' dir='ltr'><strong>diligunt</strong></span> <span class='ocrx_word' id='word_1_222' title='bbox 3436 1459 3549 1512; x_wconf 81' lang='lat' dir='ltr'><strong>ﬁat.</strong></span> 
     </span>
    </p>
   </div>
   <div class='ocr_carea' id='block_1_31' title="bbox 1981 1541 3550 1614">
    <p class='ocr_par' dir='ltr' id='par_1_31' title="bbox 1981 1541 3550 1614">
     <span class='ocr_line' id='line_1_31' title="bbox 1981 1541 3550 1614; baseline 0.005 -19"><span class='ocrx_word' id='word_1_223' title='bbox 1981 1541 2117 1607; x_wconf 87' lang='lat' dir='ltr'><strong>Quid</strong></span> <span class='ocrx_word' id='word_1_224' title='bbox 2146 1559 2296 1614; x_wconf 85' lang='lat' dir='ltr'><strong>ergo,</strong></span> <span class='ocrx_word' id='word_1_225' title='bbox 2327 1545 2522 1614; x_wconf 87' lang='lat' dir='ltr'><strong>aliquis</strong></span> <span class='ocrx_word' id='word_1_226' title='bbox 2551 1547 2657 1612; x_wconf 89' lang='lat' dir='ltr'><strong>ait,</strong></span> <span class='ocrx_word' id='word_1_227' title='bbox 2689 1549 2732 1602; x_wconf 90' lang='lat' dir='ltr'><strong>si</strong></span> <span class='ocrx_word' id='word_1_228' title='bbox 2762 1550 2864 1604; x_wconf 90' lang='lat' dir='ltr'><strong>hoc</strong></span> <span class='ocrx_word' id='word_1_229' title='bbox 2891 1566 2996 1604; x_wconf 91' lang='lat' dir='ltr'><strong>non</strong></span> <span class='ocrx_word' id='word_1_230' title='bbox 3021 1552 3329 1605; x_wconf 89' lang='lat' dir='ltr'><strong>curaverint</strong></span> <span class='ocrx_word' id='word_1_231' title='bbox 3355 1552 3437 1605; x_wconf 92' lang='lat' dir='ltr'><strong>sui</strong></span> <span class='ocrx_word' id='word_1_232' title='bbox 3466 1552 3550 1604; x_wconf 85' lang='lat' dir='ltr'><strong>vel</strong></span> 
     </span>
    </p>
   </div>
   <div class='ocr_carea' id='block_1_32' title="bbox 1982 1633 3556 1706">
    <p class='ocr_par' dir='ltr' id='par_1_32' title="bbox 1982 1633 3556 1706">
     <span class='ocr_line' id='line_1_32' title="bbox 1982 1633 3556 1706; baseline 0.006 -21"><span class='ocrx_word' id='word_1_233' title='bbox 1982 1633 2314 1700; x_wconf 76' lang='lat' dir='ltr'><strong>infidelitate,</strong></span> <span class='ocrx_word' id='word_1_234' title='bbox 2354 1637 2436 1690; x_wconf 88' lang='lat' dir='ltr'><strong>vel</strong></span> <span class='ocrx_word' id='word_1_235' title='bbox 2481 1638 2834 1706; x_wconf 89' lang='lat' dir='ltr'><strong>negligentia,</strong></span> <span class='ocrx_word' id='word_1_236' title='bbox 2881 1656 2949 1694; x_wconf 90' lang='lat' dir='ltr'><strong>an</strong></span> <span class='ocrx_word' id='word_1_237' title='bbox 2993 1640 3130 1696; x_wconf 86' lang='lat' dir='ltr'><strong>forte</strong></span> <span class='ocrx_word' id='word_1_238' title='bbox 3165 1643 3298 1695; x_wconf 89' lang='lat' dir='ltr'><strong>nihil</strong></span> <span class='ocrx_word' id='word_1_239' title='bbox 3339 1642 3556 1697; x_wconf 83' lang='lat' dir='ltr'><strong>oberit?</strong></span> 
     </span>
    </p>
   </div>
   <div class='ocr_carea' id='block_1_33' title="bbox 313 1697 3555 1801">
    <p class='ocr_par' dir='ltr' id='par_1_33' title="bbox 313 1697 3555 1801">
     <span class='ocr_line' id='line_1_33' title="bbox 313 1697 3555 1801; baseline 0.003 -23"><span class='ocrx_word' id='word_1_240' title='bbox 313 1711 482 1765; x_wconf 71' lang='lat' dir='ltr'><strong>Adam</strong></span> <span class='ocrx_word' id='word_1_241' title='bbox 513 1711 674 1801; x_wconf 52' lang='lat' dir='ltr'><strong>“Flam</strong></span> <span class='ocrx_word' id='word_1_242' title='bbox 703 1709 878 1762; x_wconf 64' lang='lat' dir='ltr'><strong>anima</strong></span> <span class='ocrx_word' id='word_1_243' title='bbox 908 1720 1048 1801; x_wconf 41' lang='lat'><strong>51¢“?</strong></span> <span class='ocrx_word' id='word_1_244' title='bbox 1072 1724 1198 1764; x_wconf 69' lang='lat' dir='ltr'><strong>03m</strong></span> <span class='ocrx_word' id='word_1_245' title='bbox 1227 1718 1516 1779; x_wconf 66' lang='grc' dir='ltr'><strong>ρνορθειιω</strong></span> <span class='ocrx_word' id='word_1_246' title='bbox 1545 1709 1669 1801; x_wconf 54' lang='grc' dir='ltr'><strong>θεξῗ</strong></span> <span class='ocrx_word' id='word_1_247' title='bbox 1702 1709 1881 1763; x_wconf 55' lang='lat' dir='ltr'><strong>&quot;eris&quot;</strong></span> <span class='ocrx_word' id='word_1_248' title='bbox 1913 1697 1957 1755; x_wconf 74' lang='grc' dir='ltr'><strong>Β</strong></span> <span class='ocrx_word' id='word_1_249' title='bbox 1984 1723 2110 1792; x_wconf 91' lang='lat' dir='ltr'><strong>quid</strong></span> <span class='ocrx_word' id='word_1_250' title='bbox 2139 1739 2268 1793; x_wconf 89' lang='lat' dir='ltr'><strong>ergo</strong></span> <span class='ocrx_word' id='word_1_251' title='bbox 2295 1697 2512 1795; x_wconf 82' lang='lat' dir='ltr'><strong>prodest</strong></span> <span class='ocrx_word' id='word_1_252' title='bbox 2548 1697 2596 1781; x_wconf 69' lang='lat' dir='ltr'><strong>ei</strong></span> <span class='ocrx_word' id='word_1_253' title='bbox 2625 1697 2722 1783; x_wconf 57' lang='lat' dir='ltr'><strong>cui</strong></span> <span class='ocrx_word' id='word_1_254' title='bbox 2764 1697 3115 1784; x_wconf 82' lang='lat' dir='ltr'><strong>subvenitur?</strong></span> <span class='ocrx_word' id='word_1_255' title='bbox 3154 1732 3217 1785; x_wconf 84' lang='lat' dir='ltr'><strong>Hi</strong></span> <span class='ocrx_word' id='word_1_256' title='bbox 3257 1747 3354 1801; x_wconf 88' lang='lat' dir='ltr'><strong>pro</strong></span> <span class='ocrx_word' id='word_1_257' title='bbox 3393 1748 3555 1787; x_wconf 88' lang='lat' dir='ltr'><strong>causa</strong></span> 
     </span>
    </p>
   </div>
   <div class='ocr_carea' id='block_1_34' title="bbox 315 1799 1884 1868">
    <p class='ocr_par' dir='ltr' id='par_1_34' title="bbox 315 1799 1884 1868">
     <span class='ocr_line' id='line_1_34' title="bbox 315 1799 1884 1868; baseline -0.003 -13"><span class='ocrx_word' id='word_1_258' title='bbox 315 1802 448 1856; x_wconf 89' lang='lat' dir='ltr'><strong>sime</strong></span> <span class='ocrx_word' id='word_1_259' title='bbox 473 1800 686 1868; x_wconf 88' lang='lat' dir='ltr'><strong>quidem</strong></span> <span class='ocrx_word' id='word_1_260' title='bbox 711 1814 774 1852; x_wconf 88' lang='lat' dir='ltr'><strong>ac</strong></span> <span class='ocrx_word' id='word_1_261' title='bbox 801 1800 1143 1854; x_wconf 88' lang='lat' dir='ltr'><strong>veracissime</strong></span> <span class='ocrx_word' id='word_1_262' title='bbox 1168 1800 1424 1868; x_wconf 74' lang='lat' dir='ltr'><strong>scriptum</strong></span> <span class='ocrx_word' id='word_1_263' title='bbox 1453 1809 1534 1854; x_wconf 91' lang='lat' dir='ltr'><strong>est</strong></span> <span class='ocrx_word' id='word_1_264' title='bbox 1557 1814 1571 1852; x_wconf 87' lang='lat'><strong>:</strong></span> <span class='ocrx_word' id='word_1_265' title='bbox 1598 1799 1734 1853; x_wconf 88' lang='lat' dir='ltr'><strong>Caro</strong></span> <span class='ocrx_word' id='word_1_266' title='bbox 1757 1815 1884 1852; x_wconf 61' lang='lat' dir='ltr'><strong>conp</strong></span> 
     </span>
    </p>
   </div>
   <div class='ocr_carea' id='block_1_35' title="bbox 311 1890 1879 1962">
    <p class='ocr_par' dir='ltr' id='par_1_35' title="bbox 311 1890 1879 1962">
     <span class='ocr_line' id='line_1_35' title="bbox 311 1890 1879 1962; baseline -0.003 -16"><span class='ocrx_word' id='word_1_267' title='bbox 311 1893 526 1962; x_wconf 82' lang='lat' dir='ltr'><strong>cupiscit</strong></span> <span class='ocrx_word' id='word_1_268' title='bbox 548 1891 792 1945; x_wconf 84' lang='lat' dir='ltr'><strong>adversus</strong></span> <span class='ocrx_word' id='word_1_269' title='bbox 812 1891 1066 1960; x_wconf 77' lang='lat' dir='ltr'><strong>spiritum,</strong></span> <span class='ocrx_word' id='word_1_270' title='bbox 1096 1899 1143 1944; x_wconf 86' lang='lat' dir='ltr'><strong>et</strong></span> <span class='ocrx_word' id='word_1_271' title='bbox 1167 1892 1381 1960; x_wconf 77' lang='lat' dir='ltr'><strong>spiritus</strong></span> <span class='ocrx_word' id='word_1_272' title='bbox 1404 1890 1648 1944; x_wconf 82' lang='lat' dir='ltr'><strong>adversus</strong></span> <span class='ocrx_word' id='word_1_273' title='bbox 1669 1905 1879 1944; x_wconf 80' lang='lat' dir='ltr'><strong>carnem</strong></span> 
     </span>
    </p>
   </div>
   <div class='ocr_carea' id='block_1_36' title="bbox 313 1973 1878 2053">
    <p class='ocr_par' dir='ltr' id='par_1_36' title="bbox 313 1973 1878 2053">
     <span class='ocr_line' id='line_1_36' title="bbox 313 1973 1878 2053; baseline -0.002 -18"><span class='ocrx_word' id='word_1_274' title='bbox 313 1982 456 2053; x_wconf 77' lang='lat' dir='ltr'><strong>(Gal.</strong></span> <span class='ocrx_word' id='word_1_275' title='bbox 484 1999 534 2046; x_wconf 91' lang='lat' dir='ltr'><strong>v,</strong></span> <span class='ocrx_word' id='word_1_276' title='bbox 570 1973 690 2052; x_wconf 82' lang='lat' dir='ltr'><strong>l7);</strong></span> <span class='ocrx_word' id='word_1_277' title='bbox 725 1982 816 2036; x_wconf 90' lang='lat' dir='ltr'><strong>sed</strong></span> <span class='ocrx_word' id='word_1_278' title='bbox 849 1992 1026 2034; x_wconf 88' lang='lat' dir='ltr'><strong>tamen</strong></span> <span class='ocrx_word' id='word_1_279' title='bbox 1055 1997 1268 2036; x_wconf 89' lang='lat' dir='ltr'><strong>carnem</strong></span> <span class='ocrx_word' id='word_1_280' title='bbox 1306 1982 1421 2034; x_wconf 88' lang='lat' dir='ltr'><strong>sine</strong></span> <span class='ocrx_word' id='word_1_281' title='bbox 1463 1981 1640 2033; x_wconf 88' lang='lat' dir='ltr'><strong>anima</strong></span> <span class='ocrx_word' id='word_1_282' title='bbox 1676 1995 1878 2034; x_wconf 92' lang='lat' dir='ltr'><strong>concu-</strong></span> 
     </span>
    </p>
   </div>
   <div class='ocr_carea' id='block_1_37' title="bbox 312 2070 1880 2142">
    <p class='ocr_par' dir='ltr' id='par_1_37' title="bbox 312 2070 1880 2142">
     <span class='ocr_line' id='line_1_37' title="bbox 312 2070 1880 2142; baseline -0.002 -15"><span class='ocrx_word' id='word_1_283' title='bbox 312 2075 516 2141; x_wconf 80' lang='lat' dir='ltr'><strong>piscere</strong></span> <span class='ocrx_word' id='word_1_284' title='bbox 546 2073 676 2126; x_wconf 89' lang='lat' dir='ltr'><strong>nihil</strong></span> <span class='ocrx_word' id='word_1_285' title='bbox 700 2083 846 2142; x_wconf 90' lang='lat' dir='ltr'><strong>puto,</strong></span> <span class='ocrx_word' id='word_1_286' title='bbox 876 2071 1016 2141; x_wconf 89' lang='lat' dir='ltr'><strong>quod</strong></span> <span class='ocrx_word' id='word_1_287' title='bbox 1041 2072 1216 2125; x_wconf 89' lang='lat' dir='ltr'><strong>omnis</strong></span> <span class='ocrx_word' id='word_1_288' title='bbox 1239 2072 1426 2125; x_wconf 90' lang='lat' dir='ltr'><strong>doctus</strong></span> <span class='ocrx_word' id='word_1_289' title='bbox 1450 2078 1610 2138; x_wconf 88' lang='lat' dir='ltr'><strong>atque</strong></span> <span class='ocrx_word' id='word_1_290' title='bbox 1627 2070 1880 2124; x_wconf 85' lang='lat' dir='ltr'><strong>indoctus</strong></span> 
     </span>
    </p>
   </div>
   <div class='ocr_carea' id='block_1_38' title="bbox 311 2159 1880 2231">
    <p class='ocr_par' dir='ltr' id='par_1_38' title="bbox 311 2159 1880 2231">
     <span class='ocr_line' id='line_1_38' title="bbox 311 2159 1880 2231; baseline -0.004 -14"><span class='ocrx_word' id='word_1_291' title='bbox 311 2179 416 2217; x_wconf 92' lang='lat' dir='ltr'><strong>non</strong></span> <span class='ocrx_word' id='word_1_292' title='bbox 441 2163 662 2217; x_wconf 89' lang='lat' dir='ltr'><strong>dubitet.</strong></span> <span class='ocrx_word' id='word_1_293' title='bbox 694 2163 772 2216; x_wconf 77' lang='lat' dir='ltr'><strong>Ac</strong></span> <span class='ocrx_word' id='word_1_294' title='bbox 795 2175 891 2231; x_wconf 85' lang='lat' dir='ltr'><strong>per</strong></span> <span class='ocrx_word' id='word_1_295' title='bbox 914 2162 1014 2215; x_wconf 93' lang='lat' dir='ltr'><strong>hoc</strong></span> <span class='ocrx_word' id='word_1_296' title='bbox 1036 2160 1479 2229; x_wconf 67' lang='lat' dir='ltr'><strong>concupiscentia&quot;:</strong></span> <span class='ocrx_word' id='word_1_297' title='bbox 1502 2159 1669 2228; x_wconf 88' lang='lat' dir='ltr'><strong>ipsius</strong></span> <span class='ocrx_word' id='word_1_298' title='bbox 1690 2174 1880 2212; x_wconf 87' lang='lat' dir='ltr'><strong>carna-</strong></span> 
     </span>
    </p>
   </div>
   <div class='ocr_carea' id='block_1_39' title="bbox 311 2249 1879 2312">
    <p class='ocr_par' dir='ltr' id='par_1_39' title="bbox 311 2249 1879 2312">
     <span class='ocr_line' id='line_1_39' title="bbox 311 2249 1879 2312; baseline -0.003 -7"><span class='ocrx_word' id='word_1_299' title='bbox 311 2253 376 2305; x_wconf 88' lang='lat' dir='ltr'><strong>lis</strong></span> <span class='ocrx_word' id='word_1_300' title='bbox 404 2265 564 2306; x_wconf 90' lang='lat' dir='ltr'><strong>causa</strong></span> <span class='ocrx_word' id='word_1_301' title='bbox 593 2266 698 2304; x_wconf 93' lang='lat' dir='ltr'><strong>non</strong></span> <span class='ocrx_word' id='word_1_302' title='bbox 727 2259 808 2304; x_wconf 91' lang='lat' dir='ltr'><strong>est</strong></span> <span class='ocrx_word' id='word_1_303' title='bbox 836 2251 888 2303; x_wconf 91' lang='lat' dir='ltr'><strong>in</strong></span> <span class='ocrx_word' id='word_1_304' title='bbox 917 2251 1095 2302; x_wconf 90' lang='lat' dir='ltr'><strong>anima</strong></span> <span class='ocrx_word' id='word_1_305' title='bbox 1124 2249 1252 2312; x_wconf 89' lang='lat' dir='ltr'><strong>sola,</strong></span> <span class='ocrx_word' id='word_1_306' title='bbox 1285 2249 1378 2303; x_wconf 89' lang='lat' dir='ltr'><strong>sed</strong></span> <span class='ocrx_word' id='word_1_307' title='bbox 1407 2249 1575 2301; x_wconf 91' lang='lat' dir='ltr'><strong>multo</strong></span> <span class='ocrx_word' id='word_1_308' title='bbox 1598 2249 1774 2302; x_wconf 91' lang='lat' dir='ltr'><strong>minus</strong></span> <span class='ocrx_word' id='word_1_309' title='bbox 1795 2254 1879 2304; x_wconf 89' lang='lat' dir='ltr'><strong>est</strong></span> 
     </span>
    </p>
   </div>
   <div class='ocr_carea' id='block_1_40' title="bbox 311 2337 1875 2406">
    <p class='ocr_par' dir='ltr' id='par_1_40' title="bbox 311 2337 1875 2406">
     <span class='ocr_line' id='line_1_40' title="bbox 311 2337 1875 2406; baseline -0.004 -12"><span class='ocrx_word' id='word_1_310' title='bbox 311 2340 362 2394; x_wconf 91' lang='lat' dir='ltr'><strong>in</strong></span> <span class='ocrx_word' id='word_1_311' title='bbox 386 2354 549 2394; x_wconf 87' lang='lat' dir='ltr'><strong>carne</strong></span> <span class='ocrx_word' id='word_1_312' title='bbox 571 2339 703 2403; x_wconf 90' lang='lat' dir='ltr'><strong>sola,</strong></span> <span class='ocrx_word' id='word_1_313' title='bbox 731 2353 794 2392; x_wconf 81' lang='lat' dir='ltr'><strong>ex</strong></span> <span class='ocrx_word' id='word_1_314' title='bbox 823 2349 1047 2406; x_wconf 89' lang='lat' dir='ltr'><strong>utraque</strong></span> <span class='ocrx_word' id='word_1_315' title='bbox 1070 2339 1212 2392; x_wconf 91' lang='lat' dir='ltr'><strong>enim</strong></span> <span class='ocrx_word' id='word_1_316' title='bbox 1240 2338 1329 2402; x_wconf 84' lang='lat' dir='ltr'><strong>ﬁt;</strong></span> <span class='ocrx_word' id='word_1_317' title='bbox 1358 2351 1421 2390; x_wconf 87' lang='lat' dir='ltr'><strong>ex</strong></span> <span class='ocrx_word' id='word_1_318' title='bbox 1449 2337 1627 2390; x_wconf 90' lang='lat' dir='ltr'><strong>anima</strong></span> <span class='ocrx_word' id='word_1_319' title='bbox 1652 2337 1875 2400; x_wconf 89' lang='lat' dir='ltr'><strong>scilicet,</strong></span> 
     </span>
    </p>
   </div>
   <div class='ocr_carea' id='block_1_41' title="bbox 311 2427 1876 2498">
    <p class='ocr_par' dir='ltr' id='par_1_41' title="bbox 311 2427 1876 2498">
     <span class='ocr_line' id='line_1_41' title="bbox 311 2427 1876 2498; baseline -0.001 -16"><span class='ocrx_word' id='word_1_320' title='bbox 311 2430 450 2498; x_wconf 89' lang='lat' dir='ltr'><strong>quod</strong></span> <span class='ocrx_word' id='word_1_321' title='bbox 476 2429 590 2482; x_wconf 87' lang='lat' dir='ltr'><strong>sine</strong></span> <span class='ocrx_word' id='word_1_322' title='bbox 619 2429 707 2482; x_wconf 90' lang='lat' dir='ltr'><strong>illa</strong></span> <span class='ocrx_word' id='word_1_323' title='bbox 738 2429 1018 2482; x_wconf 90' lang='lat' dir='ltr'><strong>delectatio</strong></span> <span class='ocrx_word' id='word_1_324' title='bbox 1047 2427 1186 2481; x_wconf 89' lang='lat' dir='ltr'><strong>nulla</strong></span> <span class='ocrx_word' id='word_1_325' title='bbox 1214 2427 1464 2491; x_wconf 90' lang='lat' dir='ltr'><strong>sentitur,</strong></span> <span class='ocrx_word' id='word_1_326' title='bbox 1495 2442 1560 2480; x_wconf 81' lang='lat' dir='ltr'><strong>ex</strong></span> <span class='ocrx_word' id='word_1_327' title='bbox 1590 2441 1751 2480; x_wconf 90' lang='lat' dir='ltr'><strong>carne</strong></span> <span class='ocrx_word' id='word_1_328' title='bbox 1777 2441 1876 2480; x_wconf 86' lang='lat' dir='ltr'><strong>au-</strong></span> 
     </span>
    </p>
   </div>
   <div class='ocr_carea' id='block_1_42' title="bbox 312 2519 1876 2588">
    <p class='ocr_par' dir='ltr' id='par_1_42' title="bbox 312 2519 1876 2588">
     <span class='ocr_line' id='line_1_42' title="bbox 312 2519 1876 2588; baseline -0.003 -14"><span class='ocrx_word' id='word_1_329' title='bbox 312 2530 442 2584; x_wconf 90' lang='lat' dir='ltr'><strong>tem,</strong></span> <span class='ocrx_word' id='word_1_330' title='bbox 477 2519 616 2588; x_wconf 91' lang='lat' dir='ltr'><strong>quod</strong></span> <span class='ocrx_word' id='word_1_331' title='bbox 660 2519 772 2572; x_wconf 88' lang='lat' dir='ltr'><strong>sine</strong></span> <span class='ocrx_word' id='word_1_332' title='bbox 821 2519 908 2572; x_wconf 87' lang='lat' dir='ltr'><strong>illa</strong></span> <span class='ocrx_word' id='word_1_333' title='bbox 953 2519 1132 2573; x_wconf 90' lang='lat' dir='ltr'><strong>carnis</strong></span> <span class='ocrx_word' id='word_1_334' title='bbox 1159 2519 1440 2573; x_wconf 84' lang='lat' dir='ltr'><strong>delectatio</strong></span> <span class='ocrx_word' id='word_1_335' title='bbox 1481 2534 1588 2572; x_wconf 91' lang='lat' dir='ltr'><strong>non</strong></span> <span class='ocrx_word' id='word_1_336' title='bbox 1627 2519 1876 2572; x_wconf 89' lang='lat' dir='ltr'><strong>sentitur.</strong></span> 
     </span>
    </p>
   </div>
   <div class='ocr_carea' id='block_1_43' title="bbox 311 2610 1876 2678">
    <p class='ocr_par' dir='ltr' id='par_1_43' title="bbox 311 2610 1876 2678">
     <span class='ocr_line' id='line_1_43' title="bbox 311 2610 1876 2678; baseline -0.002 -13"><span class='ocrx_word' id='word_1_337' title='bbox 311 2613 538 2665; x_wconf 87' lang='lat' dir='ltr'><strong>Carnem</strong></span> <span class='ocrx_word' id='word_1_338' title='bbox 591 2611 769 2677; x_wconf 89' lang='lat' dir='ltr'><strong>itaque</strong></span> <span class='ocrx_word' id='word_1_339' title='bbox 818 2610 1283 2677; x_wconf 86' lang='lat' dir='ltr'><strong>concupiscentem</strong></span> <span class='ocrx_word' id='word_1_340' title='bbox 1329 2610 1586 2663; x_wconf 87' lang='lat' dir='ltr'><strong>adversus</strong></span> <span class='ocrx_word' id='word_1_341' title='bbox 1631 2610 1876 2678; x_wconf 88' lang='lat' dir='ltr'><strong>spiritum</strong></span> 
     </span>
    </p>
   </div>
   <div class='ocr_carea' id='block_1_44' title="bbox 311 2697 1879 2768">
    <p class='ocr_par' dir='ltr' id='par_1_44' title="bbox 311 2697 1879 2768">
     <span class='ocr_line' id='line_1_44' title="bbox 311 2697 1879 2768; baseline -0.002 -13"><span class='ocrx_word' id='word_1_342' title='bbox 311 2701 437 2755; x_wconf 84' lang='lat' dir='ltr'><strong>dicit</strong></span> <span class='ocrx_word' id='word_1_343' title='bbox 475 2698 791 2768; x_wconf 82' lang='lat' dir='ltr'><strong>Apostolus,</strong></span> <span class='ocrx_word' id='word_1_344' title='bbox 831 2698 1100 2752; x_wconf 87' lang='lat' dir='ltr'><strong>carnalem</strong></span> <span class='ocrx_word' id='word_1_345' title='bbox 1140 2699 1324 2768; x_wconf 90' lang='lat' dir='ltr'><strong>procul</strong></span> <span class='ocrx_word' id='word_1_346' title='bbox 1367 2697 1528 2752; x_wconf 92' lang='lat' dir='ltr'><strong>dubio</strong></span> <span class='ocrx_word' id='word_1_347' title='bbox 1570 2697 1879 2752; x_wconf 89' lang='lat' dir='ltr'><strong>delectatio-</strong></span> 
     </span>
    </p>
   </div>
   <div class='ocr_carea' id='block_1_45' title="bbox 311 2787 1878 2859">
    <p class='ocr_par' dir='ltr' id='par_1_45' title="bbox 311 2787 1878 2859">
     <span class='ocr_line' id='line_1_45' title="bbox 311 2787 1878 2859; baseline -0.003 -14"><span class='ocrx_word' id='word_1_348' title='bbox 311 2807 430 2846; x_wconf 90' lang='lat' dir='ltr'><strong>nem</strong></span> <span class='ocrx_word' id='word_1_349' title='bbox 459 2805 620 2859; x_wconf 88' lang='lat' dir='ltr'><strong>quam</strong></span> <span class='ocrx_word' id='word_1_350' title='bbox 647 2789 711 2843; x_wconf 91' lang='lat' dir='ltr'><strong>de</strong></span> <span class='ocrx_word' id='word_1_351' title='bbox 734 2802 896 2842; x_wconf 87' lang='lat' dir='ltr'><strong>carne</strong></span> <span class='ocrx_word' id='word_1_352' title='bbox 921 2795 975 2840; x_wconf 88' lang='lat' dir='ltr'><strong>et</strong></span> <span class='ocrx_word' id='word_1_353' title='bbox 1002 2803 1123 2841; x_wconf 92' lang='lat' dir='ltr'><strong>cum</strong></span> <span class='ocrx_word' id='word_1_354' title='bbox 1153 2803 1313 2841; x_wconf 88' lang='lat' dir='ltr'><strong>carne</strong></span> <span class='ocrx_word' id='word_1_355' title='bbox 1335 2787 1557 2856; x_wconf 87' lang='lat' dir='ltr'><strong>spiritus</strong></span> <span class='ocrx_word' id='word_1_356' title='bbox 1578 2787 1758 2849; x_wconf 87' lang='lat' dir='ltr'><strong>habet,</strong></span> <span class='ocrx_word' id='word_1_357' title='bbox 1785 2787 1878 2840; x_wconf 91' lang='lat' dir='ltr'><strong>ad-</strong></span> 
     </span>
    </p>
   </div>
   <div class='ocr_carea' id='block_1_46' title="bbox 312 2876 1874 2947">
    <p class='ocr_par' dir='ltr' id='par_1_46' title="bbox 312 2876 1874 2947">
     <span class='ocr_line' id='line_1_46' title="bbox 312 2876 1874 2947; baseline -0.004 -13"><span class='ocrx_word' id='word_1_358' title='bbox 312 2897 497 2935; x_wconf 85' lang='lat' dir='ltr'><strong>versus</strong></span> <span class='ocrx_word' id='word_1_359' title='bbox 535 2878 944 2934; x_wconf 89' lang='lat' dir='ltr'><strong>delectationem</strong></span> <span class='ocrx_word' id='word_1_360' title='bbox 981 2892 1138 2947; x_wconf 87' lang='lat' dir='ltr'><strong>quam</strong></span> <span class='ocrx_word' id='word_1_361' title='bbox 1179 2877 1324 2933; x_wconf 88' lang='lat' dir='ltr'><strong>solus</strong></span> <span class='ocrx_word' id='word_1_362' title='bbox 1360 2879 1538 2932; x_wconf 86' lang='lat' dir='ltr'><strong>habet.</strong></span> <span class='ocrx_word' id='word_1_363' title='bbox 1584 2876 1716 2931; x_wconf 85' lang='lat' dir='ltr'><strong>Nam</strong></span> <span class='ocrx_word' id='word_1_364' title='bbox 1753 2892 1874 2933; x_wconf 87' lang='lat' dir='ltr'><strong>cum</strong></span> 
     </span>
    </p>
   </div>
   <div class='ocr_carea' id='block_1_47' title="bbox 313 2969 1875 3040">
    <p class='ocr_par' dir='ltr' id='par_1_47' title="bbox 313 2969 1875 3040">
     <span class='ocr_line' id='line_1_47' title="bbox 313 2969 1875 3040; baseline -0.001 -14"><span class='ocrx_word' id='word_1_365' title='bbox 313 2973 530 3040; x_wconf 83' lang='lat' dir='ltr'><strong>spiritus</strong></span> <span class='ocrx_word' id='word_1_366' title='bbox 555 2970 809 3024; x_wconf 88' lang='lat' dir='ltr'><strong>membris</strong></span> <span class='ocrx_word' id='word_1_367' title='bbox 835 2969 1076 3039; x_wconf 90' lang='lat' dir='ltr'><strong>corporis</strong></span> <span class='ocrx_word' id='word_1_368' title='bbox 1101 2970 1346 3038; x_wconf 90' lang='lat' dir='ltr'><strong>imperat,</strong></span> <span class='ocrx_word' id='word_1_369' title='bbox 1374 2977 1431 3022; x_wconf 92' lang='lat' dir='ltr'><strong>ut</strong></span> <span class='ocrx_word' id='word_1_370' title='bbox 1459 2970 1582 3024; x_wconf 90' lang='lat' dir='ltr'><strong>huic</strong></span> <span class='ocrx_word' id='word_1_371' title='bbox 1611 2970 1875 3024; x_wconf 88' lang='lat' dir='ltr'><strong>desiderio</strong></span> 
     </span>
    </p>
   </div>
   <div class='ocr_carea' id='block_1_48' title="bbox 1981 1815 3559 1890">
    <p class='ocr_par' dir='ltr' id='par_1_48' title="bbox 1981 1815 3559 1890">
     <span class='ocr_line' id='line_1_48' title="bbox 1981 1815 3559 1890; baseline 0.007 -25"><span class='ocrx_word' id='word_1_372' title='bbox 1981 1826 2076 1866; x_wconf 90' lang='lat' dir='ltr'><strong>sua</strong></span> <span class='ocrx_word' id='word_1_373' title='bbox 2099 1815 2226 1882; x_wconf 89' lang='lat' dir='ltr'><strong>quid</strong></span> <span class='ocrx_word' id='word_1_374' title='bbox 2247 1817 2566 1884; x_wconf 89' lang='lat' dir='ltr'><strong>respondere</strong></span> <span class='ocrx_word' id='word_1_375' title='bbox 2585 1820 2812 1887; x_wconf 88' lang='lat' dir='ltr'><strong>possint,</strong></span> <span class='ocrx_word' id='word_1_376' title='bbox 2829 1821 2918 1887; x_wconf 89' lang='lat' dir='ltr'><strong>qui</strong></span> <span class='ocrx_word' id='word_1_377' title='bbox 2942 1817 3233 1875; x_wconf 77' lang='lat' dir='ltr'><strong>seCundum</strong></span> <span class='ocrx_word' id='word_1_378' title='bbox 3247 1821 3559 1890; x_wconf 88' lang='lat' dir='ltr'><strong>Scripturas</strong></span> 
     </span>
    </p>
   </div>
   <div class='ocr_carea' id='block_1_49' title="bbox 1980 1905 3558 1979">
    <p class='ocr_par' dir='ltr' id='par_1_49' title="bbox 1980 1905 3558 1979">
     <span class='ocr_line' id='line_1_49' title="bbox 1980 1905 3558 1979; baseline 0.006 -24"><span class='ocrx_word' id='word_1_379' title='bbox 1980 1911 2216 1967; x_wconf 90' lang='lat' dir='ltr'><strong>sanctas,</strong></span> <span class='ocrx_word' id='word_1_380' title='bbox 2245 1905 2326 1958; x_wconf 91' lang='lat' dir='ltr'><strong>vel</strong></span> <span class='ocrx_word' id='word_1_381' title='bbox 2353 1906 2494 1973; x_wconf 91' lang='lat' dir='ltr'><strong>quod</strong></span> <span class='ocrx_word' id='word_1_382' title='bbox 2523 1909 2662 1975; x_wconf 89' lang='lat' dir='ltr'><strong>apud</strong></span> <span class='ocrx_word' id='word_1_383' title='bbox 2694 1923 2785 1962; x_wconf 88' lang='lat' dir='ltr'><strong>eas</strong></span> <span class='ocrx_word' id='word_1_384' title='bbox 2813 1909 3135 1974; x_wconf 90' lang='lat' dir='ltr'><strong>inveniatur,</strong></span> <span class='ocrx_word' id='word_1_385' title='bbox 3175 1910 3258 1964; x_wconf 88' lang='lat' dir='ltr'><strong>vel</strong></span> <span class='ocrx_word' id='word_1_386' title='bbox 3301 1910 3441 1979; x_wconf 89' lang='lat' dir='ltr'><strong>quod</strong></span> <span class='ocrx_word' id='word_1_387' title='bbox 3477 1911 3558 1965; x_wconf 86' lang='lat' dir='ltr'><strong>eis</strong></span> 
     </span>
    </p>
   </div>
   <div class='ocr_carea' id='block_1_50' title="bbox 1980 1992 3552 2062">
    <p class='ocr_par' dir='ltr' id='par_1_50' title="bbox 1980 1992 3552 2062">
     <span class='ocr_line' id='line_1_50' title="bbox 1980 1992 3552 2062; baseline 0.006 -20"><span class='ocrx_word' id='word_1_388' title='bbox 1980 2000 2087 2043; x_wconf 86' lang='lat' dir='ltr'><strong>n0n</strong></span> <span class='ocrx_word' id='word_1_389' title='bbox 2111 1992 2424 2047; x_wconf 88' lang='lat' dir='ltr'><strong>adversetur</strong></span> <span class='ocrx_word' id='word_1_390' title='bbox 2449 2004 2711 2049; x_wconf 89' lang='lat' dir='ltr'><strong>conantur</strong></span> <span class='ocrx_word' id='word_1_391' title='bbox 2733 2011 2996 2062; x_wconf 89' lang='lat' dir='ltr'><strong>asserere,</strong></span> <span class='ocrx_word' id='word_1_392' title='bbox 3025 1999 3229 2052; x_wconf 88' lang='lat' dir='ltr'><strong>animas</strong></span> <span class='ocrx_word' id='word_1_393' title='bbox 3254 2015 3422 2053; x_wconf 82' lang='lat' dir='ltr'><strong>novas</strong></span> <span class='ocrx_word' id='word_1_394' title='bbox 3447 2015 3552 2052; x_wconf 91' lang='lat' dir='ltr'><strong>non</strong></span> 
     </span>
    </p>
   </div>
   <div class='ocr_carea' id='block_1_51' title="bbox 1980 2078 3556 2152">
    <p class='ocr_par' dir='ltr' id='par_1_51' title="bbox 1980 2078 3556 2152">
     <span class='ocr_line' id='line_1_51' title="bbox 1980 2078 3556 2152; baseline 0.007 -20"><span class='ocrx_word' id='word_1_395' title='bbox 1980 2078 2045 2132; x_wconf 90' lang='lat' dir='ltr'><strong>de</strong></span> <span class='ocrx_word' id='word_1_396' title='bbox 2076 2082 2384 2147; x_wconf 86' lang='lat' dir='ltr'><strong>parentibus</strong></span> <span class='ocrx_word' id='word_1_397' title='bbox 2417 2093 2614 2138; x_wconf 88' lang='lat' dir='ltr'><strong>tractas</strong></span> <span class='ocrx_word' id='word_1_398' title='bbox 2651 2086 2967 2152; x_wconf 87' lang='lat' dir='ltr'><strong>corporibus</strong></span> <span class='ocrx_word' id='word_1_399' title='bbox 3004 2087 3150 2151; x_wconf 91' lang='lat' dir='ltr'><strong>dari,</strong></span> <span class='ocrx_word' id='word_1_400' title='bbox 3193 2089 3427 2142; x_wconf 91' lang='lat' dir='ltr'><strong>nondum</strong></span> <span class='ocrx_word' id='word_1_401' title='bbox 3468 2105 3556 2143; x_wconf 88' lang='lat' dir='ltr'><strong>me</strong></span> 
     </span>
    </p>
   </div>
   <div class='ocr_carea' id='block_1_52' title="bbox 1979 2169 3558 2243">
    <p class='ocr_par' dir='ltr' id='par_1_52' title="bbox 1979 2169 3558 2243">
     <span class='ocr_line' id='line_1_52' title="bbox 1979 2169 3558 2243; baseline 0.008 -24"><span class='ocrx_word' id='word_1_402' title='bbox 1979 2169 2193 2223; x_wconf 88' lang='lat' dir='ltr'><strong>audisse</strong></span> <span class='ocrx_word' id='word_1_403' title='bbox 2218 2171 2300 2223; x_wconf 89' lang='lat' dir='ltr'><strong>vel</strong></span> <span class='ocrx_word' id='word_1_404' title='bbox 2325 2171 2516 2226; x_wconf 89' lang='lat' dir='ltr'><strong>alicubi</strong></span> <span class='ocrx_word' id='word_1_405' title='bbox 2544 2173 2736 2243; x_wconf 84' lang='lat' dir='ltr'><strong>legisse</strong></span> <span class='ocrx_word' id='word_1_406' title='bbox 2761 2175 3049 2240; x_wconf 87' lang='lat' dir='ltr'><strong>confiteor;</strong></span> <span class='ocrx_word' id='word_1_407' title='bbox 3072 2177 3164 2229; x_wconf 90' lang='lat' dir='ltr'><strong>sed</strong></span> <span class='ocrx_word' id='word_1_408' title='bbox 3190 2177 3352 2230; x_wconf 88' lang='lat' dir='ltr'><strong>etiam</strong></span> <span class='ocrx_word' id='word_1_409' title='bbox 3378 2178 3422 2232; x_wconf 92' lang='lat' dir='ltr'><strong>si</strong></span> <span class='ocrx_word' id='word_1_410' title='bbox 3448 2178 3558 2232; x_wconf 84' lang='lat' dir='ltr'><strong>vin-</strong></span> 
     </span>
    </p>
   </div>
   <div class='ocr_carea' id='block_1_53' title="bbox 1979 2261 3558 2332">
    <p class='ocr_par' dir='ltr' id='par_1_53' title="bbox 1979 2261 3558 2332">
     <span class='ocr_line' id='line_1_53' title="bbox 1979 2261 3558 2332; baseline 0.007 -24"><span class='ocrx_word' id='word_1_411' title='bbox 1979 2264 2123 2320; x_wconf 90' lang='lat' dir='ltr'><strong>cant,</strong></span> <span class='ocrx_word' id='word_1_412' title='bbox 2148 2273 2252 2312; x_wconf 91' lang='lat' dir='ltr'><strong>non</strong></span> <span class='ocrx_word' id='word_1_413' title='bbox 2275 2261 2551 2326; x_wconf 89' lang='lat' dir='ltr'><strong>certando,</strong></span> <span class='ocrx_word' id='word_1_414' title='bbox 2575 2263 2667 2316; x_wconf 92' lang='lat' dir='ltr'><strong>sed</strong></span> <span class='ocrx_word' id='word_1_415' title='bbox 2691 2264 2985 2331; x_wconf 89' lang='lat' dir='ltr'><strong>probando,</strong></span> <span class='ocrx_word' id='word_1_416' title='bbox 3007 2265 3098 2332; x_wconf 91' lang='lat' dir='ltr'><strong>qui</strong></span> <span class='ocrx_word' id='word_1_417' title='bbox 3123 2265 3422 2319; x_wconf 90' lang='lat' dir='ltr'><strong>animarum</strong></span> <span class='ocrx_word' id='word_1_418' title='bbox 3443 2274 3558 2319; x_wconf 81' lang='lat' dir='ltr'><strong>tra-</strong></span> 
     </span>
    </p>
   </div>
   <div class='ocr_carea' id='block_1_54' title="bbox 1979 2343 3556 2421">
    <p class='ocr_par' dir='ltr' id='par_1_54' title="bbox 1979 2343 3556 2421">
     <span class='ocr_line' id='line_1_54' title="bbox 1979 2343 3556 2421; baseline 0.007 -25"><span class='ocrx_word' id='word_1_419' title='bbox 1979 2343 2168 2398; x_wconf 88' lang='lat' dir='ltr'><strong>ducem</strong></span> <span class='ocrx_word' id='word_1_420' title='bbox 2211 2345 2498 2413; x_wconf 84' lang='lat' dir='ltr'><strong>aﬂirmant,</strong></span> <span class='ocrx_word' id='word_1_421' title='bbox 2540 2366 2642 2404; x_wconf 90' lang='lat' dir='ltr'><strong>non</strong></span> <span class='ocrx_word' id='word_1_422' title='bbox 2687 2351 2791 2404; x_wconf 91' lang='lat' dir='ltr'><strong>erit</strong></span> <span class='ocrx_word' id='word_1_423' title='bbox 2840 2361 3018 2405; x_wconf 85' lang='lat' dir='ltr'><strong>tamen</strong></span> <span class='ocrx_word' id='word_1_424' title='bbox 3086 2367 3438 2421; x_wconf 89' lang='lat' dir='ltr'><strong>consequens,</strong></span> <span class='ocrx_word' id='word_1_425' title='bbox 3494 2361 3556 2407; x_wconf 90' lang='lat' dir='ltr'><strong>ut</strong></span> 
     </span>
    </p>
   </div>
   <div class='ocr_carea' id='block_1_55' title="bbox 1978 2430 3553 2508">
    <p class='ocr_par' dir='ltr' id='par_1_55' title="bbox 1978 2430 3553 2508">
     <span class='ocr_line' id='line_1_55' title="bbox 1978 2430 3553 2508; baseline 0.006 -23"><span class='ocrx_word' id='word_1_426' title='bbox 1978 2430 2140 2485; x_wconf 89' lang='lat' dir='ltr'><strong>etiam</strong></span> <span class='ocrx_word' id='word_1_427' title='bbox 2173 2431 2374 2488; x_wconf 88' lang='lat' dir='ltr'><strong>Christi</strong></span> <span class='ocrx_word' id='word_1_428' title='bbox 2412 2437 2589 2490; x_wconf 89' lang='lat' dir='ltr'><strong>anima</strong></span> <span class='ocrx_word' id='word_1_429' title='bbox 2614 2453 2679 2491; x_wconf 86' lang='lat' dir='ltr'><strong>ex</strong></span> <span class='ocrx_word' id='word_1_430' title='bbox 2707 2439 2850 2493; x_wconf 91' lang='lat' dir='ltr'><strong>illius</strong></span> <span class='ocrx_word' id='word_1_431' title='bbox 2883 2440 3309 2508; x_wconf 73' lang='lat' dir='ltr'><strong>praevaricatoris</strong></span> <span class='ocrx_word' id='word_1_432' title='bbox 3333 2441 3553 2496; x_wconf 87' lang='lat' dir='ltr'><strong>traduce</strong></span> 
     </span>
    </p>
   </div>
   <div class='ocr_carea' id='block_1_56' title="bbox 1978 2521 3557 2598">
    <p class='ocr_par' dir='ltr' id='par_1_56' title="bbox 1978 2521 3557 2598">
     <span class='ocr_line' id='line_1_56' title="bbox 1978 2521 3557 2598; baseline 0.009 -27"><span class='ocrx_word' id='word_1_433' title='bbox 1978 2521 2187 2575; x_wconf 88' lang='lat' dir='ltr'><strong>venisse</strong></span> <span class='ocrx_word' id='word_1_434' title='bbox 2220 2524 2486 2577; x_wconf 89' lang='lat' dir='ltr'><strong>credenda</strong></span> <span class='ocrx_word' id='word_1_435' title='bbox 2525 2526 2612 2578; x_wconf 90' lang='lat' dir='ltr'><strong>sit.</strong></span> <span class='ocrx_word' id='word_1_436' title='bbox 2651 2526 2785 2580; x_wconf 87' lang='lat' dir='ltr'><strong>Nam</strong></span> <span class='ocrx_word' id='word_1_437' title='bbox 2820 2544 3015 2598; x_wconf 92' lang='lat' dir='ltr'><strong>corpus</strong></span> <span class='ocrx_word' id='word_1_438' title='bbox 3049 2529 3273 2593; x_wconf 88' lang='lat' dir='ltr'><strong>Christi,</strong></span> <span class='ocrx_word' id='word_1_439' title='bbox 3310 2531 3557 2598; x_wconf 84' lang='lat' dir='ltr'><strong>quamvis</strong></span> 
     </span>
    </p>
   </div>
   <div class='ocr_carea' id='block_1_57' title="bbox 1976 2609 3553 2688">
    <p class='ocr_par' dir='ltr' id='par_1_57' title="bbox 1976 2609 3553 2688">
     <span class='ocr_line' id='line_1_57' title="bbox 1976 2609 3553 2688; baseline 0.007 -26"><span class='ocrx_word' id='word_1_440' title='bbox 1976 2624 2042 2662; x_wconf 87' lang='lat' dir='ltr'><strong>ex</strong></span> <span class='ocrx_word' id='word_1_441' title='bbox 2059 2625 2220 2664; x_wconf 90' lang='lat' dir='ltr'><strong>carne</strong></span> <span class='ocrx_word' id='word_1_442' title='bbox 2236 2609 2447 2667; x_wconf 68' lang='lat' dir='ltr'><strong>feminae</strong></span> <span class='ocrx_word' id='word_1_443' title='bbox 2461 2623 2728 2682; x_wconf 90' lang='lat' dir='ltr'><strong>sumptum</strong></span> <span class='ocrx_word' id='word_1_444' title='bbox 2755 2617 2840 2678; x_wconf 88' lang='lat' dir='ltr'><strong>sit,</strong></span> <span class='ocrx_word' id='word_1_445' title='bbox 2872 2633 2992 2685; x_wconf 70' lang='lat' dir='ltr'><strong>quae</strong></span> <span class='ocrx_word' id='word_1_446' title='bbox 3020 2618 3086 2672; x_wconf 91' lang='lat' dir='ltr'><strong>de</strong></span> <span class='ocrx_word' id='word_1_447' title='bbox 3112 2619 3199 2671; x_wconf 89' lang='lat' dir='ltr'><strong>illa</strong></span> <span class='ocrx_word' id='word_1_448' title='bbox 3227 2619 3405 2672; x_wconf 86' lang='lat' dir='ltr'><strong>carnis</strong></span> <span class='ocrx_word' id='word_1_449' title='bbox 3424 2633 3553 2688; x_wconf 90' lang='lat' dir='ltr'><strong>pec-</strong></span> 
     </span>
    </p>
   </div>
   <div class='ocr_carea' id='block_1_58' title="bbox 1981 2704 3590 2779">
    <p class='ocr_par' dir='ltr' id='par_1_58' title="bbox 1981 2704 3590 2779">
     <span class='ocr_line' id='line_1_58' title="bbox 1981 2704 3590 2779; baseline 0.006 -23"><span class='ocrx_word' id='word_1_450' title='bbox 1981 2704 2084 2756; x_wconf 85' lang='lat' dir='ltr'><strong>cati</strong></span> <span class='ocrx_word' id='word_1_451' title='bbox 2111 2707 2401 2776; x_wconf 82' lang='lat' dir='ltr'><strong>propagine</strong></span> <span class='ocrx_word' id='word_1_452' title='bbox 2431 2716 2687 2776; x_wconf 86' lang='lat' dir='ltr'><strong>concepta</strong></span> <span class='ocrx_word' id='word_1_453' title='bbox 2730 2710 2942 2774; x_wconf 81' lang='lat' dir='ltr'><strong>fuerat;</strong></span> <span class='ocrx_word' id='word_1_454' title='bbox 2985 2718 3166 2764; x_wconf 88' lang='lat' dir='ltr'><strong>tamen</strong></span> <span class='ocrx_word' id='word_1_455' title='bbox 3205 2711 3332 2779; x_wconf 87' lang='lat' dir='ltr'><strong>quia</strong></span> <span class='ocrx_word' id='word_1_456' title='bbox 3373 2712 3452 2766; x_wconf 89' lang='lat' dir='ltr'><strong>sic</strong></span> <span class='ocrx_word' id='word_1_457' title='bbox 3489 2726 3590 2777; x_wconf 48' lang='lat' dir='ltr'><strong>ex,</strong></span> 
     </span>
    </p>
   </div>
   <div class='ocr_carea' id='block_1_59' title="bbox 1976 2798 3558 2870">
    <p class='ocr_par' dir='ltr' id='par_1_59' title="bbox 1976 2798 3558 2870">
     <span class='ocr_line' id='line_1_59' title="bbox 1976 2798 3558 2870; baseline 0.006 -24"><span class='ocrx_word' id='word_1_458' title='bbox 1976 2808 2039 2846; x_wconf 90' lang='lat' dir='ltr'><strong>ea</strong></span> <span class='ocrx_word' id='word_1_459' title='bbox 2076 2804 2366 2864; x_wconf 89' lang='lat' dir='ltr'><strong>conceptus</strong></span> <span class='ocrx_word' id='word_1_460' title='bbox 2390 2805 2492 2861; x_wconf 89' lang='lat' dir='ltr'><strong>est,</strong></span> <span class='ocrx_word' id='word_1_461' title='bbox 2523 2799 2789 2866; x_wconf 91' lang='lat' dir='ltr'><strong>quomodo</strong></span> <span class='ocrx_word' id='word_1_462' title='bbox 2821 2798 2996 2853; x_wconf 85' lang='lat' dir='ltr'><strong>fuerat</strong></span> <span class='ocrx_word' id='word_1_463' title='bbox 3032 2799 3120 2852; x_wconf 88' lang='lat' dir='ltr'><strong>illa</strong></span> <span class='ocrx_word' id='word_1_464' title='bbox 3151 2807 3431 2870; x_wconf 88' lang='lat' dir='ltr'><strong>concepta,</strong></span> <span class='ocrx_word' id='word_1_465' title='bbox 3459 2814 3558 2856; x_wconf 87' lang='lat' dir='ltr'><strong>nec</strong></span> 
     </span>
    </p>
   </div>
   <div class='ocr_carea' id='block_1_60' title="bbox 1978 2883 3559 2960">
    <p class='ocr_par' dir='ltr' id='par_1_60' title="bbox 1978 2883 3559 2960">
     <span class='ocr_line' id='line_1_60' title="bbox 1978 2883 3559 2960; baseline 0.006 -24"><span class='ocrx_word' id='word_1_466' title='bbox 1978 2883 2091 2952; x_wconf 88' lang='lat' dir='ltr'><strong>ipsa</strong></span> <span class='ocrx_word' id='word_1_467' title='bbox 2123 2893 2242 2938; x_wconf 90' lang='lat' dir='ltr'><strong>erat</strong></span> <span class='ocrx_word' id='word_1_468' title='bbox 2267 2901 2394 2939; x_wconf 88' lang='lat' dir='ltr'><strong>caro</strong></span> <span class='ocrx_word' id='word_1_469' title='bbox 2419 2889 2646 2954; x_wconf 81' lang='lat' dir='ltr'><strong>peccati,</strong></span> <span class='ocrx_word' id='word_1_470' title='bbox 2677 2889 2772 2942; x_wconf 89' lang='lat' dir='ltr'><strong>sed</strong></span> <span class='ocrx_word' id='word_1_471' title='bbox 2801 2889 3094 2943; x_wconf 86' lang='lat' dir='ltr'><strong>similitudo</strong></span> <span class='ocrx_word' id='word_1_472' title='bbox 3125 2891 3304 2944; x_wconf 89' lang='lat' dir='ltr'><strong>carnis</strong></span> <span class='ocrx_word' id='word_1_473' title='bbox 3330 2893 3559 2960; x_wconf 87' lang='lat' dir='ltr'><strong>peccati.</strong></span> 
     </span>
    </p>
   </div>
   <div class='ocr_carea' id='block_1_61' title="bbox 1979 2975 3558 3050">
    <p class='ocr_par' dir='ltr' id='par_1_61' title="bbox 1979 2975 3558 3050">
     <span class='ocr_line' id='line_1_61' title="bbox 1979 2975 3558 3050; baseline 0.005 -20"><span class='ocrx_word' id='word_1_474' title='bbox 1979 2975 2219 3045; x_wconf 90' lang='lat' dir='ltr'><strong>Denique</strong></span> <span class='ocrx_word' id='word_1_475' title='bbox 2243 2976 2287 3029; x_wconf 90' lang='lat' dir='ltr'><strong>si</strong></span> <span class='ocrx_word' id='word_1_476' title='bbox 2325 2992 2356 3030; x_wconf 89' lang='lat' dir='ltr'><strong>a</strong></span> <span class='ocrx_word' id='word_1_477' title='bbox 2393 2993 2480 3031; x_wconf 90' lang='lat' dir='ltr'><strong>me</strong></span> <span class='ocrx_word' id='word_1_478' title='bbox 2510 2989 2802 3046; x_wconf 79' lang='lat' dir='ltr'><strong>quaeratur,</strong></span> <span class='ocrx_word' id='word_1_479' title='bbox 2843 2980 2985 3034; x_wconf 92' lang='lat' dir='ltr'><strong>unde</strong></span> <span class='ocrx_word' id='word_1_480' title='bbox 3023 2983 3293 3050; x_wconf 86' lang='lat' dir='ltr'><strong>acceperit</strong></span> <span class='ocrx_word' id='word_1_481' title='bbox 3323 2985 3558 3038; x_wconf 90' lang='lat' dir='ltr'><strong>animam</strong></span> 
     </span>
    </p>
   </div>
   <div class='ocr_carea' id='block_1_62' title="bbox 313 3062 3558 3138">
    <p class='ocr_par' dir='ltr' id='par_1_62' title="bbox 313 3062 3558 3138">
     <span class='ocr_line' id='line_1_62' title="bbox 313 3062 3558 3138; baseline 0.002 -18"><span class='ocrx_word' id='word_1_482' title='bbox 313 3068 562 3129; x_wconf 86' lang='lat' dir='ltr'><strong>serviant,</strong></span> <span class='ocrx_word' id='word_1_483' title='bbox 594 3079 700 3132; x_wconf 91' lang='lat' dir='ltr'><strong>quo</strong></span> <span class='ocrx_word' id='word_1_484' title='bbox 729 3063 872 3118; x_wconf 90' lang='lat' dir='ltr'><strong>solus</strong></span> <span class='ocrx_word' id='word_1_485' title='bbox 903 3063 1234 3127; x_wconf 87' lang='lat' dir='ltr'><strong>accenditur,</strong></span> <span class='ocrx_word' id='word_1_486' title='bbox 1264 3062 1407 3116; x_wconf 89' lang='lat' dir='ltr'><strong>velut</strong></span> <span class='ocrx_word' id='word_1_487' title='bbox 1434 3078 1553 3116; x_wconf 90' lang='lat' dir='ltr'><strong>cum</strong></span> <span class='ocrx_word' id='word_1_488' title='bbox 1577 3063 1878 3116; x_wconf 88' lang='lat' dir='ltr'><strong>adsumitur</strong></span> <span class='ocrx_word' id='word_1_489' title='bbox 1905 3062 1948 3090; x_wconf 73' lang='lat'>“</span> <span class='ocrx_word' id='word_1_490' title='bbox 1979 3067 2225 3122; x_wconf 81' lang='lat' dir='ltr'><strong>Christus</strong></span> <span class='ocrx_word' id='word_1_491' title='bbox 2253 3065 2428 3127; x_wconf 83' lang='lat' dir='ltr'><strong>Jesns,</strong></span> <span class='ocrx_word' id='word_1_492' title='bbox 2471 3068 2650 3122; x_wconf 85' lang='lat' dir='ltr'><strong>malim</strong></span> <span class='ocrx_word' id='word_1_493' title='bbox 2677 3069 2891 3138; x_wconf 89' lang='lat' dir='ltr'><strong>quidem</strong></span> <span class='ocrx_word' id='word_1_494' title='bbox 2924 3070 3047 3124; x_wconf 88' lang='lat' dir='ltr'><strong>hinc</strong></span> <span class='ocrx_word' id='word_1_495' title='bbox 3075 3071 3261 3125; x_wconf 89' lang='lat' dir='ltr'><strong>audire</strong></span> <span class='ocrx_word' id='word_1_496' title='bbox 3287 3073 3558 3138; x_wconf 87' lang='lat' dir='ltr'><strong>meliores,</strong></span> 
     </span>
    </p>
   </div>
   <div class='ocr_carea' id='block_1_63' title="bbox 314 3151 1878 3222">
    <p class='ocr_par' dir='ltr' id='par_1_63' title="bbox 314 3151 1878 3222">
     <span class='ocr_line' id='line_1_63' title="bbox 314 3151 1878 3222; baseline -0.006 -10"><span class='ocrx_word' id='word_1_497' title='bbox 314 3157 497 3220; x_wconf 83' lang='lat' dir='ltr'><strong>codex,</strong></span> <span class='ocrx_word' id='word_1_498' title='bbox 522 3170 642 3208; x_wconf 90' lang='lat' dir='ltr'><strong>cum</strong></span> <span class='ocrx_word' id='word_1_499' title='bbox 668 3154 868 3222; x_wconf 90' lang='lat' dir='ltr'><strong>aliquid</strong></span> <span class='ocrx_word' id='word_1_500' title='bbox 888 3153 1162 3216; x_wconf 88' lang='lat' dir='ltr'><strong>scribitur,</strong></span> <span class='ocrx_word' id='word_1_501' title='bbox 1189 3152 1402 3222; x_wconf 82' lang='lat' dir='ltr'><strong>legitur,</strong></span> <span class='ocrx_word' id='word_1_502' title='bbox 1430 3151 1755 3220; x_wconf 83' lang='lat' dir='ltr'><strong>disputatur,</strong></span> <span class='ocrx_word' id='word_1_503' title='bbox 1780 3165 1878 3203; x_wconf 84' lang='lat' dir='ltr'><strong>au-</strong></span> 
     </span>
    </p>
   </div>
   <div class='ocr_carea' id='block_1_64' title="bbox 313 3240 1880 3312">
    <p class='ocr_par' dir='ltr' id='par_1_64' title="bbox 313 3240 1880 3312">
     <span class='ocr_line' id='line_1_64' title="bbox 313 3240 1880 3312; baseline -0.004 -12"><span class='ocrx_word' id='word_1_504' title='bbox 313 3247 485 3309; x_wconf 88' lang='lat' dir='ltr'><strong>ditur,</strong></span> <span class='ocrx_word' id='word_1_505' title='bbox 525 3259 646 3298; x_wconf 93' lang='lat' dir='ltr'><strong>cum</strong></span> <span class='ocrx_word' id='word_1_506' title='bbox 677 3242 904 3312; x_wconf 90' lang='lat' dir='ltr'><strong>denique</strong></span> <span class='ocrx_word' id='word_1_507' title='bbox 936 3243 1091 3312; x_wconf 90' lang='lat' dir='ltr'><strong>panis</strong></span> <span class='ocrx_word' id='word_1_508' title='bbox 1127 3240 1390 3312; x_wconf 81' lang='lat' dir='ltr'><strong>frangitur</strong></span> <span class='ocrx_word' id='word_1_509' title='bbox 1422 3240 1714 3304; x_wconf 87' lang='lat' dir='ltr'><strong>esurienti,</strong></span> <span class='ocrx_word' id='word_1_510' title='bbox 1753 3240 1880 3294; x_wconf 90' lang='lat' dir='ltr'><strong>obe-</strong></span> 
     </span>
    </p>
   </div>
   <div class='ocr_carea' id='block_1_65' title="bbox 313 3333 1876 3403">
    <p class='ocr_par' dir='ltr' id='par_1_65' title="bbox 313 3333 1876 3403">
     <span class='ocr_line' id='line_1_65' title="bbox 313 3333 1876 3403; baseline -0.006 -9"><span class='ocrx_word' id='word_1_511' title='bbox 313 3338 566 3394; x_wconf 88' lang='lat' dir='ltr'><strong>dientiam</strong></span> <span class='ocrx_word' id='word_1_512' title='bbox 594 3351 719 3390; x_wconf 88' lang='lat' dir='ltr'><strong>caro</strong></span> <span class='ocrx_word' id='word_1_513' title='bbox 752 3337 987 3400; x_wconf 81' lang='lat' dir='ltr'><strong>exhibet,</strong></span> <span class='ocrx_word' id='word_1_514' title='bbox 1019 3352 1124 3390; x_wconf 92' lang='lat' dir='ltr'><strong>non</strong></span> <span class='ocrx_word' id='word_1_515' title='bbox 1156 3333 1646 3403; x_wconf 85' lang='lat' dir='ltr'><strong>concupiscentiam</strong></span> <span class='ocrx_word' id='word_1_516' title='bbox 1681 3341 1876 3386; x_wconf 87' lang='lat' dir='ltr'><strong>movet.</strong></span> 
     </span>
    </p>
   </div>
   <div class='ocr_carea' id='block_1_66' title="bbox 315 3420 1881 3496">
    <p class='ocr_par' dir='ltr' id='par_1_66' title="bbox 315 3420 1881 3496">
     <span class='ocr_line' id='line_1_66' title="bbox 315 3420 1881 3496; baseline -0.007 -14"><span class='ocrx_word' id='word_1_517' title='bbox 315 3428 406 3482; x_wconf 84' lang='lat' dir='ltr'><strong>His</strong></span> <span class='ocrx_word' id='word_1_518' title='bbox 441 3438 603 3496; x_wconf 90' lang='lat' dir='ltr'><strong>atque</strong></span> <span class='ocrx_word' id='word_1_519' title='bbox 641 3425 942 3494; x_wconf 88' lang='lat' dir='ltr'><strong>hujusmodi</strong></span> <span class='ocrx_word' id='word_1_520' title='bbox 975 3425 1286 3486; x_wconf 90' lang='lat' dir='ltr'><strong>desideriis,</strong></span> <span class='ocrx_word' id='word_1_521' title='bbox 1326 3423 1521 3490; x_wconf 88' lang='lat' dir='ltr'><strong>quibus</strong></span> <span class='ocrx_word' id='word_1_522' title='bbox 1558 3420 1668 3474; x_wconf 89' lang='lat' dir='ltr'><strong>sola</strong></span> <span class='ocrx_word' id='word_1_523' title='bbox 1703 3420 1881 3472; x_wconf 88' lang='lat' dir='ltr'><strong>anima</strong></span> 
     </span>
    </p>
   </div>
   <div class='ocr_carea' id='block_1_67' title="bbox 313 3509 1881 3584">
    <p class='ocr_par' dir='ltr' id='par_1_67' title="bbox 313 3509 1881 3584">
     <span class='ocr_line' id='line_1_67' title="bbox 313 3509 1881 3584; baseline -0.007 -11"><span class='ocrx_word' id='word_1_524' title='bbox 313 3515 664 3584; x_wconf 86' lang='lat' dir='ltr'><strong>concupiscit,</strong></span> <span class='ocrx_word' id='word_1_525' title='bbox 701 3531 823 3569; x_wconf 91' lang='lat' dir='ltr'><strong>cum</strong></span> <span class='ocrx_word' id='word_1_526' title='bbox 861 3515 1175 3568; x_wconf 88' lang='lat' dir='ltr'><strong>adversatur</strong></span> <span class='ocrx_word' id='word_1_527' title='bbox 1209 3511 1428 3578; x_wconf 88' lang='lat' dir='ltr'><strong>aliquid,</strong></span> <span class='ocrx_word' id='word_1_528' title='bbox 1461 3509 1604 3576; x_wconf 92' lang='lat' dir='ltr'><strong>quod</strong></span> <span class='ocrx_word' id='word_1_529' title='bbox 1638 3512 1881 3562; x_wconf 88' lang='lat' dir='ltr'><strong>eamdem</strong></span> 
     </span>
    </p>
   </div>
   <div class='ocr_carea' id='block_1_68' title="bbox 312 3595 1880 3662">
    <p class='ocr_par' dir='ltr' id='par_1_68' title="bbox 312 3595 1880 3662">
     <span class='ocr_line' id='line_1_68' title="bbox 312 3595 1880 3662; baseline -0.008 -2"><span class='ocrx_word' id='word_1_530' title='bbox 312 3607 544 3661; x_wconf 87' lang='lat' dir='ltr'><strong>animam</strong></span> <span class='ocrx_word' id='word_1_531' title='bbox 573 3603 862 3656; x_wconf 87' lang='lat' dir='ltr'><strong>secundum</strong></span> <span class='ocrx_word' id='word_1_532' title='bbox 889 3616 1103 3654; x_wconf 90' lang='lat' dir='ltr'><strong>carnem</strong></span> <span class='ocrx_word' id='word_1_533' title='bbox 1135 3600 1382 3662; x_wconf 84' lang='lat' dir='ltr'><strong>delectet,</strong></span> <span class='ocrx_word' id='word_1_534' title='bbox 1412 3606 1537 3650; x_wconf 93' lang='lat' dir='ltr'><strong>tunc</strong></span> <span class='ocrx_word' id='word_1_535' title='bbox 1567 3595 1762 3648; x_wconf 88' lang='lat' dir='ltr'><strong>dicitur</strong></span> <span class='ocrx_word' id='word_1_536' title='bbox 1787 3611 1880 3648; x_wconf 87' lang='lat' dir='ltr'><strong>ca-</strong></span> 
     </span>
    </p>
   </div>
   <div class='ocr_carea' id='block_1_69' title="bbox 314 3686 1883 3759">
    <p class='ocr_par' dir='ltr' id='par_1_69' title="bbox 314 3686 1883 3759">
     <span class='ocr_line' id='line_1_69' title="bbox 314 3686 1883 3759; baseline -0.007 -10"><span class='ocrx_word' id='word_1_537' title='bbox 314 3713 374 3750; x_wconf 91' lang='lat' dir='ltr'><strong>ro</strong></span> <span class='ocrx_word' id='word_1_538' title='bbox 398 3693 777 3759; x_wconf 88' lang='lat' dir='ltr'><strong>concupiscere</strong></span> <span class='ocrx_word' id='word_1_539' title='bbox 804 3691 1059 3742; x_wconf 84' lang='lat' dir='ltr'><strong>adversus</strong></span> <span class='ocrx_word' id='word_1_540' title='bbox 1083 3687 1352 3757; x_wconf 87' lang='lat' dir='ltr'><strong>spiritum,</strong></span> <span class='ocrx_word' id='word_1_541' title='bbox 1380 3686 1522 3754; x_wconf 89' lang='lat' dir='ltr'><strong>quod</strong></span> <span class='ocrx_word' id='word_1_542' title='bbox 1547 3691 1733 3738; x_wconf 88' lang='lat' dir='ltr'><strong>contra</strong></span> <span class='ocrx_word' id='word_1_543' title='bbox 1758 3699 1883 3753; x_wconf 91' lang='lat' dir='ltr'><strong>pec-</strong></span> 
     </span>
    </p>
   </div>
   <div class='ocr_carea' id='block_1_70' title="bbox 315 3775 1880 3846">
    <p class='ocr_par' dir='ltr' id='par_1_70' title="bbox 315 3775 1880 3846">
     <span class='ocr_line' id='line_1_70' title="bbox 315 3775 1880 3846; baseline -0.006 -9"><span class='ocrx_word' id='word_1_544' title='bbox 315 3791 491 3837; x_wconf 88' lang='lat' dir='ltr'><strong>catum</strong></span> <span class='ocrx_word' id='word_1_545' title='bbox 513 3779 742 3832; x_wconf 88' lang='lat' dir='ltr'><strong>militant</strong></span> <span class='ocrx_word' id='word_1_546' title='bbox 762 3779 859 3832; x_wconf 90' lang='lat' dir='ltr'><strong>sub</strong></span> <span class='ocrx_word' id='word_1_547' title='bbox 881 3778 1051 3846; x_wconf 83' lang='lat' dir='ltr'><strong>gratia</strong></span> <span class='ocrx_word' id='word_1_548' title='bbox 1076 3776 1374 3839; x_wconf 88' lang='lat' dir='ltr'><strong>constituti,</strong></span> <span class='ocrx_word' id='word_1_549' title='bbox 1401 3793 1504 3830; x_wconf 90' lang='lat' dir='ltr'><strong>non</strong></span> <span class='ocrx_word' id='word_1_550' title='bbox 1527 3783 1585 3827; x_wconf 94' lang='lat' dir='ltr'><strong>ut</strong></span> <span class='ocrx_word' id='word_1_551' title='bbox 1606 3788 1711 3827; x_wconf 92' lang='lat' dir='ltr'><strong>non</strong></span> <span class='ocrx_word' id='word_1_552' title='bbox 1735 3775 1804 3827; x_wconf 92' lang='lat' dir='ltr'><strong>sit</strong></span> <span class='ocrx_word' id='word_1_553' title='bbox 1827 3775 1880 3828; x_wconf 92' lang='lat' dir='ltr'><strong>in</strong></span> 
     </span>
    </p>
   </div>
   <div class='ocr_carea' id='block_1_71' title="bbox 315 3865 1880 3937">
    <p class='ocr_par' dir='ltr' id='par_1_71' title="bbox 315 3865 1880 3937">
     <span class='ocr_line' id='line_1_71' title="bbox 315 3865 1880 3937; baseline -0.006 -11"><span class='ocrx_word' id='word_1_554' title='bbox 315 3886 498 3926; x_wconf 87' lang='lat' dir='ltr'><strong>eorum</strong></span> <span class='ocrx_word' id='word_1_555' title='bbox 523 3883 747 3937; x_wconf 90' lang='lat' dir='ltr'><strong>corpore</strong></span> <span class='ocrx_word' id='word_1_556' title='bbox 771 3867 1006 3935; x_wconf 90' lang='lat' dir='ltr'><strong>quandiu</strong></span> <span class='ocrx_word' id='word_1_557' title='bbox 1035 3867 1110 3920; x_wconf 90' lang='lat' dir='ltr'><strong>ita</strong></span> <span class='ocrx_word' id='word_1_558' title='bbox 1135 3865 1360 3920; x_wconf 90' lang='lat' dir='ltr'><strong>mortale</strong></span> <span class='ocrx_word' id='word_1_559' title='bbox 1383 3872 1489 3926; x_wconf 83' lang='lat' dir='ltr'><strong>est,</strong></span> <span class='ocrx_word' id='word_1_560' title='bbox 1525 3874 1582 3918; x_wconf 94' lang='lat' dir='ltr'><strong>ut</strong></span> <span class='ocrx_word' id='word_1_561' title='bbox 1608 3872 1880 3918; x_wconf 89' lang='lat' dir='ltr'><strong>mortuum</strong></span> 
     </span>
    </p>
   </div>
   <div class='ocr_carea' id='block_1_72' title="bbox 315 3956 1879 4029">
    <p class='ocr_par' dir='ltr' id='par_1_72' title="bbox 315 3956 1879 4029">
     <span class='ocr_line' id='line_1_72' title="bbox 315 3956 1879 4029; baseline -0.007 -12"><span class='ocrx_word' id='word_1_562' title='bbox 315 3966 428 4029; x_wconf 72' lang='lat' dir='ltr'><strong>iure</strong></span> <span class='ocrx_word' id='word_1_563' title='bbox 456 3963 695 4023; x_wconf 89' lang='lat' dir='ltr'><strong>dicatur,</strong></span> <span class='ocrx_word' id='word_1_564' title='bbox 727 3960 821 4013; x_wconf 91' lang='lat' dir='ltr'><strong>sed</strong></span> <span class='ocrx_word' id='word_1_565' title='bbox 844 3967 902 4012; x_wconf 93' lang='lat' dir='ltr'><strong>ut</strong></span> <span class='ocrx_word' id='word_1_566' title='bbox 930 3973 1038 4012; x_wconf 91' lang='lat' dir='ltr'><strong>non</strong></span> <span class='ocrx_word' id='word_1_567' title='bbox 1062 3966 1269 4026; x_wconf 86' lang='lat' dir='ltr'><strong>regnet.</strong></span> <span class='ocrx_word' id='word_1_568' title='bbox 1315 3956 1432 4011; x_wconf 85' lang='lat' dir='ltr'><strong>Non</strong></span> <span class='ocrx_word' id='word_1_569' title='bbox 1464 3964 1642 4010; x_wconf 90' lang='lat' dir='ltr'><strong>autem</strong></span> <span class='ocrx_word' id='word_1_570' title='bbox 1671 3962 1879 4025; x_wconf 87' lang='lat' dir='ltr'><strong>regnat,</strong></span> 
     </span>
    </p>
   </div>
   <div class='ocr_carea' id='block_1_73' title="bbox 315 4047 1884 4116">
    <p class='ocr_par' dir='ltr' id='par_1_73' title="bbox 315 4047 1884 4116">
     <span class='ocr_line' id='line_1_73' title="bbox 315 4047 1884 4116; baseline -0.005 -8"><span class='ocrx_word' id='word_1_571' title='bbox 315 4069 438 4109; x_wconf 90' lang='lat' dir='ltr'><strong>cum</strong></span> <span class='ocrx_word' id='word_1_572' title='bbox 485 4050 762 4107; x_wconf 89' lang='lat' dir='ltr'><strong>desideriis</strong></span> <span class='ocrx_word' id='word_1_573' title='bbox 799 4047 915 4116; x_wconf 90' lang='lat' dir='ltr'><strong>ejus</strong></span> <span class='ocrx_word' id='word_1_574' title='bbox 946 4064 1049 4103; x_wconf 90' lang='lat' dir='ltr'><strong>non</strong></span> <span class='ocrx_word' id='word_1_575' title='bbox 1091 4048 1337 4103; x_wconf 86' lang='lat' dir='ltr'><strong>obeditur</strong></span> <span class='ocrx_word' id='word_1_576' title='bbox 1359 4089 1373 4114; x_wconf 97' lang='lat'><strong>,</strong></span> <span class='ocrx_word' id='word_1_577' title='bbox 1416 4047 1709 4102; x_wconf 89' lang='lat' dir='ltr'><strong>secundum</strong></span> <span class='ocrx_word' id='word_1_578' title='bbox 1745 4049 1884 4101; x_wconf 89' lang='lat' dir='ltr'><strong>hanc</strong></span> 
     </span>
    </p>
   </div>
   <div class='ocr_carea' id='block_1_74' title="bbox 317 4138 1883 4207">
    <p class='ocr_par' dir='ltr' id='par_1_74' title="bbox 317 4138 1883 4207">
     <span class='ocr_line' id='line_1_74' title="bbox 317 4138 1883 4207; baseline -0.003 -9"><span class='ocrx_word' id='word_1_579' title='bbox 317 4142 651 4205; x_wconf 73' lang='lat' dir='ltr'><strong>sententiam,</strong></span> <span class='ocrx_word' id='word_1_580' title='bbox 688 4155 786 4194; x_wconf 92' lang='lat' dir='ltr'><strong>nec</strong></span> <span class='ocrx_word' id='word_1_581' title='bbox 822 4155 932 4193; x_wconf 89' lang='lat' dir='ltr'><strong>rem</strong></span> <span class='ocrx_word' id='word_1_582' title='bbox 968 4138 1408 4195; x_wconf 78' lang='lat' dir='ltr'><strong>absurdissimam</strong></span> <span class='ocrx_word' id='word_1_583' title='bbox 1447 4139 1702 4202; x_wconf 91' lang='lat' dir='ltr'><strong>dicimus,</strong></span> <span class='ocrx_word' id='word_1_584' title='bbox 1741 4140 1883 4207; x_wconf 92' lang='lat' dir='ltr'><strong>quod</strong></span> 
     </span>
    </p>
   </div>
   <div class='ocr_carea' id='block_1_75' title="bbox 317 4227 1885 4298">
    <p class='ocr_par' dir='ltr' id='par_1_75' title="bbox 317 4227 1885 4298">
     <span class='ocr_line' id='line_1_75' title="bbox 317 4227 1885 4298; baseline -0.003 -13"><span class='ocrx_word' id='word_1_585' title='bbox 317 4247 441 4285; x_wconf 87' lang='lat' dir='ltr'><strong>caro</strong></span> <span class='ocrx_word' id='word_1_586' title='bbox 463 4231 578 4285; x_wconf 89' lang='lat' dir='ltr'><strong>sine</strong></span> <span class='ocrx_word' id='word_1_587' title='bbox 609 4229 784 4283; x_wconf 89' lang='lat' dir='ltr'><strong>anima</strong></span> <span class='ocrx_word' id='word_1_588' title='bbox 810 4229 1172 4298; x_wconf 90' lang='lat' dir='ltr'><strong>concupiscat,</strong></span> <span class='ocrx_word' id='word_1_589' title='bbox 1203 4241 1302 4282; x_wconf 89' lang='lat' dir='ltr'><strong>nec</strong></span> <span class='ocrx_word' id='word_1_590' title='bbox 1331 4227 1634 4282; x_wconf 74' lang='lat' dir='ltr'><strong>Manichzeis</strong></span> <span class='ocrx_word' id='word_1_591' title='bbox 1658 4242 1885 4282; x_wconf 87' lang='lat' dir='ltr'><strong>consen-</strong></span> 
     </span>
    </p>
   </div>
   <div class='ocr_carea' id='block_1_76' title="bbox 1981 3157 3559 3228">
    <p class='ocr_par' dir='ltr' id='par_1_76' title="bbox 1981 3157 3559 3228">
     <span class='ocr_line' id='line_1_76' title="bbox 1981 3157 3559 3228; baseline 0.006 -18"><span class='ocrx_word' id='word_1_592' title='bbox 1981 3164 2141 3224; x_wconf 89' lang='lat' dir='ltr'><strong>atque</strong></span> <span class='ocrx_word' id='word_1_593' title='bbox 2176 3157 2463 3221; x_wconf 90' lang='lat' dir='ltr'><strong>doctiores,</strong></span> <span class='ocrx_word' id='word_1_594' title='bbox 2503 3159 2596 3212; x_wconf 90' lang='lat' dir='ltr'><strong>sed</strong></span> <span class='ocrx_word' id='word_1_595' title='bbox 2636 3169 2812 3211; x_wconf 89' lang='lat' dir='ltr'><strong>tamen</strong></span> <span class='ocrx_word' id='word_1_596' title='bbox 2849 3173 2947 3225; x_wconf 89' lang='lat' dir='ltr'><strong>pro</strong></span> <span class='ocrx_word' id='word_1_597' title='bbox 2974 3173 3093 3212; x_wconf 91' lang='lat' dir='ltr'><strong>meo</strong></span> <span class='ocrx_word' id='word_1_598' title='bbox 3122 3169 3280 3228; x_wconf 90' lang='lat' dir='ltr'><strong>captu</strong></span> <span class='ocrx_word' id='word_1_599' title='bbox 3306 3162 3559 3220; x_wconf 89' lang='lat' dir='ltr'><strong>libentius</strong></span> 
     </span>
    </p>
   </div>
   <div class='ocr_carea' id='block_1_77' title="bbox 1982 3245 3559 3314">
    <p class='ocr_par' dir='ltr' id='par_1_77' title="bbox 1982 3245 3559 3314">
     <span class='ocr_line' id='line_1_77' title="bbox 1982 3245 3559 3314; baseline 0.006 -17"><span class='ocrx_word' id='word_1_600' title='bbox 1982 3245 2348 3313; x_wconf 88' lang='lat' dir='ltr'><strong>responderim</strong></span> <span class='ocrx_word' id='word_1_601' title='bbox 2367 3287 2381 3310; x_wconf 93' lang='lat'><strong>,</strong></span> <span class='ocrx_word' id='word_1_602' title='bbox 2410 3261 2513 3300; x_wconf 90' lang='lat' dir='ltr'><strong>non</strong></span> <span class='ocrx_word' id='word_1_603' title='bbox 2543 3247 2608 3300; x_wconf 87' lang='lat' dir='ltr'><strong>de</strong></span> <span class='ocrx_word' id='word_1_604' title='bbox 2635 3245 2834 3310; x_wconf 84' lang='lat' dir='ltr'><strong>Adam,</strong></span> <span class='ocrx_word' id='word_1_605' title='bbox 2873 3247 2967 3300; x_wconf 88' lang='lat' dir='ltr'><strong>sed</strong></span> <span class='ocrx_word' id='word_1_606' title='bbox 2998 3248 3137 3300; x_wconf 92' lang='lat' dir='ltr'><strong>unde</strong></span> <span class='ocrx_word' id='word_1_607' title='bbox 3165 3247 3358 3314; x_wconf 83' lang='lat' dir='ltr'><strong>Adam,</strong></span> <span class='ocrx_word' id='word_1_608' title='bbox 3392 3251 3446 3305; x_wconf 90' lang='lat' dir='ltr'><strong>id</strong></span> <span class='ocrx_word' id='word_1_609' title='bbox 3475 3260 3559 3307; x_wconf 85' lang='lat' dir='ltr'><strong>est</strong></span> 
     </span>
    </p>
   </div>
   <div class='ocr_carea' id='block_1_78' title="bbox 1981 3334 3558 3409">
    <p class='ocr_par' dir='ltr' id='par_1_78' title="bbox 1981 3334 3558 3409">
     <span class='ocr_line' id='line_1_78' title="bbox 1981 3334 3558 3409; baseline 0.006 -22"><span class='ocrx_word' id='word_1_610' title='bbox 1981 3349 2044 3388; x_wconf 84' lang='lat' dir='ltr'><strong>ex</strong></span> <span class='ocrx_word' id='word_1_611' title='bbox 2081 3335 2209 3387; x_wconf 87' lang='lat' dir='ltr'><strong>Deo.</strong></span> <span class='ocrx_word' id='word_1_612' title='bbox 2260 3335 2355 3388; x_wconf 87' lang='lat' dir='ltr'><strong>Est</strong></span> <span class='ocrx_word' id='word_1_613' title='bbox 2395 3336 2446 3388; x_wconf 89' lang='lat' dir='ltr'><strong>in</strong></span> <span class='ocrx_word' id='word_1_614' title='bbox 2474 3334 2708 3402; x_wconf 88' lang='lat' dir='ltr'><strong>Epistola</strong></span> <span class='ocrx_word' id='word_1_615' title='bbox 2738 3350 2855 3402; x_wconf 65' lang='lat' dir='ltr'><strong>qua:</strong></span> <span class='ocrx_word' id='word_1_616' title='bbox 2889 3337 3146 3390; x_wconf 89' lang='lat' dir='ltr'><strong>scribitur</strong></span> <span class='ocrx_word' id='word_1_617' title='bbox 3179 3340 3246 3392; x_wconf 89' lang='lat' dir='ltr'><strong>ad</strong></span> <span class='ocrx_word' id='word_1_618' title='bbox 3283 3339 3558 3409; x_wconf 71' lang='lat' dir='ltr'><strong>Hebrzeos,</strong></span> 
     </span>
    </p>
   </div>
   <div class='ocr_carea' id='block_1_79' title="bbox 1981 3423 3556 3498">
    <p class='ocr_par' dir='ltr' id='par_1_79' title="bbox 1981 3423 3556 3498">
     <span class='ocr_line' id='line_1_79' title="bbox 1981 3423 3556 3498; baseline 0.007 -22"><span class='ocrx_word' id='word_1_619' title='bbox 1981 3423 2131 3476; x_wconf 90' lang='lat' dir='ltr'><strong>locus</strong></span> <span class='ocrx_word' id='word_1_620' title='bbox 2171 3425 2386 3491; x_wconf 91' lang='lat' dir='ltr'><strong>quidam</strong></span> <span class='ocrx_word' id='word_1_621' title='bbox 2435 3425 2673 3491; x_wconf 82' lang='lat' dir='ltr'><strong>diligenti</strong></span> <span class='ocrx_word' id='word_1_622' title='bbox 2720 3426 3148 3482; x_wconf 80' lang='lat' dir='ltr'><strong>consideratione</strong></span> <span class='ocrx_word' id='word_1_623' title='bbox 3187 3429 3556 3498; x_wconf 89' lang='lat' dir='ltr'><strong>dignissimus.</strong></span> 
     </span>
    </p>
   </div>
   <div class='ocr_carea' id='block_1_80' title="bbox 1981 3511 3558 3591">
    <p class='ocr_par' dir='ltr' id='par_1_80' title="bbox 1981 3511 3558 3591">
     <span class='ocr_line' id='line_1_80' title="bbox 1981 3511 3558 3591; baseline 0.006 -25"><span class='ocrx_word' id='word_1_624' title='bbox 1981 3511 2115 3566; x_wconf 91' lang='lat' dir='ltr'><strong>Cum</strong></span> <span class='ocrx_word' id='word_1_625' title='bbox 2141 3511 2284 3564; x_wconf 92' lang='lat' dir='ltr'><strong>enim</strong></span> <span class='ocrx_word' id='word_1_626' title='bbox 2309 3526 2407 3579; x_wconf 88' lang='lat' dir='ltr'><strong>per</strong></span> <span class='ocrx_word' id='word_1_627' title='bbox 2433 3513 2820 3568; x_wconf 79' lang='lat' dir='ltr'><strong>Melchisedech</strong></span> <span class='ocrx_word' id='word_1_628' title='bbox 2845 3555 2858 3576; x_wconf 86' lang='lat'><strong>,</strong></span> <span class='ocrx_word' id='word_1_629' title='bbox 2887 3516 2940 3569; x_wconf 92' lang='lat' dir='ltr'><strong>in</strong></span> <span class='ocrx_word' id='word_1_630' title='bbox 2967 3532 3074 3586; x_wconf 93' lang='lat' dir='ltr'><strong>quo</strong></span> <span class='ocrx_word' id='word_1_631' title='bbox 3097 3517 3256 3586; x_wconf 90' lang='lat' dir='ltr'><strong>hujus</strong></span> <span class='ocrx_word' id='word_1_632' title='bbox 3282 3522 3359 3574; x_wconf 90' lang='lat' dir='ltr'><strong>rei</strong></span> <span class='ocrx_word' id='word_1_633' title='bbox 3388 3521 3558 3591; x_wconf 81' lang='lat' dir='ltr'><strong>ﬁgura</strong></span> 
     </span>
    </p>
   </div>
   <div class='ocr_carea' id='block_1_81' title="bbox 1981 3601 3558 3668">
    <p class='ocr_par' dir='ltr' id='par_1_81' title="bbox 1981 3601 3558 3668">
     <span class='ocr_line' id='line_1_81' title="bbox 1981 3601 3558 3668; baseline 0.008 -15"><span class='ocrx_word' id='word_1_634' title='bbox 1981 3608 2346 3668; x_wconf 74' lang='lat' dir='ltr'><strong>prmcesserat,</strong></span> <span class='ocrx_word' id='word_1_635' title='bbox 2374 3601 2770 3657; x_wconf 90' lang='lat' dir='ltr'><strong>discerneretur</strong></span> <span class='ocrx_word' id='word_1_636' title='bbox 2793 3607 3153 3660; x_wconf 86' lang='lat' dir='ltr'><strong>sacerdotium</strong></span> <span class='ocrx_word' id='word_1_637' title='bbox 3183 3607 3382 3663; x_wconf 86' lang='lat' dir='ltr'><strong>Christi</strong></span> <span class='ocrx_word' id='word_1_638' title='bbox 3409 3626 3441 3663; x_wconf 87' lang='lat' dir='ltr'><strong>a</strong></span> <span class='ocrx_word' id='word_1_639' title='bbox 3468 3626 3558 3665; x_wconf 88' lang='lat' dir='ltr'><strong>sa-</strong></span> 
     </span>
    </p>
   </div>
   <div class='ocr_carea' id='block_1_82' title="bbox 1973 3681 3555 3766">
    <p class='ocr_par' dir='ltr' id='par_1_82' title="bbox 1973 3681 3555 3766">
     <span class='ocr_line' id='line_1_82' title="bbox 1973 3681 3555 3766; baseline 0.008 -25"><span class='ocrx_word' id='word_1_640' title='bbox 1973 3681 2223 3742; x_wconf 61' lang='lat' dir='ltr'><strong>‘cerdotio</strong></span> <span class='ocrx_word' id='word_1_641' title='bbox 2265 3687 2432 3740; x_wconf 88' lang='lat' dir='ltr'><strong>Levi:</strong></span> <span class='ocrx_word' id='word_1_642' title='bbox 2471 3686 2645 3743; x_wconf 82' lang='lat' dir='ltr'><strong>Videte</strong></span> <span class='ocrx_word' id='word_1_643' title='bbox 2687 3707 2827 3760; x_wconf 86' lang='lat' dir='ltr'><strong>ergo,</strong></span> <span class='ocrx_word' id='word_1_644' title='bbox 2873 3693 3067 3761; x_wconf 86' lang='lat' dir='ltr'><strong>inquit,</strong></span> <span class='ocrx_word' id='word_1_645' title='bbox 3115 3695 3288 3763; x_wconf 82' lang='lat' dir='ltr'><strong>qualis</strong></span> <span class='ocrx_word' id='word_1_646' title='bbox 3330 3698 3414 3751; x_wconf 88' lang='lat' dir='ltr'><strong>hic</strong></span> <span class='ocrx_word' id='word_1_647' title='bbox 3458 3709 3555 3766; x_wconf 79' lang='lat' dir='ltr'><strong>est,</strong></span> 
     </span>
    </p>
   </div>
   <div class='ocr_carea' id='block_1_83' title="bbox 1982 3779 3558 3860">
    <p class='ocr_par' dir='ltr' id='par_1_83' title="bbox 1982 3779 3558 3860">
     <span class='ocr_line' id='line_1_83' title="bbox 1982 3779 3558 3860; baseline 0.006 -27"><span class='ocrx_word' id='word_1_648' title='bbox 1982 3780 2066 3833; x_wconf 87' lang='lat' dir='ltr'><strong>cui</strong></span> <span class='ocrx_word' id='word_1_649' title='bbox 2091 3789 2139 3831; x_wconf 87' lang='lat' dir='ltr'><strong>et</strong></span> <span class='ocrx_word' id='word_1_650' title='bbox 2163 3779 2415 3832; x_wconf 80' lang='lat' dir='ltr'><strong>decimam</strong></span> <span class='ocrx_word' id='word_1_651' title='bbox 2439 3791 2635 3849; x_wconf 85' lang='lat' dir='ltr'><strong>partem</strong></span> <span class='ocrx_word' id='word_1_652' title='bbox 2662 3783 2924 3836; x_wconf 79' lang='lat' dir='ltr'><strong>Abraham</strong></span> <span class='ocrx_word' id='word_1_653' title='bbox 2947 3785 3087 3838; x_wconf 82' lang='lat' dir='ltr'><strong>dedit</strong></span> <span class='ocrx_word' id='word_1_654' title='bbox 3113 3787 3177 3839; x_wconf 85' lang='lat' dir='ltr'><strong>de</strong></span> <span class='ocrx_word' id='word_1_655' title='bbox 3199 3788 3440 3856; x_wconf 84' lang='lat' dir='ltr'><strong>primitiis</strong></span> <span class='ocrx_word' id='word_1_656' title='bbox 3465 3807 3558 3860; x_wconf 84' lang='lat' dir='ltr'><strong>pa-</strong></span> 
     </span>
    </p>
   </div>
   <div class='ocr_carea' id='block_1_84' title="bbox 1983 3869 3556 3942">
    <p class='ocr_par' dir='ltr' id='par_1_84' title="bbox 1983 3869 3556 3942">
     <span class='ocr_line' id='line_1_84' title="bbox 1983 3869 3556 3942; baseline 0.01 -21"><span class='ocrx_word' id='word_1_657' title='bbox 1983 3871 2212 3922; x_wconf 83' lang='lat' dir='ltr'><strong>triarcha</strong></span> <span class='ocrx_word' id='word_1_658' title='bbox 2238 3869 2424 3940; x_wconf 77' lang='lat' dir='ltr'><strong>(Hebr.</strong></span> <span class='ocrx_word' id='word_1_659' title='bbox 2453 3887 2544 3933; x_wconf 84' lang='lat' dir='ltr'><strong>vn,</strong></span> <span class='ocrx_word' id='word_1_660' title='bbox 2574 3872 2659 3942; x_wconf 70' lang='lat'><strong>4),</strong></span> <span class='ocrx_word' id='word_1_661' title='bbox 2680 3888 2784 3927; x_wconf 90' lang='lat' dir='ltr'><strong>non</strong></span> <span class='ocrx_word' id='word_1_662' title='bbox 2809 3883 2988 3928; x_wconf 87' lang='lat' dir='ltr'><strong>autem</strong></span> <span class='ocrx_word' id='word_1_663' title='bbox 3014 3884 3068 3930; x_wconf 89' lang='lat' dir='ltr'><strong>et</strong></span> <span class='ocrx_word' id='word_1_664' title='bbox 3096 3876 3184 3931; x_wconf 89' lang='lat' dir='ltr'><strong>ille</strong></span> <span class='ocrx_word' id='word_1_665' title='bbox 3215 3879 3287 3932; x_wconf 90' lang='lat' dir='ltr'><strong>ibi</strong></span> <span class='ocrx_word' id='word_1_666' title='bbox 3317 3879 3556 3935; x_wconf 87' lang='lat' dir='ltr'><strong>decima-</strong></span> 
     </span>
    </p>
   </div>
   <div class='ocr_carea' id='block_1_85' title="bbox 1982 3962 3558 4036">
    <p class='ocr_par' dir='ltr' id='par_1_85' title="bbox 1982 3962 3558 4036">
     <span class='ocr_line' id='line_1_85' title="bbox 1982 3962 3558 4036; baseline 0.006 -20"><span class='ocrx_word' id='word_1_667' title='bbox 1982 3969 2070 4016; x_wconf 92' lang='lat' dir='ltr'><strong>tus</strong></span> <span class='ocrx_word' id='word_1_668' title='bbox 2105 3971 2211 4025; x_wconf 91' lang='lat' dir='ltr'><strong>est,</strong></span> <span class='ocrx_word' id='word_1_669' title='bbox 2242 3962 2394 4029; x_wconf 90' lang='lat' dir='ltr'><strong>cujus</strong></span> <span class='ocrx_word' id='word_1_670' title='bbox 2429 3979 2558 4017; x_wconf 89' lang='lat' dir='ltr'><strong>caro</strong></span> <span class='ocrx_word' id='word_1_671' title='bbox 2588 3964 2709 4018; x_wconf 91' lang='lat' dir='ltr'><strong>inde</strong></span> <span class='ocrx_word' id='word_1_672' title='bbox 2738 3979 2842 4018; x_wconf 89' lang='lat' dir='ltr'><strong>non</strong></span> <span class='ocrx_word' id='word_1_673' title='bbox 2876 3965 3141 4021; x_wconf 83' lang='lat' dir='ltr'><strong>fervorem</strong></span> <span class='ocrx_word' id='word_1_674' title='bbox 3175 3969 3430 4036; x_wconf 89' lang='lat' dir='ltr'><strong>vulneris,</strong></span> <span class='ocrx_word' id='word_1_675' title='bbox 3465 3972 3558 4026; x_wconf 88' lang='lat' dir='ltr'><strong>sed</strong></span> 
     </span>
    </p>
   </div>
   <div class='ocr_carea' id='block_1_86' title="bbox 1982 4052 3554 4126">
    <p class='ocr_par' dir='ltr' id='par_1_86' title="bbox 1982 4052 3554 4126">
     <span class='ocr_line' id='line_1_86' title="bbox 1982 4052 3554 4126; baseline 0.008 -23"><span class='ocrx_word' id='word_1_676' title='bbox 1982 4052 2264 4104; x_wconf 86' lang='lat' dir='ltr'><strong>materiam</strong></span> <span class='ocrx_word' id='word_1_677' title='bbox 2294 4053 2664 4108; x_wconf 89' lang='lat' dir='ltr'><strong>medicaminis</strong></span> <span class='ocrx_word' id='word_1_678' title='bbox 2708 4055 2889 4108; x_wconf 82' lang='lat' dir='ltr'><strong>traxit.</strong></span> <span class='ocrx_word' id='word_1_679' title='bbox 2933 4055 3066 4110; x_wconf 87' lang='lat' dir='ltr'><strong>Nam</strong></span> <span class='ocrx_word' id='word_1_680' title='bbox 3098 4073 3221 4111; x_wconf 88' lang='lat' dir='ltr'><strong>cum</strong></span> <span class='ocrx_word' id='word_1_681' title='bbox 3253 4059 3366 4126; x_wconf 90' lang='lat' dir='ltr'><strong>ipsa</strong></span> <span class='ocrx_word' id='word_1_682' title='bbox 3404 4061 3554 4115; x_wconf 86' lang='lat' dir='ltr'><strong>deci-</strong></span> 
     </span>
    </p>
   </div>
   <div class='ocr_carea' id='block_1_87' title="bbox 1981 4143 3556 4219">
    <p class='ocr_par' dir='ltr' id='par_1_87' title="bbox 1981 4143 3556 4219">
     <span class='ocr_line' id='line_1_87' title="bbox 1981 4143 3556 4219; baseline 0.008 -23"><span class='ocrx_word' id='word_1_683' title='bbox 1981 4143 2148 4198; x_wconf 88' lang='lat' dir='ltr'><strong>matio</strong></span> <span class='ocrx_word' id='word_1_684' title='bbox 2170 4145 2234 4198; x_wconf 90' lang='lat' dir='ltr'><strong>ad</strong></span> <span class='ocrx_word' id='word_1_685' title='bbox 2256 4144 2700 4214; x_wconf 67' lang='lat' dir='ltr'><strong>prazligurandam</strong></span> <span class='ocrx_word' id='word_1_686' title='bbox 2723 4149 3041 4202; x_wconf 89' lang='lat' dir='ltr'><strong>medicinam</strong></span> <span class='ocrx_word' id='word_1_687' title='bbox 3062 4152 3406 4219; x_wconf 87' lang='lat' dir='ltr'><strong>pertinuerit,</strong></span> <span class='ocrx_word' id='word_1_688' title='bbox 3427 4154 3556 4208; x_wconf 91' lang='lat' dir='ltr'><strong>illud</strong></span> 
     </span>
    </p>
   </div>
   <div class='ocr_carea' id='block_1_88' title="bbox 1985 4229 3556 4304">
    <p class='ocr_par' dir='ltr' id='par_1_88' title="bbox 1985 4229 3556 4304">
     <span class='ocr_line' id='line_1_88' title="bbox 1985 4229 3556 4304; baseline 0.009 -22"><span class='ocrx_word' id='word_1_689' title='bbox 1985 4229 2038 4282; x_wconf 91' lang='lat' dir='ltr'><strong>in</strong></span> <span class='ocrx_word' id='word_1_690' title='bbox 2077 4230 2308 4285; x_wconf 64' lang='lat' dir='ltr'><strong>Abrahae</strong></span> <span class='ocrx_word' id='word_1_691' title='bbox 2334 4248 2495 4286; x_wconf 87' lang='lat' dir='ltr'><strong>carne</strong></span> <span class='ocrx_word' id='word_1_692' title='bbox 2525 4235 2893 4288; x_wconf 90' lang='lat' dir='ltr'><strong>decimabatur</strong></span> <span class='ocrx_word' id='word_1_693' title='bbox 2929 4238 3072 4304; x_wconf 91' lang='lat' dir='ltr'><strong>quod</strong></span> <span class='ocrx_word' id='word_1_694' title='bbox 3104 4240 3414 4304; x_wconf 88' lang='lat' dir='ltr'><strong>curabatur,</strong></span> <span class='ocrx_word' id='word_1_695' title='bbox 3449 4257 3556 4296; x_wconf 89' lang='lat' dir='ltr'><strong>non</strong></span> 
     </span>
    </p>
   </div>
   <div class='ocr_carea' id='block_1_89' title="bbox 317 4318 3558 4417">
    <p class='ocr_par' dir='ltr' id='par_1_89' title="bbox 317 4318 3558 4417">
     <span class='ocr_line' id='line_1_89' title="bbox 317 4318 3558 4417; baseline 0.002 -43"><span class='ocrx_word' id='word_1_696' title='bbox 317 4321 496 4385; x_wconf 89' lang='lat' dir='ltr'><strong>timus,</strong></span> <span class='ocrx_word' id='word_1_697' title='bbox 525 4319 615 4388; x_wconf 89' lang='lat' dir='ltr'><strong>qui</strong></span> <span class='ocrx_word' id='word_1_698' title='bbox 646 4335 766 4374; x_wconf 90' lang='lat' dir='ltr'><strong>cum</strong></span> <span class='ocrx_word' id='word_1_699' title='bbox 795 4319 1036 4372; x_wconf 87' lang='lat' dir='ltr'><strong>viderent</strong></span> <span class='ocrx_word' id='word_1_700' title='bbox 1060 4335 1274 4373; x_wconf 75' lang='lat' dir='ltr'><strong>carnem</strong></span> <span class='ocrx_word' id='word_1_701' title='bbox 1307 4335 1409 4373; x_wconf 92' lang='lat' dir='ltr'><strong>non</strong></span> <span class='ocrx_word' id='word_1_702' title='bbox 1440 4334 1597 4388; x_wconf 86' lang='lat' dir='ltr'><strong>posse</strong></span> <span class='ocrx_word' id='word_1_703' title='bbox 1625 4321 1739 4374; x_wconf 90' lang='lat' dir='ltr'><strong>sine</strong></span> <span class='ocrx_word' id='word_1_704' title='bbox 1764 4320 1879 4373; x_wconf 83' lang='lat' dir='ltr'><strong>ani-</strong></span> <span class='ocrx_word' id='word_1_705' title='bbox 1907 4355 1961 4417; x_wconf 63' lang='grc' dir='ltr'>Β</span> <span class='ocrx_word' id='word_1_706' title='bbox 1985 4318 2114 4370; x_wconf 91' lang='lat' dir='ltr'><strong>illud</strong></span> <span class='ocrx_word' id='word_1_707' title='bbox 2139 4319 2280 4370; x_wconf 87' lang='lat' dir='ltr'><strong>unde</strong></span> <span class='ocrx_word' id='word_1_708' title='bbox 2306 4319 2614 4372; x_wconf 87' lang='lat' dir='ltr'><strong>curabatur.</strong></span> <span class='ocrx_word' id='word_1_709' title='bbox 2639 4321 2835 4374; x_wconf 86' lang='lat' dir='ltr'><strong>Eadem</strong></span> <span class='ocrx_word' id='word_1_710' title='bbox 2860 4337 3089 4390; x_wconf 88' lang='lat' dir='ltr'><strong>namque</strong></span> <span class='ocrx_word' id='word_1_711' title='bbox 3111 4339 3238 4377; x_wconf 89' lang='lat' dir='ltr'><strong>caro</strong></span> <span class='ocrx_word' id='word_1_712' title='bbox 3260 4340 3365 4378; x_wconf 90' lang='lat' dir='ltr'><strong>non</strong></span> <span class='ocrx_word' id='word_1_713' title='bbox 3387 4325 3558 4382; x_wconf 85' lang='lat' dir='ltr'><strong>Abra-</strong></span> 
     </span>
    </p>
   </div>
   <div class='ocr_carea' id='block_1_90' title="bbox 317 4410 1880 4478">
    <p class='ocr_par' dir='ltr' id='par_1_90' title="bbox 317 4410 1880 4478">
     <span class='ocr_line' id='line_1_90' title="bbox 317 4410 1880 4478; baseline -0.003 -11"><span class='ocrx_word' id='word_1_714' title='bbox 317 4427 400 4468; x_wconf 88' lang='lat' dir='ltr'><strong>ma</strong></span> <span class='ocrx_word' id='word_1_715' title='bbox 435 4410 828 4478; x_wconf 86' lang='lat' dir='ltr'><strong>concupiscere,</strong></span> <span class='ocrx_word' id='word_1_716' title='bbox 866 4411 1023 4464; x_wconf 88' lang='lat' dir='ltr'><strong>aliam</strong></span> <span class='ocrx_word' id='word_1_717' title='bbox 1059 4411 1343 4478; x_wconf 87' lang='lat' dir='ltr'><strong>quamdam</strong></span> <span class='ocrx_word' id='word_1_718' title='bbox 1379 4412 1612 4464; x_wconf 89' lang='lat' dir='ltr'><strong>animam</strong></span> <span class='ocrx_word' id='word_1_719' title='bbox 1644 4426 1794 4465; x_wconf 89' lang='lat' dir='ltr'><strong>suam</strong></span> <span class='ocrx_word' id='word_1_720' title='bbox 1814 4425 1880 4464; x_wconf 88' lang='lat' dir='ltr'><strong>ex</strong></span> 
     </span>
    </p>
   </div>
   <div class='ocr_carea' id='block_1_91' title="bbox 318 4499 1877 4568">
    <p class='ocr_par' dir='ltr' id='par_1_91' title="bbox 318 4499 1877 4568">
     <span class='ocr_line' id='line_1_91' title="bbox 318 4499 1877 4568; baseline -0.003 -13"><span class='ocrx_word' id='word_1_721' title='bbox 318 4500 418 4555; x_wconf 88' lang='lat' dir='ltr'><strong>alia</strong></span> <span class='ocrx_word' id='word_1_722' title='bbox 439 4508 626 4553; x_wconf 89' lang='lat' dir='ltr'><strong>natura</strong></span> <span class='ocrx_word' id='word_1_723' title='bbox 650 4499 756 4554; x_wconf 88' lang='lat' dir='ltr'><strong>Deo</strong></span> <span class='ocrx_word' id='word_1_724' title='bbox 775 4501 1042 4554; x_wconf 87' lang='lat' dir='ltr'><strong>contraria</strong></span> <span class='ocrx_word' id='word_1_725' title='bbox 1069 4515 1283 4554; x_wconf 89' lang='lat' dir='ltr'><strong>carnem</strong></span> <span class='ocrx_word' id='word_1_726' title='bbox 1305 4501 1504 4556; x_wconf 90' lang='lat' dir='ltr'><strong>habere</strong></span> <span class='ocrx_word' id='word_1_727' title='bbox 1532 4508 1877 4568; x_wconf 87' lang='lat' dir='ltr'><strong>putaverunt.</strong></span> 
     </span>
    </p>
   </div>
   <div class='ocr_carea' id='block_1_92' title="bbox 386 4573 1882 4644">
    <p class='ocr_par' dir='ltr' id='par_1_92' title="bbox 386 4573 1882 4644">
     <span class='ocr_line' id='line_1_92' title="bbox 386 4573 1882 4644; baseline 0.001 -3"><span class='ocrx_word' id='word_1_728' title='bbox 386 4589 451 4641; x_wconf 83' lang='grc' dir='ltr'><strong>ι).</strong></span> <span class='ocrx_word' id='word_1_729' title='bbox 488 4588 598 4642; x_wconf 88' lang='lat' dir='ltr'><strong>Nec</strong></span> <span class='ocrx_word' id='word_1_730' title='bbox 625 4589 784 4643; x_wconf 90' lang='lat' dir='ltr'><strong>alicui</strong></span> <span class='ocrx_word' id='word_1_731' title='bbox 809 4591 1001 4644; x_wconf 76' lang='lat' dir='ltr'><strong>anima:</strong></span> <span class='ocrx_word' id='word_1_732' title='bbox 1029 4607 1131 4643; x_wconf 92' lang='lat' dir='ltr'><strong>non</strong></span> <span class='ocrx_word' id='word_1_733' title='bbox 1155 4605 1276 4644; x_wconf 90' lang='lat' dir='ltr'><strong>esse</strong></span> <span class='ocrx_word' id='word_1_734' title='bbox 1300 4591 1656 4644; x_wconf 87' lang='lat' dir='ltr'><strong>necessariam</strong></span> <span class='ocrx_word' id='word_1_735' title='bbox 1680 4573 1882 4642; x_wconf 75' lang='lat' dir='ltr'><strong>Christi</strong></span> 
     </span>
    </p>
   </div>
   <div class='ocr_carea' id='block_1_93' title="bbox 319 4679 1882 4750">
    <p class='ocr_par' dir='ltr' id='par_1_93' title="bbox 319 4679 1882 4750">
     <span class='ocr_line' id='line_1_93' title="bbox 319 4679 1882 4750; baseline 0 -18"><span class='ocrx_word' id='word_1_736' title='bbox 319 4679 541 4750; x_wconf 75' lang='lat' dir='ltr'><strong>gratiam</strong></span> <span class='ocrx_word' id='word_1_737' title='bbox 564 4680 743 4734; x_wconf 88' lang='lat' dir='ltr'><strong>dicere</strong></span> <span class='ocrx_word' id='word_1_738' title='bbox 764 4680 1022 4749; x_wconf 86' lang='lat' dir='ltr'><strong>cogimur,</strong></span> <span class='ocrx_word' id='word_1_739' title='bbox 1043 4695 1163 4734; x_wconf 88' lang='lat' dir='ltr'><strong>cum</strong></span> <span class='ocrx_word' id='word_1_740' title='bbox 1193 4681 1389 4734; x_wconf 91' lang='lat' dir='ltr'><strong>dicitur</strong></span> <span class='ocrx_word' id='word_1_741' title='bbox 1408 4680 1582 4741; x_wconf 88' lang='lat' dir='ltr'><strong>nobis,</strong></span> <span class='ocrx_word' id='word_1_742' title='bbox 1619 4679 1747 4746; x_wconf 91' lang='lat' dir='ltr'><strong>quid</strong></span> <span class='ocrx_word' id='word_1_743' title='bbox 1770 4694 1882 4732; x_wconf 89' lang='lat' dir='ltr'><strong>me-</strong></span> 
     </span>
    </p>
   </div>
   <div class='ocr_carea' id='block_1_94' title="bbox 319 4768 1882 4837">
    <p class='ocr_par' dir='ltr' id='par_1_94' title="bbox 319 4768 1882 4837">
     <span class='ocr_line' id='line_1_94' title="bbox 319 4768 1882 4837; baseline -0.001 -14"><span class='ocrx_word' id='word_1_744' title='bbox 319 4770 422 4824; x_wconf 92' lang='lat' dir='ltr'><strong>ruit</strong></span> <span class='ocrx_word' id='word_1_745' title='bbox 467 4769 644 4822; x_wconf 89' lang='lat' dir='ltr'><strong>anima</strong></span> <span class='ocrx_word' id='word_1_746' title='bbox 691 4768 926 4834; x_wconf 88' lang='lat' dir='ltr'><strong>infantis,</strong></span> <span class='ocrx_word' id='word_1_747' title='bbox 975 4769 1112 4822; x_wconf 91' lang='lat' dir='ltr'><strong>unde</strong></span> <span class='ocrx_word' id='word_1_748' title='bbox 1156 4769 1230 4821; x_wconf 91' lang='lat' dir='ltr'><strong>illi</strong></span> <span class='ocrx_word' id='word_1_749' title='bbox 1269 4768 1627 4837; x_wconf 88' lang='lat' dir='ltr'><strong>perniciosum</strong></span> <span class='ocrx_word' id='word_1_750' title='bbox 1665 4768 1734 4822; x_wconf 90' lang='lat' dir='ltr'><strong>sit</strong></span> <span class='ocrx_word' id='word_1_751' title='bbox 1777 4784 1882 4823; x_wconf 93' lang='lat' dir='ltr'><strong>non</strong></span> 
     </span>
    </p>
   </div>
   <div class='ocr_carea' id='block_1_95' title="bbox 315 4857 1422 4926">
    <p class='ocr_par' dir='ltr' id='par_1_95' title="bbox 315 4857 1422 4926">
     <span class='ocr_line' id='line_1_95' title="bbox 315 4857 1422 4926; baseline -0.002 -16"><span class='ocrx_word' id='word_1_752' title='bbox 315 4865 564 4926; x_wconf 86' lang='lat' dir='ltr'><strong>percepto</strong></span> <span class='ocrx_word' id='word_1_753' title='bbox 593 4857 858 4925; x_wconf 89' lang='lat' dir='ltr'><strong>baptismo</strong></span> <span class='ocrx_word' id='word_1_754' title='bbox 887 4858 1033 4910; x_wconf 86' lang='lat' dir='ltr'><strong>exire</strong></span> <span class='ocrx_word' id='word_1_755' title='bbox 1061 4857 1126 4911; x_wconf 89' lang='lat' dir='ltr'><strong>de</strong></span> <span class='ocrx_word' id='word_1_756' title='bbox 1153 4870 1376 4924; x_wconf 86' lang='lat' dir='ltr'><strong>corpore</strong></span> <span class='ocrx_word' id='word_1_757' title='bbox 1401 4857 1422 4909; x_wconf 91' lang='lat'><strong>?</strong></span> 
     </span>
    </p>
   </div>
   <div class='ocr_carea' id='block_1_96' title="bbox 383 4945 1884 5016">
    <p class='ocr_par' dir='ltr' id='par_1_96' title="bbox 383 4945 1884 5016">
     <span class='ocr_line' id='line_1_96' title="bbox 383 4945 1884 5016; baseline -0.001 -15"><span class='ocrx_word' id='word_1_758' title='bbox 383 4947 462 5001; x_wconf 78' lang='lat' dir='ltr'><strong>M.</strong></span> <span class='ocrx_word' id='word_1_759' title='bbox 504 4947 708 5014; x_wconf 84' lang='lat' dir='ltr'><strong>Quibus</strong></span> <span class='ocrx_word' id='word_1_760' title='bbox 746 4947 1113 5015; x_wconf 89' lang='lat' dir='ltr'><strong>respondetur,</strong></span> <span class='ocrx_word' id='word_1_761' title='bbox 1149 4945 1356 4998; x_wconf 91' lang='lat' dir='ltr'><strong>animas</strong></span> <span class='ocrx_word' id='word_1_762' title='bbox 1389 4945 1605 5013; x_wconf 90' lang='lat' dir='ltr'><strong>quidem</strong></span> <span class='ocrx_word' id='word_1_763' title='bbox 1643 4946 1884 5016; x_wconf 91' lang='lat' dir='ltr'><strong>corpori-</strong></span> 
     </span>
    </p>
   </div>
   <div class='ocr_carea' id='block_1_97' title="bbox 317 5035 1883 5105">
    <p class='ocr_par' dir='ltr' id='par_1_97' title="bbox 317 5035 1883 5105">
     <span class='ocr_line' id='line_1_97' title="bbox 317 5035 1883 5105; baseline 0.001 -14"><span class='ocrx_word' id='word_1_764' title='bbox 317 5038 416 5091; x_wconf 86' lang='lat' dir='ltr'><strong>bus</strong></span> <span class='ocrx_word' id='word_1_765' title='bbox 443 5037 718 5091; x_wconf 91' lang='lat' dir='ltr'><strong>hominum</strong></span> <span class='ocrx_word' id='word_1_766' title='bbox 747 5037 916 5090; x_wconf 87' lang='lat' dir='ltr'><strong>Deum</strong></span> <span class='ocrx_word' id='word_1_767' title='bbox 941 5051 1106 5090; x_wconf 88' lang='lat' dir='ltr'><strong>novas</strong></span> <span class='ocrx_word' id='word_1_768' title='bbox 1130 5035 1437 5105; x_wconf 81' lang='lat' dir='ltr'><strong>singillatim</strong></span> <span class='ocrx_word' id='word_1_769' title='bbox 1479 5037 1629 5101; x_wconf 89' lang='lat' dir='ltr'><strong>dare,</strong></span> <span class='ocrx_word' id='word_1_770' title='bbox 1665 5038 1732 5092; x_wconf 90' lang='lat' dir='ltr'><strong>ad</strong></span> <span class='ocrx_word' id='word_1_771' title='bbox 1780 5039 1883 5093; x_wconf 90' lang='lat' dir='ltr'><strong>hoc</strong></span> 
     </span>
    </p>
   </div>
   <div class='ocr_carea' id='block_1_98' title="bbox 318 5125 1883 5194">
    <p class='ocr_par' dir='ltr' id='par_1_98' title="bbox 318 5125 1883 5194">
     <span class='ocr_line' id='line_1_98' title="bbox 318 5125 1883 5194; baseline 0.001 -15"><span class='ocrx_word' id='word_1_772' title='bbox 318 5138 342 5166; x_wconf 81' lang='grc' dir='ltr'><strong>ι</strong></span> <span class='ocrx_word' id='word_1_773' title='bbox 369 5135 427 5180; x_wconf 89' lang='grc' dir='ltr'><strong>ιιι</strong></span> <span class='ocrx_word' id='word_1_774' title='bbox 457 5127 524 5181; x_wconf 92' lang='lat' dir='ltr'><strong>de</strong></span> <span class='ocrx_word' id='word_1_775' title='bbox 553 5141 714 5181; x_wconf 91' lang='lat' dir='ltr'><strong>carne</strong></span> <span class='ocrx_word' id='word_1_776' title='bbox 738 5126 980 5194; x_wconf 90' lang='lat' dir='ltr'><strong>peccati,</strong></span> <span class='ocrx_word' id='word_1_777' title='bbox 1011 5125 1076 5179; x_wconf 90' lang='lat' dir='ltr'><strong>de</strong></span> <span class='ocrx_word' id='word_1_778' title='bbox 1113 5125 1357 5193; x_wconf 84' lang='lat' dir='ltr'><strong>originali</strong></span> <span class='ocrx_word' id='word_1_779' title='bbox 1391 5136 1614 5194; x_wconf 87' lang='lat' dir='ltr'><strong>peccato</strong></span> <span class='ocrx_word' id='word_1_780' title='bbox 1663 5127 1883 5180; x_wconf 86' lang='lat' dir='ltr'><strong>venien-</strong></span> 
     </span>
    </p>
   </div>
   <div class='ocr_carea' id='block_1_99' title="bbox 321 5216 1884 5285">
    <p class='ocr_par' dir='ltr' id='par_1_99' title="bbox 321 5216 1884 5285">
     <span class='ocr_line' id='line_1_99' title="bbox 321 5216 1884 5285; baseline 0 -16"><span class='ocrx_word' id='word_1_781' title='bbox 321 5223 394 5280; x_wconf 86' lang='lat' dir='ltr'><strong>te,</strong></span> <span class='ocrx_word' id='word_1_782' title='bbox 437 5225 584 5270; x_wconf 89' lang='lat' dir='ltr'><strong>recte</strong></span> <span class='ocrx_word' id='word_1_783' title='bbox 618 5216 841 5269; x_wconf 89' lang='lat' dir='ltr'><strong>vivendo</strong></span> <span class='ocrx_word' id='word_1_784' title='bbox 861 5256 875 5278; x_wconf 94' lang='lat'><strong>,</strong></span> <span class='ocrx_word' id='word_1_785' title='bbox 909 5216 1254 5284; x_wconf 90' lang='lat' dir='ltr'><strong>carnalesque</strong></span> <span class='ocrx_word' id='word_1_786' title='bbox 1287 5217 1745 5285; x_wconf 88' lang='lat' dir='ltr'><strong>concupiscentias</strong></span> <span class='ocrx_word' id='word_1_787' title='bbox 1786 5217 1884 5270; x_wconf 89' lang='lat' dir='ltr'><strong>sub</strong></span> 
     </span>
    </p>
   </div>
   <div class='ocr_carea' id='block_1_100' title="bbox 320 5301 1883 5375">
    <p class='ocr_par' dir='ltr' id='par_1_100' title="bbox 320 5301 1883 5375">
     <span class='ocr_line' id='line_1_100' title="bbox 320 5301 1883 5375; baseline -0.001 -17"><span class='ocrx_word' id='word_1_788' title='bbox 320 5301 412 5359; x_wconf 75' lang='lat' dir='ltr'><strong>Dei</strong></span> <span class='ocrx_word' id='word_1_789' title='bbox 436 5305 608 5375; x_wconf 80' lang='lat' dir='ltr'><strong>gratia</strong></span> <span class='ocrx_word' id='word_1_790' title='bbox 641 5303 954 5372; x_wconf 84' lang='lat' dir='ltr'><strong>subigendo,</strong></span> <span class='ocrx_word' id='word_1_791' title='bbox 987 5305 1231 5357; x_wconf 91' lang='lat' dir='ltr'><strong>meritum</strong></span> <span class='ocrx_word' id='word_1_792' title='bbox 1259 5313 1599 5374; x_wconf 85' lang='lat' dir='ltr'><strong>comparent,</strong></span> <span class='ocrx_word' id='word_1_793' title='bbox 1631 5320 1736 5373; x_wconf 90' lang='lat' dir='ltr'><strong>quo</strong></span> <span class='ocrx_word' id='word_1_794' title='bbox 1761 5318 1883 5358; x_wconf 88' lang='lat' dir='ltr'><strong>cum</strong></span> 
     </span>
    </p>
   </div>
   <div class='ocr_carea' id='block_1_101' title="bbox 319 5392 1880 5466">
    <p class='ocr_par' dir='ltr' id='par_1_101' title="bbox 319 5392 1880 5466">
     <span class='ocr_line' id='line_1_101' title="bbox 319 5392 1880 5466; baseline -0.003 -16"><span class='ocrx_word' id='word_1_795' title='bbox 319 5409 435 5466; x_wconf 68' lang='lat' dir='ltr'><strong>tpm</strong></span> <span class='ocrx_word' id='word_1_796' title='bbox 460 5409 684 5463; x_wconf 90' lang='lat' dir='ltr'><strong>corpore</strong></span> <span class='ocrx_word' id='word_1_797' title='bbox 713 5395 767 5448; x_wconf 91' lang='lat' dir='ltr'><strong>in</strong></span> <span class='ocrx_word' id='word_1_798' title='bbox 797 5392 986 5446; x_wconf 88' lang='lat' dir='ltr'><strong>melius</strong></span> <span class='ocrx_word' id='word_1_799' title='bbox 1013 5393 1404 5448; x_wconf 87' lang='lat' dir='ltr'><strong>transferantur</strong></span> <span class='ocrx_word' id='word_1_800' title='bbox 1433 5405 1670 5464; x_wconf 90' lang='lat' dir='ltr'><strong>tempore</strong></span> <span class='ocrx_word' id='word_1_801' title='bbox 1699 5409 1880 5448; x_wconf 87' lang='lat' dir='ltr'><strong>resur-</strong></span> 
     </span>
    </p>
   </div>
   <div class='ocr_carea' id='block_1_102' title="bbox 388 5527 1194 5590">
    <p class='ocr_par' dir='ltr' id='par_1_102' title="bbox 388 5527 1194 5590">
     <span class='ocr_line' id='line_1_102' title="bbox 388 5527 1194 5590; baseline -0.004 -9"><span class='ocrx_word' id='word_1_802' title='bbox 388 5540 413 5568; x_wconf 76' lang='grc' dir='ltr'>α</span> <span class='ocrx_word' id='word_1_803' title='bbox 449 5527 614 5590; x_wconf 84' lang='lat' dir='ltr'><strong>Editi,</strong></span> <span class='ocrx_word' id='word_1_804' title='bbox 640 5535 696 5579; x_wconf 88' lang='lat' dir='ltr'><strong>ut</strong></span> <span class='ocrx_word' id='word_1_805' title='bbox 720 5527 774 5578; x_wconf 87' lang='lat' dir='ltr'><strong>in</strong></span> <span class='ocrx_word' id='word_1_806' title='bbox 803 5542 959 5578; x_wconf 85' lang='lat' dir='ltr'><strong>carne</strong></span> <span class='ocrx_word' id='word_1_807' title='bbox 986 5527 1194 5588; x_wconf 81' lang='lat' dir='ltr'><strong>peccati.</strong></span> 
     </span>
    </p>
   </div>
   <div class='ocr_carea' id='block_1_103' title="bbox 389 5595 969 5657">
    <p class='ocr_par' dir='ltr' id='par_1_103' title="bbox 389 5595 969 5657">
     <span class='ocr_line' id='line_1_103' title="bbox 389 5595 969 5657; baseline -0.012 -6"><span class='ocrx_word' id='word_1_808' title='bbox 389 5597 420 5636; x_wconf 64' lang='grc' dir='ltr'>δ</span> <span class='ocrx_word' id='word_1_809' title='bbox 449 5595 614 5657; x_wconf 72' lang='grc' dir='ltr'><strong>Ειὶὶιὶ.</strong></span> <span class='ocrx_word' id='word_1_810' title='bbox 644 5596 969 5649; x_wconf 67' lang='lat' dir='ltr'><strong>tribueretur.</strong></span> 
     </span>
    </p>
   </div>
   <div class='ocr_carea' id='block_1_104' title="bbox 1986 4408 3558 4480">
    <p class='ocr_par' dir='ltr' id='par_1_104' title="bbox 1986 4408 3558 4480">
     <span class='ocr_line' id='line_1_104' title="bbox 1986 4408 3558 4480; baseline 0.004 -18"><span class='ocrx_word' id='word_1_811' title='bbox 1986 4409 2323 4468; x_wconf 71' lang='lat' dir='ltr'><strong>luctantum,</strong></span> <span class='ocrx_word' id='word_1_812' title='bbox 2357 4408 2450 4461; x_wconf 90' lang='lat' dir='ltr'><strong>sed</strong></span> <span class='ocrx_word' id='word_1_813' title='bbox 2483 4409 2649 4476; x_wconf 84' lang='lat' dir='ltr'><strong>ipsius</strong></span> <span class='ocrx_word' id='word_1_814' title='bbox 2682 4409 2841 4476; x_wconf 90' lang='lat' dir='ltr'><strong>primi</strong></span> <span class='ocrx_word' id='word_1_815' title='bbox 2877 4412 3182 4480; x_wconf 90' lang='lat' dir='ltr'><strong>terrenique</strong></span> <span class='ocrx_word' id='word_1_816' title='bbox 3217 4414 3450 4469; x_wconf 89' lang='lat' dir='ltr'><strong>hominis</strong></span> <span class='ocrx_word' id='word_1_817' title='bbox 3485 4417 3558 4470; x_wconf 60' lang='lat' dir='ltr'><strong>sic</strong></span> 
     </span>
    </p>
   </div>
   <div class='ocr_carea' id='block_1_105' title="bbox 1985 4498 3558 4567">
    <p class='ocr_par' dir='ltr' id='par_1_105' title="bbox 1985 4498 3558 4567">
     <span class='ocr_line' id='line_1_105' title="bbox 1985 4498 3558 4567; baseline 0.007 -15"><span class='ocrx_word' id='word_1_818' title='bbox 1985 4498 2091 4552; x_wconf 93' lang='lat' dir='ltr'><strong>mul</strong></span> <span class='ocrx_word' id='word_1_819' title='bbox 2116 4499 2344 4552; x_wconf 87' lang='lat' dir='ltr'><strong>habebat</strong></span> <span class='ocrx_word' id='word_1_820' title='bbox 2365 4508 2420 4552; x_wconf 92' lang='lat' dir='ltr'><strong>et</strong></span> <span class='ocrx_word' id='word_1_821' title='bbox 2437 4498 2626 4553; x_wconf 90' lang='lat' dir='ltr'><strong>vulnus</strong></span> <span class='ocrx_word' id='word_1_822' title='bbox 2647 4501 3102 4567; x_wconf 60' lang='lat' dir='ltr'><strong>pravaricationis</strong></span> <span class='ocrx_word' id='word_1_823' title='bbox 3124 4511 3178 4557; x_wconf 91' lang='lat' dir='ltr'><strong>et</strong></span> <span class='ocrx_word' id='word_1_824' title='bbox 3201 4505 3558 4563; x_wconf 85' lang='lat' dir='ltr'><strong>medicamen-</strong></span> 
     </span>
    </p>
   </div>
   <div class='ocr_carea' id='block_1_106' title="bbox 1983 4591 3558 4665">
    <p class='ocr_par' dir='ltr' id='par_1_106' title="bbox 1983 4591 3558 4665">
     <span class='ocr_line' id='line_1_106' title="bbox 1983 4591 3558 4665; baseline 0.004 -20"><span class='ocrx_word' id='word_1_825' title='bbox 1983 4600 2096 4646; x_wconf 90' lang='lat' dir='ltr'><strong>tum</strong></span> <span class='ocrx_word' id='word_1_826' title='bbox 2121 4591 2376 4652; x_wconf 89' lang='lat' dir='ltr'><strong>vulneris,</strong></span> <span class='ocrx_word' id='word_1_827' title='bbox 2402 4591 2455 4643; x_wconf 92' lang='lat' dir='ltr'><strong>in</strong></span> <span class='ocrx_word' id='word_1_828' title='bbox 2478 4605 2541 4644; x_wconf 90' lang='lat' dir='ltr'><strong>eo</strong></span> <span class='ocrx_word' id='word_1_829' title='bbox 2561 4591 2703 4659; x_wconf 89' lang='lat' dir='ltr'><strong>quod</strong></span> <span class='ocrx_word' id='word_1_830' title='bbox 2724 4591 2844 4645; x_wconf 90' lang='lat' dir='ltr'><strong>inde</strong></span> <span class='ocrx_word' id='word_1_831' title='bbox 2864 4592 2980 4646; x_wconf 91' lang='lat' dir='ltr'><strong>sine</strong></span> <span class='ocrx_word' id='word_1_832' title='bbox 3000 4607 3161 4661; x_wconf 87' lang='lat' dir='ltr'><strong>opere</strong></span> <span class='ocrx_word' id='word_1_833' title='bbox 3180 4597 3558 4665; x_wconf 85' lang='lat' dir='ltr'><strong>concupiscen-</strong></span> 
     </span>
    </p>
   </div>
   <div class='ocr_carea' id='block_1_107' title="bbox 1983 4680 3558 4750">
    <p class='ocr_par' dir='ltr' id='par_1_107' title="bbox 1983 4680 3558 4750">
     <span class='ocr_line' id='line_1_107' title="bbox 1983 4680 3558 4750; baseline 0.003 -15"><span class='ocrx_word' id='word_1_834' title='bbox 1983 4681 2037 4735; x_wconf 90' lang='lat' dir='ltr'><strong>di</strong></span> <span class='ocrx_word' id='word_1_835' title='bbox 2065 4683 2128 4736; x_wconf 86' lang='lat' dir='ltr'><strong>de</strong></span> <span class='ocrx_word' id='word_1_836' title='bbox 2156 4680 2372 4750; x_wconf 77' lang='lat' dir='ltr'><strong>Virgine</strong></span> <span class='ocrx_word' id='word_1_837' title='bbox 2392 4690 2723 4749; x_wconf 88' lang='lat' dir='ltr'><strong>assumptum</strong></span> <span class='ocrx_word' id='word_1_838' title='bbox 2737 4689 2840 4745; x_wconf 83' lang='lat' dir='ltr'><strong>est,</strong></span> <span class='ocrx_word' id='word_1_839' title='bbox 2863 4690 3080 4750; x_wconf 91' lang='lat' dir='ltr'><strong>propter</strong></span> <span class='ocrx_word' id='word_1_840' title='bbox 3096 4685 3284 4738; x_wconf 86' lang='lat' dir='ltr'><strong>mortis</strong></span> <span class='ocrx_word' id='word_1_841' title='bbox 3312 4686 3428 4739; x_wconf 90' lang='lat' dir='ltr'><strong>sine</strong></span> <span class='ocrx_word' id='word_1_842' title='bbox 3452 4687 3558 4740; x_wconf 90' lang='lat' dir='ltr'><strong>ini-</strong></span> 
     </span>
    </p>
   </div>
   <div class='ocr_carea' id='block_1_108' title="bbox 1985 4770 3556 4840">
    <p class='ocr_par' dir='ltr' id='par_1_108' title="bbox 1985 4770 3556 4840">
     <span class='ocr_line' id='line_1_108' title="bbox 1985 4770 3556 4840; baseline 0.004 -16"><span class='ocrx_word' id='word_1_843' title='bbox 1985 4770 2185 4840; x_wconf 82' lang='lat' dir='ltr'><strong>quitate</strong></span> <span class='ocrx_word' id='word_1_844' title='bbox 2229 4770 2578 4835; x_wconf 91' lang='lat' dir='ltr'><strong>consortium,</strong></span> <span class='ocrx_word' id='word_1_845' title='bbox 2617 4780 2672 4825; x_wconf 87' lang='lat' dir='ltr'><strong>et</strong></span> <span class='ocrx_word' id='word_1_846' title='bbox 2716 4771 2832 4825; x_wconf 90' lang='lat' dir='ltr'><strong>sine</strong></span> <span class='ocrx_word' id='word_1_847' title='bbox 2873 4771 3104 4826; x_wconf 78' lang='lat' dir='ltr'><strong>falsitate</strong></span> <span class='ocrx_word' id='word_1_848' title='bbox 3145 4776 3556 4830; x_wconf 84' lang='lat' dir='ltr'><strong>resurrectionis</strong></span> 
     </span>
    </p>
   </div>
   <div class='ocr_carea' id='block_1_109' title="bbox 1984 4858 3560 4930">
    <p class='ocr_par' dir='ltr' id='par_1_109' title="bbox 1984 4858 3560 4930">
     <span class='ocr_line' id='line_1_109' title="bbox 1984 4858 3560 4930; baseline 0.003 -17"><span class='ocrx_word' id='word_1_849' title='bbox 1984 4859 2306 4928; x_wconf 84' lang='lat' dir='ltr'><strong>exemplum.</strong></span> <span class='ocrx_word' id='word_1_850' title='bbox 2348 4858 2446 4914; x_wconf 86' lang='lat' dir='ltr'><strong>Hic</strong></span> <span class='ocrx_word' id='word_1_851' title='bbox 2467 4859 2604 4915; x_wconf 89' lang='lat' dir='ltr'><strong>forte</strong></span> <span class='ocrx_word' id='word_1_852' title='bbox 2629 4861 2826 4926; x_wconf 81' lang='lat' dir='ltr'><strong>dicent,</strong></span> <span class='ocrx_word' id='word_1_853' title='bbox 2856 4861 2988 4916; x_wconf 90' lang='lat' dir='ltr'><strong>sicut</strong></span> <span class='ocrx_word' id='word_1_854' title='bbox 3015 4863 3188 4930; x_wconf 88' lang='lat' dir='ltr'><strong>potuit</strong></span> <span class='ocrx_word' id='word_1_855' title='bbox 3219 4862 3291 4916; x_wconf 91' lang='lat' dir='ltr'><strong>ibi</strong></span> <span class='ocrx_word' id='word_1_856' title='bbox 3323 4877 3444 4916; x_wconf 87' lang='lat' dir='ltr'><strong>esse</strong></span> <span class='ocrx_word' id='word_1_857' title='bbox 3473 4879 3560 4918; x_wconf 88' lang='lat' dir='ltr'><strong>se-</strong></span> 
     </span>
    </p>
   </div>
   <div class='ocr_carea' id='block_1_110' title="bbox 1985 4949 3558 5014">
    <p class='ocr_par' dir='ltr' id='par_1_110' title="bbox 1985 4949 3558 5014">
     <span class='ocr_line' id='line_1_110' title="bbox 1985 4949 3558 5014; baseline 0.003 -11"><span class='ocrx_word' id='word_1_858' title='bbox 1985 4949 2214 5003; x_wconf 90' lang='lat' dir='ltr'><strong>cundum</strong></span> <span class='ocrx_word' id='word_1_859' title='bbox 2245 4964 2463 5003; x_wconf 87' lang='lat' dir='ltr'><strong>carnem</strong></span> <span class='ocrx_word' id='word_1_860' title='bbox 2489 4958 2543 5003; x_wconf 88' lang='lat' dir='ltr'><strong>et</strong></span> <span class='ocrx_word' id='word_1_861' title='bbox 2572 4965 2676 5003; x_wconf 91' lang='lat' dir='ltr'><strong>non</strong></span> <span class='ocrx_word' id='word_1_862' title='bbox 2704 4950 2978 5014; x_wconf 89' lang='lat' dir='ltr'><strong>decimari,</strong></span> <span class='ocrx_word' id='word_1_863' title='bbox 3003 4965 3100 5004; x_wconf 89' lang='lat' dir='ltr'><strong>cur</strong></span> <span class='ocrx_word' id='word_1_864' title='bbox 3137 4966 3241 5004; x_wconf 92' lang='lat' dir='ltr'><strong>non</strong></span> <span class='ocrx_word' id='word_1_865' title='bbox 3275 4952 3435 5006; x_wconf 90' lang='lat' dir='ltr'><strong>etiam</strong></span> <span class='ocrx_word' id='word_1_866' title='bbox 3469 4969 3558 5008; x_wconf 84' lang='lat' dir='ltr'><strong>se-</strong></span> 
     </span>
    </p>
   </div>
   <div class='ocr_carea' id='block_1_111' title="bbox 1986 5038 3556 5111">
    <p class='ocr_par' dir='ltr' id='par_1_111' title="bbox 1986 5038 3556 5111">
     <span class='ocr_line' id='line_1_111' title="bbox 1986 5038 3556 5111; baseline 0.003 -18"><span class='ocrx_word' id='word_1_867' title='bbox 1986 5038 2218 5093; x_wconf 89' lang='lat' dir='ltr'><strong>cundum</strong></span> <span class='ocrx_word' id='word_1_868' title='bbox 2255 5039 2494 5092; x_wconf 89' lang='lat' dir='ltr'><strong>animam</strong></span> <span class='ocrx_word' id='word_1_869' title='bbox 2519 5039 2636 5093; x_wconf 90' lang='lat' dir='ltr'><strong>sine</strong></span> <span class='ocrx_word' id='word_1_870' title='bbox 2659 5038 3012 5093; x_wconf 83' lang='lat' dir='ltr'><strong>decimatione</strong></span> <span class='ocrx_word' id='word_1_871' title='bbox 3035 5041 3312 5110; x_wconf 81' lang='lat' dir='ltr'><strong>potuerit?</strong></span> <span class='ocrx_word' id='word_1_872' title='bbox 3344 5043 3468 5111; x_wconf 88' lang='lat' dir='ltr'><strong>quia</strong></span> <span class='ocrx_word' id='word_1_873' title='bbox 3500 5044 3556 5097; x_wconf 91' lang='lat' dir='ltr'><strong>in</strong></span> 
     </span>
    </p>
   </div>
   <div class='ocr_carea' id='block_1_112' title="bbox 1986 5129 3557 5201">
    <p class='ocr_par' dir='ltr' id='par_1_112' title="bbox 1986 5129 3557 5201">
     <span class='ocr_line' id='line_1_112' title="bbox 1986 5129 3557 5201; baseline 0.001 -17"><span class='ocrx_word' id='word_1_874' title='bbox 1986 5129 2226 5198; x_wconf 82' lang='lat' dir='ltr'><strong>corporis</strong></span> <span class='ocrx_word' id='word_1_875' title='bbox 2247 5131 2448 5184; x_wconf 91' lang='lat' dir='ltr'><strong>semine</strong></span> <span class='ocrx_word' id='word_1_876' title='bbox 2471 5139 2646 5199; x_wconf 89' lang='lat' dir='ltr'><strong>potest</strong></span> <span class='ocrx_word' id='word_1_877' title='bbox 2664 5145 2784 5185; x_wconf 88' lang='lat' dir='ltr'><strong>esse</strong></span> <span class='ocrx_word' id='word_1_878' title='bbox 2803 5131 2886 5184; x_wconf 85' lang='lat' dir='ltr'><strong>vis</strong></span> <span class='ocrx_word' id='word_1_879' title='bbox 2909 5131 3208 5196; x_wconf 83' lang='lat' dir='ltr'><strong>invisibilis,</strong></span> <span class='ocrx_word' id='word_1_880' title='bbox 3231 5148 3350 5201; x_wconf 69' lang='lat' dir='ltr'><strong>qua:</strong></span> <span class='ocrx_word' id='word_1_881' title='bbox 3380 5135 3557 5188; x_wconf 91' lang='lat' dir='ltr'><strong>incor-</strong></span> 
     </span>
    </p>
   </div>
   <div class='ocr_carea' id='block_1_113' title="bbox 1986 5218 3556 5286">
    <p class='ocr_par' dir='ltr' id='par_1_113' title="bbox 1986 5218 3556 5286">
     <span class='ocr_line' id='line_1_113' title="bbox 1986 5218 3556 5286; baseline 0.004 -15"><span class='ocrx_word' id='word_1_882' title='bbox 1986 5218 2242 5286; x_wconf 89' lang='lat' dir='ltr'><strong>poraliter</strong></span> <span class='ocrx_word' id='word_1_883' title='bbox 2281 5233 2534 5272; x_wconf 90' lang='lat' dir='ltr'><strong>numeros</strong></span> <span class='ocrx_word' id='word_1_884' title='bbox 2578 5219 2707 5286; x_wconf 86' lang='lat' dir='ltr'><strong>agit,</strong></span> <span class='ocrx_word' id='word_1_885' title='bbox 2751 5235 2859 5274; x_wconf 92' lang='lat' dir='ltr'><strong>non</strong></span> <span class='ocrx_word' id='word_1_886' title='bbox 2895 5222 3094 5285; x_wconf 81' lang='lat' dir='ltr'><strong>oculis,</strong></span> <span class='ocrx_word' id='word_1_887' title='bbox 3142 5222 3235 5275; x_wconf 86' lang='lat' dir='ltr'><strong>sed</strong></span> <span class='ocrx_word' id='word_1_888' title='bbox 3282 5223 3556 5278; x_wconf 65' lang='lat' dir='ltr'><strong>intellecti</strong></span> 
     </span>
    </p>
   </div>
   <div class='ocr_carea' id='block_1_114' title="bbox 1988 5308 3558 5381">
    <p class='ocr_par' dir='ltr' id='par_1_114' title="bbox 1988 5308 3558 5381">
     <span class='ocr_line' id='line_1_114' title="bbox 1988 5308 3558 5381; baseline 0.003 -18"><span class='ocrx_word' id='word_1_889' title='bbox 1988 5308 2340 5363; x_wconf 88' lang='lat' dir='ltr'><strong>discernenda</strong></span> <span class='ocrx_word' id='word_1_890' title='bbox 2379 5309 2446 5362; x_wconf 87' lang='lat' dir='ltr'><strong>ab</strong></span> <span class='ocrx_word' id='word_1_891' title='bbox 2488 5322 2551 5362; x_wconf 87' lang='lat' dir='ltr'><strong>ea</strong></span> <span class='ocrx_word' id='word_1_892' title='bbox 2592 5309 2920 5377; x_wconf 88' lang='lat' dir='ltr'><strong>corpulentia</strong></span> <span class='ocrx_word' id='word_1_893' title='bbox 2967 5326 3085 5380; x_wconf 67' lang='lat' dir='ltr'><strong>quae</strong></span> <span class='ocrx_word' id='word_1_894' title='bbox 3143 5312 3260 5366; x_wconf 89' lang='lat' dir='ltr'><strong>visu</strong></span> <span class='ocrx_word' id='word_1_895' title='bbox 3305 5321 3558 5381; x_wconf 89' lang='lat' dir='ltr'><strong>tactuque</strong></span> 
     </span>
    </p>
   </div>
   <div class='ocr_carea' id='block_1_115' title="bbox 1987 5399 3555 5474">
    <p class='ocr_par' dir='ltr' id='par_1_115' title="bbox 1987 5399 3555 5474">
     <span class='ocr_line' id='line_1_115' title="bbox 1987 5399 3555 5474; baseline 0.004 -22"><span class='ocrx_word' id='word_1_896' title='bbox 1987 5399 2233 5453; x_wconf 91' lang='lat' dir='ltr'><strong>sentitur.</strong></span> <span class='ocrx_word' id='word_1_897' title='bbox 2286 5400 2389 5453; x_wconf 87' lang='lat' dir='ltr'><strong>Sed</strong></span> <span class='ocrx_word' id='word_1_898' title='bbox 2432 5399 2557 5467; x_wconf 90' lang='lat' dir='ltr'><strong>quid</strong></span> <span class='ocrx_word' id='word_1_899' title='bbox 2603 5400 2838 5455; x_wconf 89' lang='lat' dir='ltr'><strong>laborem</strong></span> <span class='ocrx_word' id='word_1_900' title='bbox 2875 5402 2928 5455; x_wconf 94' lang='lat' dir='ltr'><strong>in</strong></span> <span class='ocrx_word' id='word_1_901' title='bbox 2968 5417 3049 5466; x_wconf 91' lang='lat' dir='ltr'><strong>re,</strong></span> <span class='ocrx_word' id='word_1_902' title='bbox 3089 5417 3206 5471; x_wconf 72' lang='lat' dir='ltr'><strong>quae</strong></span> <span class='ocrx_word' id='word_1_903' title='bbox 3249 5405 3555 5474; x_wconf 88' lang='lat' dir='ltr'><strong>persuaderi</strong></span> 
     </span>
    </p>
   </div>
   <div class='ocr_carea' id='block_1_116' title="bbox 2061 5527 3154 5587">
    <p class='ocr_par' dir='ltr' id='par_1_116' title="bbox 2061 5527 3154 5587">
     <span class='ocr_line' id='line_1_116' title="bbox 2061 5527 3154 5587; baseline 0.005 -7"><span class='ocrx_word' id='word_1_904' title='bbox 2061 5537 2082 5565; x_wconf 75' lang='grc' dir='ltr'><strong>ο</strong></span> <span class='ocrx_word' id='word_1_905' title='bbox 2126 5527 2466 5582; x_wconf 85' lang='lat' dir='ltr'><strong>Dcsideratur</strong></span> <span class='ocrx_word' id='word_1_906' title='bbox 2491 5529 2542 5582; x_wconf 90' lang='lat' dir='ltr'><strong>in</strong></span> <span class='ocrx_word' id='word_1_907' title='bbox 2571 5528 2729 5582; x_wconf 87' lang='lat' dir='ltr'><strong>editis</strong></span> <span class='ocrx_word' id='word_1_908' title='bbox 2755 5541 3154 5587; x_wconf 80' lang='lat' dir='ltr'><strong>sacramentum.</strong></span> 
     </span>
    </p>
   </div>
  </div>
