3986 6168
446 328 587 387 1155
636 346 639 349 ·

1923 321 2209 380 WICBODI

3564 326 3706 382 1156

441 445 626 502 verbis
664 440 866 499 nemini
906 438 1132 495 forsitan
1167 444 1379 507 potest,
1422 436 1526 492 nisi
1562 443 1771 492 tantum
1808 448 1874 490 ac
1913 435 2021 488 tale
2047 439 2097 498 Α
2123 435 2352 490 formam
2380 434 2523 489 servi
2552 434 2607 489 in
2635 449 2743 505 qua
2765 436 3067 491 dinoscitur
3101 435 3444 505 apparuisse,
3463 434 3589 505 jure
3625 439 3710 491 di-

443 534 718 606 ingenium
749 531 843 595 sit,
880 530 1023 597 quod
1057 529 1129 583 sit
1164 527 1391 598 legentis
1422 526 1719 596 praevolare
1747 533 2021 588 conatum,

445 639 551 681 nec
579 631 757 684 tamen
782 628 953 676 totum
976 627 1290 688 exspectare
1317 629 1345 659 ι
1372 631 1643 672 sermone.

517 711 761 767 Breviter
782 724 912 780 ergo
937 709 1186 778 colligam
1208 708 1255 762 si
1281 708 1457 776 potuit
1476 716 1535 763 et
1554 708 1622 763 de
1645 708 1825 762 anima
1847 705 1904 762 id
1932 706 2031 763 lle-

445 804 516 869 ri,
545 802 692 873 quod
717 815 840 855 cum
878 800 946 854 de
981 813 1144 853 carne
1180 798 1503 863 diceremus,
1549 797 1777 852 iorsitan
1814 795 2028 851 intelle-

448 900 594 950 ctum
616 892 711 955 sit,
732 889 805 943 ita
827 895 911 944 est
932 888 996 944 de
1020 888 1239 942 traduce
1265 887 1444 942 anima
1473 886 1697 953 Christi,
1727 895 1787 941 ut
1810 903 1918 942 non
1946 899 2031 941 se;

449 996 572 1036 cum
594 979 769 1033 labem
791 975 1250 1046 praevaricationis
1269 976 1584 1031 adtraxerit.
1618 975 1677 1031 Si
1704 984 1886 1030 autem
1912 976 2033 1033 sine

450 1069 555 1123 isto
578 1076 731 1122 reatu
742 1065 916 1135 potuit
936 1064 1058 1119 inde
1070 1079 1213 1128 esse,
1225 1080 1331 1119 non
1344 1074 1430 1119 est
1443 1065 1586 1121 inde.
1601 1064 1723 1119 iam
1734 1066 1803 1121 de
1812 1073 2033 1120 cratera.

450 1175 573 1215 rum
614 1157 915 1213 animarum
962 1155 1228 1218 adventu,
1268 1164 1450 1209 utrum
1493 1170 1561 1209 ex
1604 1155 1919 1224 parentibus
1962 1170 2032 1209 an

452 1252 681 1318 desuper
708 1249 801 1313 sit,
831 1247 1049 1300 vincant
1077 1244 1167 1314 qui
1194 1245 1504 1316 potuerint:
1529 1260 1658 1314 ergo
1686 1245 1864 1299 adhuc
1895 1244 2036 1299 inter

452 1347 712 1406 utrosque
734 1335 971 1403 ambigo,
999 1340 1055 1388 et
1079 1347 1299 1389 moveor
1319 1332 1606 1401 aliquando
1624 1333 1723 1396 sic,
1747 1333 2036 1401 aliquando

452 1436 633 1484 autem
658 1427 758 1490 sic,
783 1424 931 1481 salvo
963 1438 1030 1480 eo
1064 1424 1344 1489 duntaxat,
1370 1431 1431 1477 ut
1453 1424 1536 1478 vel
1563 1439 1758 1493 corpus
1779 1438 1900 1479 esse
1929 1425 2038 1478 ani.

456 1534 624 1583 ruam,
646 1516 730 1572 vel
751 1516 987 1586 aliquam
1008 1529 1322 1584 corpoream
1344 1516 1659 1584 qualitatem
1681 1517 1796 1573 sive
1820 1524 2040 1586 coepta-

458 1609 680 1672 tionem,
714 1607 760 1662 si
793 1606 869 1662 ita
901 1605 1125 1661 dicenda
1158 1613 1265 1671 est,
1301 1620 1462 1675 quam
1496 1606 1668 1661 Crteci
1703 1607 2040 1665 harmoniam

457 1704 675 1761 vocant,
713 1708 813 1751 nec
839 1694 1079 1763 quolibet
1111 1694 1211 1749 ista
1248 1695 1542 1764 garriente,
1584 1710 1670 1750 me
1707 1696 2040 1751 crediturum

2124 526 2267 581 citur
2314 524 2532 580 Patrem
2571 525 2874 596 reliquisse.
2922 525 3027 582 Sed
3077 526 3295 596 reliquit
3342 535 3398 581 et
3450 536 3705 593 matrem,

2126 630 2455 687 synagogam
2469 615 2694 681 scilicet,
2710 616 2884 671 veteri
2906 624 3229 671 testamento
3241 614 3710 671 carnaliterinhas-

2126 716 2355 772 rentem,
2370 715 2425 762 et
2445 707 2671 763 adhaisit
2690 709 2844 763 uxori
2870 722 3001 772 suae,
3025 707 3080 762 id
3103 716 3186 762 est
3204 707 3478 769 Ecclesize,
3498 716 3556 760 ut
3574 722 3709 776 pace

2128 798 2253 853 novi
2288 797 2629 863 testamenti,
2654 805 2834 852 essent
2858 798 2964 853 duo
2988 798 3044 851 in
3071 811 3234 851 carne
3256 812 3385 851 una.
3411 796 3670 866 Sequitur
3687 810 3708 853 :

2623 907 2756 947 ιτειι
2795 898 3123 947 Αυςυετιῖωε
3152 892 3204 943 ι’.

2199 981 2270 1035 Et
2290 991 2439 1036 erant
2474 982 2601 1036 nudi
2632 981 2802 1035 Adam
2828 991 2878 1035 et
2910 997 3045 1035 uxor
3068 981 3212 1051 ejus,
3235 990 3286 1034 et
3330 991 3435 1033 non
3480 980 3709 1048 pudebat

2129 1069 2237 1124 illis
2265 1069 2418 1140 (Gen.
2442 1084 2502 1135 ιι,
2527 1070 2641 1140 25).
2671 1070 2868 1125 Verum
2893 1078 2975 1124 est
2995 1070 3234 1133 omnino,
3249 1071 3390 1123 nuda
3412 1077 3567 1122 erant
3590 1084 3710 1123 cor-

2129 1168 2262 1229 pora
2287 1159 2515 1213 duorum
2542 1158 2819 1231 hominum
2860 1159 2917 1212 in
2957 1157 3205 1227 paradiso
3245 1156 3707 1222 conversantium.

2132 1264 2233 1303 nec
2258 1247 2491 1318 pudebat
2516 1263 2629 1302 eos.
2655 1247 2793 1313 Quid
2820 1248 2959 1301 enim
2986 1250 3240 1316 puderet,
3264 1247 3480 1316 quando
3508 1246 3710 1301 nullam

2134 1337 2306 1408 legem
2332 1344 2611 1391 senserant
2646 1337 2700 1389 in
2730 1336 2991 1390 membris
3020 1335 3134 1389 suis
3173 1344 3561 1405 repugnantem
3605 1332 3714 1403 legi

2134 1427 2334 1481 mentis
2362 1426 2508 1480 sum?
2535 1433 2654 1494 quin
2686 1425 2806 1480 illos
2832 1438 2991 1494 poena
3016 1425 3221 1494 peccati
3260 1432 3386 1492 post
3435 1433 3717 1493 perpetra-

2136 1516 2334 1569 ticnem
2356 1514 2816 1584 prievaricationis
2840 1521 3023 1568 secuta
3068 1521 3167 1578 est,
3190 1502 3487 1581 usurpante
3528 1513 3717 1567 inobo-

2137 1605 2336 1660 dicntia
2367 1605 2717 1674 prohibitum,
2740 1614 2793 1659 et
2814 1603 3022 1673 iustitia
3056 1605 3313 1675 puniente
3339 1604 3711 1659 «immissum.

2140 1699 2293 1764 Quod
2316 1705 2600 1766 antequam
2629 1697 2780 1751 fieret
2810 1695 2939 1750 nudi
2982 1705 3155 1757 erant,
3186 1705 3246 1750 ut
3286 1696 3487 1750 dictum
3533 1703 3635 1759 est,
3660 1701 3717 1749 et

458 1801 580 1842 esse
630 1784 928 1850 conﬁdam,
973 1781 1259 1851 adiuvante
1301 1782 1528 1837 Domino
1566 1792 1803 1839 mentem
1837 1797 2036 1848 meam,
2068 1771 2115 1830 Β
2142 1802 2246 1841 non
2276 1785 2756 1841 confundebantur.
2790 1784 2979 1840 Nullus
3011 1794 3129 1839 erat
3157 1793 3334 1839 motus
3370 1784 3426 1839 in
3467 1798 3713 1852 corpore,

460 1888 651 1931 moneo
676 1887 805 1938 sane
832 1870 1092 1942 quantuni
1117 1870 1292 1936 valeo,
1324 1872 1371 1926 si
1401 1887 1538 1943 quos
1566 1873 1670 1928 ista
1695 1888 2041 1944 praeoccupa-

460 1965 540 2019 vit
564 1962 767 2033 opinio,
791 1971 852 2017 ut
874 1961 1084 2017 animas
1105 1962 1328 2017 credant
1351 1975 1418 2017 ex
1444 1965 1763 2035 parentibus
1782 1978 2044 2034 propaga-

463 2055 530 2120 ri,
558 2062 819 2123 quantum
847 2061 1074 2124 possunt
1096 2068 1157 2108 se
1180 2053 1327 2122 ipsos
1352 2056 1713 2124 considerent,
1742 2066 1798 2112 et
1824 2057 2044 2111 interim

462 2144 675 2212 sapiant
710 2157 935 2212 corpora
981 2157 1087 2198 non
1121 2156 1243 2198 esse
1280 2143 1493 2198 animas
1525 2160 1683 2210 suas,
1721 2145 1865 2200 nulla
1896 2146 2042 2199 enim

462 2233 680 2302 propior
700 2239 891 2286 natura
910 2239 1017 2296 est,
1041 2247 1145 2301 qua
1171 2233 1341 2302 possit
1361 2233 1503 2288 Deus
1520 2234 1933 2304 incorporaliter
1951 2250 2044 2290 co-

461 2324 643 2395 gitari,
674 2338 836 2393 quam
865 2338 935 2378 ea
974 2339 1095 2393 qua:
1129 2324 1199 2378 ad
1237 2326 1404 2394 ipsius
1445 2327 1731 2397 imaginem
1771 2328 1912 2383 facta
1937 2337 2043 2395 est,

463 2423 521 2469 et
542 2413 681 2469 nihil
703 2421 790 2469 est
815 2412 1065 2477 vicinius,
1095 2428 1255 2482 quam
1280 2423 1340 2468 ut
1363 2430 1394 2467 a
1418 2417 1672 2471 credente
1697 2417 1838 2485 quod
1865 2417 2045 2471 anima

465 2516 663 2570 corpus
687 2502 776 2565 sit,
804 2502 970 2559 etiam
998 2502 1140 2558 Deus
1166 2516 1362 2571 corpus
1385 2518 1504 2558 esse
1527 2505 1799 2559 credatur.

537 2590 607 2645 Β.
663 2589 914 2659 Nunquid
970 2590 1097 2659 quia
1137 2605 1274 2659 opus
1327 2602 1445 2646 erat
1483 2593 1613 2648 Adae
1656 2600 1717 2647 ut
1760 2594 1809 2648 ei
1853 2593 2047 2661 conqu

472 2678 648 2743 ﬁeret,
675 2679 835 2735 aliter
863 2693 970 2735 non
991 2680 1363 2748 poterat-ﬁeri,
1399 2682 1501 2736 nisi
1539 2690 1599 2736 ut
1634 2682 1919 2738 dormienti
1958 2698 2048 2739 co-

474 2775 616 2829 stam
638 2768 966 2834 detraheret,
989 2784 1058 2825 ex
1079 2784 1182 2839 qua
1208 2770 1405 2838 conjux
1430 2772 1826 2827 mdiﬁcaretur?

544 2858 626 2915 ll.
659 2860 878 2916 Poterat
912 2871 968 2917 et
1000 2860 1161 2916 aliter
1200 2862 1338 2926 fieri,
1363 2864 1456 2917 sed
1503 2864 1626 2919 ideo
1662 2864 2051 2931 congruentius

334 3014 357 3041 ν
471 2951 732 3022 ιιιιιίωινίι
755 2958 818 3006 ιιι
863 2950 946 3005 sic
987 2949 1161 3014 ﬁeret,
1192 2953 1335 3005 unde
1380 2951 1580 3021 aliquid
1632 2951 2045 3020 signiﬁcaretur.

475 3047 630 3105 Sicut
661 3044 806 3101 enim
834 3042 1125 3099 dormienti
1159 3043 1290 3099 Adze
1313 3052 1462 3098 costa
1495 3045 1796 3099 detrahitur
1824 3051 1878 3099 et
1912 3059 2048 3099 con-

471 3133 566 3204 iux
594 3135 844 3198 edicitur,
860 3134 934 3189 ita
961 3141 1015 3187 et
1033 3132 1251 3187 Christo
1271 3133 1521 3188 morienti
1542 3134 1612 3189 de
1632 3133 1803 3189 latere
1829 3133 2051 3201 sanguis

472 3226 786 3287 emtnditur,
815 3232 876 3279 ut
895 3223 1138 3280 Ecclesia
1168 3231 1532 3279 construatur.
1558 3223 2054 3280 Communieatione

476 3328 712 3387 namque
738 3314 985 3385 corporis
1027 3322 1082 3368 et
1127 3314 1405 3383 sanguinis
1434 3314 1666 3382 Christi,
1693 3313 1924 3370 efﬁcitur
1951 3314 2054 3371 Ec-

472 3408 638 3469 desis
665 3405 861 3475 couqu
883 3404 1105 3460 Christi.
1130 3403 1387 3474 Sequitur
1412 3419 1426 3458 :

546 3499 615 3555 Β.
647 3497 787 3565 Quid
822 3497 925 3553 sibi
962 3496 1080 3551 vult
1114 3497 1259 3565 quod
1294 3497 1426 3551 dicit
1460 3493 1631 3550 Adam
1661 3509 1677 3550 :
1707 3494 2055 3560 Quamobrem

478 3590 731 3661 relth
756 3590 912 3643 homo
941 3600 1141 3658 patrem
1156 3597 1212 3649 et
1242 3597 1462 3641 matrem
1487 3603 1643 3641 suam
1659 3627 1673 3651 ,
1697 3596 1745 3641 et
1770 3586 2055 3640 adhaerebit

479 3682 635 3738 usuri
662 3697 793 3745 aute,
818 3691 866 3735 et
889 3689 1042 3733 erunt
1076 3679 1181 3733 duo
1204 3680 1259 3733 in
1280 3695 1436 3733 carne
1457 3695 1563 3734 una
1592 3678 1746 3748 (Gen.
1769 3694 1829 3742 Il,
1846 3677 1961 3748 24).
1989 3676 2055 3732 Et

474 3773 669 3830 beatus
693 3771 892 3825 Paulus
921 3770 1199 3839 apostolus
1221 3771 1324 3826 hoc
1356 3769 1653 3839 capitulum
1667 3784 1871 3838 ponens
1891 3782 2056 3839 expo-

478 3863 589 3918 suit
609 3862 826 3917 dicens:
844 3860 1246 3914 Sacramentam
1274 3874 1522 3928 magnum
1548 3859 1645 3914 hoc
1664 3867 1756 3921 est,
1774 3874 1868 3928 ego
1881 3867 2055 3913 autem

477 3950 599 4005 dico
620 3949 677 4002 in
702 3945 909 4001 Christo
930 3954 978 3999 et
1000 3946 1057 3999 in
1087 3944 1323 3999 Ecclesia
1351 3944 1566 4016 (Ephes.
1585 3945 1764 4015 v,3i).
1792 3945 1897 4000 Sed
1925 3960 2061 4015 quo-

481 4039 641 4098 modo
665 4036 947 4105 reliquerit
976 4035 1215 4098 Patrem,
1239 4050 1363 4089 cum
1388 4049 1495 4089 una
1531 4036 1828 4091 substantia
1855 4035 1925 4091 ait
1950 4034 2057 4089 Pa-

481 4131 587 4185 tri?
640 4129 750 4182 Aut
781 4128 872 4182 ubi
909 4141 1033 4182 esse
1058 4126 1258 4196 poterit
1280 4125 1441 4181 Pater
1469 4126 1585 4181 sine
1632 4125 1788 4189 Filio,
1825 4140 1948 4181 cum
1992 4126 2060 4180 de

476 4220 600 4289 ipso
625 4216 769 4275 Filia
793 4216 886 4285 qui
930 4222 1016 4277 est
1055 4214 1318 4285 sapientia
1355 4213 1589 4268 dicitur:
1626 4210 1730 4279 Qui
1772 4213 1978 4283 attingit
2024 4228 2059 4267 a

474 4311 589 4379 ﬁne
610 4324 773 4379 usque
799 4307 869 4361 ad
888 4306 1049 4375 ﬁnem
1075 4306 1310 4377 fortiter,
1329 4314 1379 4359 et
1402 4304 1628 4375 disponit
1663 4304 1841 4359 omnia
1866 4306 2059 4359 suavi-

474 4408 565 4453 ter
595 4396 749 4468 (ϐαρ.
774 4411 895 4460 Vill,
919 4394 1009 4464 i)?
1156 4438 1161 4443 .

551 4486 632 4543 ll.
660 4488 803 4558 Ergo
830 4486 881 4541 si
906 4486 982 4545 ibi
1011 4493 1096 4541 est
1123 4484 1291 4541 Filius
1311 4484 1403 4544 ubi
1432 4490 1517 4539 est
1542 4483 1721 4547 Pater,
1744 4498 1851 4538 non
1877 4490 2056 4553 potest

474 4592 603 4635 esse
626 4577 791 4634 Pater
829 4578 949 4632 sine
995 4576 1153 4639 Filio,
1189 4591 1291 4632 nec
1338 4575 1508 4633 Filius
1556 4576 1677 4630 sine
1721 4572 1901 4641 Patre,
1930 4576 2057 4645 quia

482 4666 693 4723 scilicet
716 4666 857 4721 sicut
881 4665 1267 4734 inseparabiles
1294 4675 1422 4720 sunt
1447 4666 1501 4721 in
1531 4673 1743 4727 natura,
1768 4664 1842 4718 ita
1885 4671 1941 4717 et
1971 4676 2059 4716 se-

480 4753 753 4825 parabiles
775 4755 831 4808 in
858 4755 1125 4823 personis.
1162 4753 1254 4811 Sic
1279 4754 1423 4808 enim
1462 4757 1577 4823 ipse
1613 4753 1783 4808 Filius
1824 4752 1954 4806 dicit
2000 4752 2059 4804 in

485 4840 776 4911 h‘vangelio
803 4855 819 4894 :
852 4840 957 4906 Qui
983 4856 1064 4894 me
1083 4842 1225 4895 misit
1257 4857 1456 4894 mecum
1481 4850 1575 4895 est.
1600 4840 1877 4907 Quomodo
1901 4839 2065 4908 igitur

486 4929 821 4999 derelinquit
866 4928 1105 4991 Patrem,
1148 4937 1205 4984 et
1253 4930 1491 4985 adharet
1526 4931 1683 4985 uxori
1730 4930 1944 4994 sua,“
1980 4939 2065 4985 est

485 5018 764 5085 Ecclesiae,
790 5019 893 5075 nisi
923 5033 990 5075 eo
1008 5019 1168 5077 modo
1197 5033 1304 5088 quo
1327 5019 1456 5074 dicit
1467 5019 1754 5088 Apostolus
1781 5038 1795 5074 :
1823 5020 2064 5086 Quicum

484 5109 542 5163 in
581 5108 753 5177 fama
779 5108 877 5165 Dei
908 5117 1061 5173 esset,
1085 5124 1191 5163 nou
1214 5107 1455 5178 rapiunt
1497 5107 1782 5161 arbitratus
1830 5118 1904 5163 est
1948 5125 2060 5163 esse

485 5212 542 5251 ss
564 5196 817 5266 aqualem
841 5195 989 5261 Deo:
1039 5196 1129 5253 sed
1164 5197 1493 5266 semctipuun
1518 5197 1802 5255 cainauicit
1834 5197 2056 5265 formant

485 5288 623 5343 servi
942 5286 1113 5356 igitur
1130 5286 1245 5355 ipsa
1264 5285 1440 5345 lorma
1457 5295 1544 5343 est
1564 5287 1777 5342 servilis
1800 5288 2061 5356 acceptio,

488 5387 544 5435 et
585 5379 898 5443 exinanitio,
925 5386 980 5435 et
1024 5378 1139 5449 ipsa
1168 5378 1463 5434 exinanitio
1488 5392 1797 5449 quanquam
1841 5393 1947 5433 non
1995 5379 2066 5433 sit

488 5468 786 5528 divinitatis
800 5468 1023 5535 abolitio
1043 5478 1137 5524 aut
1157 5480 1363 5526 natura:
1373 5469 1616 5536 amissio,
1639 5478 1818 5525 taurea
1847 5476 2068 5538 propter

567 5630 591 5656 ιι
631 5617 793 5681 Editi,
819 5635 850 5671 a
876 5634 1130 5674 temone.

2141 1874 2230 1929 cui
2257 1872 2579 1928 verecundia
2606 1874 2919 1939 deberetur;
2956 1870 3090 1926 nihil
3122 1872 3384 1940 putabant
3408 1870 3711 1938 velandum,

2144 1966 2273 2036 quia
2308 1964 2444 2020 nihil
2487 1971 2769 2019 senserant
2810 1962 3209 2018 refrenandum.
3255 1959 3717 2027 Quemadmodum

2141 2054 2485 2126 propagaturl
2509 2061 2691 2108 essent
2715 2052 2878 2118 ﬁlios,
2897 2050 3011 2120 jam
3046 2059 3203 2105 antea
3227 2050 3561 2119 disputatum
3590 2060 3673 2105 est
3697 2067 3713 2105 :

2141 2161 2249 2201 non
2277 2153 2459 2201 tamen
2481 2159 2546 2199 ec
2567 2144 2728 2199 modo
2764 2144 3087 2199 credendum
3126 2151 3228 2207 est,
3252 2157 3359 2211 quo
3390 2157 3719 2211 propagave-

2143 2249 2268 2293 runt
2308 2246 2657 2309 posteaquam
2701 2236 2907 2291 crimen
2943 2234 3235 2288 admissum
3276 2234 3534 2302 praedicta
3583 2233 3718 2289 ultio

2143 2333 2431 2381 consecuta
2466 2335 2568 2391 est,
2589 2340 2712 2380 cum
2751 2325 3060 2394 priusquam
3109 2330 3469 2387 morerentur,
3498 2322 3615 2392 jam
3664 2325 3716 2377 in

2144 2429 2371 2484 corpore
2399 2412 2816 2470 incbedientium
2844 2413 3119 2468 hominum
3151 2409 3452 2478 iustissimo
3485 2412 3720 2479 recipro-

2143 2512 2267 2559 catu
2294 2504 2711 2558 inchedientium
2733 2504 3096 2558 membrorum
3123 2501 3408 2555 tumultum
3429 2516 3577 2555 mors
3592 2516 3720 2556 cou-

2144 2604 2299 2665 cepta
2322 2603 2586 2651 versaret.

2218 2689 2441 2759 Serpens
2479 2696 2651 2741 autem
2691 2697 2802 2741 erat
2844 2685 3088 2740 callidior
3131 2689 3329 2741 cunctis
3366 2684 3719 2739 animantibus

2149 2796 2265 2851 qua:
2288 2787 2439 2834 erant
2465 2794 2620 2848 super
2647 2787 2860 2842 terram,
2883 2793 3003 2848 qua!
3024 2776 3217 2846 fecerat
3250 2776 3506 2831 Dominus
3536 2774 3674 2829 Deus
3694 2788 3718 2830 :

2146 2871 2234 2942 qui
2269 2869 2403 2924 dixit
2434 2867 2504 2921 ad
2554 2865 2845 2932 mulierem,
2876 2866 2986 2921 Cur
3013 2866 3256 2936 prtreepit
3289 2865 3428 2918 vobis
3470 2862 3612 2916 Deus
3658 2878 3722 2916 ne

2150 2960 2484 3014 comederetis
2534 2957 2598 3012 de
2643 2957 2782 3011 omni
2831 2957 2970 3028 ligno
3002 2957 3268 3028 paradisi,
3304 2969 3476 3025 usque
3521 2955 3590 3009 ad
3645 2955 3720 3020 id,

2151 3049 2460 3119 Aperientur
2504 3046 2642 3101 oculi
2688 3048 2863 3112 vestri,
2901 3056 2949 3101 et
3002 3047 3145 3100 eriﬁs
3190 3047 3327 3100 sicut
3357 3046 3454 3110 dii,
3505 3047 3722 3099 scientes

2153 3139 2345 3191 bonum
2364 3145 2411 3191 et
2436 3134 2633 3189 malum
2672 3134 2825 3206 (Gen.
2850 3152 2932 3202 ιιι,
2961 3136 3036 3207 1).

2760 3240 3106 3282 Αυϐυετιιιυε.

2226 3315 2293 3369 ι).
2326 3314 2605 3382 Quomodo
2631 3329 2853 3384 serpens
2898 3314 3047 3384 loqui
3096 3321 3305 3384 poterat
3345 3314 3401 3368 in
3447 3313 3720 3383 paradiso,

2153 3421 2274 3460 eum
2300 3405 2571 3474 aliquibus
2593 3411 2785 3473 pareat
2810 3405 3179 3459 irrationabile
3199 3418 3319 3459 esse
3347 3403 3583 3457 animai?

2225 3493 2301 3547 Η.
2342 3492 2576 3564 Serpens
2612 3509 2709 3563 per
2743 3508 2802 3548 se
2844 3493 2987 3563 loqui
3029 3508 3136 3547 non
3183 3499 3421 3563 poterat,
3456 3507 3559 3547 nec
3594 3492 3717 3560 quis

2154 3585 2257 3640 hoc
2280 3600 2309 3638 a
2327 3592 2571 3639 creatore
2582 3600 2689 3638 non
2711 3591 2991 3653 acceperat
3008 3585 3314 3651 assumpsit,
3332 3581 3434 3635 nisi
3464 3581 3719 3635 nimirum

2156 3676 2305 3730 illum
2334 3675 2577 3730 diabolus
2596 3682 2771 3739 utens,
2786 3683 2841 3730 et
2862 3674 3004 3729 velut
3022 3689 3279 3744 organum
3304 3688 3402 3742 per
3430 3675 3571 3743 quod
3594 3674 3723 3727 arti-

2155 3766 2393 3822 calatum
2416 3779 2606 3819 sonum
2643 3764 2935 3819 emitteret.
2984 3763 3088 3818 Per
3133 3763 3278 3817 illum
3320 3776 3513 3831 nempe
3562 3763 3723 3816 verba

2155 3853 2405 3918 faciebat,
2426 3863 2482 3908 et
2507 3860 2686 3907 tamen
2715 3853 2818 3908 hoc
2841 3853 3003 3908 etiam
3043 3852 3135 3907 ille
3176 3852 3469 3906 nesciebat.
3522 3850 3724 3903 Natura

2158 3942 2319 4012 igitur
2355 3942 2579 3996 rationis
2607 3955 2802 4011 expers
2826 3942 3072 3997 subditur
3095 3949 3301 3996 natura:
3332 3940 3604 4005 rationali,
3633 3938 3729 3995 sed

2156 4040 2336 4087 tamen
2370 4046 2475 4087 non
2511 4039 2681 4086 totum
2720 4032 2864 4102 quod
2900 4032 3015 4085 vult
3050 4046 3117 4087 ex
3140 4047 3204 4087 ea
3234 4031 3319 4086 vel
3351 4032 3407 4085 in
3454 4046 3518 4086 ea
3566 4030 3726 4099 facit,

2156 4123 2251 4177 sed
2278 4130 2539 4194 quantum
2560 4137 2591 4176 a
2617 4122 2727 4177 Dec
2747 4122 3035 4192 acceperit.
3116 4184 3119 4187 _
3480 4150 3485 4155 ο

2228 4214 2295 4268 D.
2338 4214 2405 4268 Et
2436 4215 2481 4269 si
2510 4228 2615 4267 non
2646 4213 2948 4284 intelligunt
2992 4220 3288 4282 serpentes,
3312 4213 3581 4281 quomodo
3631 4227 3729 4266 au-

2160 4302 2311 4359 diunt
2343 4304 2504 4359 verba
2544 4303 2864 4368 Marsorum,
2897 4312 2957 4358 ut
2996 4303 3063 4357 ad
3108 4304 3501 4359 incantationes
3539 4319 3726 4359 eorum

2159 4394 2225 4449 de
2251 4394 2518 4465 speluncis
2545 4402 2739 4449 exeant
2764 4395 2912 4449 suis?

2233 4486 2310 4540 Μ.
2355 4487 2505 4542 Licet
2547 4486 2876 4541 intellectum
2918 4501 3025 4541 non
3064 4486 3315 4549 habeant,
3342 4492 3524 4539 tamen
3566 4498 3729 4539 sensu

2161 4577 2403 4646 corporis
2427 4576 2731 4632 nullatenus
2764 4584 2970 4631 carent.
3002 4575 3214 4630 Habent
3244 4575 3387 4629 enim
3410 4574 3607 4638 visum,
3632 4588 3731 4627 au-

2163 4667 2352 4730 ditum,
2381 4674 2617 4735 gustum,
2644 4665 2947 4720 odoratum.
2982 4664 3049 4719 Et
3073 4665 3194 4719 ideo
3217 4663 3463 4734 quamvis
3508 4665 3733 4718 audiant

2163 4756 2325 4811 verba
2348 4755 2663 4821 Marsorum,
2691 4770 3026 4824 nequaquam
3052 4762 3229 4809 tamen
3261 4753 3589 4821 intelligunt;
3624 4768 3733 4807 non

2163 4849 2307 4902 enim
2331 4847 2588 4903 obediunt
2619 4846 2977 4916 intelligendo,
3008 4847 3100 4899 sed
3124 4853 3182 4899 ut
3201 4846 3267 4901 de
3286 4844 3456 4899 antris
3474 4844 3544 4898 ad
3567 4844 3734 4898 verba

2166 4936 2464 4994 Marsorum
2482 4946 2699 5002 exeant,
2712 4936 3055 5007 permittente
3070 4935 3199 4999 Dec,
3217 4942 3481 5005 coguntur
3501 4948 3533 4987 a
3553 4933 3736 4987 dial»

2162 5024 2408 5092 lo,‘unde
2430 5027 2586 5082 datur
2611 5026 2977 5081 testimonium
3006 5026 3072 5081 de
3103 5022 3193 5080 illo
3218 5026 3395 5093 primo
3414 5022 3578 5086 facto,
3607 5024 3730 5091 quia

2160 5119 2392 5187 primum
2415 5117 2685 5171 hominem
2707 5130 2804 5185 per
2821 5124 3123 5183 serpentem
3148 5115 3356 5182 decepit
3375 5127 3431 5166 tn
3458 5112 3729 5181 paradiso.

2796 5220 3104 5261 AIBROSIUS.

2241 5298 2438 5354 D.-Cur
2471 5313 2570 5368 per
2592 5298 2735 5353 istud
2754 5296 2955 5351 animal
2974 5295 3218 5366 permisit
3243 5309 3367 5348 eum
3399 5290 3635 5347 tentari?

2238 5388 2314 5442 Μ.
2353 5386 2469 5441 Non
2492 5388 2685 5442 mirum
2712 5392 2796 5441 est
2822 5387 2867 5441 si
2892 5401 2993 5455 per
3028 5393 3330 5455 serpentem
3358 5390 3619 5444 tentatur,
3638 5390 3730 5449 pet

2169 5495 2329 5550 quem
2355 5478 2597 5535 diabolus
2628 5477 3036 5549 praeﬁguntur;
3083 5477 3206 5547 quia
3230 5477 3346 5546 ipse
3369 5474 3620 5543 antiquus
3642 5469 3726 5524 ho-

2247 5631 2273 5671 ι»
2312 5628 2431 5683 Lib.
2459 5645 2515 5683 ιι
2545 5629 2612 5683 de
2637 5628 2772 5684 Gen.
2800 5628 2868 5684 ad
2897 5628 3028 5697 litt.,
3054 5643 3172 5698 cap.
3204 5626 3330 5681 ι-ιι
