3986 6168
281 315 423 377 “57

1192 314 1322 370 LIB.
1361 307 1837 381 QUIESTIONUH
1877 305 2103 365 SUPER
2142 309 2269 366 LIB.
2309 312 2621 370 GENESIS.

3385 320 3522 379 H58

279 427 380 483 stis
405 421 800 494 iniquissimam
838 421 1001 479 habet
1030 421 1380 485 voluntatem,
1411 427 1466 474 et
1488 417 1852 488 aequissimam
1875 415 1926 472 Δ
1953 418 2098 473 enim
2139 436 2396 490 paganus,
2422 425 2546 493 quis
2583 423 2820 489 Judzeus,
2852 427 2976 495 quis
3009 428 3301 489 me“
3338 435 3545 491 me”

281 523 627 589 paeantem,
660 515 786 584 quia
828 528 1040 583 semper
1068 513 1232 569 habet
1256 511 1587 569 voluntatem
1629 507 1856 564 malefa-

281 605 481 673 ciendi,
515 605 652 663 nihil
679 605 844 661 habet
866 602 1155 674 potestatis
1188 601 1416 661 nocendi
1454 600 1575 661 sine
1605 598 1700 653 Dei
1736 612 1861 666 per.

284 696 475 751 missu.

356 786 422 838 D.
464 784 643 851 Quare
686 783 933 853 permisit
982 780 1210 845 tentari,
1251 793 1414 848 quem
1467 788 1857 831 consensumm

284 876 605 945 pmsciebat
618 874 642 928 ?

356 962 435 1016 Μ.
465 962 648 1017 Dicam
674 968 932 1031 quantum
961 958 1048 1014 vel
1071 959 1235 1014 donat
1256 968 1447 1025 sapere
1474 952 1558 1008 vel
1602 952 1730 1011 sinit
1774 949 1860 1005 di-

285 1064 430 1115 cere,
447 1064 554 1105 non
571 1048 703 1109 mihi
728 1049 941 1105 videtur
959 1062 1167 1117 magna:
1187 1045 1362 1100 laudis
1379 1042 1545 1098 fuisse
1562 1042 1857 1105 hominem,

287 1141 332 1195 si
379 1148 666 1210 propterea
705 1138 878 1208 possit
917 1139 1055 1193 bene
1103 1136 1317 1199 vivere,
1354 1134 1481 1204 quia
1514 1147 1673 1186 nemo
1723 1130 1862 1184 male

287 1230 469 1284 vivere
495 1229 765 1292 suaderet,
788 1242 911 1283 cum
944 1234 1000 1282 et
1026 1226 1079 1280 in
1103 1233 1295 1279 natura
1329 1238 1508 1293 posse,
1532 1230 1587 1277 et
1620 1222 1672 1275 in
1709 1229 1861 1289 pote—

289 1326 435 1378 state
453 1318 650 1377 habeat
676 1317 813 1375 velle
836 1333 944 1372 non
972 1315 1276 1375 consentire
1303 1312 1570 1369 suadenti.
1613 1311 1723 1366 Cur
1756 1311 1861 1364 ita-

290 1391 396 1476 que
424 1405 623 1465 tentari
665 1419 772 1462 non
818 1404 1055 1469 sineret,
1079 1417 1237 1471 quem
1294 1413 1684 1455 consensurum
1743 1409 1864 1451 esse

290 1497 629 1568 praesciebat,
657 1512 778 1552 cum
813 1496 868 1550 id
896 1494 1136 1549 facturus
1166 1500 1307 1547 esset
1346 1490 1563 1560 propria
1592 1487 1865 1543 voluntate

292 1606 389 1660 per
412 1589 643 1657 culpam,
663 1597 718 1647 et
750 1585 1079 1642 ordinandus
1100 1591 1243 1639 esset
1276 1582 1420 1639 illius
1466 1580 1720 1649 aequitate
1769 1593 1867 1647 per

292 1694 527 1749 pinnam.
557 1677 648 1733 Sic
670 1685 849 1733 autem
877 1676 1094 1745 quidam
1124 1680 1407 1729 moventur
1447 1672 1514 1726 de
1557 1671 1661 1725 hac
1707 1669 1868 1739 primi

1956 507 2118 563 domo
2154 525 2250 563 sua
2276 513 2512 579 quotidie
2533 515 2741 581 probet,
2769 530 2835 568 ex
2861 532 2967 585 quo
2996 534 3159 588 opere
3183 521 3380 579 divinae
3405 537 3528 593 pro-

1957 594 2207 651 videntia:
2245 598 2301 653 in
2345 613 2440 655 eos
2480 601 2660 657 veniat
2696 602 3030 672 imponendae
3050 611 3344 669 commotio
3370 614 3529 671 disci-

1956 686 2136 757 plinae.
2160 687 2360 760 Magna
2401 707 2561 761 opera
2586 693 2815 758 Domini,
2854 698 3113 767 exquisita
3146 701 3202 756 in
3231 718 3408 759 enim
3438 722 3531 761 υσε-

1959 776 2180 835 luntates
2204 780 2319 850 ejus
2350 781 2524 854 (Psal.
2552 799 2640 848 ex,
2670 784 2747 855 2).
2775 784 3025 843 Ρπενίίιὶι
3040 789 3213 847 honos
3236 789 3449 850 fumos
3475 804 3532 850 et

1959 877 2126 934 creat,
2148 870 2394 938 praevidit
2421 872 2591 931 malos
2624 872 2832 930 futuros
2874 883 2930 947 et
2965 885 3132 933 creat.
3167 877 3418 949 Seipsnm
3463 883 3532 938 ad

1959 952 2242 1012 fruendum
2277 962 2522 1030 praebens
2560 963 2736 1025 bonis,
2761 965 2928 1021 multa
2975 981 3256 1025 munerum
3309 986 3532 1027 suorum

1960 1044 2194 1116 largiens
2220 1058 2275 1103 et
2302 1051 2476 1116 malis,
2503 1053 2634 1107 nihil
2662 1054 2765 1108 sibi
2785 1056 3091 1122 consulens,
3124 1074 3226 1113 nec
3264 1060 3329 1114 de
3352 1062 3535 1131 operi-

1960 1135 2061 1191 bus
2094 1138 2358 1193 bonorum
2397 1148 2453 1195 et
2496 1141 2652 1201 bonis
2702 1144 2987 1200 consulens
3032 1145 3198 1200 etiam
3239 1149 3309 1203 de
3355 1151 3533 1220 poenis

1962 1225 2247 1283 malorum.

2635 1318 2851 1375 lterum.

2035 1404 2091 1463 Si
2120 1406 2380 1476 quaeritur
2403 1424 2501 1464 cur
2541 1420 2843 1479 serpentem
2881 1413 3128 1472 diabolus
3167 1425 3380 1475 tentare
3410 1434 3534 1488 per-

1965 1496 2165 1552 missus
2188 1498 2258 1553 sit
2274 1537 2290 1563 ,
2313 1514 2418 1555 non
2449 1500 2521 1553 sit
2545 1500 2740 1557 mirum
2757 1542 2774 1566 ,
2802 1518 2927 1558 cum
2952 1505 3216 1565 daemonia
3259 1509 3314 1565 in
3342 1523 3538 1579 porcos

1966 1584 2168 1642 intrare
2200 1586 2444 1644 Christus
2470 1589 2583 1659 ipse
2615 1593 2920 1661 permiserit
2966 1594 3195 1667 (Matth.
3243 1613 3360 1664 vni,
3399 1600 3460 1654 51
3489 1599 3532 1671 ).

1969 1673 2135 1745 Magis
2162 1677 2228 1732 de
2255 1678 2369 1748 ipsa
2409 1688 2599 1735 natura
2634 1682 2830 1737 diaboli
2863 1685 3233 1753 scrupulosius
3258 1689 3426 1756 quaeri
3448 1704 3538 1744 so—

295 1747 527 1828 bominis
559 1772 873 1835 tentatione,
898 1770 1043 1838 quod
1066 1782 1185 1823 eam
1217 1765 1333 1821 ﬁeri
1369 1763 1674 1835 permiserit
1704 1763 1864 1827 Deus,
1901 1747 1944 1806 Β
1972 1765 2066 1831 let,
2089 1782 2252 1837 quam
2277 1747 2460 1824 tatam
2508 1772 2745 1828 hazretici
2788 1747 3007 1844 quidam
3053 1777 3243 1837 olfensi
3276 1747 3538 1837 .molestia

294 1866 449 1936 quasi
486 1879 630 1923 nunc
665 1879 774 1917 non
803 1862 1022 1917 videant
1046 1859 1356 1915 universum
1381 1871 1549 1927 genus
1576 1856 1868 1913 humanum

297 1956 495 2013 diaboli
542 1955 752 2015 insidiis
803 1955 918 2010 sine
962 1953 1264 2008 cessatione
1299 1949 1513 2009 tentari.
1544 1947 1652 2005 Cur
1676 1956 1731 2003 et
1766 1948 1870 2005 hoc

296 2046 562 2115 permittit
583 2045 760 2101 Deus?
790 2059 858 2097 an
885 2044 1009 2112 quia
1032 2042 1291 2112 probatur
1305 2048 1359 2095 et
1375 2047 1658 2094 exercetur
1676 2036 1866 2100 virtus,

296 2149 352 2195 et
397 2146 481 2193 est
521 2138 700 2208 palma
734 2135 1015 2209 gloriosior
1054 2149 1160 2189 non
1189 2131 1528 2195 consensisse
1569 2137 1866 2194 tentatum,

298 2244 461 2289 ouam
491 2243 600 2288 non
626 2227 863 2298 potuisse
891 2224 1121 2281 tentari?

794 2313 1026 2373 Rursum
1072 2311 1160 2382 qui
1200 2326 1379 2380 supra.

370 2405 555 2463 Talem
576 2405 827 2474 inquiunt
851 2402 1056 2459 faceret
1076 2401 1345 2458 hominem
1360 2399 1451 2468 qui
1466 2397 1632 2457 nollet
1650 2394 1873 2453 omnino

299 2510 544 2566 peccare.
578 2495 716 2550 Ecce
745 2509 844 2553 nos
867 2492 1211 2549 concedimus
1247 2489 1525 2547 meliorem
1551 2502 1670 2544 esse
1712 2494 1870 2543 natu-

301 2600 440 2651 ram,
466 2599 585 2653 quae
608 2584 826 2640 omnino
851 2596 1077 2652 peccare
1123 2578 1310 2645 nollet,
1341 2578 1637 2633 concedant
1674 2585 1729 2632 et
1767 2577 1873 2645 ipsi

300 2689 407 2731 non
432 2688 553 2731 esse
580 2672 773 2731 malam
807 2681 1076 2735 naturam,
1099 2685 1218 2739 quae
1239 2670 1320 2724 sic
1349 2667 1488 2723 facta
1518 2676 1603 2722 est
1626 2675 1684 2722 ut
1704 2667 1875 2736 possit

301 2777 410 2818 non
428 2775 653 2835 peccare
681 2762 726 2816 si
756 2761 939 2815 nollet.
966 2760 1059 2815 llla
1091 2760 1287 2829 quippe
1313 2766 1397 2813 est
1421 2758 1475 2811 in
1499 2756 1700 2811 sanctis
1719 2771 1876 2826 ange-

302 2852 387 2918 lis,
414 2853 527 2907 hmc
549 2852 603 2905 in
641 2851 843 2906 sanctis
871 2850 1195 2904 hominibus.
1229 2848 1329 2914 Qui
1353 2855 1530 2901 autem
1560 2846 1661 2901 sibi
1691 2855 1877 2919 partes

305 2944 602 3013 iniquitatis
631 2944 927 3013 elegerunt,
961 2940 1384 3008 laudabilemque
1421 2945 1666 2991 naturam
1692 2938 1876 3006 culpa-

305 3035 398 3093 bili
425 3035 696 3090 voluntate
721 3047 744 3073 ἰ
775 3036 1139 3102 depravatam,
1170 3047 1273 3085 non
1301 3031 1423 3100 quia
1450 3029 1681 3099 prmsciti
1710 3037 1869 3092 sunt,

305 3124 427 3181 ideo
451 3123 624 3178 creari
648 3122 866 3183 riiiiiime
893 3122 1211 3181 debuerunt.
1228 3117 1358 3173 Nam
1384 3117 1521 3174 Deus
1540 3133 1639 3173 nec
1661 3116 1872 3186 justitia

305 3211 618 3283 cujusquam
645 3213 775 3268 recti
804 3211 1042 3271 hominis
1070 3216 1207 3279 eget,
1237 3216 1438 3277 quanto
1471 3208 1646 3271 minus
1674 3207 1874 3276 iniqui-

309 3308 419 3355 tate
454 3300 713 3370 perversi.
741 3299 877 3359 Cum
897 3298 1040 3359 enim
1068 3297 1206 3355 ratio
1242 3304 1387 3352 certa
1421 3295 1748 3351 demonstrat
1772 3295 1878 3350 duo

307 3391 551 3461 quaedam
581 3406 687 3451 non
714 3389 936 3461 aequalia
966 3375 1125 3454 bona,
1150 3387 1244 3442 sed
1268 3401 1431 3441 unum
1459 3384 1724 3454 superius,
1752 3383 1882 3438 alte-

306 3494 429 3535 rum
458 3478 703 3545 inferius,
731 3495 836 3535 non
866 3478 1165 3549 intelligunt
1191 3476 1328 3531 tardi
1359 3475 1519 3530 corde
1546 3488 1667 3528 cum
1694 3474 1881 3533 dicunt

306 3577 595 3640 utrumque
625 3570 729 3623 tale
755 3584 894 3635 esse,
916 3569 1050 3624 nihil
1076 3567 1219 3625 aliud
1245 3581 1304 3621 se
1329 3565 1507 3623 dicere
1527 3578 1688 3632 quam
1707 3562 1880 3623 solum

307 3661 438 3716 illud
467 3674 605 3716 esse.
638 3659 716 3714 Ac
749 3659 827 3714 sic
860 3673 982 3712 cum
1020 3671 1235 3725 aequare
1258 3654 1443 3708 volunt
1476 3665 1672 3721 genera
1714 3652 1884 3705 bono-

306 3763 449 3812 rum,
474 3762 756 3801 numerum
782 3746 1051 3800 minuunt.
1075 3744 1206 3810 Quis
1229 3750 1408 3796 autem
1445 3741 1575 3796 istos
1604 3740 1813 3799 audiret
1835 3740 1883 3794 si

310 3840 586 3903 dicerent,
638 3837 890 3906 quoniam
936 3833 1283 3891 excellentior
1327 3847 1515 3887 sensus
1550 3839 1635 3889 eet
1669 3830 1883 3893 videndi

310 3942 472 3997 quam
500 3926 773 3992 audiendi,
799 3934 858 3982 ut
893 3932 1125 3994 quatuor
1146 3921 1284 3977 oculi
1306 3927 1487 3975 essent
1510 3927 1565 3974 et
1588 3933 1747 3973 aures
1774 3934 1881 3974 non

308 4028 508 4076 essent.
531 4020 601 4075 At
629 4020 770 4075 enim
792 4018 1001 4096 si'Deus
1023 4016 1374 4082 vellet,etiam
1397 4014 1482 4069 isti
1507 4014 1633 4069 boni
1658 4022 1840 4096 essent
1864 4030 1896 4075 ε⁴

308 4110 511 4181 quanto
539 4110 730 4166 melius
754 4095 856 4165 hoc
887 4110 1028 4163 Deus
1065 4107 1253 4172 voluit,
1284 4112 1345 4161 ut
1377 4107 1519 4176 quod
1564 4105 1759 4163 vellent
1798 4095 1883 4159 es-

310 4212 462 4268 sent;
491 4202 584 4257 sed
614 4203 738 4257 boni
768 4200 1119 4264 infructuose,
1147 4198 1271 4255 mali
1299 4206 1476 4251 autem
1516 4186 1732 4268 impune
1773 4190 1891 4252 non

312 4303 509 4350 essent.
532 4295 636 4351 Sed
662 4293 977 4363 praesciebat
1010 4292 1151 4360 quod
1176 4305 1362 4352 eorum
1408 4288 1598 4344 fuisset
1632 4288 1880 4347 voluntas

313 4383 474 4444 mala.
505 4382 827 4436 Prmsciebat
854 4395 1003 4444 sane,
1028 4388 1083 4434 et
1108 4380 1232 4449 quia
1260 4378 1368 4433 falli
1408 4394 1514 4432 non
1555 4385 1729 4447 potest
1764 4375 1879 4446 ejus
1910 4406 1962 4464 υ

314 4470 670 4539 praescientia,
693 4468 814 4525 ideo
841 4483 948 4524 non
972 4468 1156 4539 ipsius,
1180 4469 1273 4524 sed
1297 4483 1481 4524 eorum
1509 4476 1592 4526 est
1630 4468 1880 4522 voluntas

319 4562 473 4617 mala.

389 4650 455 4703 ι).
480 4648 587 4709 Cur
612 4664 706 4707 eos
735 4649 956 4717 creavit,
986 4663 1121 4720 quos
1157 4648 1287 4704 tales
1333 4646 1544 4703 futuros
1590 4663 1709 4711 esse
1743 4663 1883 4718 prae-

316 4737 556 4799 sciebat?

389 4827 466 4881 Μ.
493 4827 624 4894 Quia
646 4838 786 4883 sicut
805 4829 1051 4897 praevidit
1073 4826 1200 4897 quid
1226 4826 1350 4880 mali
1375 4833 1557 4881 essent
1578 4825 1885 4891 facturi,sic

316 4918 480 4973 etiam
512 4918 758 4985 praevidit
791 4919 856 4972 de
880 4918 1037 4972 malis
1063 4917 1221 4971 factis
1249 4930 1438 4971 eorum
1471 4916 1599 4985 quid
1621 4917 1744 4971 boni
1772 4917 1885 4985 ipse

320 5012 462 5060 esset
497 5005 752 5060 facturus.
805 5005 896 5061 Sic
939 5007 1081 5060 enim
1129 5021 1222 5060 eos
1269 5004 1416 5070 fecit,
1446 5014 1505 5059 ut
1549 5015 1728 5061 essent
1767 5007 1886 5063 aliis

318 5095 717 5152 exercitationis
761 5095 1158 5152 adminuculum
1205 5106 1260 5152 et
1303 5096 1515 5151 timoris
1560 5100 1883 5169 exemplum.

319 5184 459 5256 Ergo
495 5186 745 5256 inquiunt
775 5197 858 5244 est
882 5189 1083 5258 aliquid
1110 5189 1164 5243 in
1191 5190 1441 5257 operibus
1464 5189 1558 5244 Dei
1586 5194 1726 5258 quod
1753 5192 1889 5247 alte-

319 5278 435 5332 rius
489 5280 629 5334 malo
667 5281 900 5352 indigeat
944 5297 1050 5351 quo
1093 5282 1339 5351 proﬁciat
1374 5281 1442 5337 ad
1478 5283 1700 5337 bonum.
1738 5284 1886 5341 Itane

318 5366 399 5429 sic
434 5368 831 5429 obduraverunt
868 5380 923 5426 et
964 5372 1217 5428 excascati
1262 5383 1386 5429 sunt
1420 5374 1665 5430 homines
1704 5376 1888 5432 nescio

319 5471 427 5526 quo
455 5458 632 5514 studio
663 5460 1042 5527 contentionis,
1068 5470 1128 5516 ut
1153 5476 1258 5517 non
1287 5463 1506 5518 audiant
1529 5463 1613 5519 vel
1652 5465 1885 5531 videant,

320 5546 637 5615 quihusdam
678 5549 900 5619 punitis,
934 5551 1310 5621 quamplurimi
1344 5554 1715 5624 corrigantur?
1757 5555 1890 5624 Quis

394 5668 419 5697 ι
449 5658 588 5729 Lege
610 5660 980 5731 depravarunt,
1008 5667 1067 5717 ut
1091 5663 1232 5730 apud
1254 5659 1632 5733 Augustinum.

1898 3076 1945 3140 ϐ

1969 1855 2121 1911 malae
2152 1857 2440 1921 voluntatis
2472 1859 2620 1929 ejus,
2648 1862 2884 1919 alienare
2929 1875 3191 1925 conantur
3224 1884 3256 1927 a
3291 1880 3540 1927 creatura

1967 1945 2161 1999 summi
2185 1954 2239 2000 et
2265 1948 2376 2001 veri
2403 1949 2519 2015 Dei,
2546 1960 2603 2005 et
2647 1951 2877 2007 alterum
2916 1955 2966 2010 ei
3009 1957 3139 2011 dare
3178 1958 3539 2028 principium,

1966 2033 2109 2100 quod
2133 2032 2413 2090 sitcontra
2448 2036 2637 2093 Deum.
2666 2038 2781 2094 Non
2830 2042 2974 2096 enim
3020 2044 3202 2101 valent
3242 2046 3543 2119 intelligere

1967 2135 2126 2174 omne
2150 2122 2293 2191 quod
2317 2132 2418 2187 est,
2443 2124 2497 2178 in
2527 2134 2786 2195 quantum
2814 2128 2993 2199 aliqua
3020 2132 3324 2193 substantia
3351 2146 3456 2205 est,
3487 2147 3544 2195 et

1967 2208 2168 2263 bonum
2182 2224 2322 2275 esse.
2337 2220 2392 2266 et
2412 2213 2513 2271 nisi
2534 2216 2601 2271 ab
2624 2214 2714 2273 illo
2732 2216 2840 2271 Deo
2862 2218 2983 2272 vivo
3003 2234 3034 2272 a
3055 2236 3161 2290 quo
3171 2237 3331 2279 omne
3342 2226 3543 2283 bonum

1969 2307 2070 2362 est,
2097 2312 2215 2352 esse
2237 2316 2340 2354 non
2369 2315 2546 2369 posse.
2574 2304 2600 2342 ιι
2628 2304 2825 2361 Malum
2853 2323 2980 2363 vero
3029 2310 3303 2371 voluntate
3342 2314 3544 2373 inordi-

1969 2399 2095 2445 nate
2114 2391 2336 2454 moveri,
2353 2392 2491 2449 bona
2509 2393 2759 2450 inferiora
2777 2399 3143 2466 superioribus
3160 2404 3540 2473 prteponendo.

1968 2479 2144 2550 Atque
2171 2482 2245 2537 ita
2276 2481 2476 2543 factum
2514 2495 2598 2539 est
2622 2494 2680 2542 ut
2710 2488 2984 2545 rationalis
3012 2500 3274 2550 creaturae
3323 2494 3546 2563 spiritus

1971 2586 2068 2626 sua
2097 2580 2361 2642 potestate
2395 2584 2615 2644 propter
2639 2577 3008 2636 excellentiam
3035 2581 3352 2647 delectatus,
3379 2592 3547 2640 tume-

1972 2670 2147 2715 sceret
2167 2663 2437 2730 superbia,
2458 2678 2556 2733 per
2584 2679 2743 2733 quam
2774 2668 2991 2725 caderet
3016 2683 3047 2722 a
3078 2669 3416 2725 beatitudine
3438 2670 3546 2739 spi-

1973 2753 2145 2810 ritalis
2171 2754 2429 2823 paradisi,
2454 2764 2509 2815 et
2539 2756 2832 2813 invidentia
2861 2760 3289 2816 contabesceret.
3341 2760 3400 2817 In
3439 2776 3548 2830 quo

1975 2851 2154 2898 tamen
2196 2844 2395 2901 bonum
2424 2851 2506 2899 est
2535 2844 2637 2903 hoc
2676 2845 2849 2915 ipsum
2892 2848 3035 2916 quod
3067 2847 3201 2904 vivit
3228 2855 3281 2903 et
3311 2849 3550 2906 viviﬁcat

1973 2948 2168 3002 corpus
2192 2934 2303 2988 sive
2349 2948 2590 2999 aereum,
2614 2936 2754 2995 sicut
2790 2936 2958 3006 ipsius
2985 2937 3184 2993 diaboli
3228 2939 3313 2994 vel
3350 2939 3550 2996 daemo—

1975 3041 2104 3081 num
2149 3027 2397 3095 spiritus,
2431 3027 2545 3081 sive
2599 3028 2831 3088 hominis
2877 3029 3060 3084 anima
3105 3030 3339 3100 cujusvis
3386 3033 3550 3086 etiam

1979 3116 2193 3186 maligni
2215 3125 2269 3170 et
2294 3118 2555 3186 perversi.
2584 3117 2836 3174 Nonnulli
2857 3120 2999 3173 enim
3025 3120 3209 3175 dicunt
3238 3121 3409 3190 ipsum
3437 3122 3553 3175 dia—

1976 3204 2098 3260 bolo
2125 3205 2287 3261 fnisse
2309 3222 2494 3269 casum
2524 3222 2553 3260 a
2578 3209 2823 3279 supernis
2850 3209 3091 3273 sedibus,
3129 3212 3272 3277 quod
3299 3210 3551 3267 inviderit

1977 3295 2183 3351 homini
2220 3295 2362 3353 facto
2396 3299 2464 3352 ad
2492 3298 2779 3367 imaginem
2808 3297 2925 3351 Dei.
2952 3297 3121 3363 Porro
3145 3307 3327 3358 autem
3353 3300 3552 3355 invidia

1978 3385 2220 3456 sequitur
2239 3387 2563 3456 superbiam,
2588 3402 2694 3443 non
2721 3388 3001 3455 praecedit;
3050 3404 3155 3449 non
3194 3390 3336 3449 enim
3386 3405 3553 3447 causa

1979 3478 2319 3547 superbiendi
2340 3486 2420 3533 est
2443 3478 2672 3543 invidia;
2696 3479 2789 3534 sed
2805 3493 2966 3535 causa
2986 3481 3257 3539 invidendi
3277 3483 3549 3552 superbia.

1980 3565 2114 3623 Cum
2141 3565 2302 3634 igitur
2337 3567 2583 3635 superbia
2619 3568 2688 3624 sit
2725 3583 2878 3623 amor
2913 3570 3244 3631 excellentiae
3285 3574 3549 3644 propriae,

1980 3652 2179 3708 invidia
2207 3669 2332 3709 vero
2357 3656 2426 3709 sit
2453 3654 2634 3710 odium
2661 3655 2935 3713 felicitatis
2978 3660 3203 3726 alienat.
3259 3663 3388 3735 quid
3429 3664 3554 3719 inde

1981 3755 2236 3801 nascatur
2270 3746 2402 3808 satis
2431 3748 2487 3807 in
2504 3756 2753 3818 promptu
2775 3756 2878 3803 est.
2900 3748 3147 3811 Amantia
3160 3752 3306 3814 enim
3326 3753 3555 3832 quisque

1982 3839 2354 3903 excellentiam
2387 3856 2564 3907 suam,
2584 3840 2672 3896 vel
2690 3841 2910 3912 paribus
2944 3842 3166 3910 invidet,
3188 3846 3334 3915 quod
3369 3845 3422 3903 ei
3462 3861 3554 3903 co-

1982 3940 2286 4002 aequentur;
2317 3932 2405 3988 vel
2427 3933 2814 4003 superioribus,
2827 3933 2969 4004 quod
3000 3935 3081 3991 eis
3101 3949 3210 3991 non
3225 3945 3552 4007 coasquetur.

1985 4021 2350 4092 Superbide
2378 4023 2542 4093 igitur
2582 4021 2817 4087 invidus,
2842 4038 2950 4081 non
2998 4022 3283 4083 invidendo
3328 4026 3556 4097 quisque

1983 4111 2244 4180 superbus
2284 4118 2389 4165 est.
2420 4110 2634 4171 Initium
2655 4118 2834 4167 autem
2866 4109 3104 4180 ﬁgmenti
3134 4111 3344 4169 Domini
3368 4130 3398 4168 a
3425 4128 3557 4183 pro-

1982 4199 2140 4269 pheta
2177 4200 2353 4257 dictus
2379 4207 2485 4264 est,
2513 4198 2656 4268 quod
2682 4198 2808 4254 fecit
2842 4207 2903 4261 ut
2943 4198 3196 4259 illudatur
3237 4201 3306 4256 ab
3349 4201 3559 4271 angelis

1983 4287 2117 4359 ejus.
2149 4288 2265 4343 Non
2304 4289 2428 4358 quia
2463 4289 2637 4357 ipsum
2685 4289 2935 4358 primitus
2977 4289 3249 4355 condidit,
3296 4292 3391 4349 sed
3425 4292 3553 4360 quia

1982 4394 2105 4431 cum
2141 4379 2304 4431 sciret
2328 4392 2450 4435 cum
2482 4377 2549 4429 ad
2576 4377 2678 4431 hoc
2724 4378 2941 4447 propria
2978 4378 3251 4435 voluntate
3293 4376 3567 4445 futurum,

1982 4474 2042 4520 ut
2065 4465 2218 4520 bonis
2242 4471 2477 4525 noceret,
2498 4465 2701 4516 creavit
2717 4478 2839 4519 eum
2863 4465 3076 4531 adhoc,
3093 4470 3152 4517 ut
3178 4464 3244 4520 de
3268 4463 3359 4518 illo
3396 4465 3555 4521 bonis

1982 4557 2096 4626 ipse
2120 4538 2419 4625 prodesset;
2442 4556 2545 4609 hoc
2567 4562 2648 4609 est
2676 4554 2820 4611 enim
2856 4564 2916 4609 ut
2940 4555 3197 4616 illudatur
3240 4556 3308 4609 ab
3351 4556 3555 4627 angelis

1982 4646 2117 4715 ejus.
2142 4646 2402 4713 Quoniam
2431 4646 2510 4699 sic
2539 4644 2797 4711 illuditur,
2825 4662 2946 4701 cum
2975 4646 3175 4700 sanctis
3197 4656 3421 4715 prosunt
3446 4657 3557 4703 ten-.

1988 4737 2213 4792 tationes
2240 4736 2434 4806 quibus
2472 4750 2566 4789 eos
2602 4734 2893 4805 depravare
2935 4744 3179 4802 conatur,
3206 4744 3261 4791 et
3295 4736 3416 4793 ideo
3455 4737 3555 4792 ini-

1985 4833 2116 4886 tium
2146 4830 2383 4898 tigmenti
2419 4828 2489 4883 ad
2532 4828 2878 4884 illudendum.
2930 4828 3034 4883 Per
3078 4838 3383 4897 serpentem
3427 4844 3556 4884 vero

1985 4919 2219 4973 locutum
2245 4916 2408 4972 fuisse
2429 4917 2722 4981 diabolum,
2737 4917 2849 4988 ipse
2865 4933 2993 4972 usus
3015 4916 3355 4987 quotidianus
3368 4918 3518 4971 docet
3536 4933 3551 4982 ;

1984 4996 2109 5066 nam
2131 5014 2429 5074 serpentes,
2458 5006 2598 5060 sicut
2618 5006 2863 5075 superius
2891 5007 3091 5073 dictum
3118 5014 3223 5065 est,
3243 5006 3416 5075 magis
3443 5021 3552 5060 mo-

1985 5105 2178 5152 ventur
2219 5097 2545 5152 carminibus
2603 5096 2912 5163 hominum,
2961 5112 3121 5167 quam
3174 5096 3340 5151 ullum
3387 5112 3554 5168 genus

1985 5192 2130 5247 aliud
2151 5191 2524 5257 animantium,
2553 5193 2679 5261 quia
2713 5192 2833 5253 haec
2860 5208 2964 5246 non
3008 5207 3187 5261 parva.
3217 5172 3432 5247 testatio
3475 5197 3552 5244 est
3585 5211 3589 5217 '

1987 5293 2232 5341 naturam
2255 5283 2506 5354 primitus
2523 5284 2834 5349 humanam,
2858 5284 3129 5353 serpentis
3142 5283 3417 5340 seductam
3439 5294 3559 5335 esse

1987 5375 2273 5445 colloquio.
2297 5373 2411 5428 Hoc
2430 5382 2608 5439 autem
2625 5373 3006 5442 permittuntur
3025 5374 3293 5438 daemones
3306 5373 3372 5431 ad
3394 5369 3553 5440 primi

1988 5463 2117 5518 facti
2155 5462 2470 5518 memoriam
2497 5461 3004 5527 commendandam,
3034 5461 3176 5532 quod
3208 5460 3282 5517 sit
3312 5464 3392 5518 eis
3413 5474 3550 5531 qum-

1989 5554 2110 5609 dam
2134 5566 2258 5606 cum
2285 5551 2520 5606 humano
2540 5564 2733 5621 genere
2758 5548 3113 5607 familiaritas.

2061 5663 2089 5703 δ
2126 5662 2279 5732 Apud
2301 5661 2681 5732 Augustinum,
2710 5662 2905 5719 malam
2934 5680 3051 5718 vero
3083 5661 3411 5719 voluntatem.
