3986 6168
265 5444 279 5473 \

427 313 569 375 H59

1900 315 2187 371 WICBODI

3547 324 3693 385 H60

487 426 561 481 D.
596 423 779 483 Potuit
795 423 1020 481 eos‘ista
1041 423 1268 483 tentatio
1302 425 1368 480 de
1403 424 1651 494 paradiso
1689 425 1884 494 ejicere
1922 440 1991 479 an
2016 431 2066 486 Α
2094 441 2230 495 quos
2269 426 2583 498 simpliciter
2627 429 2911 484 credentes
2938 430 3278 486 invenerunt.
3314 432 3379 485 Et
3421 436 3547 502 quia
3567 453 3693 494 οω..

418 518 567 661 “031?.
599 608 657 661 ld
686 605 1091 676 intelligendum
1125 607 1267 676 quod
1310 623 1415 662 non
1462 608 1655 677 potuit,
1700 608 1744 661 si
1790 623 1895 661 non
1942 622 2000 663 se

416 698 718 755 elevassent
743 696 797 750 in
832 712 1026 751 vanam
1054 697 1311 766 gloriam,
1335 699 1549 767 quando
1581 699 1661 752 eis
1695 699 2001 752 contrarius

415 787 588 843 hostis
606 786 856 857 promisit
877 787 1062 841 dicens
1085 804 1097 839 :
1130 785 1190 841 Si
1219 787 1544 840 comederitis
1570 803 1634 840 ea:
1657 803 1741 852 eo,
1764 788 2000 858 aperien-

415 888 504 932 tur
531 877 669 933 oculi
696 879 938 942 vestri,et
973 877 1118 930 eritis
1153 877 1286 930 sicut
1315 875 1411 928 dii.
1456 874 1548 930 Sic
1584 891 1816 945 namque
1858 875 1997 930 scri-

414 976 568 1035 ptum
598 969 716 1022 eSt:
752 967 884 1020 Ante
909 967 1118 1019 ruinam
1147 964 1456 1019 exaltabitur
1490 981 1598 1018 cor.

912 1076 1490 1133 RECAPITULATIO.

1048 1164 1288 1202 ISIDORUS
1311 1162 1357 1201 u.

483 1238 718 1309 Serpens
746 1245 927 1293 autem
971 1238 1061 1293 ille
1104 1237 1402 1306 sapientior
1430 1239 1670 1294 omnium
1699 1239 1997 1293 bestiarum

407 1330 611 1385 indicat
656 1329 960 1394 diabolum,
1006 1329 1097 1397 qui
1146 1328 1270 1382 inde
1319 1344 1541 1398 serpens
1589 1329 1810 1394 dicitur,
1854 1327 1997 1398 quod

406 1420 626 1475 volubili
659 1427 912 1474 versetur
934 1418 1155 1472 astutia.
1182 1417 1288 1473 Sed
1313 1419 1442 1487 quid
1465 1426 1547 1473 est
1575 1420 1719 1488 quod
1754 1420 1868 1487 ipse
1899 1434 1998 1488 per

405 1512 684 1567 mulierem
711 1510 923 1579 decepit
950 1518 1002 1564 et
1033 1525 1139 1565 non
1168 1524 1266 1579 per
1294 1510 1506 1564 virum?
1526 1511 1652 1579 quia
1680 1526 1788 1566 non
1817 1518 1997 1579 potest

404 1603 544 1657 ratio
574 1610 760 1657 nostra
802 1600 988 1656 seduci
1023 1600 1090 1655 ad
1119 1602 1473 1670 peccandum.
1520 1601 1622 1655 nisi
1658 1602 1997 1670 prtecedente

404 1695 763 1752 delectatione
785 1694 840 1749 in
866 1693 1069 1749 carnali
1101 1693 1432 1747 inﬁrmitatis
1450 1693 1663 1757 aﬂ'ectu,
1698 1694 1791 1762 qui
1821 1692 1993 1763 magis

405 1790 565 1844 debet
586 1790 963 1856 obtemperare
1004 1786 1203 1841 rationi
1246 1794 1500 1855 tanquam
1532 1792 1651 1842 viro
1671 1759 1987 1850 dominanti.
2028 1759 2073 1818 Β

402 1879 507 1933 hoc
541 1879 685 1933 enim
727 1878 780 1931 in
826 1891 1152 1946 unoquoque
1184 1878 1400 1932 homine
1433 1878 1657 1947 geritur,
1693 1878 1748 1932 in
1777 1878 1992 1933 occulto

400 1969 634 2036 quodam
668 1973 988 2035 secretoque
1022 1966 1293 2037 conjugio.
1341 1966 1753 2037 Suggestionem
1795 1969 1992 2037 quippe

399 2067 705 2128 serpentem
755 2059 1104 2128 accipiamus.
1177 2058 1456 2114 Mulierem
1510 2074 1639 2115 vero
1702 2060 1990 2114 animalem

399 2148 645 2218 corporis
659 2163 900 2213 sensum,
916 2148 1180 2202 rationem
1197 2156 1379 2203 autem
1394 2148 1591 2202 virum.
1615 2148 1757 2218 Ergo
1777 2150 1992 2217 quando

398 2239 637 2294 occurrit
677 2239 818 2293 mala
851 2237 1144 2309 suggestio,
1174 2238 1326 2307 quasi
1355 2252 1577 2307 serpens
1600 2236 1858 2307 loquitur,
1898 2239 1991 2292 sed

396 2328 512 2384 sola
552 2328 811 2398 cogitatio
848 2327 1152 2383 oblectatur
1197 2327 1339 2381 illius
1386 2327 1769 2397 suggestionis,
1815 2333 1874 2380 ut
1908 2343 1993 2382 re-

399 2415 651 2471 frenante
677 2416 886 2471 ratione
916 2430 1214 2472 consensus
1241 2416 1489 2485 explendi
1511 2416 1693 2485 operis
1728 2432 1835 2471 non
1869 2432 1990 2471 suc-

396 2508 572 2569 cedat,
600 2506 711 2562 sola
750 2505 943 2561 mulier
967 2506 1181 2561 videtur
1204 2506 1505 2562 comedisse
1525 2505 1796 2561 illicitum.
1835 2502 1991 2572 Quod

397 2596 442 2649 si
467 2596 640 2665 ipsum
671 2607 951 2666 peccatum
977 2596 1141 2652 etiam
1182 2604 1237 2651 et
1280 2610 1434 2651 mens
1453 2597 1874 2665 perpetrandum
1897 2596 1993 2651 de-

396 2694 602 2751 ctruat,
626 2685 740 2755 jam
784 2686 865 2741 vir
905 2687 1164 2756 deceptus
1188 2695 1297 2751 est,
1318 2685 1433 2754 jam
1472 2688 1668 2743 mulier
1687 2688 1868 2743 cibum
1893 2688 1987 2743 de-

396 2774 541 2829 disse
562 2774 678 2827 viro
701 2775 929 2829 videtur.
956 2776 1211 2830 lnlecebri
1235 2776 1378 2830 enim
1404 2778 1730 2839 consentire,
1753 2778 1820 2832 de
1844 2776 1989 2846 ligno

397 2865 671 2935 prohibito
715 2868 1039 2921 manducare
1079 2875 1182 2921 est.
1231 2867 1381 2921 Tune
1421 2868 1618 2937 quippe
1641 2866 1771 2937 jure
1804 2885 1835 2923 a
1879 2869 1989 2922 vita

397 2958 556 3013 beata
604 2966 859 3027 tanquam
902 2973 932 3011 a
962 2957 1233 3035 paradiso
1267 2958 1554 3028 expellitur
1583 2961 1768 3025 homo,
1798 2974 1990 3028 pecca-

397 3057 620 3119 tumque
645 3049 692 3103 ei
724 3048 1039 3118 imputatur,
1072 3048 1286 3102 etiamsi
1321 3064 1428 3102 non
1462 3058 1721 3118 sequatur
1741 3051 1982 3117 ell'ectus,

2103 516 2233 570 nino
2259 516 2492 570 carnalia
2517 519 2864 586 persuadent,
2893 521 3049 588 quasi
3076 520 3142 575 ad
3172 522 3470 577 carnalium
3495 536 3693 583 οοιιιο..

2088 610 2223 657 rum
2244 606 2582 675 apertionem
2609 616 2872 662 conantur
2895 609 3182 677 adducere,
3214 620 3275 664 ut
3304 613 3531 669 interior
3548 632 3685 671 ocu-

2101 693 2185 748 lus
2203 695 2541 750 obscuretur.
2575 696 2833 766 Sequitur
2852 718 2864 752 :

2769 805 2833 845 ISI
2842 805 3027 845 DORUS.

2184 870 2320 926 Vidit
2342 875 2503 944 igitur
2536 875 2725 929 mulier
2748 878 2887 948 quod
2915 879 3106 933 bonum
3142 892 3273 936 esset
3305 882 3524 953 lignum,
3553 892 3683 951 αα,

2097 957 2318 1029 tulitque
2336 960 2401 1014 de
2425 962 2603 1031 fructu
2628 964 2744 1032 ejus
2764 974 2812 1018 et
2836 967 3056 1020 consedit
3085 967 3239 1040 (Gen.
3275 986 3359 1035 ιιι,
3381 970 3456 1044 6).

2170 1049 2361 1104 Mulier
2394 1055 2630 1107 comedit
2657 1063 2839 1120 antea,
2868 1073 2973 1111 non
3003 1058 3104 1124 vir,
3136 1060 3257 1115 ideo
3288 1062 3414 1132 quia
3440 1066 3695 1121 carnales

2101 1142 2311 1198 lucilius
2330 1147 2729 1214 persuadeatur
2748 1150 2815 1203 ad
2838 1158 3137 1219 peccatum,
3169 1168 3271 1207 nec
3297 1163 3406 1209 tam
3432 1157 3691 1213 velociter

2098 1236 2369 1305 spiritales
2393 1238 2757 1307 decipiuntur.
2799 1239 3093 1310 Sequitur:

2173 1327 2425 1400 Deditque
2454 1331 2563 1384 viro
2597 1349 2695 1386 suo
2718 1343 2765 1387 et
2790 1334 3032 1388 comedit.
3056 1336 3255 1407 Utique
3278 1339 3405 1407 quia
3444 1346 3565 1409 post
3592 1341 3687 1395 ἀμ

2096 1413 2436 1472 lectationem
2479 1420 2713 1475 carnalis
2754 1424 3204 1492 concupiscentia:
3256 1435 3479 1492 nostrae,
3517 1430 3685 1484 etiam

2096 1509 2236 1563 ratio
2256 1517 2439 1563 nostra
2466 1510 2752 1579 subjicitur
2777 1512 2845 1566 ad
2866 1517 3215 1583 peccandum.

2168 1598 2400 1670 Cumque
2422 1603 2774 1672 cognovissent
2794 1620 2849 1658 se
2869 1621 2978 1659 esse
3000 1605 3189 1673 nudos,
3216 1617 3527 1662 consuerunt
3548 1608 3687 1678 [alia

2094 1688 2249 1757 ﬁcus,
2277 1699 2325 1743 et
2350 1699 2687 1761 contegenmt
2714 1710 2767 1747 se
2805 1693 2959 1764 (Cen.
2993 1712 3080 1761 ιιι,
3107 1696 3184 1769 7).

2757 1799 3015 1841 ISIDORUS.

2167 1868 2267 1934 Qui
2296 1869 2553 1924 sarculum
2575 1886 2826 1941 asperum
2850 1874 3269 1944 amplectuntur,
3292 1878 3383 1947 qui
3404 1881 3684 1951 prurigine

2096 1957 2383 2026 voluptatis
2411 1958 2647 2013 carnalis
2671 1969 2922 2026 uruntur,
2954 1964 3154 2034 quique
3181 1966 3390 2037 decepti
3427 1970 3681 2027 heretica

2093 2046 2380 2117 pravitate,
2409 2055 2464 2101 et
2497 2048 2670 2118 gratia
2704 2049 2798 2104 Dei
2825 2051 3009 2107 nudati
3048 2062 3193 2121 sunt,
3228 2063 3501 2124 tegmenta
3529 2074 3685 2115 men-

2095 2138 2374 2192 daciorum
2402 2146 2657 2208 tanquam
2686 2139 2812 2195 folia
2847 2141 2935 2197 ﬁci
2961 2143 3239 2215 colligunt,
3279 2145 3541 2204 facientes
3577 2150 3683 2205 sibi

2095 2229 2453 2284 suecinctoria
2479 2230 2783 2299 pravitatis,
2828 2248 2950 2287 cum
2978 2235 3044 2287 de
3074 2235 3301 2292 Domino
3328 2238 3413 2293 vel
3438 2238 3680 2296 Ecclesia

2094 2320 2447 2373 mentiuntur.
2475 2319 2542 2373 Et
2566 2327 2625 2373 ut
2645 2321 2721 2373 ait
2749 2320 3040 2392 Gregorius
3064 2341 3077 2377 :
3106 2324 3279 2379 Adam
3301 2343 3536 2396 namque
3561 2338 3685 2401 put

2092 2417 2375 2478 peccatum
2408 2409 2787 2467 inobedientia:
2815 2429 2941 2468 mox
2978 2415 3224 2483 pudenda
3256 2421 3514 2485 contexit,
3555 2424 3683 2492 quia

2093 2500 2475 2554 contumeliam
2518 2502 2699 2556 carnis
2732 2502 2956 2566 invenit,
2989 2512 3043 2558 et
3077 2506 3170 2574 qui
3199 2510 3408 2563 auctori
3439 2527 3538 2566 suo
3562 2528 3683 2568 esse

2093 2590 2339 2645 subditus
2374 2591 2568 2656 noluit,
2607 2592 2735 2662 jura
2773 2594 2953 2649 carnis
2996 2596 3223 2652 subditis
3260 2614 3421 2668 quam
3461 2603 3684 2673 regebat

2092 2681 2296 2744 amisit,
2324 2690 2385 2734 ut
2412 2681 2464 2734 in
2498 2683 2677 2751 seipse
2714 2684 2963 2740 videlicet
3004 2686 3383 2744 inobedientia:
3408 2706 3521 2747 sua:
3549 2708 3682 2746 eon-

2091 2770 2233 2826 fusio
2261 2771 2606 2837 redundaret,
2650 2783 2704 2827 et
2747 2784 3030 2844 superatus
3075 2778 3308 2834 disceret
3345 2782 3472 2849 quid
3505 2782 3681 2838 elatus

2092 2864 2295 2919 amisit.
2324 2864 2611 2934 Sequitur:

2713 2975 3056 3015 AUGUSTINUS.

2161 3046 2230 3100 D.
2259 3047 2492 3101 Adduxit
2533 3047 2671 3101 Deus
2712 3050 2781 3102 ad
2810 3051 2980 3104 Adam
3015 3062 3202 3107 cuncta
3236 3052 3489 3107 animalia
3515 3063 3565 3109 et
3592 3070 3678 3110 vo-

398 3094 619 3119 mu“-.-
647 3094 692 3103 ν.
1076 3094 1286 3102 ------.---
1322 3094 1428 3102 .-νη
1462 3094 1709 3118 ,μιν-η..
1742 3094 1982 3117 sum“,
2161 3094 2229 3100 _-
2259 3094 2489 3101 --κ-η--
2533 3094 2669 3101 ---η
2712 3094 2778 3102 ..π
2810 3094 2979 3104 ..ν-κ...
3015 3094 3202 3107 νην...
3236 3094 3489 3107 ..............
3515 3094 3565 3109 ν.
3594 3094 3677 3110 ..ρ

396 3140 518 3208 quia
552 3140 650 3195 etsi
675 3156 782 3195 non
806 3148 889 3194 cst
930 3140 983 3193 in
1024 3138 1181 3193 factis
1222 3138 1398 3208 culpa,
1428 3140 1479 3193 in
1507 3156 1774 3196 consensu
1802 3094 2059 3209 tamenc
2087 3136 2279 3202 ιαιδιὶα,
2306 3137 2581 3209 vidensque
2619 3156 2698 3203 εα,
2733 3142 2978 3212 imposuit
3016 3145 3318 3199 nomium...
3351 3156 3406 3200 et
3445 3146 3511 3202 de
3559 3164 3678 3202 mu-

395 3233 662 3286 rctinetur
685 3230 1037 3286 conscientia.
1069 3229 1194 3285 Haec
1234 3231 1530 3285 secundum
1553 3248 1841 3302 anagogen.
1870 3232 1986 3287 Cte-

396 3330 572 3388 icrum
588 3322 745 3393 juxta
770 3324 1163 3393 metaphoram,
1180 3325 1381 3393 poterit
1404 3322 1630 3379 callidus
1650 3325 1742 3380 ille
1763 3340 1986 3395 serpens

395 3416 778 3472 haereticorum
810 3415 1105 3470 versutiam
1137 3414 1438 3485 designare.
1468 3414 1718 3469 Nonnulli
1741 3416 1885 3470 enim
1908 3417 1987 3471 lo-

394 3509 618 3577 quacius
639 3518 804 3577 atque
825 3506 1077 3561 subtilius
1099 3506 1422 3576 promittunt
1457 3506 1642 3562 illicita
1669 3508 1985 3563 curiositate

393 3608 728 3655 secretorum
781 3599 1184 3667 adapertioncm
1225 3607 1386 3669 atque
1435 3599 1715 3655 scientiam
1763 3601 1891 3656 boni
1930 3608 1986 3654 et

394 3691 543 3755 mall,
570 3699 624 3746 et
647 3690 699 3744 in
727 3690 844 3759 ipso
878 3689 1096 3744 homine
1118 3697 1373 3759 tanquam
1398 3690 1452 3744 in
1479 3691 1670 3745 arbore
1685 3706 1804 3759 quze
1825 3691 1982 3760 plan-

395 3784 507 3832 tata
554 3786 638 3834 est
679 3779 733 3832 in
776 3776 954 3832 medio
999 3776 1236 3845 paradisi
1293 3793 1415 3832 eam
1459 3778 1850 3833 dinoscentiam
1893 3780 1986 3834 de-

394 3875 722 3923 monstrare.
748 3864 949 3920 Contra
974 3866 1117 3919 hunc
1144 3876 1449 3934 serpentem
1480 3867 1676 3922 clamat
1694 3868 1985 3936 Apostolus

398 3972 524 4012 cum
551 3956 684 4010 dicit
708 3973 721 4007 :
752 3953 931 4008 Metuo
956 3970 1019 4007 ne
1043 3955 1175 4007 sicut
1216 3971 1424 4024 serpens
1453 3954 1619 4009 Evam
1646 3956 1854 4010 seduxit
1874 3974 1984 4012 ver-

392 4046 531 4104 sutia
559 4050 687 4114 'sua,
731 4049 807 4101 sic
845 4048 1226 4102 sensus'vestri
1271 4061 1676 4120 corrumpantur
1718 4050 1807 4120 (ΙΙ
1856 4051 1979 4107 Cor.

386 4154 469 4203 ιι,
491 4137 567 4209 5).
594 4136 884 4193 Seducitur
906 4137 1084 4193 verbis
1111 4136 1272 4206 hujus
1313 4140 1579 4209 serpentis
1620 4144 1853 4199 carnalis
1880 4162 1981 4201 no-

392 4238 504 4284 stra
533 4227 991 4299 concupiscentia,
1022 4237 1076 4281 et
1102 4241 1199 4296 per
1227 4227 1315 4282 illa
1352 4230 1617 4298 decipitur
1640 4230 1982 4292 Christianus

390 4319 562 4374 Adam
591 4334 697 4373 non
732 4317 999 4374 Christus.
1052 4317 1195 4373 Dicit
1241 4334 1371 4390 ergo
1404 4319 1507 4375 iste
1546 4322 1614 4377 ad
1657 4324 1977 4381 mulierem:

2084 3230 2217 3284 liere
2241 3230 2401 3299 paulo
2422 3239 2545 3299 post
2571 3232 2769 3287 dicitur
2794 3251 2807 3286 :
2853 3233 2989 3288 Vidit
3018 3236 3181 3307 igitur
3205 3236 3395 3290 mulier
3418 3240 3559 3309 quod
3580 3240 3678 3295 bo-

2086 3336 2209 3372 num
2235 3331 2365 3373 esset
2388 3319 2587 3390 lignum
2613 3321 2684 3375 ad
2710 3324 3034 3378 vescendum.
3073 3326 3212 3381 Ecce
3244 3326 3523 3396 Scriptura
3561 3345 3681 3384 ma-

2084 3410 2435 3470 nifestissime
2456 3414 2691 3468 ostendit
2717 3416 2998 3470 amborum
3030 3418 3215 3496 oculos
3241 3428 3456 3489 apertos
3485 3420 3672 3476 fuisse.

2084 3499 2195 3555 Nec
2230 3509 2313 3557 est
2340 3503 2486 3557 enim
2525 3501 2609 3557 fas
2646 3503 2826 3559 dicere
2865 3507 3072 3575 primos
3110 3508 3360 3564 homines
3389 3526 3562 3568 caecos
3596 3511 3679 3568 t‘a-

2085 3605 2219 3653 ctus.
2250 3597 2317 3651 Et
2346 3614 2444 3652 cur
2470 3604 2593 3667 post
2616 3598 2912 3667 paululum,
2946 3610 3067 3671 post
3108 3602 3236 3673 ligni
3277 3603 3427 3658 vetiti
3470 3612 3676 3659 tactum

2083 3688 2272 3743 eadem
2320 3687 2600 3760 Scriptura
2652 3690 2784 3746 dicit
2830 3709 2844 3745 :
2900 3693 3080 3764 Aperti
3132 3705 3251 3748 sunt
3299 3695 3439 3749 oculi
3488 3697 3672 3749 ambo-

2085 3794 2202 3832 rum
2221 3779 2246 3831 Ρ

2156 3868 2235 3922 Μ.
2266 3869 2296 3909 δ
2319 3868 2433 3924 Nisi
2458 3868 2645 3924 oculos
2665 3878 2881 3939 apertas
2904 3871 3188 3935 haberent,
3221 3889 3321 3928 nec
3346 3873 3438 3928 ille
3460 3875 3666 3928 anima-

2083 3956 2222 4013 libus
2245 3960 2461 4014 nomina
2486 3960 2805 4030 imponeret,
2826 3976 2925 4015 nec
2948 3960 3037 4015 illa
3060 3963 3267 4017 videret
3290 3963 3416 4034 ligni
3438 3963 3675 4033 pulchri—

2082 4049 2347 4105 tudinem.
2375 4050 2489 4105 Hoc
2515 4050 2711 4119 quippe
2735 4066 2920 4105 verum
2950 4060 3055 4117 est,
3093 4054 3217 4122 quia
3244 4054 3429 4108 oculos
3455 4064 3676 4124 apertos

2081 4140 2372 4206 habebant,
2408 4149 2464 4197 et
2489 4147 2667 4196 tamen
2693 4141 2796 4195 nisi
2817 4142 2885 4196 ad
2902 4142 3104 4211 aliquid
3133 4151 3313 4197 essent
3334 4144 3527 4211 clausi,
3554 4145 3676 4199 uul-

2082 4230 2294 4286 latenus
2310 4231 2589 4299 Scriptura
2612 4231 2846 4285 diceret:
2876 4232 3051 4302 Aperti
3072 4230 3192 4287 sunt
3211 4232 3350 4286 oculi
3372 4235 3672 4291 umbem.

2080 4322 2267 4391 Aperti
2294 4320 2521 4386 scilicet,
2545 4337 2651 4376 non
2693 4320 2760 4375 ad
2802 4321 2948 4376 aliud
2974 4323 3078 4377 nisi
3107 4325 3175 4376 ad
3209 4322 3440 4379 invicem
3473 4342 3678 4398 cogno-

392 4411 501 4464 Cur
525 4410 768 4479 prazcepit
790 4407 928 4462 vobis
957 4407 1118 4474 Deus,
1150 4417 1205 4462 ut
1238 4426 1341 4463 non
1380 4410 1715 4467 comederetis
1744 4431 1808 4468 ea:
1834 4418 1977 4470 omni
2011 4432 2059 4492 ι)
2083 4413 2364 4478 scendum,
2391 4421 2451 4467 ut
2496 4421 2640 4468 esset
2679 4413 2764 4469 lex
2809 4413 2864 4467 in
2911 4414 3166 4469 membris
3215 4431 3522 4489 repugnans
3567 4419 3675 4490 legi

390 4500 534 4572 ligno
554 4501 830 4573 paradisi?
856 4501 935 4556 sic
969 4507 1024 4555 et
1048 4501 1427 4557 haereticorum
1452 4505 1665 4560 curiosa
1688 4507 1975 4576 cupiditas,

390 4593 469 4647 sic
500 4592 882 4661 prmdicatores
907 4590 1083 4660 pravi,
1129 4592 1197 4647 ad
1230 4592 1553 4664 diligendam
1595 4596 1798 4650 erroris
1827 4590 1981 4652 falla-

390 4683 529 4738 ciam
540 4682 884 4747 auditorum
906 4680 1206 4736 carnalium
1233 4682 1394 4738 corda
1428 4685 1782 4750 succendunt,
1798 4686 1981 4742 dicen-

391 4786 511 4830 tes:
545 4773 720 4839 Quare
762 4773 942 4844 fugitis
982 4776 1253 4829 scientiam
1290 4776 1479 4830 habere
1517 4776 1758 4830 latentem
1794 4775 1976 4847 (Prov.

392 4883 468 4935 nt,
496 4866 622 4941 ‘19)?
646 4884 783 4924 nova
809 4883 1025 4939 semper
1057 4869 1348 4938 exquirite,
1380 4869 1507 4925 boni
1550 4872 1784 4941 malique
1808 4873 1981 4927 scien-

391 4960 522 5014 tiam
544 4966 842 5028 penetrate.
868 4957 1021 5014 Unde
1053 4958 1143 5012 illa
1185 4959 1240 5012 in
1283 4958 1571 5014 Salomone
1592 4960 1789 5014 mulier
1809 4962 1980 5017 luere-

393 5049 623 5104 ticorum
666 5049 901 5118 speciem
925 5055 1116 5102 tenens
1141 5047 1272 5103 dicit
1304 5066 1317 5100 :
1350 5048 1513 5119 Aquce
1541 5049 1749 5118 furtiva.-
1778 5050 1982 5104 dulcio-

393 5155 473 5192 res
500 5146 641 5202 sunt,
676 5146 722 5191 et
761 5138 913 5208 panis
941 5138 1274 5193 absconditus
1315 5138 1489 5193 suavis
1512 5137 1695 5211 (Prov.
1742 5157 1817 5206 ix,
1867 5142 1976 5212 Π).

392 5226 632 5297 Suhjecit
655 5228 846 5283 deinde
877 5229 1015 5283 idem
1058 5243 1298 5298 serpens.
1344 5227 1665 5300 Quacunque
1690 5231 1776 5284 die
1817 5248 1983 5285 come-

390 5317 576 5372 deritis
597 5334 662 5372 ea:
688 5334 768 5382 eo,
793 5319 967 5372 statim
994 5319 1293 5390 aperientur
1312 5319 1451 5373 oculi
1490 5320 1662 5384 vestri,
1685 5329 1731 5374 et
1752 5322 1896 5374 eritis
1925 5331 1979 5375 ut

393 5409 487 5473 dii,
513 5412 729 5463 scientes
765 5410 952 5464 bonum
979 5420 1027 5464 et
1052 5409 1270 5464 malum.
1296 5410 1386 5465 Sic
1404 5418 1458 5465 et
1482 5426 1672 5466 omnes
1706 5412 1976 5481 generali»

393 5506 481 5556 ter
516 5499 758 5555 haeretici
796 5499 1097 5555 divinitatis
1138 5503 1389 5556 meritum
1435 5502 1774 5570 proﬁtentur,
1819 5511 1981 5574 atque

395 5588 638 5644 scientize
657 5589 1042 5656 pollicitatione
1064 5591 1337 5659 decipiunt
1362 5600 1415 5646 et
1437 5593 1838 5662 reprehendunt
1864 5609 1977 5659 cos,

469 5707 494 5736 ι
522 5696 823 5752 Comment.
853 5699 907 5753 in
935 5698 1094 5763 Geu.,
1120 5716 1238 5766 cap.
1273 5702 1325 5765 4,
1356 5702 1412 5755 ὅ.

2084 4504 2310 4569 mentis,
2338 4511 2397 4557 ut
2423 4503 2589 4557 etiam
2622 4505 2676 4557 in
2722 4504 2855 4577 ipsis
2876 4505 3134 4559 membris
3166 4512 3311 4560 esset
3342 4522 3453 4562 non
3476 4510 3673 4565 volun-

2080 4593 2254 4648 tarius
2274 4601 2473 4658 motus,
2499 4591 2640 4662 justa
2666 4593 2872 4648 scilicet
2896 4592 3128 4649 vindicta
3155 4594 3271 4659 Dei,
3300 4605 3361 4650 ut
3386 4596 3552 4652 homo
3579 4600 3675 4668 qui

2080 4683 2253 4739 noluit
2297 4683 2408 4740 Deo
2453 4698 2572 4738 esse
2621 4683 2916 4752 subjectus,
2964 4699 3070 4739 non
3120 4686 3346 4741 haberet
3394 4688 3677 4745 subditum

2080 4789 2295 4847 corpus.
2332 4774 2475 4845 Ergo
2509 4773 2564 4827 in
2607 4773 2661 4828 id
2703 4773 2875 4842 aperti
2922 4781 3050 4827 suzt
3092 4774 3232 4830 oculi
3279 4777 3566 4833 amborum
3613 4790 3677 4835 ut

2081 4872 2428 4921 moverentur
2451 4862 3013 4933 concupiscentialiter
3031 4865 3291 4920 membra.
3318 4863 3599 4937 Sequitur.

2629 4950 2642 4963 ’
2714 4970 3055 5009 tocvsrlues.

2152 5045 2219 5100 Et
2252 5062 2370 5099 cum
2407 5045 2673 5100 audissent
2704 5061 2875 5098 vocem
2914 5045 3127 5100 Domini
3154 5045 3249 5101 Dei
3285 5047 3675 5104 decuti-alantis

2081 5137 2136 5190 in
2163 5136 2412 5208 paradiso
2445 5135 2514 5190 ad
2553 5151 2742 5190 auram
2803 5144 2918 5204 post
2957 5136 3245 5201 meridiem,
3284 5138 3673 5194 absconderant

2080 5244 2134 5282 se
2171 5228 2339 5282 Adam
2373 5238 2421 5282 et
2456 5227 2565 5281 Eva
2611 5243 2749 5281 uxor
2788 5228 2905 5297 ejus
2940 5245 2971 5281 a
3008 5228 3144 5298 [acie
3171 5228 3385 5284 Domini
3415 5232 3472 5284 in
3498 5232 3671 5286 media

2081 5318 2209 5390 ligni
2239 5318 2477 5389 paradisi
2512 5315 2666 5389 (Gen.
2699 5334 2786 5382 ιιι,
2811 5317 2890 5389 8).

2152 5409 2218 5463 ι).
2247 5409 2398 5479 Rogo
2423 5422 2552 5478 ergo
2575 5408 2817 5464 edissere
2839 5408 2967 5478 quid
2992 5410 3062 5464 sit
3105 5409 3193 5463 illa
3222 5409 3320 5465 Dei
3356 5410 3668 5468 deambula-

2084 5501 2190 5554 tio?
3392 5518 3401 5527 ’

2154 5590 2231 5645 M.
2272 5590 2427 5646 Absit
2461 5590 2606 5645 enim
2634 5599 2693 5647 ut
2715 5592 2857 5647 Deus
2898 5591 2987 5662 qui
3027 5600 3111 5648 est
3149 5592 3406 5659 Trinitas,
3448 5608 3520 5651 ex
3566 5595 3672 5651 hoc

2156 5709 2181 5747 ιι
2213 5706 2377 5773 Aug,
2400 5703 2495 5758 lib.
2530 5721 2582 5758 xx
2609 5703 2674 5761 dc
2701 5702 2837 5760 Gen.
2866 5705 2933 5759 ad
2955 5704 3086 5771 litt.,
3119 5719 3238 5773 cap.
3264 5703 3356 5759 51.
