3986 6168
289 320 418 376 illi!

1206 316 1333 372 LIB.
1374 310 1850 384 ΩΙΙᾹΞΞἸῚΟΝΟΜ
1890 314 2117 371 SUPER
2153 314 2281 370 LIB.
2323 313 2623 373 GENESIS.

3430 309 3565 367 11(ῗὲ

283 432 424 505 quod
447 431 565 501 ejus
591 420 789 486 dicitur
825 428 1202 491 deambulatio,
1242 442 1539 497 corporeus
1565 434 1658 481 aut
1684 425 1872 481 localis
1901 432 1942 488 Α
1975 427 2041 481 ad
2067 440 2217 497 Spem
2239 427 2481 489 redeant,
2514 424 2639 495 quia
2688 429 2743 475 et
2802 421 2901 491 ipsi
2934 420 3081 491 impii
3124 422 3189 477 ad
3218 430 3365 494 spem
3394 425 3566 480 indui-

283 536 406 581 esse
443 520 718 577 credatur.
765 519 938 576 Omne
983 518 1151 574 locale
1192 533 1390 586 corpus
1443 525 1525 573 est
1564 517 1767 587 utique,
1816 525 1871 572 et

283 627 444 671 omne
486 626 685 680 corpus
726 608 898 665 locale
937 616 1041 663 est.
1083 607 1227 662 Deus
1259 621 1389 662 vero
1433 608 1749 676 incorporea
1786 620 1873 661 res

288 715 392 774 est,
414 721 516 761 nec
542 703 895 774 corporaliter
919 709 1184 764 movetur,
1212 713 1387 769 neque
1406 699 1524 754 loco
1545 705 1871 760 continetur,

286 810 462 866 neque
487 795 552 849 de
580 794 699 847 loco
727 792 793 847 ad
818 792 993 846 locum
1021 787 1365 844 transfertur.
1412 788 1509 843 Est
1542 800 1735 856 nempe
1758 785 1875 855 ejus

287 885 650 943 deambulatio
694 879 1037 951 intelligenda
1080 896 1177 950 per
1204 881 1439 950 aliquam
1472 887 1774 935 creaturam
1802 877 1875 932 fa-

287 986 399 1045 cta,
443 990 604 1046 quam
654 980 960 1028 creaturam
1004 972 1278 1026 hominem
1317 985 1385 1025 ex
1427 970 1595 1040 ipsius
1642 969 1877 1025 circum-

288 1067 489 1123 stantia
532 1064 826 1134 Scripturre
875 1062 1208 1116 intellectum
1257 1076 1290 1115 a
1336 1059 1629 1128 majoribus
1673 1058 1872 1113 recolo.

813 1170 945 1210 l'l'Ell
985 1169 1282 1209 GREGORIUS
1309 1165 1357 1206 ⁸.

361 1250 494 1307 Cum
520 1249 750 1305 audisset
769 1246 939 1301 Adam
965 1261 1137 1298 vocem
1174 1243 1386 1298 Domini
1408 1241 1797 1297 deambulantis
1822 1243 1879 1297 in

290 1341 539 1415 paradiso
576 1341 644 1394 ad
672 1354 861 1392 auram
886 1343 999 1406 post
1042 1334 1331 1397 meridiem,
1366 1334 1636 1388 abscondit
1664 1350 1719 1388 se
1743 1334 1881 1387 inter

292 1432 436 1501 tigna
475 1429 732 1501 paradisi.
764 1426 1160 1494 Nonnunquam
1195 1436 1293 1492 per
1324 1423 1543 1493 angelos
1590 1424 1771 1477 verbis
1808 1422 1881 1476 si-

293 1531 405 1585 mul
427 1537 481 1585 et
507 1530 670 1583 rebus
693 1526 933 1596 loquitur
953 1524 1115 1589 Deus,
1139 1536 1264 1577 cum
1301 1520 1622 1591 quibusdam
1646 1518 1881 1575 motibus

294 1621 533 1677 insinuat
573 1620 676 1675 hoc
705 1616 847 1688 quod
878 1615 1219 1672 sermonibus
1269 1617 1477 1666 narrat.
1509 1609 1717 1681 Neque
1736 1610 1880 1664 enim

292 1709 467 1765 Adam
489 1718 611 1780 post
631 1708 840 1777 culpam
874 1707 929 1760 in
962 1704 1243 1760 divinitate
1269 1702 1453 1758 videre
1491 1702 1658 1756 Deum
1682 1702 1878 1771 putuit,

295 1801 393 1857 sed
415 1798 799 1869 increpationis
819 1797 982 1852 verba
1004 1808 1099 1865 per
1123 1793 1372 1863 angelum
1408 1792 1630 1847 audivit.

367 1890 437 1945 D.
468 1888 575 1945 Sed
603 1887 950 1959 quaerendum
975 1886 1131 1941 nobis
1163 1892 1264 1949 est,
1291 1882 1423 1954 quid
1466 1883 1537 1938 sit
1575 1883 1720 1953 quod
1766 1892 1888 1954 post

296 1990 579 2052 peccatum
606 1979 841 2034 hominis
866 1978 1123 2033 Dominus
1145 1977 1199 2031 in
1228 1973 1480 2045 paradiso
1498 1972 1611 2043 jam
1635 1990 1741 2029 non
1761 1983 1882 2041 stat,

299 2073 395 2128 sed
428 2070 706 2127 ambulat?

370 2166 449 2220 Μ.
496 2165 611 2219 Hoc
655 2171 900 2235 patenter
931 2162 1089 2217 datur
1132 2159 1386 2230 intelligi,
1438 2158 1605 2228 quod,
1648 2156 1888 2211 irruente

301 2257 481 2328 culpa,
529 2271 587 2311 se
616 2271 647 2309 a
674 2256 837 2310 corde
875 2253 1109 2309 hominis
1135 2259 1340 2307 motum
1370 2251 1719 2305 demonstrat.
1751 2249 1890 2317 Quid

304 2358 389 2404 est
420 2348 565 2419 quod
603 2347 671 2403 ad
704 2362 894 2402 auram
941 2354 1065 2415 post
1108 2346 1420 2414 meridiem,
1470 2347 1572 2402 nisi
1616 2346 1761 2417 quod
1798 2344 1890 2399 lux

303 2439 597 2494 ferventior
624 2437 867 2492 veritatis
910 2437 1268 2501 abscesserat,
1306 2444 1361 2491 et
1388 2437 1745 2506 peccatricem
1775 2434 1893 2491 ani-

305 2546 449 2586 mam
475 2530 643 2600 culpa:
673 2545 784 2585 sua:
827 2526 1027 2599 frigora
1075 2529 1555 2603 constringebanta
1578 2529 1661 2585 Ad
1700 2541 1891 2584 auram

307 2635 540 2690 namque
582 2628 703 2690 post
735 2618 1017 2674 meridiem
1050 2620 1258 2690 primus
1305 2623 1467 2678 homo
1508 2628 1631 2692 post
1678 2619 1891 2688 culpam

308 2714 602 2769 absconsus
627 2711 917 2778 invenitur,
945 2713 1073 2782 quia
1098 2713 1243 2768 enim
1268 2713 1625 2768 meridianum
1656 2710 1891 2765 calorem

306 2804 587 2862 charitatis
624 2802 965 2873 perdiderat,
989 2801 1104 2872 jam
1142 2803 1241 2857 sub
1274 2803 1481 2872 peccati
1516 2802 1705 2855 umbra
1737 2798 1889 2869 quasi

310 2896 411 2951 sub
433 2894 632 2962 frigore
659 2908 803 2946 aura:
846 2893 1113 2961 torpebat,
1150 2893 1289 2947 sicut
1317 2894 1382 2948 de
1409 2893 1596 2948 eodem
1634 2899 1893 2960 peccante

310 2985 529 3041 homine
551 2983 807 3053 scriptum
829 2990 934 3049 est,
957 2983 1084 3053 quia
1114 2992 1331 3038 secutus
1356 2991 1441 3038 est.
1458 2983 1727 3038 umbram.
1752 2980 1895 3037 Cha-

310 3078 489 3133 ritalis
531 3075 677 3131 enim
720 3075 956 3129 calorem
998 3074 1333 3145 perdiderat,
1377 3084 1434 3130 et
1490 3090 1679 3130 verum
1722 3073 1892 3131 solem

312 3172 475 3226 homo
503 3169 756 3234 deseruit,
782 3175 837 3223 et
863 3169 963 3223 sub
984 3168 1172 3223 umbra
1208 3185 1266 3226 se
1291 3169 1487 3223 interni
1522 3168 1739 3240 frigoris
1768 3169 1891 3224 abs-

311 3263 513 3319 condit.
529 3262 681 3318 Unde
702 3269 757 3315 et
781 3276 909 3316 voce
930 3259 1166 3330 ejusdem
1183 3263 1440 3318 Veritatis
1458 3262 1655 3318 dicitur
1680 3280 1693 3316 :
1713 3262 1892 3318 Abun-

309 3355 454 3410 dabit
483 3354 730 3425 iniquitas
748 3394 764 3420 ,
797 3355 1090 3426 refrigescet
1112 3356 1337 3409 charitas
1366 3355 1650 3409 multorum
1672 3353 1887 3425 (Matth.

313 3460 464 3509 xxxv,
481 3445 590 3516 12).
612 3444 912 3513 lncrepavit
925 3460 1054 3516 ergo
1073 3444 1245 3501 Adam
1265 3446 1638 3511 deambulans,
1657 3452 1716 3498 ut
1733 3444 1893 3500 caecis

313 3538 583 3592 mentibus
603 3537 896 3606 nequitiam
911 3553 1064 3592 suam
1085 3554 1190 3593 non
1214 3539 1387 3593 solum
1410 3537 1769 3601 sermonibus,
1797 3537 1892 3591 sed

310 3628 474 3681 etiam
498 3628 660 3681 rebus
690 3627 953 3695 aperiret;
977 3635 1239 3696 quatenus
1267 3635 1521 3697 peccator
1544 3626 1706 3680 homo
1724 3634 1779 3678 et
1797 3640 1894 3693 per

313 3718 476 3772 verba
505 3716 650 3785 quod
676 3715 879 3769 fecerat
927 3717 1155 3780 audiret,
1193 3724 1248 3770 et
1284 3731 1381 3785 per
1406 3715 1892 3770 deambulationem

312 3808 513 3862 amisso
535 3805 851 3861 azternitatis
883 3815 1025 3861 statu
1055 3807 1405 3862 notabilitatis
1435 3822 1545 3862 sua:
1585 3806 1895 3861 inconstan-

315 3899 447 3953 tiam
477 3905 743 3963 cerneret,
787 3904 859 3964 et,
887 3912 984 3968 per
1021 3914 1209 3953 auram
1241 3898 1459 3953 fervore
1494 3898 1775 3955 charitatis
1802 3914 1895 3952 ex-

311 3987 485 4058 pulso,
516 3996 788 4057 torporem
813 4002 968 4042 suum
994 3989 1469 4054 animadverteret,
1507 3997 1562 4043 et
1586 4003 1684 4058 per
1725 3988 1890 4043 decli-

312 4078 586 4132 nationem
610 4077 738 4132 solis
760 4088 1108 4149 cognosceret
1135 4079 1278 4149 quod
1300 4079 1368 4134 ad
1398 4080 1645 4134 tenebras
1670 4081 1891 4149 propin—

312 4178 528 4241 quaret.

945 4260 1049 4328 Qui
1081 4279 1262 4332 supra.

387 4349 457 4404 D.
493 4348 701 4406 Vocavit
729 4362 903 4407 autem
933 4353 1187 4407 Dominus
1204 4352 1395 4419 Adam,
1419 4362 1466 4408 et
1488 4353 1621 4408 dixit
1640 4369 1657 4407 :
1677 4351 1777 4407 Ubi
1802 4352 1895 4407 es?

1973 518 2167 587 gentia:
2181 524 2569 586 provocamur.

2047 606 2152 674 Qui
2172 608 2289 661 ait:
2330 606 2525 660 Audivi
2548 621 2717 659 vocem
2748 612 2894 657 tuam
2935 604 2989 657 in
3026 604 3296 675 paradiso,
3332 614 3380 659 et
3417 605 3569 662 timui

1974 717 2033 755 eo
2081 700 2221 771 quod
2264 698 2436 752 nudus
2482 713 2668 761 essem,
2701 706 2747 749 et
2796 696 3047 750 abscondi
3097 713 3197 750 me.
3245 695 3349 763 Qui
3396 697 3571 752 dixit:

1978 792 2108 858 Quis
2136 808 2273 846 enim
2294 791 2541 845 indicavit
2576 789 2667 843 tibi
2696 789 2836 861 quod
2872 789 3045 844 nudus
3088 806 3247 855 esses,
3282 791 3384 845 nisi
3431 792 3572 862 quod

1976 901 2041 937 ex
2077 884 2219 955 ligno
2245 884 2309 937 de
2331 900 2434 955 quo
2463 883 2557 936 tibi
2579 898 2929 953 praceperam
2961 899 3024 936 ne
3058 883 3371 948 comederes,
3402 900 3573 938 come-

1978 977 2139 1032 disti?
2162 977 2413 1048 Dixitque
2442 976 2653 1030 Adam:
2684 976 2878 1030 Mulier
2898 993 3053 1048 quam
3091 978 3280 1033 dedisti
3327 981 3458 1034 mihi
3490 997 3576 1035 so-

1979 1067 2142 1132 ciam,
2163 1065 2304 1121 dedit
2326 1067 2457 1120 mihi
2479 1066 2547 1120 de
2568 1065 2709 1137 ligno
2737 1075 2787 1120 et
2812 1068 3032 1122 comedi.

2588 1175 2884 1216 GREGORIUS
2914 1161 2964 1213 ι).

2053 1249 2343 1306 Sciendum
2365 1264 2709 1320 summopere
2733 1258 2817 1306 est
2838 1253 2983 1321 quod
3007 1261 3238 1323 quatuor
3259 1256 3435 1310 modis
3454 1268 3576 1325 pee-

1981 1347 2160 1393 catum
2203 1346 2550 1409 perpetratur
2586 1340 2640 1393 in
2671 1342 2853 1406 corde,
2902 1352 3134 1411 quatuor
3170 1353 3577 1400 consummatur

1982 1429 2036 1483 in
2057 1444 2239 1498 opere.
2268 1429 2325 1483 lu
2355 1430 2519 1486 corde
2546 1446 2782 1501 namque
2802 1434 3166 1502 suggestione,
3192 1434 3573 1503 delectatione,

1983 1535 2249 1575 consensu
2270 1528 2325 1575 et
2347 1519 2674 1577 defensionis
2696 1522 2919 1577 audacia
2945 1531 3307 1593 perpetratur.
3328 1526 3415 1580 Fit
3430 1528 3574 1582 enim

1984 1612 2256 1683 suggestio
2302 1628 2399 1683 per
2437 1613 2827 1679 adversarium,
2867 1613 3150 1670 delectatio
3194 1631 3294 1686 per
3334 1632 3575 1683 carnem,

1984 1716 2280 1758 consensus
2305 1718 2404 1772 per
2428 1703 2699 1772 spiritum,
2730 1702 3060 1759 defensionis
3089 1705 3313 1760 audacia
3340 1722 3438 1776 per
3464 1707 3577 1762 ela-

1916 1778 1962 1839 Β
1990 1794 2211 1849 tionem.
2246 1793 2413 1865 Culpa
2447 1795 2592 1849 enim
2623 1810 2743 1865 qua:
2774 1804 2981 1852 terrere
2996 1806 3234 1852 mentem
3264 1798 3467 1864 debuit,
3493 1815 3583 1854 ex-

1990 1884 2147 1951 tollit,
2197 1892 2253 1940 et
2289 1885 2587 1953 dejiciendo
2631 1887 2827 1953 elevat,
2890 1890 2984 1944 sed
3048 1890 3264 1960 gravius
3319 1891 3580 1947 elevando

1989 1977 2317 2047 supplantat.
2346 1977 2497 2033 Unde
2518 1986 2573 2033 et
2594 1977 2739 2032 illam
2760 1979 2921 2047 primi
2946 1981 3180 2036 hominis
3202 1981 3581 2037 rectitudinem

1989 2070 2245 2138 antiquus
2274 2069 2446 2124 hostis
2472 2070 2556 2123 his
2589 2075 2823 2138 quatuor
2866 2070 3063 2125 ictibus
3097 2069 3277 2140 fregit.
3319 2070 3476 2137 Nam,
3521 2079 3582 2124 ut

1989 2174 2149 2229 supra
2192 2159 2449 2225 diximus,
2491 2174 2716 2228 serpens
2758 2160 2948 2226 suasit,
2998 2161 3110 2215 Eva
3166 2161 3431 2216 delectata
3475 2169 3579 2223 est,

1987 2250 2160 2307 Adam
2203 2250 2497 2316 consensit,
2530 2251 2623 2321 qui
2668 2252 2830 2307 etiam
2865 2251 3159 2322 requisitas
3189 2252 3433 2308 confiteri
3468 2252 3581 2307 cul-

1989 2359 2113 2413 pam
2138 2357 2235 2412 per
2259 2342 2539 2397 audaciam
2575 2342 2767 2398 noluit.
2808 2342 2923 2398 Hoc
2963 2358 3092 2398 vero
3122 2343 3176 2397 in
3220 2345 3456 2397 humano
3487 2357 3583 2412 ge-

1991 2448 2122 2487 nere
2154 2432 2393 2502 quotidie
2426 2433 2625 2503 agitur,
2655 2433 2801 2504 quod
2843 2440 3023 2488 actum
3055 2432 3110 2487 in
3139 2434 3316 2502 primo
3353 2439 3581 2502 parente

1990 2524 2162 2580 nostri
2193 2524 2407 2594 generis
2440 2539 2547 2580 non
2586 2525 2887 2594 ignoratur.
2935 2523 3173 2593 Serpens
3213 2524 3403 2589 suasit,
3450 2523 3601 2594 quia

1990 2614 2234 2671 occultus
2285 2615 2458 2670 hostis
2513 2616 2654 2671 mala
2705 2616 2960 2672 cordibus
3016 2616 3295 2672 hominum
3352 2617 3584 2671 latenter

1992 2707 2248 2778 suggerit.
2282 2708 2393 2762 Eva
2424 2708 2686 2764 delectata
2719 2716 2825 2774 est,
2861 2711 2984 2780 quia
3013 2709 3248 2765 carnalis
3290 2724 3482 2764 sensus
3514 2709 3586 2763 ad

1991 2800 2153 2853 verba
2191 2800 2456 2868 serpentis
2487 2816 2609 2856 mox
2639 2815 2698 2856 se
2738 2801 3093 2857 delectatione
3134 2802 3448 2857 substernit.
3487 2799 3586 2857 As-

1993 2905 2209 2946 sensum
2238 2906 2366 2947 vero
2397 2889 2569 2947 Adam
2594 2892 2809 2957 mulieri
2836 2895 3155 2965 praepositus
3179 2895 3429 2965 prmbuit,
3456 2894 3584 2965 quia

1994 2983 2120 3038 dum
2142 2999 2271 3039 caro
2294 2985 2353 3039 in
2376 2984 2787 3040 delectationem
2818 2987 3044 3057 rapitur,
3089 2988 3251 3042 etiam
3297 3003 3326 3040 a
3368 3003 3467 3043 sua
3494 3003 3585 3042 re-

1995 3073 2256 3130 ctitudine
2283 3076 2504 3147 spiritus
2529 3066 2834 3133 infirmatus
2856 3079 3165 3134 inclinatur.
3198 3080 3265 3133 Et
3291 3080 3586 3150 requisitus

1992 3162 2163 3219 Adam
2191 3165 2437 3220 confiteri
2475 3165 2687 3235 culpam
2713 3167 2904 3232 noluit,
2933 3168 3060 3236 quia
3087 3168 3337 3222 videlicet
3360 3170 3584 3238 spiritus

1993 3270 2101 3326 quo
2144 3256 2415 3324 peccando
2440 3271 2471 3308 a
2496 3257 2735 3311 Veritate
2766 3255 3111 3328 disjungitur,
3158 3274 3223 3312 eo
3267 3259 3437 3313 ruina:
3472 3274 3584 3314 sua:

1995 3345 2217 3400 audacia
2263 3345 2493 3414 nequius
2538 3346 2854 3400 obduratur.
2924 3346 3029 3401 Per
3084 3349 3330 3402 timorem
3387 3349 3585 3422 quippe

1993 3436 2163 3489 Adam
2204 3435 2551 3503 semetipsum
2595 3436 2957 3491 abseonsurus
2995 3436 3228 3508 fugerat,
3267 3439 3362 3493 sed
3402 3449 3581 3495 tamen
3635 3451 3645 3465 '

1994 3522 2287 3590 requisitas
2314 3522 2546 3577 innotuit
2590 3532 2853 3593 quantum
2893 3526 3059 3580 etiam
3096 3527 3293 3583 timens
3320 3531 3580 3585 tumebat.

1994 3611 2128 3665 Cum
2179 3613 2323 3665 enim
2352 3627 2420 3666 ex
2447 3623 2672 3681 peccato
2706 3629 2946 3683 przesens
2992 3633 3154 3688 paena
3198 3620 3480 3687 metuitur,
3529 3630 3585 3676 et

1994 3703 2189 3756 amissa
2220 3703 2313 3757 Dei
2341 3705 2503 3759 facies
2529 3721 2636 3760 non
2675 3715 2909 3775 amatur,
2953 3710 3116 3765 timor
3141 3711 3243 3766 iste
3271 3725 3338 3765 ex
3374 3720 3585 3767 tumore

1992 3805 2094 3862 est,
2133 3813 2240 3851 non
2270 3813 2335 3852 ex
2372 3800 2694 3855 humilitate.
2725 3802 2944 3857 Hisdem
2964 3804 3128 3858 etiam
3152 3812 3382 3875 quatuor
3408 3807 3584 3861 modis

1991 3903 2274 3964 peccatum
2326 3907 2733 3952 consummatur
2780 3898 2837 3952 in
2883 3913 3064 3968 opere.
3109 3897 3293 3953 Primo
3350 3915 3585 3970 namque

1992 3989 2165 4043 latens
2185 3990 2340 4060 culpa
2363 3990 2560 4059 agitur,
2583 3993 2927 4061 postmodum
2949 4007 3078 4049 vero
3099 3993 3264 4048 etiam
3303 4000 3429 4048 ante
3448 4008 3584 4049 ocu-

1993 4080 2076 4135 los
2100 4082 2380 4137 hominum
2402 4083 2519 4137 sine
2545 4081 2862 4139 confusione
2887 4091 3068 4139 reatus
3092 4084 3355 4154 aperitur,
3385 4084 3581 4140 dehinc

1994 4172 2125 4227 etin
2148 4175 2595 4229 consuetudinem
2626 4175 2863 4240 ducitur,
2910 4176 2979 4230 ad
3015 4184 3320 4230 extremum
3366 4189 3584 4246 quoque

1993 4266 2078 4320 vel
2115 4265 2263 4322 falsae
2284 4268 2399 4338 spei
2429 4269 2854 4335 seductiunibus,
2876 4268 2960 4323 vel
2982 4268 3345 4323 obstinatione
3370 4268 3582 4321 misera:

1995 4356 2388 4425 desperationis
2422 4360 2712 4413 enutritur.
2744 4358 3038 4427 Sequitur:

315 4432 472 4522 (Gen.
500 4466 585 4516 ιιι,
610 4449 686 4521 l.)
707 4449 860 4518 Quod
879 4458 964 4506 est
979 4449 1122 4521 quod
1142 4450 1398 4505 Dominus
1430 4458 1553 4520 post
1573 4450 1780 4519 lapsum
1808 4465 1894 4504 re-
1918 4479 1972 4539 D
2066 4447 2137 4502 Et
2173 4449 2307 4503 dixit
2330 4449 2586 4504 Dominus
2617 4451 2686 4503 ad
2710 4449 3015 4504 mulierem:
3041 4448 3217 4514 Quare
3243 4449 3340 4503 hoc
3371 4448 3583 4518 fecisti?

318 4541 486 4611 quirit
508 4541 697 4607 Adam,
724 4541 823 4597 Ubi
846 4543 938 4596 es?
959 4541 1209 4612 Nunquid
1234 4541 1412 4599 divina
1434 4541 1674 4611 potentia
1697 4540 1897 4595 nescie-
1919 4536 1953 4539 ᾧ
1996 4556 2113 4610 qua:
2151 4539 2411 4611 respondit
2435 4556 2453 4593 :
2479 4537 2704 4609 Serpens
2736 4539 2933 4610 decepit
2966 4555 3047 4593 me
3067 4536 3222 4612 (Gen.
3254 4554 3336 4604 ιιι,
3363 4537 3471 4611 15).

316 4630 410 4685 bat
430 4633 497 4686 ad
522 4647 642 4701 quae
670 4641 791 4702 post
817 4632 1031 4703 culpam
1073 4648 1260 4688 servus
1294 4632 1521 4687 latibula
1555 4631 1785 4703 fugerat,
1811 4632 1897 4685 cui

318 4721 453 4776 nihil
477 4721 640 4775 latet?

391 4811 468 4864 Μ.
495 4812 607 4867 [loc
630 4813 817 4881 procul
843 4813 1005 4869 dubio
1031 4813 1377 4878 credendum,
1399 4812 1526 4882 quia
1555 4812 1735 4865 omnia
1756 4811 1897 4866 nuda

317 4911 372 4957 et
422 4912 605 4973 aperta
663 4912 787 4958 sunt
832 4904 1003 4959 oculis
1050 4903 1185 4974 ejus.
1243 4903 1349 4958 Sed
1393 4902 1521 4972 quia
1566 4903 1699 4956 vidit
1743 4902 1898 4971 culpa

318 4994 548 5064 lapsum,
574 4996 736 5049 etiam
761 4997 859 5051 sub
891 5005 1113 5067 peccato
1148 4996 1296 5051 velut
1335 4995 1403 5049 ab
1446 4993 1619 5048 oculis
1647 4992 1901 5048 Veritatis

319 5087 715 5153 absconditum,
737 5087 864 5158 quia
890 5089 1140 5144 tenebras
1173 5086 1376 5141 erroris
1420 5082 1536 5154 ejus
1575 5099 1682 5139 non
1710 5098 1901 5153 appro-

319 5180 431 5242 bat,
460 5179 616 5248 quasi
641 5180 733 5235 ubi
761 5180 833 5235 sit
859 5187 1112 5251 peccator
1151 5180 1382 5250 ignorat,
1418 5193 1649 5248 eumque
1673 5186 1726 5232 et
1747 5188 1902 5233 vocat

315 5279 373 5325 et
396 5271 625 5342 requirit
648 5271 833 5327 dicens
864 5291 876 5326 :
918 5273 1107 5340 Adam,
1142 5273 1228 5327 ubi
1258 5272 1350 5326 es?
1377 5271 1482 5326 Per
1512 5271 1614 5327 hoc
1645 5270 1788 5341 quod
1814 5286 1902 5325 vo—

319 5369 429 5427 cat,
477 5362 691 5434 signum
728 5363 821 5418 dat
857 5365 983 5434 quia
1012 5364 1079 5419 ad
1110 5363 1485 5433 pcnnitentiam
1530 5371 1768 5429 revocat,
1805 5378 1904 5432 per

318 5454 422 5509 hoc
463 5455 607 5525 quod
637 5455 867 5524 requirit
910 5464 1091 5525 aperte
1136 5456 1374 5512 insinuat
1419 5456 1546 5526 quia
1592 5465 1903 5525 peceatores

312 5540 435 5609 jure
457 5543 790 5598 damnandos
828 5543 1054 5614 ignorat.
1084 5545 1197 5600 Hoc
1228 5562 1459 5617 namque
1480 5547 1600 5602 loco
1634 5545 1899 5614 desperati

395 5654 562 5727 αλιι).
591 5673 726 5712 χχιιι
750 5657 962 5721 Moral.,
992 5673 1109 5727 cap.
1139 5660 1194 5723 '5,
1220 5660 1310 5714 10.

396 5726 422 5763 θ’
448 5726 564 5779 Lib.
591 5744 645 5781 tv
668 5727 879 5794 Moral.,
902 5744 1019 5798 cap.
1059 5726 1149 5783 ‘27.

608 5839 880 5899 ΡΑτιιοι.
928 5838 1143 5900 XCVI.

2605 4644 2903 4684 GREGORIUS
2923 4640 2970 4683 θ.

2068 4724 2259 4784 Adhuc
2287 4723 2484 4793 quippe
2510 4722 2758 4792 requisiti
2784 4721 3018 4791 fuerant,
3049 4731 3110 4778 ut
3133 4731 3414 4794 peccatum
3441 4726 3585 4795 quod

2001 4817 2444 4886 transgrediendo
2490 4816 2905 4881 commiserant,
2965 4816 3272 4872 confitendo
3319 4817 3585 4873 delerent.

2003 4908 2155 4964 Unde
2193 4916 2248 4964 et
2286 4922 2508 4977 serpens
2543 4907 2633 4962 ille
2658 4922 2970 4977 persuasor,
2997 4908 3089 4978 qui
3140 4922 3245 4963 non
3274 4914 3393 4962 erat
3424 4922 3588 4963 revo-

2001 5002 2205 5056 candus
2242 5002 2311 5056 ad
2340 5002 2572 5066 veniam,
2620 5016 2729 5056 non
2765 5002 2830 5055 de
2866 5001 3023 5071 culpa
3052 5007 3139 5055 est
3164 4999 3476 5069 requisitus.
3503 4998 3589 5053 ln-

2002 5099 2307 5162 terrogatus
2346 5090 2526 5160 itaque
2562 5092 2724 5146 homo
2748 5099 2833 5146 est
2859 5092 2951 5147 ubi
2975 5099 3139 5156 esset,
3166 5099 3227 5145 ut
3248 5098 3371 5161 post
3393 5105 3586 5160 perpe-

2004 5191 2198 5238 tratam
2222 5183 2432 5254 culpam
2457 5184 2819 5253 resipisceret,
2851 5191 2906 5239 et
2937 5183 3244 5239 confitendo
3268 5190 3586 5254 agnosceret

2003 5291 2163 5345 quam
2205 5275 2362 5345 longe
2394 5290 2427 5329 a
2472 5276 2770 5332 conditoris
2814 5276 2898 5331 sui
2957 5275 3096 5332 facie
3142 5276 3434 5342 abscessit;
3489 5277 3585 5330 sed

2004 5368 2260 5424 adhibere
2299 5368 2515 5423 sibimet
2558 5369 2775 5438 utrique
2800 5367 3133 5426 defensionis
3179 5368 3392 5435 solatia,
3422 5381 3588 5437 quam

2005 5460 2361 5515 confessionis
2392 5460 2701 5531 elegerunt.
2729 5460 2973 5531 Cumque
3002 5474 3267 5516 excusare
3303 5466 3587 5530 peccatum

2008 5554 2175 5608 voluit
2192 5553 2276 5607 vir
2293 5568 2392 5622 per
2408 5554 2709 5620 mulierem,
2736 5553 2933 5610 mulier
2959 5568 3059 5625 per
3080 5562 3407 5624 serpentem,
3429 5566 3588 5608 ause-

2081 5679 2101 5706 ο
2134 5667 2249 5722 Lib.
2284 5683 2396 5722 χχιι
2423 5668 2633 5733 Moral.,
2658 5685 2777 5739 cap.
2812 5668 2898 5723 l5.

3199 5848 3273 5904 37
