3986 6168
425 328 557 386 1165

1882 332 2173 391 WICBODI

3546 338 3675 400 1161

416 455 544 501 ruat
571 447 777 518 culpam
802 463 962 518 quam
991 448 1126 504 tueri
1152 449 1329 505 conati
1372 456 1495 505 sunt
1524 467 1535 502 :
1575 449 1790 519 oblique
1824 448 1994 503 Adam
2028 454 2071 508 Α
2097 447 2226 501 1)οηί
2246 448 2440 518 operis,
2471 464 2577 518 quo
2602 462 2869 520 perversae
2892 450 3225 521 suggestioni
3256 454 3544 508 resistitur.
3563 457 3677 526 Ipsa

417 538 703 595 Dominum
740 548 994 611 tangens,
1041 544 1183 611 quod
1220 543 1331 611 ipse
1360 542 1568 611 peccati
1595 557 1780 597 eorum
1807 549 1998 596 auctor

416 630 683 686 exstiterit
709 630 799 700 qui
824 631 1100 687 mulierem
1129 632 1285 699 fecit;
1320 633 1455 688 XEva
1483 634 1696 702 culpam
1722 633 1788 687 ad
1812 632 1996 686 Domi-

416 735 543 774 num
587 718 847 783 referens,
879 722 969 790 qui
997 732 1300 791 serpentem
1337 724 1391 778 in
1420 725 1673 794 paradiso
1700 723 1994 794 posuisset.

416 808 520 876 Qui
547 812 690 865 enim
715 826 811 867 ore
830 812 1025 867 diaboli
1049 812 1281 869 fallentis
1306 815 1604 878 audierant,
1632 813 1795 868 Eritis
1825 822 1878 866 ut
1900 813 1994 877 dii,

417 901 544 970 quia
575 901 685 957 Deo
709 916 827 958 esse
846 901 1049 958 similes
1074 903 1127 957 in
1154 903 1430 958 divinitate
1460 920 1567 958 non
1597 904 1899 972 quiverant,
1930 903 1999 957 ad

418 993 618 1047 erroris
639 993 721 1047 sui
740 992 1008 1047 cumulum
1023 994 1190 1048 Deum
1212 995 1312 1049 sibi
1328 994 1556 1049 similem
1576 993 1752 1049 facere
1775 994 1826 1048 in
1843 993 1996 1062 culpa

417 1082 595 1137 conati
646 1091 789 1137 sunt.
830 1081 921 1138 Sic
957 1098 1085 1153 ergo
1120 1092 1329 1139 reatum
1357 1100 1514 1139 suum
1552 1086 1678 1140 dum
1706 1083 1997 1140 defendere

416 1173 730 1239 moliuntur,
759 1175 1097 1239 addiderunt,
1138 1184 1198 1230 ut
1222 1176 1378 1245 culpa
1410 1192 1596 1231 eorum
1619 1177 1855 1232 atrocior
1886 1177 1997 1231 dis—

418 1279 576 1320 cnssa
619 1266 789 1332 ﬁeret,
826 1281 988 1336 quam
1037 1267 1213 1322 fuerat
1258 1276 1583 1337 perpetrata.
1649 1267 1803 1323 Unde
1854 1283 1998 1323 nunc

417 1376 628 1431 quoque
671 1362 891 1416 humani
921 1362 1134 1431 generis
1175 1362 1308 1415 rami
1335 1376 1399 1415 ex
1435 1362 1539 1417 hac
1583 1362 1761 1416 adhuc
1817 1362 1997 1417 radice

417 1452 829 1507 amaritudinem
874 1452 1114 1505 trahunt.
1147 1452 1213 1506 Et
1245 1468 1366 1506 cum
1398 1453 1463 1507 de
1486 1451 1616 1506 vitio
1643 1466 1741 1506 suo
1768 1452 1996 1522 quisque

417 1543 680 1613 arguitur,
709 1543 808 1597 sub
829 1541 1199 1598 defensionum
1220 1543 1418 1608 verbis,
1454 1542 1608 1612 quasi
1635 1543 1734 1597 sub
1764 1541 1998 1611 quadam

417 1636 609 1690 arbore
640 1632 783 1689 foliis
822 1635 1121 1700 abscondit,
1156 1641 1211 1688 et
1248 1634 1396 1688 velut
1427 1634 1670 1702 quaedam
1697 1632 2000 1689 excusatio—

417 1724 503 1779 nis
526 1739 637 1779 sum
664 1739 831 1793 opaca
866 1733 1093 1789 secreta,
1140 1723 1329 1778 faciem
1357 1723 1648 1778 conditoris
1678 1721 1826 1793 fugit,
1869 1722 1995 1776 dum

2101 551 2270 612 caput
2313 543 2457 598 illius
2504 550 2767 609 conteret,
2818 546 2863 599 si
2900 560 3023 600 eum
3064 561 3218 600 mens
3267 546 3320 600 in
3372 547 3489 616 ipso
3528 549 3678 606 initio

2101 632 2255 687 malae
2293 634 2652 702 suggestionis
2697 634 2952 687 excludit.
3000 633 3090 689 llle
3118 635 3404 690 insidiatur
3428 638 3679 696 calcaneo

2098 721 2233 791 ejus,
2285 725 2410 792 quia
2469 732 2707 778 mentem
2757 739 2920 794 quam
2967 724 3141 794 prima
3187 728 3530 795 suggestione
3572 744 3682 784 non

2098 812 2327 882 decepit,
2360 814 2607 883 decipere
2631 815 2687 868 in
2716 815 2876 870 ﬁnem
2902 814 3092 869 tendit.
3122 814 3351 882 Quidam
3379 826 3558 874 autem
3578 820 3684 878 hoc

2098 906 2241 973 quod
2266 904 2466 959 dictum
2489 913 2574 960 est
2607 920 2621 959 :
2659 905 2979 962 Inimicitias
3013 925 3206 978 ponam
3240 911 3376 964 inter
3393 919 3443 964 te
3479 919 3529 966 et
3569 926 3685 967 mu-

2097 993 2297 1061 lierem,
2330 995 2396 1051 de
2433 996 2673 1068 Virgine,
2730 998 2797 1052 de
2844 1012 2949 1067 qua
2979 998 3239 1055 Dominus
3265 1008 3426 1056 natus
3459 1009 3567 1068 est,
3605 1004 3686 1058 in-

2100 1085 2442 1151 tellexerunt,
2509 1102 2575 1142 eo
2629 1088 2775 1157 quod
2820 1087 2912 1143 illo
2946 1096 3189 1159 tempore
3229 1104 3295 1144 ex
3320 1106 3385 1146 ea
3423 1092 3685 1149 Dominus

2098 1175 2408 1231 nasciturus
2435 1177 2503 1231 ad
2523 1177 2802 1231 inimicum
2828 1178 3241 1244 devincendum,
3262 1189 3317 1235 et
3337 1182 3404 1236 ad
3428 1191 3683 1248 mortem,

2100 1265 2253 1336 cujus
2279 1267 2367 1321 ille
2391 1277 2580 1323 auctor
2620 1276 2759 1333 erat,
2799 1268 3201 1337 destruendam,
3230 1272 3683 1342 promittebatur;

2099 1373 2224 1413 nam
2263 1360 2393 1415 illud
2416 1360 2559 1430 quod
2588 1360 2933 1430 subiunctum
2966 1370 3048 1418 est
3076 1380 3089 1416 :
3120 1362 3242 1434 Ipse
3273 1374 3499 1421 conteret
3525 1378 3687 1437 caput

2098 1458 2264 1513 tuum,
2297 1460 2344 1504 et
2368 1460 2425 1503 tu
2471 1450 2809 1506 insidiaberis
2844 1451 3089 1507 calcaneo
3118 1454 3250 1524 ejus,
3282 1455 3387 1510 hoc
3411 1456 3477 1510 de
3503 1455 3687 1512 fructu

2100 1539 2307 1594 ventris
2324 1540 2523 1607 Marini,
2544 1541 2633 1610 qui
2650 1548 2735 1595 est
2759 1541 3027 1607 Christus,
3053 1543 3376 1613 intelligunt.
3395 1544 3456 1599 1d
3477 1554 3586 1611 est,
3605 1547 3688 1601 Tu

2101 1645 2225 1684 eum
2250 1631 2625 1701 supplantabis
2657 1639 2718 1686 ut
2745 1633 3027 1696 moriatur,
3060 1633 3151 1688 ille
3175 1642 3357 1689 autem
3384 1635 3561 1692 victor
3601 1653 3691 1692 re-

2103 1729 2305 1789 surget,
2331 1729 2384 1775 et
2406 1729 2566 1791 caput
2588 1729 2737 1777 tuum
2767 1731 3030 1789 conteret,
3055 1725 3198 1794 quod
3218 1733 3301 1779 est
3330 1742 3494 1783 mors.
3534 1728 3690 1785 Sicut

418 1829 524 1868 non
552 1814 666 1867 vult
687 1814 937 1883 cognosci
965 1815 1106 1883 quod
1133 1812 1279 1868 fecit.
1322 1814 1379 1867 lu
1407 1829 1511 1882 qua
1542 1813 1788 1868 videlicet
1814 1814 1998 1868 occul-
2031 1796 2076 1856 Β
2104 1818 2159 1864 et
2185 1810 2352 1864 David
2378 1811 2591 1866 dixerat
2617 1826 2684 1866 ex
2713 1827 2945 1883 persona
2980 1812 3158 1868 Patris
3191 1813 3257 1868 ad
3288 1814 3485 1870 Filium
3518 1832 3534 1870 :
3577 1817 3688 1873 Su-

422 1906 624 1960 tatione
662 1922 769 1961 non
792 1921 850 1961 se
870 1906 1116 1969 Domino,
1139 1904 1232 1960 sed
1258 1904 1543 1960 Dominum
1576 1905 1857 1960 abscondit
1877 1906 2000 1960 sibi.

420 2000 544 2072 Agit
575 2001 774 2071 quippe
819 2014 885 2056 ne
921 2001 1103 2055 omnia
1128 2001 1400 2055 videntem
1445 2000 1642 2065 videat,
1671 2013 1777 2053 non
1824 2005 2004 2052 autem

421 2107 488 2146 ne
513 2092 626 2162 ipse
649 2093 914 2158 videatur,
946 2093 1071 2162 quia
1102 2092 1393 2162 unicuique
1417 2090 1689 2162 peccatori
1720 2089 2003 2145 exordium

422 2181 827 2238 illuminationis
864 2192 948 2238 est
970 2182 1246 2238 humilitas
1276 2181 1655 2240 confessionis.

492 2272 637 2327 Dixit
662 2272 917 2328 Dominus
939 2274 1007 2328 ad
1029 2283 1315 2346 serpentem
1346 2291 1363 2329 :
1388 2272 1527 2340 Quia
1551 2273 1721 2343 fecisti
1737 2273 1855 2339 hoc,
1889 2289 2004 2326 ma-

420 2362 640 2417 ledictus
676 2381 729 2418 es
769 2364 902 2418 inter
946 2366 1120 2419 omnia
1163 2365 1451 2418 animantia
1493 2373 1540 2417 et
1595 2363 1785 2417 bestias
1831 2371 2001 2416 terrae.

423 2452 595 2524 Super
612 2462 790 2525 pectus
819 2463 966 2509 tuum
991 2455 1245 2526 gradieris
1260 2464 1306 2508 et
1329 2463 1525 2509 terram
1548 2454 1785 2508 comedes
1804 2453 2005 2507 cunctis

420 2544 600 2599 diebus
636 2546 749 2600 vita:
786 2557 910 2601 tum.
942 2545 1256 2601 Inimicitias
1296 2563 1488 2617 ponam
1518 2548 1655 2601 inter
1677 2556 1725 2601 te
1745 2556 1794 2601 et
1819 2545 2007 2600 mulie-

422 2651 529 2689 rem
563 2646 609 2690 et
638 2653 810 2691 semen
836 2646 983 2691 tuum
1005 2646 1053 2690 et
1083 2653 1256 2691 semen
1282 2636 1444 2691 illius.
1494 2636 1620 2706 Ipsa
1646 2645 1872 2691 conteret
1917 2652 2007 2689 ca-

421 2736 511 2796 put
531 2734 696 2793 tuum,
721 2737 767 2781 et
791 2736 845 2781 tu
863 2726 1194 2781 insidiaberis
1219 2725 1463 2781 calcaneo
1483 2726 1598 2796 ejus
1620 2723 1874 2799 (Genmt,
1891 2723 2001 2796 14).

789 2830 1125 2871 HIERONYMUS
1150 2831 1204 2869 IN
1232 2830 1389 2869 HEBB.
1420 2829 1629 2877 ρυιεετ.

484 2909 552 2977 ,ln
580 2908 809 2965 Hebraeo
826 2909 901 2962 ita
925 2907 1086 2963 habet
1114 2924 1127 2959 :
1159 2905 1330 2976 Super
1351 2914 1527 2976 pectus
1557 2915 1706 2959 tuum
1724 2904 2002 2976 gradieris,

424 3000 477 3055 id
512 3007 598 3056 est
635 3007 695 3053 ut
732 3011 758 3039 δ
801 2997 1121 3053 calliditates
1182 3004 1237 3051 et
1286 2996 1552 3051 versutias
1620 2995 2005 3065 cogitationum

428 3092 545 3163 ejus
585 3091 847 3161 aperiret,
889 3088 1030 3159 quod
1061 3089 1089 3128 ι)
1116 3089 1292 3144 omnis
1337 3103 1554 3158 gressus
1597 3086 1767 3156 ipsius
1809 3085 2002 3156 nequi-

2104 1916 2196 1971 per
2216 1900 2447 1971 aspidem
2485 1911 2534 1956 et
2576 1902 2877 1957 basiliscum
2911 1902 3223 1969 ambulabis,
3275 1914 3324 1958 et
3357 1905 3690 1963 conculcabis

2105 1988 2305 2044 leonem
2328 2000 2375 2045 et
2398 1991 2679 2046 draconem
2700 1991 2873 2063 (Psal.
2898 1992 3068 2064 xcrx).
3100 1992 3356 2064 Aspidem
3381 1994 3519 2050 dixit
3545 2013 3692 2052 mor—

2107 2091 2236 2149 tem,
2289 2083 2603 2140 basiliscum
2659 2094 2971 2154 peccatum,
3021 2085 3231 2141 leonem
3269 2089 3688 2155 antichristum,

2107 2172 2396 2228 draconem
2425 2173 2721 2229 diabolum.

2440 2278 2777 2319 BIERONYMUS
2813 2279 2868 2318 IN
2899 2279 3075 2319 EODEI
3106 2281 3268 2320 ιιιιιιο
3295 2278 3340 2319 e.

2178 2352 2536 2425 Multiplicans
2565 2353 2923 2425 multiplicabo
2965 2357 3207 2411 tristitias
3247 2367 3365 2412 tuas
3392 2367 3440 2413 et
3465 2361 3689 2428 gemitus

2105 2455 2221 2499 tuos
2244 2443 2452 2517 (Cenes.
2480 2460 2560 2509 ιιι,
2589 2443 2699 2516 16).
2718 2443 2825 2499 Pro
2843 2445 3062 2500 tristitia
3083 2454 3139 2501 et
3160 2448 3361 2517 gemitu
3384 2448 3439 2502 in
3462 2447 3690 2504 Hebraeo

2104 2535 2309 2590 dolores
2337 2545 2384 2589 et
2415 2544 2692 2605 conceptus
2727 2536 2978 2603 habetur,
3005 2546 3053 2591 et
3096 2537 3165 2591 ad
3212 2539 3380 2593 virum
3424 2541 3691 2593 conversio

2105 2641 2217 2685 tua.
2265 2628 2370 2685 Pro
2394 2629 2747 2685 conversione
2767 2629 2961 2699 Aquila
2983 2631 3302 2697 societatem,
3328 2631 3692 2702 Symmachus

2105 2723 2389 2794 appetitum
2417 2720 2501 2775 vel
2538 2721 2784 2791 impetum
2825 2720 3237 2776 transtulerunt.

2648 2826 2789 2864 ALlBl
2825 2825 3066 2865 istooavs
3093 2809 3111 2848 τ
3122 2848 3136 2862 .

2175 2900 2252 2955 De
2281 2915 2442 2970 pmna
2469 2908 2651 2955 autem
2700 2899 2942 2955 mulieris
2966 2899 3094 2968 quid
3140 2899 3409 2970 signiticet
3453 2901 3597 2971 quod
3643 2902 3692 2959 ei

2106 2992 2322 3055 dicitur,
2364 2992 2421 3044 in
2477 2989 2656 3044 dolore
2680 2991 2854 3061 paries
2896 2989 3057 3060 ﬁlios,
3087 2991 3195 3045 nisi
3234 2991 3360 3060 quia
3389 2993 3416 3031 ³
3442 2993 3693 3062 voluptas

2107 3083 2339 3140 carnalis
2390 3098 2511 3138 cum
2559 3081 2796 3152 aliquam
2844 3081 3044 3135 malam
3087 3083 3532 3137 consuetudinem
3578 3084 3697 3139 vult

424 3146 512 3244 tia:
539 3146 684 3243 esset
726 3194 779 3241 et
812 3146 1037 3240 fraudis.
1073 3183 1180 3239 Sed
1204 3192 1259 3237 et
1284 3146 1511 3252 idvquod
1556 3146 1844 3250 sequitur:
1888 3146 2007 3232 I‘er—
2030 3146 2079 3211 (ἶ
2111 3174 2345 3239 vincere,
2402 3172 2607 3243 patitur
2651 3172 2706 3228 in
2748 3171 2972 3229 exordio
3018 3170 3248 3237 dolores,
3295 3182 3457 3241 atque
3495 3173 3571 3227 ita
3595 3189 3699 3243 per

424 3295 538 3334 ram
587 3276 975 3332 manducabis:
1026 3290 1126 3345 pro
1177 3282 1317 3329 terra
1365 3275 1532 3345 aphar
1580 3274 1842 3343 scriptum
1898 3280 2002 3340 est,

422 3369 563 3441 quod
585 3384 684 3423 nos
707 3366 942 3422 favillam
963 3381 1253 3437 possumus
1276 3374 1331 3421 et
1358 3364 1633 3435 pulverem
1655 3363 1856 3419 dicere.
1882 3361 2006 3435 Ipse

425 3459 648 3515 servabit
700 3466 854 3528 caput
883 3466 1049 3519 tuum,
1099 3466 1147 3510 et
1194 3465 1249 3509 tu
1274 3454 1500 3509 servabis
1527 3452 1831 3508 calcaneum
1857 3452 2004 3523 ejus;

423 3548 617 3604 melius
651 3547 813 3603 habet
841 3546 895 3600 in
929 3545 1158 3601 Hebrtno
1187 3563 1199 3599 :
1231 3544 1352 3617 Ipse
1388 3553 1615 3598 conteret
1659 3553 1811 3614 caput
1834 3554 2003 3609 tuum,

425 3649 447 3681 ε
465 3648 514 3692 et
534 3647 591 3692 tu
621 3636 953 3691 insidiaberis
980 3636 1095 3706 ejus
1134 3634 1400 3701 calcaneo,
1433 3635 1561 3705 quia
1581 3642 1635 3689 et
1664 3634 1835 3690 nostri
1855 3648 2007 3705 gres-

422 3745 514 3786 sus
539 3728 939 3800 praepediuntur
980 3743 1010 3781 a
1062 3726 1303 3792 colubro,
1356 3735 1410 3781 et
1455 3726 1716 3781 Dominus
1764 3732 2009 3780 conteret

426 3820 594 3876 Satan
621 3821 720 3875 sub
742 3819 970 3889 pedibus
1001 3819 1204 3873 nostris
1230 3819 1505 3874 velociter.

912 3925 1044 3964 ΠἙΙ
1071 3924 1519 3966 BECAPITULATIO.

493 4004 705 4058 Dicitur
722 4009 910 4072 postea
942 4002 1181 4071 serpenti
1204 4018 1218 4054 :
1261 4000 1573 4055 Maledictus
1595 4001 1698 4055 eris
1738 4003 1876 4054 inter
1897 4016 2010 4054 om-

427 4096 514 4151 nia
553 4094 864 4160 animantia,
905 4108 1061 4163 super
1085 4099 1262 4162 pectus
1285 4101 1433 4144 tuum
1466 4100 1513 4144 et
1555 4100 1779 4144 ventrem
1808 4090 2013 4159 gradie-

428 4188 522 4242 ris.
574 4185 806 4241 Nomine
844 4182 1044 4240 etenim
1089 4181 1324 4253 pectoris
1372 4180 1710 4251 signiﬁcatur
1753 4179 2010 4250 superbia

426 4277 645 4343 mentis,
674 4276 893 4333 nomine
919 4282 1098 4331 autem
1131 4272 1355 4337 ventris,
1393 4280 1453 4326 ut
1476 4270 1621 4326 LXX
1659 4271 2007 4338 transtulere,

425 4367 800 4440 signiﬁcantur
819 4366 1086 4423 desideria
1110 4364 1319 4430 carnis;
1341 4363 1425 4417 bis
1445 4363 1589 4418 enim
1611 4362 1821 4419 duabus
1844 4363 2008 4420 rebus

2107 3266 2388 3327 meliorem
2436 3267 2879 3324 consuetudinem
2916 3266 3059 3338 parit
3104 3265 3305 3322 bonum
3348 3279 3485 3337 opus
3537 3267 3696 3338 quasi

2108 3360 2268 3416 filios.
2292 3359 2447 3426 Quod
2473 3374 2601 3414 vero
2622 3356 2819 3427 adiecit
2852 3376 2866 3411 :
2907 3357 2977 3412 Et
3004 3357 3270 3412 conversio
3308 3367 3400 3411 tua
3427 3358 3497 3411 ad
3526 3359 3698 3413 virum

2108 3463 2278 3518 tuum,
2304 3462 2350 3507 et
2396 3454 2507 3523 ipse
2536 3453 2613 3505 tui
2658 3450 3034 3517 dominabitur,
3075 3451 3180 3506 hoc
3219 3451 3506 3522 significat,
3551 3454 3699 3523 quod

2109 3545 2203 3600 illa
2237 3545 2486 3614 voluptas
2519 3543 2772 3610 carnalis,
2806 3558 2969 3613 quam
3002 3558 3127 3598 cum
3154 3543 3339 3599 dolore
3392 3543 3699 3601 reluctave-

2119 3646 2228 3704 rat,
2258 3645 2318 3691 ut
2342 3636 2545 3691 faceret
2574 3635 3018 3692 consuetudinem
3038 3637 3255 3703 bonam,
3283 3634 3397 3704 jam
3421 3638 3555 3708 ipsis
3573 3651 3701 3693 eru-

2111 3728 2219 3783 dita
2246 3727 2541 3793 doloribus,
2567 3728 2778 3783 cautior
2804 3727 2895 3794 sit,
2920 3735 2975 3782 et
3000 3741 3068 3782 ne
3089 3735 3328 3794 corruat,
3354 3728 3699 3798 obtemperat

2111 3819 2327 3882 rationi,
2368 3826 2423 3873 et
2449 3818 2678 3873 libenter
2717 3817 2886 3872 servit
2934 3817 3089 3886 quasi
3125 3815 3492 3885 virojubenti,
3534 3833 3698 3874 voca-

2112 3918 2307 3979 turque
2328 3909 2523 3964 dehinc
2544 3917 2718 3964 mater
2740 3908 3009 3974 vivorum,
3041 3908 3095 3963 id
3119 3916 3204 3963 est
3229 3917 3379 3964 recte
3402 3908 3695 3975 factorum,

2112 3999 2307 4068 quibus
2337 3999 2609 4054 contraria
2643 4006 2769 4054 sunt
2792 4007 3015 4070 peccata
3043 4014 3163 4069 qua:
3203 4000 3422 4055 nomine
3455 4009 3700 4057 mortuo-

2113 4104 2234 4143 rum
2257 4089 2651 4160 signiﬁcantur.

2184 4183 2313 4238 Adw
2362 4200 2478 4238 vero
2527 4183 2660 4237 dixit
2704 4200 2723 4238 :
2755 4183 2895 4250 Quia
2935 4186 3130 4241 audisti
3159 4202 3331 4241 vocem
3364 4189 3548 4243 uxoris
3594 4199 3703 4241 tua:

2112 4271 2229 4343 plus
2256 4289 2414 4343 quam
2441 4288 2543 4340 me,
2571 4272 2851 4328 maledicta
2885 4285 3025 4329 terra
3046 4277 3103 4331 in
3125 4292 3276 4347 apere
3301 4287 3391 4332 tuo
3406 4262 3511 4343 {in
3545 4278 3699 4335 labo-

2112 4363 2256 4417 ribus
2286 4362 2521 4417 comedes
2546 4379 2661 4417 eam
2695 4366 2893 4419 cunctis
2928 4366 3108 4421 diebus
3137 4368 3253 4422 vita:
3277 4377 3406 4435 ture,
3449 4371 3633 4439 spinas
3652 4381 3700 4425 et

348 4480 351 4483 ·
425 4463 594 4534 serpit
637 4462 884 4518 diabolus
920 4461 990 4516 ad
1025 4475 1120 4517 eos
1158 4475 1294 4530 quos
1346 4457 1461 4513 vult
1504 4456 1770 4525 decipere,
1816 4456 1874 4511 id
1923 4464 2007 4512 est
2039 4491 2091 4551 υ
2112 4452 2331 4551 tribulos
2366 4454 2676 4551 geminabit
2708 4455 2822 4522 tibi,
2867 4465 2918 4509 et
2947 4458 3181 4512 comedes
3209 4459 3396 4544 herbas
3423 4470 3602 4514 terre.
3632 4460 3702 4515 Et

426 4563 520 4611 aut
541 4564 755 4611 terrena
791 4553 1083 4625 cupiditate
1106 4560 1161 4607 et
1184 4551 1412 4617 luxnria,
1451 4558 1545 4605 aut
1564 4548 1837 4619 Superbia:
1861 4548 2008 4603 iusa-

429 4663 499 4703 na
520 4647 698 4703 ruina.

496 4736 569 4791 Et
619 4746 814 4791 terram
864 4734 1227 4790 manducabis.
1276 4733 1331 4789 Id
1379 4741 1464 4788 est
1489 4732 1557 4787 ad
1580 4740 1633 4787 te
1663 4731 2011 4801 pertinebunt

428 4842 565 4897 quos
591 4835 804 4882 terrena
824 4824 1118 4895 cupiditate
1140 4823 1436 4893 deeeperis.

503 4918 757 4974 Omnibus
800 4916 981 4971 diebus
1026 4916 1144 4970 vita:
1170 4923 1297 4968 tute.
1342 4914 1399 4968 Id
1445 4921 1529 4968 est
1574 4913 1721 4968 omni
1768 4921 2011 4983 tempore

427 5026 535 5083 quo
558 5009 674 5081 agis
702 5009 842 5064 hanc
862 5014 1207 5079 potestatem,
1255 5011 1381 5060 ante
1423 5003 1571 5059 illam
1610 5003 1858 5059 ultimam
1896 5019 2013 5075 por.-

428 5116 556 5157 nam
579 5098 792 5170 iudicii.

499 5192 817 5248 Inimicitias
846 5204 1037 5261 ponam
1080 5188 1216 5242 inter
1251 5197 1300 5242 te
1325 5195 1373 5242 et
1409 5186 1698 5254 mulierem,
1734 5197 1783 5242 et
1839 5204 2015 5242 semen

432 5298 579 5342 tuum
615 5296 663 5342 et
687 5301 862 5342 semen
886 5283 1030 5338 illius
1066 5280 1219 5355 (Gen.
1248 5297 1331 5347 ιιι,
1364 5281 1475 5353 15).
1513 5280 1541 5321 ά
1579 5279 1776 5336 Semen
1815 5280 2015 5336 diaboli

430 5393 681 5449 perversa
725 5375 1000 5448 suggestio
1034 5381 1139 5439 est,
1168 5386 1352 5429 semen
1381 5372 1626 5428 mulieris
1679 5371 1890 5427 fructus
1931 5380 2017 5427 est

506 5545 532 5573 ⁸
557 5533 719 5598 Editi,
749 5531 1091 5586 calliditatem
1113 5540 1159 5585 et
1189 5531 1463 5585 versutias.

507 5602 534 5640 ιι
557 5602 719 5673 ξριιι,
735 5616 910 5654 omnes
924 5617 1128 5669 gressus
1144 5602 1258 5673 ejus
1273 5602 1519 5673 nequitia:
1536 5611 1703 5657 essent
1716 5612 1761 5657 et
1780 5602 2013 5673 fraudes.

513 5682 534 5747 ς
562 5669 721 5747 _Editi,
747 5678 796 5721 et
823 5669 1451 5747 tu’contereslcalcaneum
1474 5672 1607 5747 ejus.

502 5740 534 5784 δ
560 5738 709 5806 lsid.,
733 5737 1020 5792 comment.
1054 5738 1110 5791 in
1137 5737 1297 5804 Gen.,
1326 5753 1445 5806 cap.
1473 5737 1527 5793 5.

2115 4544 2320 4616 reliqua
2341 4560 2511 4615 usque
2540 4544 2700 4600 Terra
2724 4562 2777 4600 es
2802 4555 2849 4600 et
2870 4547 2927 4601 in
2947 4557 3141 4602 terram
3162 4548 3259 4602 ibis
3283 4532 3435 4620 (Gen.
3459 4566 3547 4615 ut,
3584 4550 3700 4622 17).

2691 4654 3031 4694 nteaonruus
3060 4641 3109 4692 δ.

2184 4726 2468 4783 Maledicta
2499 4738 2640 4783 terra
2676 4730 2731 4783 in
2773 4730 3013 4800 operibus
3051 4731 3173 4785 tuis.
3222 4730 3396 4802 Opera
3446 4731 3541 4787 hic
3591 4747 3699 4787 non

2113 4823 2256 4878 ruris
2286 4824 2518 4891 colendi,
2551 4832 2610 4878 ut
2633 4824 2875 4894 plerique
2909 4834 3120 4894 putant,
3153 4826 3248 4881 sed
3269 4834 3491 4896 peccata
3527 4827 3698 4896 signi-

2113 4914 2297 4980 iicant,
2332 4922 2407 4968 ut
2426 4915 2483 4969 in
2513 4914 2740 4971 Hebrmo
2768 4914 3019 4981 habetur,
3046 4924 3101 4971 et
3128 4915 3321 4986 Aquila
3346 4933 3455 4972 non
3485 4916 3700 4973 discor-

2113 5005 2204 5060 dat
2229 5003 2438 5072 dicens,
2484 5005 2769 5060 Maledicta
2792 5007 2982 5061 humus
3020 5017 3231 5079 propter
3254 5018 3323 5075 te,
3355 5018 3411 5063 et
3452 5008 3700 5065 Theodo-

2114 5098 2248 5164 tion,
2282 5096 2569 5152 Maledicta
2596 5087 2803 5152 Adama
2822 5099 2878 5152 in
2907 5102 3317 5171 transgressione
3337 5109 3452 5155 tua.

2737 5205 2965 5246 GREGORI
2972 5206 3053 5246 US.

2184 5280 2252 5333 D.
2284 5277 2570 5333 Maledicta
2592 5287 2732 5333 terra
2756 5280 2814 5332 in
2837 5295 2988 5350 apere
3014 5290 3125 5335 tuo.
3149 5280 3284 5337 Cum

2107 5369 2347 5438 jaculum
2373 5371 2552 5425 divina
2578 5385 2678 5426 vox
2701 5370 2852 5441 gravi
2877 5379 3085 5426 astruat
3107 5372 3311 5429 ultione
3328 5374 3701 5445 plectendum,

2195 5538 2218 5567 ε
2250 5525 2451 5593 ριιωει.
2481 5524 2646 5581 Hebr.

2195 5596 2214 5634 ί
2246 5596 2380 5650 lbid.

2194 5669 2219 5707 ³
2244 5666 2411 5728 Edit.,
2439 5666 2530 5720 hic
2552 5672 2606 5720 et
2632 5664 2790 5731 intra,
2825 5665 3082 5720 voluntas.

2192 5737 2218 5776 ιι
2247 5735 2446 5803 Quaest.
2484 5735 2645 5791 Hebr.
