3962 6166
350 322 479 379 1163

1257 319 1381 375 LIB.
1423 313 1894 386 QUASSTIONUM
1930 312 2155 369 SUPER
2192 314 2317 369 LIB.
2360 309 2673 367 GENESIS.

3446 306 3583 363 1166

341 450 415 492 ita
456 445 516 491 ut
552 436 698 506 regni
740 447 950 503 quoque
993 431 1226 486 caelestis
1261 430 1466 484 aditum
1508 429 1742 492 claudat,
1784 425 1913 496 quid
1943 434 1990 485 Α
2016 424 2100 479 vel
2122 424 2418 479 cruciatum
2443 422 2790 492 poenitentiae,
2805 433 2904 491 per
2924 434 3086 491 quam
3112 421 3216 476 vita
3242 435 3590 495 recuperatur

337 538 423 584 est
469 528 611 598 quod
657 541 819 591 nunc,
851 531 1104 594 peccante
1144 523 1360 577 homine
1403 523 1457 576 in
1493 530 1651 575 terra:
1682 519 1908 573 maledi-

337 618 541 683 ctione,
567 616 747 671 divina
788 629 921 669 voce
947 614 1050 668 hoc
1075 613 1219 682 quod
1244 613 1404 667 homo
1430 610 1610 666 facere
1653 609 1909 679 prohibe-

339 720 452 774 tur,
481 706 753 762 infertur?

413 821 492 875 Η.
525 835 551 862 ει
576 820 865 875 Sciendum
890 826 972 874 est
1011 819 1153 887 quod
1181 816 1459 886 Scriptura
1500 829 1655 870 sacra
1700 814 1913 869 duobus

337 911 516 965 modis
555 909 898 964 maledictum
943 915 1224 963 memorat.
1272 906 1431 961 Aliud
1474 904 1724 960 videlicet
1769 904 1914 972 quod

336 1000 620 1069 approbat,
651 997 793 1052 aliud
820 998 963 1067 quod
1003 998 1239 1052 damnat.
1283 996 1454 1051 Aliter
1497 996 1643 1050 enim
1688 991 1911 1049 maledi-

336 1098 487 1145 ctum
526 1086 800 1158 profertur
818 1086 1022 1155 judicio
1053 1085 1305 1155 justitiaa,
1354 1086 1510 1140 aliter
1538 1086 1708 1140 livore
1731 1083 1912 1139 vindi-

336 1187 459 1236 ctae.
492 1179 833 1234 Maledictum
857 1178 1052 1247 quippe
1074 1175 1280 1245 judicio
1298 1175 1525 1244 justitiae
1563 1175 1677 1245 ipso
1705 1174 1911 1230 homini

337 1269 584 1340 peccanti
612 1268 873 1339 prolatum
906 1274 990 1321 est
1021 1281 1143 1322 cum
1166 1266 1408 1320 audivit:
1453 1264 1738 1319 Maledicta
1774 1274 1914 1319 terra

338 1366 393 1417 in
434 1379 585 1433 opere
609 1370 698 1415 tuo
728 1358 881 1432 (Gen.
915 1376 997 1428 ιιι,
1023 1358 1132 1429 17).
1162 1358 1501 1413 Maledictum
1521 1356 1747 1426 justitia:
1767 1355 1915 1425 judi-

336 1455 423 1509 cio
445 1454 733 1523 profertur,
757 1467 878 1507 cum
914 1452 982 1506 ad
1009 1450 1280 1505 Abraham
1307 1449 1503 1505 dicitur
1535 1463 1549 1501 :
1592 1445 1912 1501 Maledicam

336 1542 766 1597 maledicentibus
799 1541 893 1594 tibi
929 1539 1081 1612 (Gen.
1113 1555 1211 1603 xu,
1251 1538 1327 1610 5).
1364 1538 1596 1592 Rursum
1627 1535 1753 1606 quia
1796 1550 1911 1588 ma-

340 1636 598 1690 ledictum
646 1649 751 1688 non
791 1631 995 1702 judicio
1037 1631 1284 1700 justitiaa,
1339 1631 1433 1686 sed
1459 1631 1629 1685 livore
1665 1628 1915 1683 vindicta:

337 1726 622 1795 promitur,
668 1740 799 1779 voce
822 1724 975 1778 Pauli
1012 1724 1352 1793 pnndicantis
1390 1737 1779 1789 ammonemur,
1820 1722 1912 1791 qui

338 1819 415 1871 ait
446 1834 459 1870 :
498 1816 797 1870 Benedicite
826 1824 874 1868 et
901 1814 1058 1869 nolite
1101 1812 1409 1868 maledicere
1446 1813 1623 1886 (Rom.
1667 1829 1765 1879 xu,
1800 1811 1912 1883 14).

344 1910 408 1963 Et
440 1924 691 1963 rursum:
729 1907 909 1978 Neque
932 1907 1175 1961 maledici
1216 1924 1430 1978 regnum
1464 1907 1560 1961 Dei
1584 1906 1921 1977 possidebunt,

342 1995 396 2065 (l
429 1994 551 2049 Cor.
580 2011 657 2059 vi,
690 1994 798 2065 10).
828 1995 970 2049 Deus
997 2010 1127 2065 ergo
1149 1996 1468 2050 maledicere
1499 1995 1716 2062 dicitur,
1747 2003 1801 2051 et
1845 2003 1921 2051 ta-

345 2101 469 2139 men
508 2085 827 2140 maledicere
869 2086 1032 2140 homo
1055 2086 1394 2155 prohibetur,
1427 2085 1553 2155 quia
1580 2085 1722 2154 quod
1755 2086 1920 2140 homo

343 2176 459 2245 agit
487 2175 691 2230 malitia
727 2175 996 2241 vindictae,
1044 2175 1185 2230 Deus
1208 2191 1315 2230 non
1356 2173 1486 2231 facit
1530 2175 1634 2229 nisi
1674 2176 1920 2230 examine

344 2274 399 2320 et
422 2267 619 2319 virtute
633 2263 877 2332 justitiae.
904 2263 1039 2318 Nam
1060 2271 1115 2319 et
1139 2266 1309 2320 sancti
1328 2265 1430 2320 viri
1452 2280 1575 2320 cum
1596 2264 1923 2321 maledictio-

346 2355 430 2409 nis
456 2356 777 2409 sententiam
804 2353 1103 2424 proferunt,
1133 2371 1241 2410 non
1267 2358 1335 2411 ad
1361 2356 1501 2412 hanc
1528 2372 1595 2412 ex
1622 2364 1748 2412 voto
1769 2357 1926 2412 ultio-

346 2448 451 2511 nis,
510 2448 605 2502 sed
631 2463 697 2502 ex
717 2447 939 2516 justitize
979 2447 1229 2502 examine
1255 2456 1563 2517 erumpunt.
1601 2448 1751 2502 Intus
1777 2448 1923 2502 enim

347 2538 548 2592 subtile
575 2538 668 2592 Dei
692 2536 952 2605 judicium
975 2537 1259 2607 aspiciunt,
1303 2546 1358 2593 et
1384 2536 1521 2591 mala
1548 2535 1693 2592 foras
1735 2553 1924 2592 exsur-

346 2631 529 2699 gentia
552 2630 676 2699 quia
698 2630 980 2685 maledicto
1021 2631 1251 2686 debeant
1285 2630 1436 2685 feriri
1467 2645 1525 2685 se
1570 2639 1918 2700 cognoscunt,

344 2730 488 2775 eteo
511 2720 566 2774 in
589 2720 871 2775 maledicto
891 2736 998 2775 non
1025 2728 1273 2790 peccant,
1307 2736 1413 2791 quo
1434 2722 1503 2776 ab
1550 2722 1763 2776 interno
1779 2721 1926 2790 judi-

345 2814 433 2867 cio
455 2827 560 2866 non
584 2812 909 2867 discordant.
937 2812 1074 2867 Hinc
1109 2820 1190 2867 est
1212 2814 1354 2882 quod
1394 2812 1584 2867 Petrus
1620 2811 1674 2866 in
1697 2809 1926 2876 olieren:

347 2912 457 2959 tem
490 2905 589 2960 sibi
614 2894 873 2974 pecunias
895 2904 1189 2973 Simonem,
1236 2906 1562 2962 sententiam
1591 2906 1927 2964 maledictio-

344 3002 433 3056 nis
456 3002 672 3056 intorsit
700 3000 887 3056 dicens
916 3018 929 3055 :
968 3001 1201 3056 Pecunia
1233 3011 1325 3056 tua
1348 3011 1516 3056 tecum
1553 3003 1622 3056 sit
1648 3001 1705 3055 in
1743 3000 1923 3072 perdi-

1946 1767 1993 1825 B

2016 524 2236 570 aeterna.
2272 515 2553 582 Sequitur.

2410 631 2415 634 ’
2517 660 2520 664 ,
2617 619 2911 661 διιεϐοιιιῐτε
2934 614 2956 642 ε
2970 641 2984 656 .

2086 734 2246 789 Terra
2278 751 2332 789 es
2355 742 2404 788 et
2427 734 2485 789 in
2510 743 2704 788 terram
2732 734 2831 788 ibis
2879 731 3036 805 (Gen.
3092 749 3178 800 ιιι,
3229 734 3339 808 19),
3383 739 3591 809 primus

2014 843 2244 899 namque
2277 830 2438 884 homo
2458 820 2541 883 ita
2559 828 2808 884 conditus
2832 827 2933 883 fuit
2959 836 3018 883 ut
3046 839 3297 886 manente
3320 832 3409 888 illo
3432 835 3588 890 dece-

2013 919 2202 973 derent
2226 925 2489 987 tempora,
2517 930 2617 972 nec
2647 933 2766 973 cum
2796 919 3127 987 temporibus
3168 920 3285 990 ipse
3307 925 3583 980 transiret.

2015 1009 2204 1064 Stabat
2235 1024 2364 1079 ergo
2383 1010 2438 1063 in
2474 1010 2757 1063 momentis
2779 1010 3204 1076 decurrentibus,
3242 1013 3365 1081 quia
3387 1030 3589 1084 nequa-

2014 1114 2175 1168 quam
2193 1100 2261 1154 ad
2282 1100 2406 1153 vita:
2435 1100 2723 1154 terminum
2749 1114 2846 1168 per
2875 1099 3082 1155 dierum
3114 1100 3445 1158 incrementa
3473 1113 3590 1160 ten-

2012 1187 2194 1242 debat.
2222 1187 2411 1243 Stabat
2441 1194 2591 1242 tanto
2630 1188 2922 1255 robustius,
2949 1198 3152 1258 quanto
3189 1206 3401 1261 semper
3424 1196 3590 1249 stanti

2015 1279 2290 1334 ardentius
2335 1279 2667 1345 inhmrebat;
2721 1288 2778 1334 at
2801 1280 2893 1334 ubi
2921 1282 3144 1336 vetitum
3187 1284 3430 1354 contigit,
3464 1301 3592 1341 mox

2014 1368 2217 1425 oﬁ‘enso
2262 1369 2520 1425 Creatore
2569 1370 2734 1440 erepit
2761 1371 2841 1427 ire
2883 1387 3007 1426 cum
3048 1379 3303 1442 tempore,
3358 1376 3500 1431 unde
3538 1378 3588 1432 ei

2015 1460 2218 1515 dictum
2241 1468 2323 1515 est
2349 1478 2361 1513 :
2390 1458 2552 1514 Terra
2578 1477 2631 1515 es
2652 1471 2700 1514 et
2724 1461 2779 1514 in
2805 1470 3000 1515 terram
3024 1462 3140 1528 ibis,
3169 1471 3312 1517 statu
3341 1465 3591 1521 videlicet

2014 1548 2441 1604 immortalitatis
2476 1550 2697 1614 amisso,
2728 1565 2920 1606 cursus
2948 1564 3070 1604 eum
3114 1553 3459 1610 mortalitatis
3497 1557 3592 1610 ab-

2016 1637 2240 1703 sorbuit,
2282 1646 2337 1693 et
2363 1638 2491 1693 dum
2527 1654 2559 1693 a
2575 1638 2861 1708 juventute
2884 1639 2953 1695 ad
2986 1641 3210 1708 senium,
3240 1658 3270 1697 a
3312 1645 3462 1699 senio
3485 1651 3592 1699 Ira-

2020 1726 2241 1782 heretur
2269 1730 2337 1783 ad
2362 1737 2609 1792 mortem,
2650 1731 2975 1785 transeundo
3005 1731 3190 1787 didicit
3219 1735 3347 1803 quid
3394 1736 3589 1790 stando

2021 1815 2141 1871 fuit.
2171 1816 2336 1886 Cujus
2382 1835 2483 1875 nos
2513 1821 2639 1889 quia
2674 1821 2738 1875 dc
2764 1821 3054 1890 propagine
3074 1824 3365 1889 nascimur,
3396 1826 3593 1880 radicis

2021 1907 2433 1963 amaritudinem
2460 1909 2612 1978 quasi
2642 1909 2697 1963 in
2725 1909 2956 1981 virgulto
2982 1912 3294 1967 retinemus.
3326 1912 3445 1968 Jam
3466 1915 3591 1984 quia

2020 2010 2088 2050 ex
2109 1997 2200 2053 illo
2222 1998 2484 2068 originem
2513 1999 2775 2066 ducimus,
2806 1999 2922 2068 ejus
2943 2016 3160 2058 cursum
3185 2006 3454 2060 nascendo
3483 2021 3595 2060 sor-

2021 2088 2204 2154 timur,
2252 2096 2312 2143 ut
2355 2105 2420 2145 eo
2446 2090 2563 2159 ipso
2599 2091 2911 2159 quotidiana
2937 2102 3209 2149 momento
3234 2111 3341 2164 quo
3366 2096 3594 2151 vivimus

2022 2178 2355 2234 incessanter
2377 2195 2408 2233 a
2430 2180 2539 2234 vita
2570 2188 2927 2236 transeamus.
2960 2182 3027 2236 Et
3048 2183 3259 2238 vivendi
3297 2185 3450 2240 nobis
3472 2201 3594 2255 spa-

2022 2270 2155 2323 tium
2177 2269 2316 2324 unde
2335 2282 2581 2324 crescere
2597 2270 2833 2326 creditur
2852 2269 2976 2326 inde
2999 2273 3292 2327 decrescat.
3310 2272 3445 2340 Quia
3465 2275 3591 2328 dum

2022 2357 2248 2413 infantia
2297 2359 2364 2414 ad
2407 2360 2713 2429 pueritiam,
2763 2360 2996 2431 pueritia
3041 2363 3109 2417 ad
3150 2362 3591 2430 adolescentiam,

2022 2451 2384 2506 adolescentia
2412 2454 2479 2507 ad
2498 2450 2853 2520 juventutem,
2871 2451 3126 2522 juventus
3146 2453 3215 2507 ad
3239 2460 3588 2519 senectutem,

2023 2549 2270 2597 senectus
2307 2541 2503 2596 transit
2529 2543 2596 2597 ad
2631 2551 2892 2608 mortem;
2936 2557 3126 2598 cursus
3148 2542 3273 2598 vita:
3313 2542 3594 2614 praesentis

2023 2630 2153 2701 ipsis
2202 2630 2504 2702 augmentis
2554 2630 2622 2685 ad
2670 2631 2991 2687 detrimenta
3040 2631 3349 2701 impellitur,
3389 2640 3444 2688 et
3470 2632 3594 2688 inde

2023 2736 2239 2791 semper
2277 2720 2475 2787 deﬁcit,
2521 2722 2661 2777 unde
2707 2736 2767 2777 se
2811 2721 3072 2791 proﬁcere
3111 2723 3166 2778 in
3195 2722 3426 2792 spatium
3469 2723 3595 2777 vita}

2023 2814 2212 2869 credit.
2246 2813 2440 2868 Fixum
2467 2814 2668 2870 etenim
2710 2822 2910 2870 statum
2951 2815 3039 2871 hic
3087 2816 3287 2871 habere
3330 2830 3435 2870 non
3471 2830 3596 2884 pos-

2025 2917 2232 2969 sumus,
2272 2902 2363 2956 ubi
2408 2903 2691 2958 transituri
2733 2904 2998 2960 venimus.
3048 2904 3223 2973 Atque
3266 2906 3371 2960 hoc
3420 2904 3593 2975 ipsum

2025 3001 2268 3049 nostrum
2307 2993 2488 3050 vivere
2535 2994 2775 3063 quotidie
2812 3010 2843 3049 a
2869 2996 2980 3050 vita
3011 2996 3239 3051 transire
3283 3005 3385 3051 est.
3426 2995 3596 3063 Quem

343 3095 540 3146 tionem
568 3092 705 3163 (Act.
731 3108 852 3157 Vill,
876 3092 988 3163 20).
1048 3093 1148 3160 Qui
1170 3093 1314 3148 enim
1346 3108 1453 3148 non
1481 3093 1557 3148 ait
1580 3102 1675 3159 est,
1712 3092 1805 3148 sed
1833 3094 1921 3159 sit,
1951 3110 2001 3175 ο
2028 3088 2274 3145 videlicet
2316 3088 2526 3158 lapsum
2550 3089 2757 3159 primus
2794 3089 2957 3148 homo
3000 3096 3125 3144 ante
3158 3089 3369 3159 culpam
3397 3090 3598 3145 habere

347 3201 456 3240 non
506 3185 797 3240 indicativo
849 3186 943 3240 sed
985 3187 1223 3256 optativo
1263 3186 1423 3241 modo
1463 3201 1522 3240 se
1563 3187 1677 3240 htec
1724 3185 1926 3240 dixisse

344 3278 600 3347 signavit.
646 3280 782 3335 Hinc
810 3281 991 3336 lleiias
1019 3281 1226 3335 duobus
1256 3276 1732 3347 quinquagenariis
1754 3277 1823 3332 ad
1867 3290 1927 3332 se

344 3372 686 3428 venientibus
720 3374 894 3429 dixit:
926 3372 987 3429 Si
1016 3374 1169 3427 homo
1202 3371 1296 3425 Dei
1327 3387 1464 3436 sum,
1492 3370 1661 3424 veniat
1693 3369 1827 3440 ignis
1862 3369 1927 3423 de

342 3461 471 3518 caelo
492 3472 542 3517 et
562 3473 832 3531 consumat
860 3481 946 3519 vos
972 3462 1077 3536 (IV
1093 3462 1222 3533 Reg.
1252 3478 1294 3528 ι,
1319 3462 1429 3530 10).
1458 3460 1698 3527 Quorum
1724 3466 1929 3513 utrum-

342 3570 449 3624 que
484 3556 752 3610 sententia
776 3563 973 3625 quanta
998 3554 1241 3610 veritatis
1262 3553 1472 3607 ratione
1492 3550 1783 3617 convaluit,
1806 3560 1921 3605 ter-

350 3647 532 3701 minus
552 3660 727 3699 causa:
751 3645 1088 3699 monstravit.
1117 3642 1252 3696 Nam
1275 3649 1329 3696 et
1363 3640 1549 3695 Simon
1575 3649 1777 3695 aeterna
1802 3655 1927 3709 per-

348 3736 555 3790 ditione
604 3733 838 3801 interiit,
896 3741 950 3787 et
989 3733 1124 3788 duos
1164 3729 1654 3802 quinquagenarias
1691 3729 1925 3798 desuper

349 3826 574 3880 veniens
597 3823 809 3879 ﬂamma
832 3822 1178 3893 consumpsit.
1206 3820 1389 3876 Virtus
1409 3820 1555 3874 enim
1591 3820 1925 3888 subsequens

349 3912 672 3969 testiﬁcatur
691 3928 796 3983 qua
836 3920 1017 3967 mente
1046 3909 1440 3965 maledictiouis
1484 3909 1751 3963 sententia
1793 3923 1923 3978 pro-

348 4009 536 4062 mitur.
569 4007 702 4064 Cum
739 4008 883 4063 enim
917 4016 972 4062 et
1012 4004 1408 4062 maledictiouis
1450 4004 1756 4060 innocentia
1800 4017 1927 4074 per-

349 4106 557 4163 manet,
615 4106 668 4152 et
713 4105 890 4152 tamen
932 4113 1056 4153 eum
1104 4098 1196 4167 qui
1247 4095 1585 4151 maledicitur
1639 4109 1809 4163 usque
1858 4095 1927 4148 ad

343 4191 625 4246 interitum
669 4190 973 4263 maledictio
1018 4191 1289 4254 absorbet,
1329 4204 1398 4244 ex
1441 4188 1723 4257 utriusque
1751 4186 1924 4256 partis

346 4284 452 4339 ﬁne
479 4284 769 4354 colligitur,
793 4283 916 4352 quia
939 4284 1005 4338 ab
1030 4298 1139 4338 uno
1176 4290 1230 4338 et
1254 4282 1446 4337 intimo
1465 4280 1649 4351 judice
1674 4280 1727 4334 in
1770 4293 1921 4334 reum

341 4374 615 4430 sententia
654 4381 864 4444 sumpta
885 4371 1175 4441 jaculatur.

985 4497 1224 4537 tsmoaus
1244 4483 1294 4537 ι).

412 4599 537 4653 Jam
570 4614 699 4654 vero
723 4611 821 4667 per
847 4596 1189 4661 sententiam,
1229 4612 1349 4665 quae
1386 4595 1441 4650 in
1471 4596 1646 4650 virum
1671 4592 1924 4655 infertur,

344 4691 485 4745 ratio
510 4696 693 4745 nostra
721 4689 987 4757 arguitur,
1016 4703 1137 4758 quae
1165 4694 1221 4741 et
1240 4701 1402 4757 super
1440 4685 1647 4755 peccati
1674 4682 1929 4751 concupi-

343 4781 551 4836 scentia
572 4778 809 4843 seducta,
827 4794 856 4832 a
870 4777 1120 4848 paradiso
1134 4775 1481 4831 beatitudinis
1497 4782 1728 4839 remota,
1758 4774 1930 4828 habet

344 4869 749 4925 maledictiones
777 4875 1004 4923 terrenae
1042 4866 1388 4935 operationis,
1427 4866 1591 4920 habet
1619 4872 1674 4919 et
1707 4863 1922 4919 dolores

345 4958 722 5029 temporalium
749 4972 1022 5024 curarum,
1060 4956 1211 5026 quasi
1251 4957 1434 5026 spinas
1461 4963 1517 5010 et
1546 4955 1791 5012 tribulos.
1831 4953 1923 5010 Sic

344 5059 527 5105 tamen
558 5047 847 5104 dimittitur
873 5062 902 5100 a
931 5046 1179 5116 paradiso
1204 5045 1568 5110 beatitudinis,
1591 5052 1651 5100 ut
1673 5060 1926 5115 operare-

346 5153 436 5198 tur
469 5152 692 5208 terram,
726 5140 778 5197 id
804 5146 887 5195 est
911 5146 971 5193 ut
999 5139 1053 5193 in
1075 5153 1300 5208 corpore
1328 5138 1431 5196 isto
1456 5139 1683 5205 laboret,
1715 5148 1769 5193 et
1807 5139 1919 5195 col-

346 5236 487 5289 locet
523 5233 627 5289 sibi
677 5231 931 5286 meritam
955 5230 1210 5285 redeundi
1244 5231 1311 5285 ad
1341 5230 1507 5285 vitam
1527 5230 1764 5297 beatam,
1798 5245 1920 5299 quae

345 5322 579 5394 paradisi
632 5321 850 5375 nomine
900 5318 1264 5389 signiﬁcatur;
1313 5320 1589 5390 possitque
1635 5320 1925 5390 aliquando

351 5429 569 5468 manum
595 5412 870 5483 porrigere
898 5410 966 5465 ad
996 5411 1246 5465 arborem
1270 5411 1394 5466 vita:
1409 5420 1464 5465 et
1491 5412 1674 5466 vivere
1694 5410 1748 5465 in
1773 5414 1926 5465 aiter-

350 5522 497 5561 num.
528 5504 717 5559 Manus
736 5510 917 5557 autem
944 5502 1211 5572 porrectio
1245 5503 1382 5559 bene
1406 5502 1673 5573 signiﬁcat
1706 5516 1919 5558 crucem

418 5678 442 5705 ει
469 5666 655 5733 Greg.,
680 5662 774 5733 lib.
794 5677 846 5733 I_v
866 5658 1080 5723 Moral.,
1103 5674 1219 5733 cap.
1248 5663 1297 5717 3.

416 5736 442 5774 δ
470 5728 680 5790 ϐοηὶιιι.
713 5732 768 5787 in
788 5730 947 5796 Gen.,
973 5744 1090 5797 cap.

2027 3199 2134 3238 non
2177 3182 2372 3251 potuit,
2410 3182 2536 3252 quia
2564 3191 2803 3251 tempora
2840 3196 2906 3236 eo
2936 3188 3110 3236 stante
3156 3181 3475 3244 transibant,
3503 3184 3597 3236 sed

2022 3280 2309 3343 postquam
2343 3271 2587 3342 deliquit,
2615 3273 2670 3326 in
2696 3270 2927 3341 quodam
2953 3284 3012 3325 se
3049 3271 3203 3339 quasi
3246 3271 3452 3325 lubrico
3477 3287 3598 3325 mu-

2024 3363 2309 3418 tahilitatis
2354 3362 2565 3431 posuit;
2593 3368 2648 3414 et
2688 3361 2814 3430 quia
2847 3360 3026 3415 cibum
3075 3361 3307 3416 comedit
3348 3362 3594 3427 vetitum,

2024 3459 2198 3507 status
2222 3452 2304 3507 sui
2326 3452 2570 3521 protinus
2595 3450 2799 3505 invenit
2826 3448 3118 3506 defectum.

2628 3605 2996 3662 Hmaosvuus.

2028 3742 2037 3751 ·
2101 3721 2166 3775 Et
2218 3721 2416 3774 vocavit
2472 3719 2641 3773 Adam
2689 3735 2874 3774 nomen
2918 3720 3099 3774 uxoris
3156 3733 3267 3773 sua:
3310 3717 3480 3781 Ᾱίυα,
3535 3734 3594 3771 eo

2023 3810 2161 3881 quod
2184 3820 2349 3864 mater
2372 3810 2438 3865 sit
2461 3810 2692 3865 omnium
2711 3810 2983 3865 viventium
3013 3807 3167 3883 (Gen.
3196 3826 3278 3875 ιιι,
3303 3809 3417 3883 20).
3454 3809 3593 3867 [Eva

2025 3902 2221 3972 quippe
2271 3902 2381 3956 vita
2435 3903 2840 3971 interpretatur,
2903 3903 3015 3959 sive
3039 3903 3338 3971 calamitas,
3388 3904 3452 3959 de
3489 3919 3595 3973 quo

2022 4001 2178 4064 poeta
2205 3990 2573 4066 [Prudentius]
2614 3993 2688 4047 ita
2717 3993 2945 4048 cecinit:

2152 4147 2267 4199 Eva
2293 4148 2513 4198 columba
2538 4146 2646 4208 fuit,
2677 4153 2793 4198 tunc
2814 4147 3037 4211 candida,
3062 4149 3203 4211 nigra
3228 4148 3431 4200 deinde.

2159 4185 3479 4272 iii'cia‘fi'ei'EKgifri'Jni"53132632137533;leiié'iiiin.

2160 4271 2334 4321 Tinxit
2354 4278 2406 4321 et
2432 4275 2690 4320 innocuum
2715 4272 2916 4320 maculis
2938 4272 3250 4320 sordentibus
3281 4271 3450 4320 Adam.

2151 4332 2246 4384 Dat
2268 4334 2412 4383 nudis
2434 4330 2591 4382 ticulla
2607 4332 2755 4380 draco
2773 4344 2882 4381 mox
2904 4333 3119 4394 tegmina
3139 4333 3309 4383 victor.

1953 4453 2005 4514 D
2100 4471 2251 4526 Fecit
2295 4488 2498 4542 quoque
2523 4471 2778 4525 Dominus
2808 4470 2947 4525 Deus
2983 4470 3154 4524 Adam
3200 4479 3249 4525 et
3302 4473 3456 4526 uxori
3480 4474 3595 4543 ejus

2028 4565 2233 4619 tunicas
2268 4563 2529 4635 pelliceas,
2572 4573 2620 4618 et
2658 4564 2828 4617 induit
2868 4580 2975 4628 eos,
3011 4572 3059 4617 et
3102 4565 3177 4619 ait
3206 4581 3225 4617 :
3255 4564 3392 4619 Ecce
3420 4566 3596 4621 Adam

2026 4654 2178 4725 quasi
2204 4670 2339 4708 unus
2364 4669 2429 4708 ea:
2464 4652 2609 4707 nobis
2636 4652 2807 4721 factus
2836 4662 2931 4719 est,
2985 4656 3151 4709 sciens
3174 4654 3364 4709 bonum
3399 4664 3447 4709 et
3476 4672 3593 4710 ma-

2026 4745 2158 4800 lum.
2200 4745 2357 4800 Nunc
2381 4760 2502 4815 ergo
2549 4744 2729 4812 videte,
2760 4762 2822 4799 ne
2860 4745 2993 4815 forte
3015 4748 3185 4824 mittat
3206 4764 3420 4802 manum
3443 4765 3594 4803 suam

2026 4848 2073 4890 et
2098 4845 2269 4890 sumat
2297 4836 2452 4890 etiam
2485 4835 2550 4889 de
2583 4834 2725 4906 ligno
2762 4836 2879 4891 vita:
2903 4845 2952 4890 et
2989 4837 3247 4903 comedat,
3299 4847 3347 4891 et
3368 4839 3500 4892 vivat
3540 4840 3595 4892 in

2026 4935 2274 4981 azternum
2303 4924 2455 5000 (Gen.
2478 4941 2563 4993 ιιι,
2585 4925 2702 4997 21).

2685 5062 3039 5121 Αυριιετιιιιιε.

2094 5221 2163 5275 D.
2198 5220 2332 5277 Cum
2360 5222 2502 5277 Deus
2526 5236 2666 5277 unus
2694 5220 2783 5288 sit,
2833 5221 3043 5277 dicente
3085 5219 3360 5293 Scriptura
3388 5238 3402 5274 :
3432 5221 3593 5287 Audi,

2025 5311 2214 5379 Israel,
2242 5311 2495 5367 Dominus
2515 5310 2656 5367 Deus
2702 5320 2823 5367 tuus
2850 5310 2992 5367 Deus
3020 5328 3155 5367 unus
3183 5320 3258 5366 est
3286 5327 3304 5365 :
3327 5311 3594 5381 quomodo

2026 5402 2117 5457 hic
2159 5402 2332 5458 dicit:
2368 5400 2505 5456 Ecce
2558 5401 2728 5456 Adam
2764 5402 2918 5473 quasi
2950 5417 3086 5455 unus
3137 5417 3204 5456 ea:
3246 5400 3394 5456 nobis
3423 5399 3594 5472 factus

2024 5492 2146 5548 est?
2190 5491 2346 5548 nobis
2370 5491 2515 5546 enim
2542 5491 2906 5561 pluralitatem
2949 5491 3204 5548 insinuat.

2100 5672 2120 5700 ε
2148 5634 2401 5715 ιιδξψ
2422 5657 2634 5726 Moral.,
2658 5673 2775 5729 cap.
2806 5660 2858 5715 5.

3473 5728 3676 5843 ,λι-
