3986 6168
331 305 466 359 1167

327 519 413 563 las
441 515 543 572 est,
578 506 738 561 Pater
766 506 988 571 scilicet,
1018 514 1074 562 et
1098 506 1286 573 Filius,
1317 515 1373 561 et
1398 507 1633 578 Spiritus
1663 510 1904 564 sanctus.

328 598 479 657 Unus
505 614 573 653 cx
597 598 755 655 nobis
781 598 983 653 dictum
1015 607 1118 665 est,
1144 608 1367 670 propter
1392 600 1758 670 pluralitatem
1789 617 1912 672 per-

326 706 601 756 sonarum,
657 690 836 746 sciens
856 691 1058 748 bonum
1089 703 1144 747 et
1189 693 1432 749 malum:
1473 710 1537 749 ac
1591 694 1636 750 si
1683 694 1906 762 diceret,

327 782 478 839 Sicut
513 798 616 839 nos
642 783 845 839 scimus
889 784 1032 840 inter
1059 786 1257 842 bonum
1280 788 1599 843 obedientire
1626 797 1680 842 et
1706 789 1909 843 nmium

325 873 724 939 inobedientiaa,
756 875 829 929 ita
854 890 999 930 nunc
1036 874 1207 932 Adam
1236 878 1486 949 intelligit
1514 879 1641 949 quia
1676 896 1783 935 non
1823 896 1911 935 so-

323 962 436 1018 lum
467 980 575 1020 non
598 962 699 1019 fuit
726 963 901 1021 factus
932 966 1110 1037 qualis
1138 967 1253 1023 fieri
1284 969 1486 1035 debuit,
1518 970 1614 1027 sed
1635 985 1736 1026 nec
1759 972 1905 1042 quod

324 1052 501 1110 factus
525 1054 702 1111 fuerat
726 1059 1083 1114 conservavit.
1105 1059 1327 1130 Accepit
1348 1062 1509 1117 etiam
1536 1064 1773 1120 tunicam
1798 1064 1911 1134 pel-

324 1145 503 1203 liciam
526 1148 708 1204 divino
749 1157 905 1215 nutu,
936 1166 1043 1220 quo
1072 1151 1386 1208 indumento
1416 1155 1662 1224 corporis
1696 1163 1901 1211 morta-

323 1237 446 1292 litas
474 1238 766 1310 significari
799 1241 938 1296 solet
975 1242 1029 1296 in
1064 1242 1314 1299 historia.
1351 1245 1407 1298 in
1443 1244 1698 1316 allegoria
1721 1253 1906 1301 autem

323 1345 354 1383 a
407 1332 714 1387 carnalibus
761 1334 1012 1389 sensibus
1067 1335 1355 1392 abstractce
1407 1336 1730 1408 voluptates,
1786 1352 1908 1409 quae

321 1421 613 1478 carnaliter
659 1423 928 1479 viventem
979 1424 1159 1481 divina
1219 1425 1336 1497 lege
1382 1437 1791 1499 consequuntur
1856 1437 1912 1485 et

321 1520 631 1584 contegunt,
687 1516 841 1585 quasi
886 1516 1174 1587 aliquando
1218 1520 1286 1574 ad
1324 1519 1494 1575 Deum
1540 1527 1906 1586 converteret,

319 1605 598 1675 possitque
633 1606 924 1676 aliquando
952 1625 1172 1665 manum
1211 1611 1490 1681 porrigere
1535 1613 1604 1667 ad
1655 1613 1909 1669 arborem

319 1694 466 1762 vitae,
511 1697 566 1752 id
606 1707 689 1753 est
745 1699 813 1753 ad
845 1698 1143 1767 Christum,
1191 1710 1247 1757 et
1290 1702 1473 1758 vivere
1518 1703 1575 1758 in
1615 1712 1904 1760 aeternum.

1678 305 1956 363 ADRlANl
1999 307 2196 364 ῐἈΡᾹί
2239 310 2256 364 l

400 416 476 472 Μ.
515 430 539 457 ιι
576 417 718 473 Deus
738 417 883 472 enim
918 418 1165 487 quamvis
1190 433 1328 472 unus
1360 418 1449 480 sit,
1498 426 1675 473 tamen
1722 419 1906 474 Trini-
1941 436 1990 491 Α

3468 304 3594 359 1168

2617 421 2965 479 llisnosvuus
2992 420 3040 474 ιτ.

2082 513 2199 568 Non
2255 524 2276 553 ε
2313 523 2371 568 ut
2415 513 2507 569 alii
2559 520 2753 585 putant
2815 511 2962 582 quod
2998 511 3173 580 ipsum
3217 508 3390 563 Adam
3438 523 3597 577 quem

2011 602 2268 670 eiecerat,
2324 604 2468 659 Deus
2503 603 2749 658 habitare
2797 601 2991 658 fecerit
3044 607 3234 655 contra
3287 598 3598 668 paradisum

2012 696 2319 767 voluptatis.
2371 695 2479 751 Sed
2507 695 2671 766 quod,
2707 696 2799 751 illo
2825 693 3017 763 ejecto,
3069 700 3194 746 ante
3222 689 3371 745 fores
3392 688 3601 759 paradi-

2012 788 2059 843 si
2101 788 2383 843 cherubim
2417 796 2473 842 et
2509 787 2817 842 flammeum
2850 784 3084 857 gladium
3124 781 3373 854 posuerit
3418 779 3487 834 ad
3508 795 3603 834 cu-

2012 878 2350 933 stodiendum
2393 876 2631 948 paradisi
2656 876 3005 940 vestibulum,
3032 887 3099 927 ne
3126 871 3252 943 quis
3291 870 3465 941 possit
3508 867 3596 923 in-

2013 977 2179 1024 trare.

2690 1058 2936 1114 Ismenus
2960 1057 3011 1111 δ.

2082 1150 2185 1206 Per
2221 1149 2526 1205 ﬂammeam
2580 1149 2863 1212 frameam,
2934 1148 2986 1202 id
3017 1155 3100 1201 est
3138 1160 3236 1215 per
3274 1139 3605 1212 temporales

2012 1239 2388 1295 tribulationes
2415 1246 2638 1308 peccata
2690 1253 2789 1292 sua
2822 1234 3162 1307 agnoscendo
3197 1243 3255 1288 et
3302 1231 3603 1303 gemendo,

2011 1342 2065 1388 et
2085 1348 2182 1404 per
2209 1334 2513 1398 cherubim,
2548 1332 2601 1386 id
2637 1339 2723 1386 est
2762 1329 3155 1401 plenitudinem
3180 1326 3441 1391 scientice,
3477 1340 3606 1395 qua:

2010 1434 2094 1481 est
2137 1425 2396 1490 Charitas,
2427 1424 2709 1495 perveniet
2746 1424 2815 1479 ad
2856 1422 3107 1477 arborem
3143 1419 3270 1473 vita:
3300 1416 3601 1479 Christum,

2010 1524 2065 1570 et
2099 1516 2243 1570 vivet
2289 1516 2343 1571 in
2381 1524 2665 1571 aeternum.
2717 1513 3015 1570 Cherubim
3051 1525 3284 1581 namque
3322 1507 3600 1578 plenitudo

2012 1607 2250 1663 scientia:
2300 1608 2704 1678 interpretatur,
2744 1605 2950 1660 framea
2980 1618 3108 1658 vero
3135 1600 3401 1657 versatilis
3423 1599 3595 1669 posita

2014 1699 2083 1754 ad
2132 1698 2539 1755 custodiendam
2583 1699 2727 1754 viam
2772 1698 2922 1768 ligni,
2973 1696 3097 1751 vita:
3134 1693 3479 1764 temporales,
3539 1703 3599 1746 ut

392 1788 665 1860 Ejecitque
710 1790 881 1846 Adam
916 1792 1173 1848 Dominus
1224 1793 1365 1849 Deus
1401 1794 1466 1849 de
1515 1795 1785 1865 paradiso,
1835 1805 1897 1850 ut
1938 1783 1984 1846 Β
2013 1793 2278 1859 diximus,
2346 1808 2520 1863 paena:
2566 1792 2960 1862 intelliguntur.
3015 1788 3186 1844 Nemo
3221 1787 3370 1843 enim
3420 1794 3599 1856 potest

321 1890 625 1950 operaretur
654 1891 847 1937 terram
878 1884 943 1938 de
980 1902 1085 1956 qua
1112 1895 1349 1958 sumptus
1380 1897 1477 1954 est,
1524 1886 1904 1961 collocavitque

322 1979 442 2024 ante
493 1972 799 2037 paradisum
827 1974 1105 2046 voluptatis
1134 1976 1430 2041 Clterubim,
1461 1980 1766 2048 ﬂammeum
1787 1979 1906 2051 gla-

322 2062 468 2117 dium
509 2074 662 2136 atque
682 2066 998 2133 versati/em,
1029 2068 1097 2121 ad
1147 2069 1543 2124 custodiendam
1592 2071 1726 2125 viam
1766 2070 1901 2141 ligni

321 2153 441 2207 rita:
483 2153 640 2226 (Gen.
671 2172 753 2219 ιιι,
785 2155 899 2227 24).

368 2297 418 2360 gf!
460 2284 597 2360 Aug.
629 2286 951 2360 deflen.ad
981 2288 1111 2355 litt.,
1152 2289 1245 2345 lib.
1284 2306 1358 2353 χι,
1403 2305 1522 2360 cap.
1562 2290 1651 2346 59.

394 2355 422 2394 ι’
454 2355 654 2424 ρυὼεῑ.
686 2358 937 2414 Hebraic.

2012 1887 2298 1959 pervenire
2323 1887 2391 1942 ad
2437 1887 2691 1942 arborem
2720 1886 2866 1950 vitae,
2926 1883 3031 1938 nisi
3064 1897 3163 1953 per
3200 1881 3299 1935 has
3327 1880 3461 1935 duas
3487 1893 3598 1943 res,

2013 1978 2357 2033 tolerantiam
2394 1977 2645 2033 videlicet
2696 1975 3069 2032 molestiarum
3117 1980 3172 2028 et
3208 1969 3602 2042 plenitudinem

2011 2070 2274 2136 scientiae,
2339 2070 2393 2126 id
2441 2078 2526 2126 est
2589 2083 2685 2139 per
2735 2067 3063 2123 charitatem
3085 2064 3182 2119 Dei
3233 2072 3289 2119 et
3337 2060 3601 2133 proximi,

2010 2158 2289 2228 plenitudo
2308 2161 2452 2215 enim
2467 2159 2600 2231 legis
2626 2159 2886 2215 Charitas.

2087 2305 2108 2330 ο
2152 2292 2207 2346 In
2231 2292 2390 2348 editis
2423 2292 2798 2347 desiderantur
2817 2293 2935 2346 hmc
2957 2291 3140 2351 verba.
3170 2297 3227 2343 ut
3268 2286 3363 2341 alii
3386 2293 3598 2355 putant.

2084 2362 2110 2401 ἀ
2155 2363 2306 2429 lsid.,
2340 2372 2633 2419 comment.
2677 2363 2733 2417 in
2761 2362 2926 2428 Gem,
2956 2377 3078 2431 cap.
3111 2361 3166 2416 5.

1548 2664 1719 2707 ANNO
1764 2664 1996 2708 DOMINI
2040 2663 2355 2709 DCCXCVII.

774 2822 2064 3131 ADRIANUS
2213 2826 2862 3037 PAPA
3009 2834 3173 3038 ι.

1110 3283 1698 3398 ADRIANI
1783 3281 2188 3396 PAP/E
2279 3284 2319 3394 Ι
2405 3279 2799 3399 VlTA.

1549 3520 1641 3582 [Ex
1668 3520 1821 3570 Manst
1843 3519 1987 3582 ampl.
2013 3518 2159 3571 Cone.
2187 3517 2416 3582 Collect.)

393 3761 660 3819 Adrianus
684 3799 700 3824 ,
728 3756 948 3813 natione
970 3754 1246 3810 Romanus
1263 3794 1278 3819 ,
1305 3769 1373 3808 ex
1391 3760 1546 3823 patre
1579 3750 1868 3805 Theodoro
1886 3718 1914 3815 ,’
1932 3750 1981 3815 C
2009 3749 2206 3812 editus,
2261 3748 2483 3820 elegans
2510 3760 2565 3804 et
2608 3747 2772 3805 nimis
2800 3762 3032 3821 persona
3064 3752 3387 3810 decorahilis
3415 3796 3431 3821 ,
3467 3771 3604 3813 con~

320 3855 390 3912 de
418 3853 636 3923 regione
660 3848 760 3904 Via
786 3846 940 3911 Lata,
978 3844 1118 3900 sedit
1143 3859 1287 3899 anno
1310 3842 1406 3908 ‘25,
1435 3856 1649 3897 menses
1676 3839 1765 3907 10,
1792 3840 1909 3896 dies

323 3946 414 4001 Π.
452 3943 551 3999 Vir
592 3938 751 3992 valde
774 3936 1071 4006 prmclarus
1111 3941 1167 3988 et
1194 3933 1515 3990 nobilissimi
1547 3932 1764 4003 generis
1784 3946 1911 4000 pro-

324 4035 473 4105 sapia
500 4037 675 4095 ortus,
706 4034 867 4096 atque
898 4023 1286 4096 potentissimis
1313 4023 1573 4078 Romanis
1596 4022 1912 4091 parentibus

397 4202 424 4231 ι
451 4186 739 4244 Adrianus.
768 4180 924 4238 Anno
950 4177 1324 4249 Redemptoris
1343 4177 1516 4235 nostri
1544 4176 1647 4231 772
1664 4218 1679 4243 ,
1706 4176 1914 4249 mensis

324 4256 608 4317 Februarii
649 4254 736 4310 die
770 4267 913 4308 nono
936 4293 951 4318 ,
983 4246 1193 4307 summa
1219 4249 1460 4304 omnium
1487 4246 1776 4318 concordia
1800 4289 1814 4312 ,
1845 4264 1912 4304 ex

325 4329 586 4388 cardinali
611 4326 856 4390 diacono,
885 4331 1047 4393 prout
1071 4320 1422 4393 constitutum
1448 4326 1566 4393 erat
1591 4359 1624 4393 ,_
1641 4317 1914 4393 Adrianus

324 4402 459 4459 civis
473 4400 770 4462 Romanus,
787 4389 954 4450 nobili
978 4392 1235 4463 progenie
1258 4400 1434 4463 natus,
1460 4389 1551 4461 qui
1574 4390 1760 4459 pietati
1784 4406 1815 4463 ιι
1842 4399 1917 4463 ιε-

324 4471 474 4529 neris
495 4461 842 4531 assuevisset,
869 4461 1103 4533 ideoque
1117 4478 1148 4517 a
1166 4461 1331 4517 Paulo
1356 4461 1410 4516 in
1439 4476 1724 4533 numerum
1760 4461 1913 4533 cleri,

328 4557 360 4598 a
387 4541 661 4610 Stephano
684 4538 740 4591 in
761 4530 1046 4610 numerum
1090 4533 1442 4610 cardinalium
1473 4531 1675 4610 ascitus
1699 4530 1911 4610 fuisset,

326 4601 570 4669 omnium
598 4622 865 4663 consensu
905 4606 960 4660 in
1002 4603 1312 4669 pontificem
1354 4602 1558 4658 electus
1594 4601 1714 4657 fuit.
1758 4602 1915 4658 Initio

329 4679 672 4754 pontificatus
682 4672 1675 4754 rele‘gawsabexsilio,incarceratose
1687 4673 1736 4727 vi
1739 4672 1915 4754 nculis

329 4743 385 4807 et
408 4748 718 4807 carceribus
739 4743 1004 4801 liberavit.
1021 4744 1299 4799 Desiderio
1311 4744 1422 4813 regi
1439 4743 1915 4813 Longobardorum

327 4837 427 4893 per
443 4821 649 4897 legatos
667 4816 959 4897 amicitiam
973 4822 1028 4870 et
1044 4814 1194 4897 pacis
1204 4812 1735 4897 confmderati‘onem,
1751 4829 1914 4897 quam

401 4884 547 4947 lebat
572 4929 588 4955 ,
626 4887 893 4959 principio
922 4886 1137 4957 negavit
1158 4893 1401 4959 ,_utp9te_
1420 4884 1511 4953 qui
1548 4884 1639 4959 bis
1664 4884 1916 4959 perjurus

355 4962 511 5018 actus
534 4954 668 5015 inita
688 4954 838 5030 pacis
878 4971 944 5012 ac
968 4954 1279 5030 concordiae
1294 4954 1501 5030 fcedera
1523 4954 1791 5024 rupisset;
1822 4956 1917 5011 sed

332 5048 457 5088 cum
472 5029 652 5102 legati
674 5021 829 5084 suam
842 5098 857 5102 _
871 5041 1083 5102 quoque
1108 5021 1267 5102 fidem
1285 5024 1469 5102 iurato
1489 5021 1912 5102 interponerent,

2012 3848 2181 3906 stans,
2227 3840 2393 3896 etiam
2419 3847 2581 3910 atque
2626 3838 2959 3897 fortissimus
2981 3843 3301 3901 orthodoxa:
3339 3846 3489 3913 fidei,
3539 3865 3605 3904 ac

2010 3930 2202 4000 patria:
2243 3945 2355 3985 suae
2396 3938 2451 3984 et
2491 3930 2664 4000 plebis
2698 3931 2801 3986 sibi
2852 3932 3155 3989 commissa:
3204 3934 3477 3991 defensor.
3510 3937 3606 3993 Vi-

2013 4023 2184 4077 riliter
2207 4038 2331 4077 cum
2358 4022 2453 4077 Dei
2491 4022 2691 4077 virtute
2718 4021 2954 4080 inimicis
2982 4032 3183 4081 sancta:
3212 4025 3308 4082 Dei
3342 4026 3604 4084 Ecclesiae

2013 4179 2377 4246 sacrarentur,
2423 4180 2586 4243 atque
2624 4174 2990 4246 itaseditione
3026 4175 3171 4232 inter
3196 4176 3379 4234 Gallos
3409 4190 3561 4237 mota
3583 4222 3600 4246 ,

2013 4242 2129 4324 ipse
2173 4243 2379 4298 interea
2397 4242 2589 4324 “totum
2625 4244 2833 4324 Italiam
2892 4245 3392 4324 Longobardorum
3431 4242 3605 4324 regno

2014 4313 2343 4383 subjugaret.
2396 4313 2505 4370 Sed
2545 4329 2669 4369 cum
2701 4313 2902 4371 Paulus
2949 4313 3318 4374 cubicularius
3358 4319 3428 4375 de
3466 4313 3605 4378 new

2015 4383 2193 4455 Sergii
2222 4394 2508 4459 accusatus
2526 4424 2542 4450 ,
2568 4384 2749 4459 Leone
2788 4386 3193 4458 archiepiscopo
3224 4402 3557 4459 procurante
3585 4434 3603 4459 ,

2014 4462 2204 4513 contra
2233 4455 2548 4533 mandatum
2570 4464 2626 4533 et
2650 4455 2983 4533 voluntatem
3028 4455 3257 4533 Adriani
3286 4475 3460 4530 papae,

2015 4527 2337 4600 sententiam
2364 4522 2569 4600 iudicis
2592 4526 2909 4600 interfectus
2924 4538 3098 4600 esset,
3136 4522 3379 4600 adeoriué
3407 4522 3473 4588 de
3510 4522 3610 4589 'ac-

2014 4611 2169 4678 eessu
2195 4596 2262 4651 ad
2291 4611 2476 4678 regem
2486 4596 2631 4678 pihil
2652 4597 2895 4678 pontifici
2921 4598 3265 4678 innotuisset,
3289 4596 3610 4678 Desiderius

2016 4669 2130 4744 ipse
2155 4682 2284 4722 suos
2309 4665 2459 4722 misit
2486 4665 2716 4722 Romam
2737 4667 2942 4744 legatos
2958 4707 2974 4733 ,
3000 4670 3093 4738 qui
3131 4669 3430 4744 intentione
3461 4674 3613 4744 regis

2015 4741 2205 4796 eadem
2241 4752 2347 4809 qua
2385 4752 2582 4808 supra,
2610 4752 2805 4808 papam
2843 4740 2912 4793 ad
2950 4755 3011 4795 se
3037 4742 3417 4809 perducerent.
3461 4740 3614 4800 Pon-

2014 4810 2147 4864 tifex
2182 4807 2284 4863 ista
2322 4807 2590 4879 legatione
2613 4807 2885 4863 invitatus
2912 4807 3189 4879 respondit
3220 4827 3279 4867 se
3316 4823 3612 4871 venturum

2015 4882 2081 4935 ad
2108 4895 2288 4950 regem
2309 4886 2431 4948 post
2458 4879 2698 4949 direptas
2731 4886 2787 4934 et
2816 4879 3015 4950 injuste
3051 4881 3269 4938 invasas
3305 4885 3470 4940 urbes
3510 4885 3615 4941 Ec-

2014 4948 2193 5008 clesiai
2214 4949 2471 5027 Romanae
2490 4948 2786 5027 restitutas.
2799 4948 2962 5027 Addit
2983 4951 3301 5027 legationem
3318 4969 3470 5011 suam
3485 4971 3613 5027 qua:

2017 5038 2125 5097 suo
2139 5030 2196 5077 et
2222 5019 2390 5097 totius
2405 5020 2660 5097 Ecclesia;
2686 5022 2913 5097 nomine
2927 5019 3090 5078 urbes
3112 5031 3170 5097 et
3183 5022 3309 5097 jura
3337 5019 3607 5097 occupata

330 5091 579 5172 petitioni
600 5100 814 5172 illorum
827 5091 1395 5172 detuli_i,concedendo
1417 5095 1471 5172 id
1493 5091 1917 5172 quod'instanter
1943 5102 1993 5163 ι)
2020 5094 2304 5172 reciperet.
2355 5091 2463 5172 Sed
2479 5108 2609 5172 cum
2632 5106 2739 5172 rex,
2756 5092 3080 5172 sacrilegus,
3106 5094 3174 5149 ad
3189 5091 3284 5150 sui
3333 5091 3610 5172 totiusque

333 5165 675 5251 expetebant.
710 5168 1142 5251 legatisvix
1168 5167 1240 5251 _ab
1260 5168 1394 5251 urbe
1422 5165 1677 5251 dimissis,
1700 5167 1916 5251 nuntia:

334 5234 451 5312 tum
496 5250 575 5298 est
620 5239 764 5312 quod
800 5234 1114 5312 Desiderius
1138 5236 1407 5312 ducatum
1431 5234 1835 5312 Ferrariensem
1859 5246 1915 5292 et

336 5306 705 5368 Ravennatém
721 5308 1069 5367 exarcbatum
1080 5351 1094 5376 ,
1106 5308 1343 5377 aliasque
1365 5307 1529 5362 urbes
1539 5322 1570 5361 a
1585 5306 1917 5377 Francorum

339 5382 558 5455 regibus
594 5382 710 5437 sedi
742 5380 1051 5455 apostolica:
1075 5376 1304 5435 donatas
1330 5378 1640 5455 invasisset,
1667 5376 1919 5455 quodque

338 5447 494 5506 urbis
516 5447 795 5508 Ravennm'
815 5450 1151 5506 obsidionem
1182 5456 1419 5519 pararet.
1464 5447 1643 5519 Quare
1664 5447 1831 5503 misso
1850 5447 1918 5503 ad

340 5519 491 5574 illum
516 5520 681 5576 Paulo
707 5519 1036 5576 cubiculario
1052 5560 1067 5584 ,
1096 5518 1421 5574 munitiones
1441 5534 1578 5587 quas
1605 5518 1877 5587 invaserat
1901 5558 1917 5585 ,

341 5589 446 5644 sibi
472 5589 621 5643 reddi
652 5590 919 5656 postulat;
967 5589 1057 5643 ille
1100 5603 1228 5643 vero
1255 5604 1361 5643 non
1386 5586 1543 5643 aliter
1576 5588 1631 5642 id
1674 5586 1919 5643 futurum

2016 5165 2170 5237 regni
2179 5163 3091 5237 Longobardoruminterneeionem
3105 5178 3358 5237 pergens,
3369 5163 3608 5223 oblatam

2016 5235 2383 5290 conditionem
2409 5248 2515 5289 non
2540 5236 2705 5306 modo
2736 5249 2843 5306 non
2876 5235 3418 5306 acceptaret,verum
3444 5239 3611 5293 etiam

2017 5307 2169 5361 urbis
2192 5306 2377 5361 Roma:
2399 5304 2738 5363 obsidionem
2762 5304 3082 5371 minaretur,
3105 5306 3351 5376 pontifex
3373 5309 3614 5364 sanctis-

2020 5377 2213 5443 simus,
2239 5377 2375 5432 urbe
2413 5376 2632 5446 interim
2654 5376 2862 5446 munita
2881 5416 2896 5441 ,
2923 5375 3245 5446 legationem
3270 5379 3608 5433 maritimam

2019 5447 2259 5519 misit_ad
2283 5445 2540 5519 Carolum
2564 5461 2746 5519 regem
2769 5445 3103 5519 Francorum
3122 5487 3137 5511 ,
3164 5453 3225 5519 ut
3253 5449 3501 5519 exemplo
3520 5463 3612 5519 pa-

2021 5516 2123 5571 tris
2174 5517 2613 5587 Pippiniicontra
2671 5515 3152 5587 Longohardorum
3203 5515 3608 5574 infestationem

2026 5587 2323 5658 Romanam
2370 5586 2667 5658 Ecclesiam
2704 5586 2976 5658 defendat.
3022 5586 3373 5643 Subvenisset
3420 5589 3608 5658 utique

343 5657 639 5727 respondit,
657 5671 819 5727 quam
838 5658 884 5727 sl
900 5658 1018 5727 ipse
1035 5657 1278 5727 pontifex
1296 5658 1363 5727 ad
1381 5672 1440 5712 se
1462 5657 1692 5727 veniret,
1714 5658 1922 5713 scilicet
2024 5656 2347 5726 periclitanti
2367 5656 2622 5712 Ecclesiae
2642 5670 2736 5711 rex
2759 5657 3053 5727 piissimus,
3083 5658 3130 5712 si
3156 5672 3265 5713 non
3292 5658 3442 5713 illum
3463 5656 3609 5714 frau-

346 5732 407 5783 ut
431 5723 531 5780 hac
554 5723 836 5779 occasione
858 5723 952 5778 filii
978 5723 1377 5791 carolomanni,
1406 5740 1558 5795 reges
1577 5725 1765 5783 Gallia:
1792 5743 1920 5794 conx

2026 5728 2241 5813 dulenta
2262 5728 2553 5811 rbasiderii
2596 5743 2694 5798 per
2725 5728 2930 5799 legatos
2954 5728 3021 5784 de
3063 5728 3325 5785 restitutis
3352 5729 3607 5785 Romana:
