3962 6166
466 394 594 448 ητι

1786 388 2063 444 ADRIANI
2102 389 2303 444 PAPIE
2343 392 2363 445 l

3573 400 3717 455 “72

462 504 830 562 Vehementius
874 502 1185 568 inSislebal,
1222 503 1405 558 sedule
1444 517 1796 573 perseverans
1856 503 1910 557 in
1942 517 2031 557 ec-
2060 508 2105 566 Α
2133 504 2421 573 mancipati
2456 519 2521 558 ac
2542 507 2738 561 retrusi
2761 514 2933 570 erant,
2965 506 3169 562 absolvi
3204 507 3363 574 fecit,
3401 518 3458 564 et
3496 510 3570 565 ita
3600 528 3717 567 om-

462 598 623 653 clesia
651 595 821 650 sancti
847 594 1031 661 Marci,
1068 610 1188 663 qua:
1215 595 1391 649 vicina
1416 594 1600 650 domui
1648 610 1759 650 sure
1788 608 1909 650 esse
1949 594 2030 647 vi-

462 688 633 743 detur.
664 685 777 741 Illic
818 686 1037 741 crebras
1068 685 1180 739 Deo
1216 692 1403 739 nostro
1430 683 1701 739 referebat
1724 685 1811 739 die
1840 692 2029 739 noctu-

459 794 563 849 que
587 778 797 842 laudes,
842 777 1169 846 indutusque
1206 776 1384 831 cilicio
1402 773 1622 844 jejuniis
1653 782 1852 846 corpus
1875 790 2030 830 suum

460 870 769 925 macerabat
796 909 810 933 ,
868 876 922 921 et
979 866 1375 937 eleemosynam
1437 866 1782 921 enucleanter
1848 866 2034 935 egenis

382 1012 391 1021 ,
457 969 515 1016 et
562 959 809 1028 inopibus
828 957 982 1026 juxta
1034 956 1409 1026 possibilitatis
1460 971 1572 1010 suae
1612 955 1756 1028 vires
1804 955 2036 1011 libenter

395 1112 399 1116 1
459 1038 746 1107 tribuebat.
780 1049 1013 1119 Ejusque
1048 1050 1203 1104 home
1232 1049 1460 1126 actionis
1485 1050 1675 1104 merita
1706 1050 1760 1103 in
1794 1050 2034 1104 omnium

461 1142 822 1196 Romanorum
853 1155 1011 1195 aures
1037 1138 1349 1210 frequenter
1384 1141 1727 1204 resonabant,
1763 1141 1837 1195 ita
1883 1149 1946 1194 ut
1971 1156 2037 1195 ex

458 1231 560 1286 hoc
580 1230 876 1287 nobilitatis
905 1246 970 1285 ac
994 1230 1265 1300 pudicitia:
1290 1229 1458 1298 ipsius
1487 1228 1626 1283 fama
1654 1229 1810 1299 longe
1825 1229 2039 1299 lateque

458 1326 843 1396 ilivulgaretur.
876 1323 1041 1392 Cujus
1084 1324 1187 1393 pite
1213 1323 1641 1379 conversationis
1677 1322 1843 1376 vitam
1881 1323 2041 1392 spiri-

460 1419 677 1485 tualem,
717 1418 1107 1488 operationem,
1159 1433 1222 1472 ac
1263 1417 1561 1487 praecipuos
1598 1432 1776 1472 mores
1827 1416 2041 1485 conspi-

458 1512 607 1566 ciens
655 1519 858 1566 sanctae
908 1508 1299 1565 recordationis
1352 1509 1580 1563 domnus
1631 1507 1828 1563 Paulus
1877 1522 2037 1578 papa,

456 1618 578 1656 eum
614 1602 861 1657 clericari
883 1599 1065 1669 jussit,
1098 1614 1259 1669 quem
1286 1600 1558 1654 notarium
1589 1599 1957 1669 regionarium
1986 1598 2042 1652 in

457 1694 696 1749 Ecclesia
729 1693 1083 1757 constituens,
1120 1691 1460 1762 postmodum
1491 1705 1615 1745 eum
1656 1690 2042 1745 subdiaconum

457 1784 603 1839 fecit.
646 1784 784 1838 Dum
820 1798 946 1836 vero
976 1790 1097 1852 post
1148 1780 1429 1837 decessum
1475 1781 1655 1835 domni
1694 1780 1845 1835 Pauli
1892 1795 2043 1850 papae

2130 594 2286 649 nibus
2343 595 2547 664 pariter
2611 612 2734 651 cum
2792 610 2858 650 eo
2905 598 3299 653 exsultantibus
3351 600 3714 668 pontiﬁcalem

2130 685 2239 739 Deo
2273 686 2489 755 auspice
2518 687 2752 756 suscepit
2798 688 3280 743 consecrationem.
3307 689 3492 760 Itaque
3518 691 3572 745 in
3600 692 3715 761 ipsi:

2131 774 2352 829 exordio
2404 776 2826 831 consecrationis
2876 774 2992 844 ejus
3039 776 3240 831 direxit
3282 776 3350 831 ad
3392 777 3509 846 ejus
3548 780 3717 834 beati-

2134 865 2373 920 tudinem
2443 881 2570 920 suos
2626 866 2819 920 missos
2874 866 3184 921 Desiderius
3237 867 3713 938 Langobardorum

2135 971 2249 1022 rex,
2276 956 2331 1011 id
2357 965 2458 1022 est,
2486 957 2852 1013 Theodocium
2888 957 3337 1030 [Theodorieum]
3360 959 3552 1015 ducem
3580 961 3714 1030 Spo-

2136 1048 2380 1115 letinum,
2400 1049 2715 1104 Tunnonem
2732 1047 3097 1122 [Tunnorum]
3112 1051 3300 1105 ducem
3320 1050 3514 1106 Eburte
3536 1054 3709 1122 regiae,

2137 1147 2191 1194 et
2222 1138 2549 1194 Prandulum
2578 1140 2894 1194 vestiarium
2941 1156 3098 1194 suum
3120 1180 3135 1203 ,
3188 1141 3458 1195 suasionis
3493 1157 3590 1212 per
3623 1158 3714 1197 eos

2137 1231 2358 1285 mittens
2390 1231 2555 1286 verba
2583 1248 2596 1283 :
2621 1245 2741 1286 sese
2784 1230 2941 1300 quasi
2964 1245 3086 1285 cum
3113 1245 3179 1285 eo
3205 1230 3258 1284 in
3285 1231 3500 1287 vinculo
3537 1232 3713 1287 chari-

2139 1324 2268 1377 tatis
2288 1322 2423 1376 velle
2451 1322 2831 1392 colligandum.
2872 1322 3079 1389 Quibus
3115 1324 3190 1377 ita
3221 1324 3339 1393 ipse
3371 1324 3712 1379 beatissimus

2095 1412 2100 1416 ’
2137 1412 2378 1482 pontifex
2427 1412 2712 1482 respondit
2738 1412 2923 1468 dicens
2954 1431 2966 1466 :
2999 1413 3113 1484 Ego
3138 1414 3357 1483 quidem
3393 1428 3507 1467 cum
3537 1417 3714 1469 omni—

2096 1552 2099 1553 ν
2139 1504 2241 1559 bus
2269 1502 2595 1559 Christianis
2620 1517 2810 1573 pacem
2855 1504 3012 1574 cupio
3035 1506 3255 1570 habere,
3298 1507 3459 1560 etiam
3487 1512 3539 1559 et
3581 1522 3710 1560 cum

2092 1622 2099 1627 τ
2140 1594 2331 1649 eodem
2375 1593 2651 1649 Desiderio
2696 1609 2821 1664 rege
2871 1602 3071 1660 vestro,
3121 1595 3175 1648 in
3213 1610 3278 1649 ea
3331 1593 3543 1649 foederis
3572 1610 3707 1664 pace

2096 1705 2102 1713 ν
2141 1701 2260 1755 quae
2302 1686 2443 1743 inter
2475 1686 2765 1751 Romanos,
2815 1685 3053 1741 Francos
3078 1694 3131 1740 et
3160 1686 3539 1758 Longobardos
3582 1703 3711 1742 con-

2141 1776 2351 1832 ﬁrmata
2386 1785 2469 1832 est
2493 1818 2508 1843 ,
2536 1778 2762 1834 studebo
2788 1793 3127 1848 permanere.
3169 1778 3275 1834 Sed
3298 1781 3565 1847 quomodo
3590 1797 3709 1851 pos-

458 1876 527 1930 ad
573 1874 915 1943 pontificatus
959 1872 1173 1927 culmen
1215 1880 1505 1941 provectus
1562 1871 1751 1926 fuisset
1803 1871 2038 1926 domnus
2068 1866 2111 1927 B
2140 1885 2258 1924 sum
2310 1869 2531 1924 credere
2578 1870 2750 1947 eidem
2783 1870 2897 1940 regi
2936 1879 3137 1936 vestro,
3187 1872 3239 1925 in
3267 1887 3334 1927 eo
3361 1874 3501 1940 quod
3547 1875 3710 1928 subti-

462 1965 767 2034 Stephanus
796 1963 1064 2018 secundus
1107 1962 1257 2035 [Bar.
1307 1962 1521 2035 tertius]
1567 1962 1753 2032 junior
1786 1978 1942 2032 papa,
1983 1970 2038 2017 et

460 2059 573 2127 ipse
594 2070 824 2111 cernens
845 2053 1084 2123 ejusdem
1110 2054 1406 2109 beatissimi
1431 2053 1656 2109 Adriani
1680 2052 2039 2123 spiritualium

456 2147 930 2205 conversationum
978 2146 1169 2201 merita
1196 2186 1211 2210 ,
1261 2145 1315 2200 in
1356 2144 1590 2214 diaconii
1625 2144 1870 2200 ordinem
1912 2158 2039 2199 eum

456 2237 721 2308 provexit.
760 2237 829 2290 Et
872 2245 1072 2292 extune
1117 2235 1488 2305 multipliciter
1526 2234 1895 2304 spiritualibus
1917 2234 2035 2304 pol-

457 2329 570 2384 lens
608 2327 822 2391 studiis,
851 2327 1141 2381 maximam
1169 2336 1275 2380 tam
1325 2327 1392 2381 ad
1417 2325 1895 2395 evangelizandum
1943 2340 2039 2394 po-

455 2421 579 2490 pulo
600 2421 831 2475 solerter
868 2435 932 2475 ac
953 2419 1098 2474 clare
1127 2419 1307 2474 divina
1340 2428 1501 2486 atque
1536 2417 1844 2489 evangelica
1872 2418 2037 2472 verba

454 2527 723 2584 quamque
749 2514 818 2567 ad
843 2511 1204 2568 exercendam
1237 2511 1661 2567 ecclesiasticam
1696 2510 2040 2566 traditionem

454 2605 619 2675 gessit
665 2618 872 2657 curam.
918 2603 986 2656 Et
1019 2602 1091 2655 ita
1119 2602 1351 2671 Spiritus
1385 2590 1557 2656 sancti
1606 2601 1783 2671 gratia
1831 2601 1886 2656 in
1921 2598 2038 2669 ejus

454 2692 615 2747 corde
676 2690 931 2757 refulsit,
988 2692 1123 2746 utin
1168 2692 1420 2747 omnibus
1471 2690 1659 2746 efficax
1708 2691 2040 2762 idoneusque

459 2784 928 2851 comprobaretur.
963 2782 1163 2852 Sicque
1226 2782 1428 2838 factum
1480 2790 1653 2837 estut
1703 2783 1830 2838 dum
1851 2783 1919 2838 de
1936 2783 2039 2839 hac

452 2874 566 2928 vita
614 2873 876 2943 migraret
925 2873 1198 2928 antefatus
1230 2874 1464 2928 domnus
1519 2872 1825 2944 Stephanus
1855 2890 1992 2945 papa
2020 2915 2035 2941 ,

455 2965 599 3019 illico
627 2965 777 3035 (dum
821 2964 1230 3020 ferventissimo
1261 2965 1456 3019 affectu
1505 2979 1534 3018 a
1564 2965 1758 3034 populo
1795 2965 2039 3022 Romano

453 3055 632 3126 dilige.
648 3054 788 3126 etur)
807 3056 945 3110 idem
972 3056 1272 3125 praecipuus
1285 3071 1349 3111 ac
1364 3056 1737 3112 sanctissimus
1763 3056 1848 3111 vir
1868 3067 1923 3112 et
1941 3058 2038 3113 Dei

454 3147 630 3202 cultor
649 3145 915 3202 Adrianus
960 3147 1029 3201 ad
1055 3162 1270 3202 sacrum
1296 3147 1642 3217 pontiﬁcatus
1662 3148 1867 3203 electus
1896 3147 2036 3220 [ere-

2137 1960 2242 2015 lius
2290 1960 2420 2015 mihi
2474 1969 2675 2015 sancta:
2721 1960 3110 2015 recordationis
3154 1962 3519 2032 praedecessor
3566 1980 3711 2019 meus

2092 2046 2097 2119 ί
2138 2052 2368 2107 domnus
2411 2052 2717 2120 Stephanus
2746 2067 2883 2122 papa
2934 2054 3000 2108 de
3055 2052 3393 2109 fraudulenta
3446 2054 3566 2124 ejus
3616 2056 3711 2110 tidc

2136 2143 2361 2199 retulit?
2390 2144 2638 2212 inquiens
2677 2145 2822 2212 quod
2861 2144 3045 2199 omnia
3092 2144 3169 2198 illi
3198 2145 3459 2200 mentitus
3504 2145 3708 2207 fuisset,

2138 2252 2258 2306 quze
2303 2236 2354 2290 ei
2382 2236 2437 2290 in
2464 2251 2660 2305 corpus
2708 2236 2851 2291 beati
2879 2236 3022 2291 Petri
3052 2234 3409 2305 jurejurando
3444 2239 3708 2307 promisit,

2137 2344 2236 2399 pro
2261 2327 2485 2397 justitiis
2508 2337 2707 2384 sancta:
2727 2328 2822 2384 Dei
2839 2329 3088 2384 Ecclesia:
3114 2328 3394 2396 faciendis,
3416 2342 3473 2386 et
3488 2341 3712 2387 tantum-

2139 2421 2298 2475 modo
2343 2435 2440 2488 per
2482 2436 2639 2475 suum
2671 2420 2947 2474 inimicum
3001 2419 3288 2493 [iniquum]
3340 2432 3710 2492 argumentum

2137 2511 2255 2564 erui
2299 2510 2426 2565 fecit
2451 2510 2637 2565 oculos
2687 2509 3064 2580 Christophori
3112 2512 3407 2582 primicerii
3460 2522 3516 2567 et
3545 2514 3710 2583 Sergii

2139 2600 2491 2655 sccundicerii
2536 2600 2633 2654 filii
2666 2599 2802 2669 ejus,
2834 2616 3093 2671 suamque
3133 2601 3466 2656 voluntatem
3495 2602 3563 2656 de
3592 2606 3711 2674 ipsis

2139 2688 2345 2743 duobus
2371 2688 2686 2757 proceribus
2709 2688 2962 2743 Ecclesiae
2992 2690 3250 2759 explevit,
3295 2691 3440 2746 unde
3463 2691 3709 2745 damnum

2139 2778 2310 2848 magis
2354 2786 2410 2833 et
2437 2777 2814 2832 detrimentum
2865 2780 3022 2834 nobis
3060 2780 3252 2835 detulit
3285 2782 3534 2855 [intulit].
3585 2783 3707 2836 Nam

2141 2870 2346 2924 nullum
2359 2868 2656 2940 profectum
2672 2870 2725 2923 in
2742 2870 2919 2925 causis
2941 2872 3248 2941 apostolicis
3275 2875 3571 2944 impertivit
3585 2917 3600 2940 ,
3625 2876 3710 2929 Sed

2140 2970 2194 3015 et
2226 2961 2330 3016 hoc
2370 2960 2540 3016 isdem
2590 2976 2742 3016 meus
2777 2962 3138 3031 praedecessor
3174 2980 3272 3033 pro
3298 2964 3586 3020 dilectione
3613 2982 3711 3034 qua

2138 3069 2266 3124 erga
2301 3069 2387 3109 me
2422 3070 2577 3108 suum
2611 3053 2865 3123 pusillum
2912 3054 3129 3119 habuit,
3178 3056 3311 3110 mihi
3343 3058 3550 3122 retulit,
3593 3058 3711 3127 quia

2141 3147 2268 3201 dum
2312 3146 2379 3200 ad
2428 3160 2552 3199 cum
2600 3147 2942 3214 postmodum
2985 3162 3110 3201 suos
3164 3149 3359 3203 missos
3408 3150 3711 3214 direxisset,

454 3234 597 3308 etus]
614 3234 943 3290 estculmen.
964 3235 1062 3289 llic
1076 3246 1309 3304 namque
1326 3236 1379 3290 in
1404 3236 1517 3306 ipsa
1531 3218 1932 3293 electionissuze
1953 3238 2038 3293 die
2066 3218 2111 3280 ο
2141 3239 2388 3294 videlicet
2422 3238 2766 3294 Anastasium
2806 3240 3039 3310 primum
3081 3238 3419 3296 defensorem
3468 3251 3521 3297 et
3561 3241 3715 3297 Gem-

412 3400 420 3407 .
454 3326 735 3382 confestim
763 3329 948 3382 eadem
976 3328 1109 3382 hora
1138 3343 1244 3397 qua
1272 3328 1475 3383 electus
1502 3336 1616 3394 est,
1667 3329 1867 3384 reverti
1911 3328 2042 3385 fecit

453 3418 660 3489 iudices
682 3420 800 3475 illos
826 3418 985 3487 hujus
1013 3419 1270 3475 Romana:
1295 3420 1448 3475 urbis
1475 3427 1587 3474 tam
1616 3419 1682 3475 de
1709 3419 1856 3475 clero
1879 3434 2039 3489 quam

457 3516 523 3569 de
555 3514 765 3578 militia,
804 3514 893 3584 qui
930 3514 983 3567 in
1015 3514 1265 3568 exsilium
1295 3514 1359 3568 ad
1390 3513 1672 3568 transitum
1699 3512 1753 3586 [a
1787 3511 2039 3585 transitu]

458 3603 639 3660 domui
664 3602 923 3672 Stephani
959 3617 1110 3672 papa:
1137 3602 1285 3657 missi
1319 3601 1534 3657 fuerant
1562 3619 1593 3657 a
1631 3602 1799 3658 Paulo
1824 3603 2043 3658 cubicu—

458 3693 595 3748 lario
616 3700 971 3761 cognomento
997 3692 1204 3749 Aﬁarta
1226 3700 1280 3749 et
1308 3692 1429 3748 aliis
1457 3694 1833 3749 consentaneis
1864 3693 2042 3763 impiis

459 3782 803 3836 satellitibus.
837 3780 945 3836 Sed
975 3789 1029 3835 et
1061 3782 1298 3851 reliquos
1324 3790 1383 3836 ut
1411 3784 1503 3852 qui
1539 3784 1592 3837 in
1619 3792 1766 3839 arcta
1798 3784 2043 3839 custodia

459 3895 576 3948 dari
603 3909 917 3965 exposcens,
947 3894 1090 3948 cum
1110 3895 1224 3950 sine
1264 3896 1466 3965 findere
1488 3896 1604 3965 ejus
1633 3896 1829 3952 fuerim
1857 3899 2041 3953 inimi-

458 3979 582 4036 cus.
614 3983 633 4015 ι
694 3964 819 4017 Haec
843 3963 1198 4036 Theophanes
1221 3965 1284 4018 de
1303 3963 1666 4036 Copronymo.
1743 3968 1818 4022 De
1853 3970 2041 4023 eodem

458 4031 595 4104 illud
609 4032 957 4104 memorabile
988 4031 1253 4104 greferunt
1291 4031 1464 4090 (ἶνεέρί
1491 4031 1781 4104 scriptores
1830 4052 2039 4103 omnes,

456 4103 601 4173 quod
629 4118 750 4157 cum
772 4102 1069 4157 infantulus
1092 4118 1123 4155 a
1151 4112 1340 4158 sancto
1369 4102 1639 4159 Germano
1668 4102 2044 4161 Constantino;

418 4173 696 4244 tpolitano
747 4173 1000 4242 episcopo
1025 4173 1410 4241 baptizaretur,
1461 4184 1866 4230 sacrosanctum
1890 4176 2039 4232 lava-

421 4244 608 4323 gerum
637 4254 877 4323 stercore
900 4258 997 4299 suo
1025 4244 1400 4323 conspurcarit
1417 4254 1473 4300 et
1492 4244 1859 4323 defmdaverit,
1886 4247 2042 4323 ideo-

420 4313 440 4371 3
456 4329 562 4397 que
589 4330 785 4397 nomen
812 4313 1125 4396 Capronymi
1152 4314 1438 4397 acceperit,
1470 4325 1524 4370 et
1546 4316 1690 4385 quod
1704 4317 1928 4397 magicis
1952 4334 2041 4372 ar-

459 4385 622 4457 tibus,
664 4385 967 4457 dazmonnm
998 4385 1428 4457 invocatiouibus
1464 4402 1529 4441 ac
1576 4385 1877 4451 sacriﬁciis,
1917 4404 2042 4457 per-

456 4455 822 4512 secutionibus
843 4465 1151 4509 sanctarum
1176 4455 1546 4521 ecclesiarum,
1577 4466 1738 4512 rectae
1766 4465 1819 4511 et
1850 4455 2040 4512 im‘ma-

456 4526 647 4583 culata:
673 4525 818 4597 fidei,
850 4525 1079 4597 luxuriis
1120 4525 1485 4597 et_eaballinis
1511 4528 1839 4583 stercoribus
1876 4538 2038 4597 atque

460 4597 590 4667 lotio
604 4595 1154 4667 delectatus,nomine
1173 4594 1433 4667 Calmllini
1453 4599 1830 4667 agnominatus
1853 4594 2032 4653 fuerit.

464 4686 481 4716 ι
517 4666 821 4737 Tantopere
848 4666 1045 4737 enim.)
1073 4665 1664 4737 inquitTheostei-ictus
1682 4669 1914 4737 scriptor
1936 4670 2035 4724 hu-

452 4736 542 4807 jus
582 4736 840 4807 temporis
881 4735 934 4807 in
988 4735 1191 4807 Niceta,
1227 4755 1243 4787 (
1272 4736 1510 4807 sordiam
1558 4746 1613 4791 et
1660 4735 2035 4806 impurissima:

458 4804 717 4877 cujusque
738 4806 816 4860 rei
836 4806 998 4877 odore
1025 4805 1164 4860 malo
1200 4804 1592 4877 delectabatur,
1639 4817 1698 4861 ut
1725 4804 2034 4863 animalium

460 4875 740 4932 brutorum
762 4876 1095 4947 stercoribus
1115 4890 1173 4930 se
1199 4875 1435 4939 illinirct,
1476 4884 1530 4929 ct
1558 4893 1650 4933 eos
1675 4878 1764 4947 qui
1791 4894 1915 4932 cum
1944 4879 2035 4935 illo

458 4956 634 5011 erant,
672 4947 725 5002 id
772 4945 949 5002 facere
967 4944 1182 5017 juberet
1225 4961 1361 5017 quos
1409 4948 1624 5017 amabat
1665 4944 1732 5003 ob
1756 4948 1914 5017 idque
1941 4950 2033 5004 be-

461 5019 619 5141 nijfne
647 5017 965 5087 accipiebat,
1003 5016 1148 5141 quod
1170 5016 1331 5070 rebus
1359 5016 1770 5073 malcolentibus
1819 5016 2033 5087 Semper

461 5090 524 5141 de
548 5096 838 5141 ectarctur.
878 5107 896 5138 ι
942 5087 1002 5141 Vi
1043 5094 1168 5140 eant
1213 5095 1500 5141 novatores
1522 5087 1885 5141 lconoclastaa.
1927 5104 2033 5141 uno

460 5087 838 5143 delectaretur.
878 5107 896 5138 ι
942 5087 1168 5142 Videant
1213 5095 1500 5156 novatores
1522 5087 1885 5152 lconoelastce,
1927 5104 2033 5156 quo

460 5158 811 5240 antesignano
839 5157 1152 5226 glorientur,
1193 5171 1405 5240 quoque
1441 5155 2036 5240 duce-sanctasimagi-

462 5244 558 5299 nes
586 5228 929 5299 impugncnt:
972 5236 1266 5299 agnoscant
1290 5227 1432 5299 idem
1456 5227 1770 5299 supplicium
1792 5230 1930 5297 apud
1960 5227 2038 5283 in-

462 5298 603 5352 feros
629 5294 687 5353 se
709 5294 955 5369 manere,
973 5294 1124 5365 cujus
1137 5295 1324 5369 judicii
1351 5294 1713 5367 ptaejudicium
1740 5294 2039 5369 antesigna-

461 5382 565 5439 nus
583 5383 770 5439 eorum
807 5368 1053 5439 proxime
1083 5367 1375 5439 moriturus
1417 5370 1712 5439 persensit.
1751 5400 1822 5410 —
1847 5368 1900 5423 In
1921 5367 2038 5424 bae-

464 5437 591 5502 rcsi,
605 5437 888 5520 impietate
909 5447 971 5518 et_
990 5437 1274 5519 sacrilegio
1289 5438 1428 5520 patri
1459 5438 1569 5494 Leo
1580 5440 1731 5520 lilins
1753 5440 2037 5520 successit,

461 5507 930 5580 quartoqueanno
949 5507 1170 5580 imperii
1192 5507 1223 5562 e
1252 5507 1359 5561 vita
1390 5508 1640 5580 decessit,
1677 5526 1870 5580 passus
1905 5511 2041 5564 infe-

467 5590 655 5647 rorum
672 5577 1045 5640 carbunculus,
1061 5578 1151 5646 qui
1169 5588 1385 5647 propter
1412 5579 1634 5634 nimium
1662 5577 1899 5635 amorem
1925 5596 2042 5635 car-

463 5644 813 5721 liunculot'nm
851 5644 1127 5721 lapidum2
1170 5644 1439 5703 coronant
1464 5650 1630 5721 beate
1664 5652 1895 5721 Virginis
1922 5666 2042 5721 car—

463 5716 708 5788 bunculis
734 5715 985 5788 pretiosis
1043 5715 1294 5788 refertam
1332 5718 1598 5788 sacrilege
1643 5715 1802 5788 capili
1836 5720 2042 5775 nefario

464 5787 716 5859 itttpcsv"
741 5795 799 5816 "”
879 5805 896 5855 ᾳ
927 5784 1098 5849 Tunc,
1130 5786 1303 5855 inquit
1330 5784 1721 5857 Theophanes,—
1742 5801 1892 5846 sexto
1925 5791 2043 5845 ldus

2069 4567 2119 4627 D

2142 3330 2343 3386 mulum
2400 3331 2825 3395 subdiaconum,
2888 3332 3179 3387 adhortans
3223 3348 3349 3387 eum
3383 3343 3443 3387 ut
3489 3349 3555 3388 ea
3603 3351 3715 3405 qua:

2140 3421 2551 3491 pmsenlialiter
2586 3423 2745 3478 beato
2772 3422 2930 3477 Petro
2959 3423 3227 3492 pollicitus
3257 3432 3343 3479 est
3379 3426 3711 3495 adimplent,

2142 3511 2324 3566 taliter
2366 3511 2417 3566 ei
2454 3496 2799 3581 per‘eosdem
2836 3513 3030 3568 missos
3060 3514 3255 3571 direxit
3309 3515 3365 3572 in
3413 3518 3711 3586 responsis:

2144 3601 2349 3658 Sullicit
2375 3602 2668 3671 apostolico
2697 3602 2969 3671 Stephano
2994 3606 3120 3673 quia
3148 3605 3245 3659 tuli
3269 3606 3717 3677 Christopborum

2143 3699 2197 3746 et
2232 3691 2479 3761 Sergium
2505 3692 2570 3747 de
2595 3692 2794 3757 medio,
2820 3693 2911 3762 qui
2940 3694 3010 3747 illi
3044 3695 3476 3761 dominabantur,
3526 3706 3580 3752 et
3614 3714 3711 3752 non

2144 3783 2221 3838 illi
2244 3783 2313 3839 sit
2355 3798 2575 3838 necesse
2604 3780 2846 3851 justitias
2891 3785 3261 3854 requirendos.
3309 3786 3445 3840 Nam
3475 3798 3640 3852 certe,
3672 3790 3711 3843 si

2144 3895 2497 3968 Septembris,
2538 3894 2830 3968 indictione
2852 3904 3064 3968 quarta,
3112 3896 3264 3952 lrcne
3310 3899 3553 3968 piissima
3599 3916 3714 3955 eum

2142 3967 2378 4049 tiliohsuo
2397 3966 2748 4049 Constantino
2768 3966 2997 4047 gloriose
3026 3966 3325 4049 llilpel'llm!
3349 3970 3608 4049 divinitus
3633 3988 3714 4049 ac-

2143 4036 2303 4105 cepit.
2338 4056 2355 4086 ι
2420 4036 2597 4105 Atque
2622 4034 2695 4106 ita
2724 4050 2821 4104 per
2851 4034 3246 4106 imperatricem
3275 4037 3535 4094 feminam
3559 4048 3613 4094 et
3638 4040 3711 4093 vi-

2145 4103 2327 4178 duam,
2394 4103 2595 4178 perque
2617 4103 3028 4161 Constantinum
3053 4106 3367 4178 ejuslilium
3404 4125 3630 4178 puerum
3662 4118 3716 4164 et

2142 4177 2445 4245 orphanum
2469 4216 2483 4241 ,
2511 4177 2669 4239 Deus,
2711 4178 2853 4245 quod
2880 4185 2963 4231 est
2992 4177 3233 4231 mirabile
3256 4217 3270 4243 ,
3301 4177 3595 4235 excitatam
3621 4180 3714 4233 im-

2140 4247 2416 4321 pietatem,
2444 4254 2500 4301 et
2526 4248 2784 4321 adversus
2807 4256 3029 4321 cunctas
3056 4248 3310 4321 ecclesias
3325 4260 3528 4321 motam
3551 4252 3713 4321 impu-

2142 4316 2447 4389 gnationem
2478 4317 2827 4389 compescuit.
2842 4348 2915 4357 —
2928 4317 3023 4372 His
3044 4318 3370 4389 temporibus
3393 4320 3448 4374 in
3464 4316 3711 4389 Hispania

2145 4387 2340 4441 revixit
2363 4388 2583 4458 haeresis
2607 4387 2922 4441 Nestoriana
2964 4403 3060 4456 per
3084 4388 3401 4458 Elipandum
3453 4387 3711 4458 archiepi-

2144 4471 2366 4525 scopum
2394 4457 2727 4520 Toletanum,
2763 4459 2854 4526 qui
2892 4459 3117 4514 docebat
3144 4457 3417 4514 Christum
3444 4462 3609 4514 ﬁlium
3622 4457 3711 4513 Dei

2144 4528 2321 4597 quoad
2343 4527 2731 4582 humanitatem
2752 4544 2871 4583 esse
2907 4528 3073 4583 lilium
3117 4527 3212 4583 Dei
3242 4530 3575 4598 adoptivum,
3610 4546 3711 4587 non

2144 4605 2324 4652 autem
2358 4599 2632 4667 preprium
2675 4606 2728 4651 et
2756 4598 3086 4653 naturalem:
3147 4614 3265 4667 quae
3314 4601 3558 4655 doctrina
3595 4616 3713 4654 eum

2145 4669 2276 4723 duas
2295 4682 2554 4735 personas
2585 4670 2637 4724 in
2667 4669 2884 4726 Christo
2925 4670 3297 4734 constitueret,
3361 4669 3713 4725 Nestorianis-

2143 4753 2291 4808 mum
2322 4739 2624 4795 inducebat.
2661 4742 2818 4796 Anno
2855 4741 3197 4808 pontiﬁcatus
3218 4739 3441 4794 Adriani
3472 4742 3559 4805 l3,
3586 4741 3712 4795 Pau-

2143 4807 2227 4862 lus
2262 4807 2576 4881 Patriarcha
2600 4809 3222 4881 Constantinopolitanus
3252 4810 3712 4881 abdicatoepisce-

2142 4887 2290 4946 patu,
2335 4878 2607 4947 deplorata
2636 4880 2912 4938 catholica:
2957 4880 3080 4933 lidei
3131 4880 3470 4936 diuturniora
3505 4878 3712 4937 simula-

2144 4948 2308 5013 tione,
2348 4948 2558 5017 publice
2586 4953 2779 5006 edixit:
2828 4970 2844 5000 ι
2877 4949 2988 5004 Nisi
3010 4951 3245 5020 synodus
3264 4952 3589 5007 universalis
3606 4951 3711 5015 ﬁat,

2140 5026 2196 5072 et
2223 5034 2377 5089 error
2417 5021 2613 5086 quiest
2641 5022 2693 5075 in
2726 5021 2900 5075 medio
2921 5021 3085 5073 vestri
3127 5020 3449 5089 corrigatur,
3488 5022 3713 5077 salutem

2137 5088 2562 5161 llOll_ll:ll)el)_lllS.
2603 5112 2620 5143 ι
2665 5092 2816 5145 'l‘unc
2841 5092 2905 5144 de
2953 5088 3508 5161 imaginibuspubliea
3534 5093 3714 5161 dispu‘

2138 5158 2283 5213 tandi
2315 5156 2541 5214 facultas
2574 5170 2658 5215 est
2698 5175 2972 5215 concessa.
3008 5156 3260 5214 Tarasius
3297 5156 3591 5216 'stemmate
3612 5156 3715 5215 cla-

2138 5229 2386 5302 rissimus
2407 5243 2466 5284 se
2496 5230 2548 5302 in
2588 5230 2763 5302 locum
2791 5229 3249 5302 Paulisnbrogari
3279 5248 3386 5286 non
3412 5234 3567 5302 prius
3591 5247 3717 5285 con—

2142 5299 2303 5353 cessit
2323 5313 2483 5367 quam
2505 5300 2570 5355 de
2598 5300 2919 5355 celebrando
2946 5300 3003 5353 in
3036 5315 3198 5354 causa
3249 5299 3544 5370 imaginum
3567 5315 3714 5356 cem-

2142 5370 2352 5439 menicu
2378 5370 2605 5424 concilio
2629 5371 3040 5439 promissionem
3069 5371 3384 5439 accepisset.
3440 5372 3717 5439 Theopha-

2144 5455 2284 5511 ncs._
2306 5438 2413 5493 llas
2438 5455 2525 5493 res
2559 5438 2803 5494 Romano
2823 5439 3063 5511 pontifici
3093 5438 3405 5497 nuntiantes
3433 5438 3717 5511 imperato-

2146 5525 2234 5564 res
2262 5509 2509 5578 Augusti,
2533 5509 2924 5569 wentnenicatn
2970 5511 3230 5579 synodum
3257 5509 3576 5566 auctoritate
3594 5523 3720 5579 apo-

2146 5580 2334 5635 stolica
2383 5581 2667 5635 convocari
2718 5582 3022 5649 petiverunt
3054 5588 3110 5632 et
3159 5581 3540 5649 impetrarunt:
3598 5594 3719 5648 qua:

2146 5649 2338 5704 melius
2384 5666 2674 5720 cognosces
2705 5650 2930 5720 ,lector
2958 5691 2974 5713 ,
3012 5666 3077 5703 ex
3121 5650 3326 5718 iisquae
3368 5652 3505 5705 infra
3560 5657 3717 5703 nota-

2149 5720 2324 5843 ὶέἰιηηε
2347 5719 2397 5774 in
2439 5719 2667 5776 Concilio
2701 5719 2918 5775 Nica-no
2958 5736 3018 5784 ιι,
3046 5722 3211 5775 verbo
3238 5720 3551 5775 Conri'ium.
3587 5720 3714 5772 ch.

2193 5806 2266 5843 LV.
3010 5820 3021 5831 .

2193 5806 2266 5843 LV.
3010 5820 3021 5831 ο
