3986 6168
354 328 490 383 H73

1870 317 2050 373 VlTA.

3455 321 3590 376 ΗΠ

345 476 448 532 ego
472 473 645 529 ipsum
679 457 1030 528 apostolicum
1064 471 1171 511 non
1196 453 1471 524 adiuvere,
1512 468 1705 525 magna
1729 452 1913 524 perdi-
1942 444 1992 499 Α
2020 454 2102 508 rio
2136 457 2404 511 antefatus
2430 457 2799 511 sanctissimus
2830 458 3070 527 pontifex
3114 459 3476 528 deprecando,
3503 466 3594 517 ad-

345 552 424 608 tio
466 566 628 622 super
658 565 781 606 eum
811 549 1041 604 eveniet.
1070 547 1336 616 Quoniam
1358 546 1788 602 Carolomannus
1817 559 1910 598 rex

345 643 679 699 Francorum
728 644 932 697 amicus
985 640 1222 696 existens
1266 640 1645 710 praedictorum
1677 635 1920 692 Christo-

346 734 505 805 phori
541 742 596 789 et
617 733 812 804 Sergii,
840 738 1063 803 paratus
1082 739 1165 786 est
1200 744 1325 785 eum
1347 729 1460 785 suis
1496 728 1823 783 exercitibus
1850 727 1920 781 ad

346 822 728 884 vindicandum
763 837 950 877 eorum
974 829 1202 875 mortem
1242 820 1467 876 Romam
1497 818 1916 889 properandum,

349 919 630 987 ipsumque
651 911 966 984 capiendum
988 909 1315 981 pontiﬁcem.
1345 909 1484 965 Ecce
1498 908 1672 980 qualis
1684 915 1767 962 est
1788 907 1920 961 ﬁdes

350 1004 607 1062 Desiderii
633 1002 778 1073 regis
807 1001 992 1067 vestri,
1034 1008 1090 1055 et
1121 1002 1246 1055 cum
1289 1013 1395 1068 qua
1423 997 1619 1052 ﬁducia
1649 996 1727 1051 illi
1749 996 1917 1052 foede-

350 1097 460 1151 rari
485 1094 771 1166 possimus.
801 1092 930 1146 Haec
957 1106 1086 1146 vero
1118 1089 1305 1144 eadem
1334 1087 1646 1143 beatissimo
1683 1086 1921 1142 Adriano

348 1186 578 1258 praesule
602 1182 960 1254 prosequente
1003 1181 1205 1236 eisdem
1230 1178 1412 1233 missis
1460 1177 1721 1233 Desiderii
1752 1177 1919 1247 regis,

348 1277 427 1333 illi
442 1276 612 1343 magis
624 1286 648 1314 α
666 1272 1057 1328 conﬁrmabant
1076 1269 1175 1324 sub
1187 1267 1399 1322 vinculo
1417 1266 1761 1331 sacramenti,
1780 1267 1923 1337 quod

349 1380 536 1421 eorum
576 1378 669 1417 rex
703 1377 890 1417 omnes
919 1359 1178 1429 justitias,
1236 1373 1373 1428 quas
1428 1356 1666 1412 antefato
1724 1357 1922 1411 domno

351 1456 620 1526 Stephano
643 1469 795 1523 papae
819 1467 927 1507 non
971 1450 1194 1515 fecerat,
1221 1449 1397 1503 eidem
1428 1447 1700 1517 praecipuo
1734 1446 1923 1515 ponti-

350 1547 439 1602 ﬁci
468 1556 522 1601 et
547 1560 757 1601 summo
777 1543 981 1613 pastori
1011 1540 1313 1611 perﬁceret,
1346 1547 1402 1595 et
1427 1538 1482 1592 in
1502 1537 1717 1593 vinculo
1746 1537 1925 1592 chari-

353 1642 479 1696 tatis
497 1639 765 1696 insolubili
789 1636 1119 1694 conuexione
1130 1651 1253 1691 cum
1266 1644 1332 1690 eo
1350 1632 1466 1690 fore
1486 1647 1920 1704 permansurum.

350 1735 592 1803 Quorum
603 1730 929 1800 juramentis
956 1730 1182 1785 credens
1205 1727 1323 1798 ejus
1342 1726 1620 1783 beatitudo
1632 1726 1833 1781 direxit
1856 1725 1924 1779 ad

350 1830 597 1885 eumdem
630 1825 967 1881 Desiderium
994 1836 1175 1892 regem
1197 1821 1391 1875 missos
1414 1830 1540 1873 suos
1564 1817 1773 1887 probis
1809 1831 1927 1871 om-

360 1919 519 1979 nibus
551 1913 890 1986 perﬁciendis
909 1952 924 1977 ,
962 1911 1167 1967 scilicet
1193 1908 1526 1979 Stephanum
1548 1905 1819 1960 notarium
1843 1918 1931 1957 re-

354 2008 650 2080 gionarium
671 2014 726 2061 et
744 2003 1083 2060 sacellarium
1099 2009 1259 2071 atque
1278 1998 1502 2055 Paulum
1519 1994 1929 2058 cubicularium,

353 2109 408 2155 ct
419 2106 614 2154 uetera
635 2111 797 2168 super
808 2097 836 2136 ι)
849 2096 969 2150 ista.
990 2093 1196 2161 Quibus
1217 2088 1616 2162 egredientibus
1627 2087 1696 2141 ab
1712 2088 1814 2141 hac
1830 2085 1934 2140 Ro-

355 2206 513 2247 mana
526 2191 657 2246 urbe
669 2196 722 2243 et
737 2187 1013 2243 Perusiam
1026 2183 1141 2253 conj
1149 2183 1469 2254 ungentibus
1489 2178 1695 2253 [Forte,
1711 2185 1934 2234 conten-

356 2278 624 2351 dentibus]
636 2276 913 2347 conjunxit
933 2274 1244 2331 mandatum
1267 2283 1290 2312 α
1323 2271 1463 2343 quod
1485 2269 1595 2340 jam
1620 2267 1762 2323 fatus
1785 2266 1936 2322 Desi-

356 2372 539 2427 derius
582 2369 890 2426 abstulisset
925 2366 1199 2422 civitatem
1221 2363 1534 2420 Faventiam
1576 2369 1632 2415 et
1680 2361 1935 2416 ducatum

359 2461 619 2519 Ferrarius
658 2475 752 2515 seu
773 2456 1122 2514 Comachium
1155 2456 1223 2511 de
1260 2454 1555 2511 exarchatu
1581 2452 1893 2525 Ravennate
1917 2489 1933 2516 ,

359 2571 495 2627 quas
518 2561 715 2609 sanctae
729 2551 1001 2607 memoriae
1021 2550 1277 2620 Pippinus
1299 2563 1390 2604 rex
1405 2554 1460 2603 et
1475 2546 1591 2616 ejus
1604 2545 1699 2601 ﬁlii
1711 2544 1938 2601 Carolus

358 2656 415 2701 et
432 2645 855 2702 Carolomannus
875 2638 1312 2697 excellentissimi
1338 2652 1493 2706 reges
1517 2635 1855 2691 Francorum
1880 2640 1937 2687 et

359 2739 572 2809 patricii
601 2737 967 2793 Romanorum
994 2735 1153 2789 beato
1172 2732 1335 2787 Petro
1383 2728 1743 2784 concedentes
1781 2724 1939 2780 obtu-

360 2829 557 2885 lerunt.
588 2826 700 2882 Nec
717 2827 861 2881 enim
889 2825 996 2879 duo
1024 2837 1233 2877 menses
1265 2819 1640 2891 praeterierunt
1660 2816 1804 2885 quod
1825 2814 1938 2884 ipse

363 2917 736 2974 sanctissimus
780 2915 866 2968 vir
901 2913 1244 2983 pontiﬁcatus
1290 2910 1503 2966 culmen
1550 2909 1776 2979 adeptus
1830 2912 1933 2959 est.

363 3010 442 3064 lta
467 3009 609 3064 idem
645 3005 1014 3062 atrocissimus
1045 3002 1354 3058 Desiderius
1378 3000 1595 3055 easdem
1625 2998 1845 3055 abstulit
1864 2997 1942 3053 ci-

365 3101 576 3164 vitates,
605 3097 978 3167 constringens
1000 3094 1226 3151 exomni
1248 3100 1401 3163 parte
1415 3091 1692 3145 civitatem
1718 3089 1936 3144 Raven-

366 3192 572 3247 natium
602 3196 657 3243 et
682 3186 917 3253 easales,
965 3201 1030 3241 ac
1056 3184 1235 3241 omnia
1282 3182 1528 3254 praesidia
1561 3180 1803 3254 [praedia]
1835 3180 1941 3234 Ra-

366 3281 615 3339 vennatia
663 3292 968 3347 occupans,
1025 3283 1326 3345 cunctaque
1363 3272 1651 3338 victual'a,
1704 3270 1939 3326 familias

366 3371 529 3426 etiam
555 3383 647 3423 seu
675 3365 881 3437 peculia
908 3365 1167 3434 ipsorum,
1207 3362 1291 3417 vel
1320 3376 1545 3432 qumque
1565 3361 1618 3415 in
1649 3360 1780 3430 ipsis
1806 3374 1944 3428 prte-

368 3461 518 3518 sidiis
544 3461 743 3517 habere
786 3458 1124 3520 videbantur,
1151 3454 1394 3511 abstulit.
1423 3453 1491 3508 Et
1512 3452 1640 3507 dum
1684 3449 1828 3504 nulla
1859 3464 1944 3504 re-

367 3552 654 3608 mansisset
680 3566 803 3620 spes
826 3548 1041 3603 vivendi
1091 3560 1268 3615 neque
1314 3543 1482 3598 Leoni
1513 3540 1942 3609 archiepiscopo,

367 3658 541 3712 neque
567 3640 805 3712 praefatis
847 3635 1249 3691 Ravennatibus
1273 3633 1331 3686 in
1360 3644 1553 3697 magna
1603 3628 1849 3695 angustia
1892 3635 1947 3680 et

368 3736 530 3791 famis
575 3732 753 3800 inopia
789 3728 1011 3799 positis,
1041 3725 1357 3779 direxerunt
1407 3721 1513 3774 huc
1555 3718 1781 3775 Romam
1821 3736 1946 3776 suos

369 3825 587 3888 missos,
613 3820 819 3875 scilicet
842 3818 1131 3878 Julianum,
1155 3812 1398 3875 Petrum,
1421 3817 1478 3865 et
1498 3809 1829 3866 Vitalianum
1848 3811 1947 3865 tri-

368 3918 543 3973 bunos
562 3896 906 3983 [tribunum],
924 3906 1272 3976 deprecantes
1292 3916 1415 3958 cum
1435 3916 1630 3971 magno
1659 3899 1783 3957 ﬁetu
1797 3916 1947 3956 eum-

371 4009 495 4065 dem
521 4000 921 4059 sanctissimum
964 3996 1273 4069 pontiﬁcem
1317 4002 1379 4049 ut
1413 3991 1648 4064 qualiter
1684 3992 1947 4063 potuisset

369 4099 450 4155 eis
484 4095 813 4159 subveniret,
854 4092 1106 4163 ipsasque
1134 4089 1436 4145 decertaret
1461 4085 1529 4142 ad
1558 4084 1945 4156 recolligendas

371 4190 638 4252 civitates,
667 4192 970 4241 asserentes
988 4182 1136 4252 quia,
1157 4180 1203 4236 si
1230 4180 1358 4249 ipsae
1386 4178 1633 4234 civitates
1670 4191 1777 4232 non
1822 4175 1941 4232 fue-

371 4284 481 4338 rint
495 4279 778 4344 restitutze,
801 4276 983 4330 vivere
1002 4271 1147 4326 nullo
1168 4271 1327 4326 modo
1341 4269 1639 4340 potuissent
1654 4265 1941 4342 [possent].

372 4370 525 4427 Tunc
557 4370 673 4439 ipse
701 4365 964 4421 almiﬁeus
994 4360 1259 4432 pontifex,
1301 4360 1429 4414 dum
1450 4358 1626 4433 adhuc
1651 4358 1944 4428 praenomi-

2017 546 2303 611 monendo,
2352 555 2407 601 et
2432 546 2763 615 conjurando
2790 548 3093 613 direxisset,
3145 547 3219 603 ita
3258 549 3334 603 illi
3380 552 3591 607 remisit

2020 636 2075 690 in
2105 636 2391 707 responsis,
2424 638 2567 707 quod
2597 638 2698 692 nisi
2726 637 2876 707 prius
2905 650 2962 691 se
2990 652 3115 691 cum
3159 653 3225 693 eo
3254 639 3370 708 ipse
3397 639 3595 695 almiﬁ-

2019 742 2115 782 cus
2134 727 2331 797 prmsul
2359 727 2705 798 conjungeret
2731 728 2798 782 ad
2826 727 3029 797 pariter
3056 728 3404 798 loquendum,
3434 730 3594 785 mini-

2020 832 2107 872 me
2134 818 2349 872 easdem
2388 818 2637 873 redderet
2671 818 2937 873 civitates.
2982 819 3040 873 ln
3086 819 3218 890 ipsis
3251 834 3380 875 vero
3407 821 3594 877 diebus

2020 908 2241 978 contigit
2254 924 2478 963 uxorem
2502 916 2556 963 et
2578 908 2716 965 ﬁlios
2737 909 3006 980 quondam
3026 908 3403 966 Carolomanni
3430 910 3575 966 Fran

2019 1012 2206 1052 eorum
2232 996 2300 1051 ad
2348 998 2598 1053 eumdem
2652 1011 2834 1069 regem
2870 998 3352 1068 Longobardorum
3409 998 3593 1071 fugam

2021 1088 2312 1157 arripuisse
2355 1104 2477 1143 cum
2506 1089 2821 1154 AuLchario,
2852 1097 2907 1143 et
2935 1089 3208 1144 nitebatur
3236 1090 3355 1159 ipse
3376 1090 3597 1145 Deside-

2022 1177 2136 1231 rius
2172 1186 2333 1246 atque
2382 1177 2650 1231 inhianter
2677 1178 2987 1234 decertabat
3034 1186 3300 1248 quatenus
3339 1181 3443 1249 ipsi
3501 1181 3598 1234 ﬁlii

2022 1270 2258 1339 ejusdem
2285 1256 2661 1327 Carolomanni
2679 1288 2902 1343 regnum
2930 1273 3261 1329 Francorum
3278 1274 3600 1344 assumpsis-

2022 1369 2142 1417 sent
2185 1360 2584 1434 [assumerent].
2635 1362 2702 1416 Et
2726 1364 2795 1418 ob
2823 1363 2926 1418 hoc
2976 1364 3151 1432 ipsum
3199 1365 3597 1420 sanctissimum

2021 1451 2304 1521 praesulem
2350 1452 2416 1506 ad
2441 1467 2499 1507 se
2523 1452 2921 1523 properandum
2960 1468 3017 1508 se
3036 1452 3233 1509 dueere
3280 1456 3577 1511 conabatur

2023 1548 2083 1594 ut
2109 1541 2254 1610 ipsos
2281 1540 2891 1598 antefatiCarolomanni
2912 1543 3050 1599 ﬁlios
3077 1560 3230 1616 reges
3251 1557 3492 1617 ungerct,
3508 1564 3603 1603 cu-

2024 1631 2177 1700 piens
2200 1632 2516 1687 divisionem
2542 1635 2596 1688 in
2635 1649 2801 1705 regno
2825 1635 3155 1691 Francorum
3187 1638 3496 1705 immittere,
3525 1641 3602 1711 ip-

2028 1737 2255 1794 sumque
2279 1724 2649 1779 beatissimum
2683 1726 2990 1796 pontiﬁcem
3030 1742 3061 1781 a
3082 1728 3347 1784 charitate
3375 1738 3430 1785 et
3467 1731 3603 1785 dile-

2034 1814 2212 1869 ctione
2230 1815 2666 1871 excellentissimi
2693 1817 2871 1873 Caroli
2895 1819 3039 1890 regis
3066 1818 3399 1874 Francorum
3427 1828 3482 1874 et
3507 1837 3605 1890 pa-

2032 1904 2175 1958 tricii
2217 1903 2583 1960 Romanorum
2630 1921 2883 1976 separare
2907 1948 2922 1973 ,
2973 1915 3030 1966 et
3072 1907 3370 1963 Romanam
3416 1910 3606 1964 urbem

2033 2001 2389 2065 cunctamque
2418 1995 2623 2050 Italiam
2653 1997 2736 2051 sui
2763 1998 2911 2068 regni
2959 1998 3435 2069 Longobardorum
3459 2009 3608 2070 pote-

1986 2158 1993 2163 _
2033 2086 2158 2140 stati
2180 2084 2486 2156 subjugare.
2507 2086 2635 2152 Sed,
2650 2088 2863 2143 favente
2887 2088 3018 2154 Deo,
3046 2089 3147 2144 hoc
3162 2088 3309 2144 nullo
3333 2089 3492 2145 modo
3514 2106 3608 2160 po-

2035 2178 2139 2232 tuit
2185 2178 2477 2247 impetrare
2500 2218 2517 2243 ,
2562 2178 2839 2248 quoniam,
2883 2178 3024 2233 sicut
3072 2178 3210 2249 lapis
3237 2179 3459 2235 adamas
3484 2220 3499 2246 ,
3531 2181 3606 2235 ita

2034 2271 2225 2326 ﬁrmus
2279 2271 2549 2327 Adrianus
2601 2272 2810 2327 exstitit
2862 2272 3122 2342 pontifex.
3180 2274 3609 2331 Praenominatus

2035 2360 2300 2431 siquidem
2342 2361 2540 2416 Paulus
2591 2376 2752 2432 super
2804 2363 2906 2418 ista
2943 2364 3118 2419 adhuc
3169 2367 3311 2435 apud
3359 2368 3607 2423 eumdem

2038 2450 2369 2507 Desiderium
2389 2453 2647 2519 existens,
2670 2452 2896 2509 ﬁrmiter
2920 2455 2970 2509 ei
2997 2456 3345 2526 promittebat
3358 2472 3416 2513 se
3431 2459 3610 2528 ipsum

2036 2542 2408 2597 beatissimum
2432 2558 2624 2614 papam
2651 2544 2719 2600 ad
2741 2559 2866 2599 eum
2894 2545 3159 2601 deducere
3186 2548 3370 2603 dicens
3401 2565 3414 2601 :
3448 2548 3608 2616 Quod

2039 2635 2085 2690 si
2107 2635 2268 2688 etiam
2296 2635 2350 2689 in
2377 2634 2493 2703 ejus
2504 2634 2732 2706 pedibus
2757 2634 2935 2691 funem
2959 2652 3044 2692 me
3065 2638 3324 2693 adhibere
3346 2654 3612 2694 convene-

2041 2724 2130 2790 rit,
2151 2739 2276 2779 eum
2303 2725 2535 2794 qualiter
2560 2732 2782 2795 potuero
2807 2726 2876 2781 ad
2900 2735 3045 2780 tuam
3084 2727 3343 2793 deducam
3368 2742 3602 2797 prmsen~

2040 2815 2202 2882 tiam;
2253 2816 2438 2887 sicque
2465 2815 2666 2872 factum
2694 2825 2806 2883 est,
2835 2825 2895 2871 ut
2920 2818 3109 2873 eodem
3132 2818 3301 2875 Paulo
3328 2819 3382 2874 in
3417 2819 3605 2875 eodem

2041 2907 2231 2962 itinere
2252 2908 2539 2975 existente,
2560 2909 2740 2979 palam
2778 2910 3026 2965 omnibus
3049 2910 3221 2977 ﬁeret,
3250 2912 3484 2982 qualiter
3510 2928 3607 2968 ne-

2039 3013 2164 3054 care
2185 2997 2402 3055 fecisset
2451 2999 2700 3071 Sergium
2740 3001 3167 3057 secundicerium
3217 3004 3311 3074 qui
3350 3019 3526 3060 aecus
3555 3005 3610 3060 in

2044 3088 2260 3144 cellario
2280 3099 2416 3145 erat.
2460 3090 2527 3144 Et
2558 3098 2802 3147 metuens
2821 3091 2963 3147 idem
2992 3094 3365 3149 sanctissimus
3389 3096 3610 3164 praesul,

2044 3194 2112 3233 ne
2138 3179 2402 3250 ejusmodi
2441 3182 2688 3237 nuntium
2731 3183 2800 3237 ad
2847 3198 3007 3238 aures
3036 3183 3203 3252 ipsius
3241 3186 3610 3253 personuisset

2044 3269 2195 3324 Pauli
2224 3311 2240 3337 ,
2267 3278 2322 3325 et
2349 3280 2442 3326 aut
2483 3273 2551 3327 ad
2577 3272 2826 3327 eumdem
2854 3287 3033 3342 regem
3079 3281 3439 3329 reverteretur
3463 3316 3477 3340 ,
3515 3284 3607 3329 aut

2044 3360 2208 3414 etiam
2233 3360 2289 3414 in
2317 3361 2450 3417 ﬁnes
2489 3361 2965 3432 Langobardorum
2994 3363 3062 3417 ab
3087 3364 3203 3432 ipso
3225 3364 3417 3419 itinere
3448 3365 3613 3420 decli-

2045 3458 2235 3513 naret,
2286 3459 2342 3504 et
2390 3451 2627 3521 aliquam
2667 3452 2927 3510 malitiam
2970 3452 3201 3522 amplius
3260 3469 3382 3508 cum
3425 3456 3615 3510 eodem

2046 3542 2325 3597 Desiderio
2368 3543 2422 3597 in
2477 3544 2674 3599 finibus
2723 3543 3088 3599 Romanorum
3134 3553 3296 3616 atque
3322 3547 3615 3603 exarcltaut

2048 3630 2438 3686 Ravennatium
2461 3642 2798 3702 perpetraret
2828 3633 2976 3705 (dum
3010 3635 3173 3691 nimis
3201 3635 3426 3692 dilectus
3446 3637 3521 3691 illi
3548 3654 3614 3694 ac

2046 3720 2218 3776 ﬁdelis
2245 3722 2555 3795 existebat),
2588 3725 2657 3780 ob
2682 3725 2785 3780 hoc
2808 3725 3007 3780 direxit
3032 3725 3305 3782 antefatus
3340 3730 3619 3786 sanctissi-

2046 3828 2166 3868 mus
2182 3828 2320 3883 papa
2342 3815 2482 3870 clam
2513 3816 2781 3887 nimisque
2825 3826 3033 3872 secrete
3060 3817 3225 3873 Leoni
3254 3821 3614 3890 archiepisco-

2045 3919 2115 3975 po
2137 3904 2529 3961 Ravennatium
2554 3907 2788 3963 civitatis
2814 3922 2912 3978 per
2934 3905 3204 3964 lulianum
3235 3910 3534 3978 tribunum,
3561 3922 3622 3967 ut

2047 3998 2173 4052 dum
2201 4005 2563 4054 reverteretur
2582 4000 2696 4070 ipse
2716 3999 2914 4055 Paulus
2938 4016 2970 4055 a
3005 4002 3303 4071 Desiderio,
3332 4019 3456 4058 eum
3504 4005 3618 4060 sive

2047 4090 2100 4144 in
2132 4088 2407 4155 Ravenna,
2455 4092 2569 4146 sive
2597 4092 2652 4147 in
2674 4091 2921 4148 Arimino
2944 4093 3260 4150 detinuisset
3280 4095 3614 4169 [detineret],

2045 4180 2190 4250 quod
2230 4188 2286 4236 et
2322 4179 2523 4236 factum
2569 4191 2671 4238 est.
2703 4184 3027 4241 Revertente
3052 4186 3199 4240 enim
3223 4202 3288 4242 eo
3334 4202 3402 4253 ex
3428 4188 3619 4243 eodem

2045 4271 2238 4325 itinere
2262 4272 2317 4325 in
2354 4270 2599 4327 Arimino
2620 4276 3041 4343 comprehensus
3070 4282 3233 4346 atque
3278 4275 3333 4328 in
3377 4276 3620 4331 custodia

2045 4369 2129 4418 est
2149 4363 2415 4418 detentus.
2443 4364 2594 4419 Tunc
2619 4365 2788 4420 isdem
2815 4367 3159 4422 beatissimus
3183 4366 3425 4436 pontifex
3456 4368 3623 4438 erepit

372 4463 483 4518 nati
523 4460 641 4530 ejus
665 4458 813 4514 missi
842 4463 1025 4512 essent
1052 4454 1256 4519 Romae,
1287 4466 1384 4523 per
1412 4451 1746 4521 Stephanum
1773 4449 1943 4506 sacel—
1975 4488 2024 4546 υ
2049 4454 2261 4509 curiose
2294 4452 2514 4509 antefati
2553 4454 2726 4526 Sergii
2748 4456 3103 4511 secundicerii
3131 4467 3359 4512 mortem
3387 4457 3624 4528 inquire-

372 4554 562 4610 larium
612 4560 668 4606 et
707 4550 933 4605 Paulum
978 4546 1369 4603 cubicularium
1411 4559 1574 4615 super
1618 4543 1724 4598 ista
1769 4549 1830 4597 ut
1875 4540 1944 4596 ad

372 4642 819 4716 praenominatum
881 4644 1170 4710 pergerent
1232 4650 1414 4707 regem
1444 4675 1460 4701 ,
1520 4634 1718 4690 direxit
1770 4633 1948 4688 eidem

376 4736 491 4807 regi
548 4749 673 4789 suas
724 4731 1122 4802 deprecatorias
1180 4728 1388 4782 litteras
1446 4733 1508 4780 ut
1560 4724 1775 4788 easdem
1825 4722 1951 4778 red-

375 4828 529 4882 deret
575 4824 859 4889 civitates,
913 4821 1196 4890 increpans
1249 4833 1374 4872 eum
1420 4814 1636 4871 fortiter
1686 4829 1786 4885 per
1853 4829 1949 4870 sua

375 4919 595 4988 scripta,
617 4931 716 4971 cur
737 4916 802 4971 de
831 4913 1188 4984 promissione
1211 4909 1301 4964 illa
1315 4923 1476 4978 quam
1492 4912 1589 4979 per
1608 4923 1736 4962 suos
1752 4906 1952 4962 missos

377 5010 676 5082 pollicendo
720 5008 1012 5070 direxerat,
1075 5010 1313 5059 mutatus
1362 4998 1569 5064 fuisset,
1629 5000 1793 5055 etiam
1821 4998 1948 5069 quia

368 5104 610 5174 justitias
637 5102 780 5159 beati
810 5100 955 5155 Petri
1003 5097 1159 5166 juxta
1208 5096 1352 5165 quod
1378 5094 1788 5164 repromiserat,
1843 5109 1950 5149 non

378 5195 629 5252 reddidit.
674 5193 896 5262 Insuper
934 5196 989 5244 et
1038 5188 1285 5251 civitates
1339 5185 1461 5241 illas
1513 5199 1647 5253 quas
1702 5192 1953 5239 anteces-

377 5303 531 5345 sores
584 5287 702 5358 ejus
764 5281 1063 5340 beatissimi
1110 5278 1392 5351 pontiﬁces
1437 5277 1663 5333 domnus
1725 5274 1952 5346 Stepha-

378 5393 503 5442 nus,
550 5376 782 5440 Paulus,
805 5381 858 5429 et
883 5370 1053 5427 isdem
1080 5370 1383 5440 Stephanus
1428 5369 1802 5435 detinuerunt,
1830 5371 1955 5426 abs-

378 5469 613 5525 tulisset.
658 5467 796 5521 Dum
844 5478 971 5519 vero
1022 5461 1146 5519 talia
1202 5462 1376 5517 eidem
1430 5469 1685 5533 protervo
1734 5462 1953 5519 Deside-

450 5618 476 5647 α
500 5604 636 5661 Cod.
664 5603 820 5667 Luc.,
847 5599 1036 5669 magis,
1072 5614 1134 5651 ac
1163 5598 1347 5668 magis.

449 5675 477 5718 ι’
517 5678 646 5732 (Ind.
673 5674 825 5735 Luc.,
855 5681 977 5724 tunc
994 5683 1167 5740 super.

455 5761 475 5785 ε
506 5745 561 5804 ω
592 5755 673 5802 est
705 5745 959 5798 nuntium.

2051 4558 2141 4609 re,
2188 4557 2599 4614 convocansque
2638 4553 2861 4601 cunctos
2903 4545 3174 4613 cellarios,
3230 4546 3483 4603 subtilius
3526 4563 3623 4604 eos

2050 4643 2421 4707 perserutatur
2443 4636 2711 4706 quomodo
2732 4637 2844 4707 ipse
2888 4637 3112 4708 Sergius
3154 4640 3222 4695 ab
3251 4640 3437 4695 eodem
3460 4638 3625 4695 cella-

2051 4728 2134 4782 rio
2170 4727 2475 4782 abstractus
2508 4726 2714 4782 fuisset.
2769 4728 2872 4795 Qui
2922 4730 3306 4800 respondentes
3333 4730 3623 4785 dixerunt:

2052 4817 2175 4888 quia
2196 4818 2369 4888 prima
2394 4820 2569 4875 noctis
2611 4820 2744 4875 hora
2784 4821 3007 4876 veniens
3049 4821 3396 4879 Calventinus
3418 4821 3445 4862 ἀ
3477 4823 3626 4878 cubi-

2053 4909 2289 4966 cularius
2308 4925 2430 4965 cum
2453 4910 2752 4966 Tunissone
2781 4922 2805 4951 θ
2830 4912 3146 4982 presbytero
3170 4919 3226 4967 et
3244 4912 3504 4967 Leonatio
3528 4913 3623 4966 tri-

2052 5001 2197 5056 buno
2242 5001 2635 5057 habitatoribus
2685 5001 2920 5057 civitatis
2954 5001 3276 5072 Anagninae,
3317 5003 3430 5072 ipse
3478 5017 3627 5057 eum-

2055 5093 2174 5148 dem
2198 5091 2445 5163 Sergium
2476 5093 2716 5159 abstulit,
2744 5093 2957 5148 vivente
2972 5094 3169 5149 domno
3195 5093 3471 5164 Stephano
3486 5109 3623 5164 papa

2056 5194 2182 5241 ante
2205 5196 2327 5243 octo
2355 5187 2473 5243 dies
2509 5203 2671 5258 quam
2698 5189 2763 5244 de
2794 5188 2897 5244 hac
2918 5188 3038 5245 luce
3082 5189 3385 5260 migrasset,
3416 5199 3470 5245 et
3494 5206 3623 5261 pne-

2056 5276 2181 5334 fatis
2210 5278 2499 5350 Campanis
2545 5279 2695 5333 illum
2737 5279 2975 5335 tradidit.
3026 5278 3428 5351 Confestimque
3467 5282 3627 5342 dedu-

2056 5378 2176 5427 ctus
2194 5380 2279 5426 est
2304 5372 2372 5426 ad
2398 5369 2634 5425 medium
2664 5371 2806 5427 idem
2844 5371 3231 5440 cubicularius,
3260 5380 3316 5427 et
3335 5372 3628 5443 inquisitus

2056 5463 2148 5534 qui
2168 5463 2241 5518 illi
2274 5453 2616 5532 praecepisset
2653 5462 2900 5519 eumdem
2930 5462 3178 5534 Sergium
3212 5478 3242 5520 a
3266 5464 3489 5536 prrefato
3508 5464 3630 5521 abs-

2128 5597 2154 5638 δ
2178 5597 2309 5654 Cod.
2338 5598 2494 5665 Luc.,
2526 5598 2890 5655 Calvenzulus.

2132 5681 2154 5706 ε
2186 5667 2317 5726 Cod.
2345 5669 2504 5737 Luc.,
2534 5686 2651 5727 cum
2689 5669 2977 5728 Lunissone
3022 5677 3078 5726 et
3105 5669 3185 5729 sic
3209 5669 3426 5743 ubique.
