3986 6168
427 296 561 349 1173

1775 275 2059 335 ADRIANI
2096 275 2293 330 ΡΑΡᾸΞ
2332 275 2352 330 1

3545 265 3710 325 Ηῖϐ

422 416 561 470 trahi
585 411 802 469 cellario
819 416 873 463 et
898 407 1306 478 prmnominatis
1328 403 1619 474 Campanis
1636 398 1956 454 tradendum
1972 435 1988 460 ,

2101 390 2327 459 sepeliri.
2365 389 2530 444 Gesta
2578 403 2710 443 vero
2747 387 3168 443 examinationis
3209 387 3444 457 qualiter
3482 390 3717 459 proprii

421 504 696 575 respondit
718 516 747 555 a
775 499 943 554 Paulo
967 497 1300 561 cubiculario
1343 501 1706 565 cognomento
1749 492 1957 545 Afiarta
1978 530 1994 556 ,

418 606 475 653 et
513 593 774 664 Gregorio
814 590 1097 647 defensore
1157 589 1462 658 regionario
1491 595 1548 640 et
1610 583 1818 639 Joanne
1859 583 1997 637 duce

417 699 675 756 germano
721 681 923 739 domini
980 679 1237 749 Stephani
1285 692 1453 747 papae,
1484 683 1649 745 atque
1698 689 1729 727 a
1773 671 1995 728 Calvulo

419 773 778 848 [Calventino]
807 771 1159 836 cubiculario,
1186 770 1289 826 sibi
1325 770 1427 824 hoc
1452 767 1618 822 fuisse
1638 773 1993 835 praeceptum,

417 867 558 922 tradi
581 864 786 921 eisdem
818 861 1131 933 Campanis.
1166 914 1177 919 ,

490 958 841 1026 Dirigensque
871 954 1009 1009 idem
1032 950 1406 1009 sanctissimus
1426 947 1622 1019 praesul
1645 961 1773 1002 suos
1802 944 1999 999 missos

416 1050 472 1104 in
506 1046 854 1117 Campaniam
882 1045 937 1099 in
971 1044 1246 1100 civitatem
1270 1040 1634 1111 Anagninam,
1655 1035 1845 1092 adduci
1870 1034 1999 1090 fecit

415 1140 703 1209 praedictos
748 1137 1107 1192 Tunissonem
1142 1132 1536 1206 [Lavissonem]
1564 1139 1619 1187 et
1652 1130 1995 1186 Leonatium.

418 1230 520 1299 Qui
549 1228 859 1299 praesentati
884 1226 1194 1297 apostolicis
1227 1224 1505 1279 obtutibus
1535 1220 1850 1289 fortiterque
1872 1232 2003 1273 con-

418 1322 627 1387 stricti,
669 1318 904 1376 confessi
938 1326 1064 1374 sunt
1088 1318 1351 1381 dicentes,
1381 1314 1525 1385 quod
1549 1329 1581 1369 a
1609 1312 2003 1383 prtenominato

417 1411 585 1468 Paulo
604 1409 936 1466 cubiculario
955 1450 970 1473 ,
991 1416 1047 1463 et
1074 1406 1334 1476 Gregorio
1360 1404 1645 1461 defensore
1670 1402 1999 1473 regionario,

417 1519 513 1559 seu
540 1500 747 1557 Joanne
784 1514 1041 1570 germano
1075 1496 1286 1568 praefati
1323 1496 1507 1553 domui
1533 1494 1792 1564 Stephani
1828 1508 2003 1565 papae,

419 1604 474 1649 et
499 1594 720 1650 Calvulo
744 1595 871 1649 item
896 1592 1248 1657 cubiculario,
1274 1599 1329 1647 et
1353 1590 1586 1659 Maligno
1614 1596 2001 1653 consentaneo,

419 1696 474 1742 et
521 1687 762 1757 saepefati
818 1687 971 1743 Pauli
1001 1687 1145 1742 illius
1184 1693 1513 1755 prmceptum
1540 1682 1762 1749 fuisset,
1789 1698 2005 1754 praeno-

2100 489 2282 536 reatus
2306 495 2502 536 noxam
2537 478 2770 535 confessi
2812 488 2940 534 sunt
2970 478 3086 549 jam
3108 480 3288 534 dictus
3315 478 3572 535 Calvulus
3592 497 3718 537 cu-

2100 573 2392 630 bicularius
2412 580 2468 628 et
2489 572 2863 642 pnenominati
2885 571 3167 642 Campani,
3191 571 3394 626 direxit
3418 571 3719 629 antefatus

2099 663 2366 718 almiﬁcus
2392 662 2633 732 pontifex
2656 662 2990 729 Ravennam,
3032 672 3093 716 ut
3110 661 3292 716 eidem
3315 661 3483 717 Paulo
3508 663 3713 718 omnia

2100 770 2198 825 per
2220 756 2466 812 ordinem
2504 757 2891 827 relegerentur.
2941 756 3258 827 Suscipiens
3292 772 3425 814 vero
3471 758 3587 814 Leo
3611 775 3715 814 ar-

2100 848 2475 917 chiepiscopus
2528 848 2924 903 Ravennatium
2971 849 3161 903 eadem
3187 857 3337 919 gesta
3359 889 3375 914 ,
3405 849 3713 905 confestim

2101 941 2218 997 sine
2243 943 2568 997 auctoritate
2596 942 2892 1011 apostolica
2922 940 3145 997 tradidit
3172 942 3425 997 eumdem
3466 941 3712 998 Paulum

2100 1031 2372 1089 consulari
2399 1032 2790 1087 Ravennatium
2819 1033 2988 1088 urbis.
3025 1033 3490 1104 Examinatusque
3510 1049 3713 1091 wram

2101 1125 2353 1181 omnibus
2372 1124 2796 1189 Ravennatibus,
2823 1124 3012 1179 eadem
3038 1133 3161 1181 acta
3188 1124 3267 1179 illi
3297 1126 3501 1181 reiecta
3532 1139 3673 1183 sunt
3690 1170 3707 1193 ,

2104 1216 2288 1286 sicque
2324 1232 2385 1275 se
2424 1233 2576 1273 reum
2599 1218 2954 1275 manifestans
2977 1220 3115 1274 tanti
3135 1220 3371 1289 piaculi,
3407 1220 3715 1279 confessus

2103 1316 2187 1364 est
2223 1322 2282 1362 se
2310 1316 2647 1378 perpetrasse
2670 1325 2888 1365 noxam.
2917 1310 2995 1366 lta
3020 1326 3151 1367 vero
3183 1311 3326 1366 idem
3344 1311 3545 1368 Paulus
3564 1329 3717 1369 exa-

2105 1402 2341 1458 minatus
2368 1410 2482 1466 est,
2515 1403 2646 1471 quin
2671 1404 2835 1458 etiam
2864 1420 2967 1460 nec
2989 1405 3215 1460 scientia
3244 1406 3435 1461 exinde
3454 1407 3584 1461 data
3613 1417 3717 1463 est

2104 1497 2331 1568 praefato
2343 1499 2687 1553 sanctissimo
2705 1499 2967 1568 pontifici,
2985 1515 3159 1569 neque
3173 1500 3242 1553 ab
3260 1501 3710 1570 archiepiscopo,

2105 1604 2281 1659 neque
2330 1604 2361 1643 a
2397 1590 2720 1658 quibusdam
2748 1590 3081 1655 Ravinianis,
3132 1592 3227 1647 sed
3272 1608 3370 1663 per
3410 1593 3547 1647 alios
3589 1594 3715 1649 hoc

2105 1677 2223 1747 ejus
2249 1677 2509 1733 sanctitas
2542 1680 2778 1747 agnovit.
2823 1679 2960 1733 Dum
2994 1694 3124 1735 vero
3166 1681 3271 1735 hoc
3297 1691 3574 1749 ageretur,
3604 1699 3714 1737 eu-

420 1755 684 1832 minatum
728 1776 978 1847 Sergium
1013 1767 1407 1831 abstollendum
1434 1789 1500 1830 ac
1547 1772 2000 1828 interficiendum.
2039 1755 2079 1812 Β
2107 1770 2263 1840 piens
2288 1770 2402 1840 ipse
2431 1770 2735 1840 praecipuus
2756 1780 2944 1840 pastor
2963 1779 3019 1824 et
3039 1771 3288 1841 egregius
3312 1771 3559 1842 pontifex
3589 1776 3712 1830 sal-

418 1867 672 1924 Protinus
695 1869 892 1924 direxit
917 1868 1030 1937 ipse
1051 1866 1427 1922 sanctissimus
1459 1865 1697 1937 pontifex
1723 1880 1847 1921 cum
1867 1879 2005 1934 pra:-

419 1961 713 2017 nominatis
750 1960 1039 2031 Campanis
1075 1976 1202 2016 suos
1236 1960 1579 2015 ﬁdelissimos
1604 1959 1915 2022 ministros,
1943 1963 2006 2012 ut

418 2048 852 2104 demonstrarent
889 2050 1066 2105 locum
1098 2049 1191 2105 ubi
1218 2050 1393 2119 ipsum
1425 2048 1677 2120 Sergium
1717 2046 2005 2103 interfece—

418 2148 545 2194 runt
563 2148 726 2210 atque
747 2141 1090 2210 sepelierunt,
1112 2152 1167 2196 et
1184 2149 1537 2211 properantes
1557 2147 1821 2195 venerunt
1835 2153 2005 2209 usque

414 2231 472 2285 in
495 2229 823 2286 Meroianam
838 2231 907 2286 ad
928 2246 1112 2285 arcum
1134 2231 1406 2301 depictum
1427 2246 1589 2301 quem
1608 2245 1765 2285 secus
1781 2229 1925 2283 viam
1951 2240 2002 2293 ει,

415 2338 537 2391 qua:
587 2323 737 2379 ducit
777 2325 847 2379 ad
890 2325 1177 2380 ecclesiam
1220 2333 1424 2379 sancta:
1463 2323 1559 2377 Dei
1606 2321 1898 2378 Genitricis
1936 2322 2004 2375 ad

414 2412 679 2484 Praesepe,
737 2414 920 2485 ibique
948 2414 1103 2483 juxta
1145 2415 1398 2470 eumdem
1455 2429 1642 2470 arcum
1695 2413 2005 2483 aperientes

414 2519 579 2559 unam
600 2505 934 2574 sepulturam
959 2506 1466 2561 demonstraverunt
1490 2520 1686 2576 corpus
1710 2504 1853 2559 illius
1884 2503 2006 2559 Ser-

410 2596 486 2666 gii
511 2598 825 2666 repositum,
850 2597 1085 2667 funeque
1099 2595 1217 2665 ejus
1236 2605 1421 2668 guttur
1441 2596 1818 2661 constrictum,
1841 2603 2005 2664 atque

412 2687 611 2742 ictibus
647 2697 819 2744 totum
856 2704 1054 2759 corpus
1100 2688 1219 2757 ejus
1255 2691 1616 2745 vulneratum.
1695 2689 1845 2745 Unde
1894 2703 2003 2744 non

411 2772 575 2832 dubie
591 2786 675 2833 est
698 2778 1017 2835 suffocatum
1043 2797 1107 2836 ac
1132 2783 1450 2837 semivivum
1473 2782 1639 2837 fuisse
1669 2789 1812 2836 terra
1839 2781 2005 2836 obru-

411 2878 550 2924 tum.
577 2868 731 2936 Quod
756 2880 1040 2927 cernentes
1068 2874 1305 2929 universi
1338 2875 1601 2944 primates
1622 2872 1900 2938 Ecclesitc,
1938 2887 2003 2928 ac

408 2957 622 3027 judices
669 2960 911 3027 militim,
952 2964 1306 3019 ascendentes
1350 2965 1681 3020 unanimiter
1717 2980 1841 3020 cum
1883 2965 2003 3020 uni-

410 3063 572 3105 verso
591 3049 791 3121 populo
819 3050 872 3106 in
903 3051 1267 3109 Lateranense
1299 3054 1712 3123 patriarchium,
1738 3056 2002 3124 prostrati

2107 1876 2236 1916 vare
2261 1862 2498 1917 animam
2516 1861 2630 1932 jam
2651 1862 2780 1918 dicti
2803 1862 2988 1930 Pauli,
3019 1877 3087 1918 ne
3105 1863 3158 1919 in
3180 1874 3447 1919 aeternum
3466 1867 3705 1935 periret,

2105 1952 2302 2008 ascribi
2332 1951 2457 2009 fecit
2483 1955 2882 2025 suggestionem
2904 1969 3058 2009 suam
3070 1952 3426 2010 Constantino
3446 1965 3505 2010 et
3529 1956 3707 2013 Leoni

2104 2046 2364 2117 Augustis
2421 2046 2737 2117 magnisque
2782 2047 3203 2116 imperatoribus
3250 2047 3573 2117 significans
3634 2050 3705 2104 de

2105 2137 2275 2207 ipsius
2302 2137 2474 2208 Sergii
2502 2139 2631 2195 caeci
2663 2140 2827 2210 impia
2849 2148 3050 2206 morte,
3078 2149 3241 2211 atque
3268 2140 3577 2211 deprecans
3606 2157 3704 2196 eo-

2107 2247 2227 2287 rum
2273 2232 2606 2301 imperialem
2654 2232 2998 2288 clementiam
3038 2241 3100 2288 ut
3140 2234 3209 2288 ad
3254 2234 3705 2290 emendationem

2106 2323 2242 2377 tanti
2267 2330 2449 2377 reatus
2472 2323 2644 2393 ipsum
2670 2323 2897 2377 Paulum
2922 2323 3123 2394 suscipi
3143 2334 3201 2380 et
3225 2325 3281 2378 in
3307 2326 3441 2395 ipsis
3470 2326 3705 2381 Graeciae

2104 2413 2347 2483 partibus
2366 2412 2418 2466 in
2442 2412 2631 2468 exsilio
2657 2413 3020 2484 mancipatum
3055 2414 3277 2470 retineri
3306 2417 3705 2487 pnecepissent

2108 2500 2506 2573 [praeciperent]
2518 2541 2530 2555 .

2176 2592 2490 2662 Direxitque
2522 2594 2768 2649 eamdem
2815 2597 3217 2668 suggestionem
3261 2596 3382 2666 ejus
3423 2608 3515 2653 ter
3540 2600 3703 2655 beato

2106 2682 2271 2739 Leoni
2294 2684 2726 2755 archiepiscopo,
2760 2694 2819 2741 ut
2849 2688 3025 2756 ipsum
3059 2688 3286 2744 Paulum
3310 2689 3705 2746 Constantino-

2102 2773 2268 2842 polim
2289 2773 2341 2828 in
2362 2773 2573 2839 exsilio,
2599 2774 2711 2829 sive
2748 2790 2847 2845 per
2876 2777 3151 2843 Venetias,
3178 2780 3294 2835 sive
3315 2780 3539 2837 aliunde
3563 2799 3704 2853 qua-

2104 2864 2228 2921 liter
2245 2864 2528 2934 potuisset,
2554 2866 2811 2937 dirigeret
2844 2884 2969 2924 eum
2990 2870 3214 2940 prmfata
3245 2873 3549 2941 apostolica
3574 2890 3704 2947 sug-

2104 2957 2363 3027 gestione.
2412 2957 2530 3028 Ipse
2560 2974 2688 3014 vero
2732 2960 3173 3032 archiepiscopus
3215 2964 3484 3020 insidians
3529 2967 3703 3022 vehe—

2105 3056 2316 3103 menter
2355 3049 2529 3104 eidem
2564 3050 2754 3117 Paulo,
2788 3051 3036 3108 adhibuit
3066 3054 3287 3124 impiam
3319 3056 3697 3125 occasionem,

413 3107 726 3209 aposwlic'is
764 3140 1007 3210 vestigiis
1039 3107 2001 3214 obnixeVenmdem—alniiﬁchmvpon:
2027 3107 2072 3169 ο
2105 3137 2342 3210 dirigens
2384 3140 2560 3195 eidem
2608 3107 2882 3212 praecipuo
2924 3107 3285 3213 pontifici—“iri

410 3231 616 3288 tiﬁcem
658 3232 930 3304 deprecati
966 3243 1093 3290 sunt
1118 3244 1178 3289 ut
1212 3235 1507 3292 vindictam
1546 3248 1710 3307 atque
1744 3238 1998 3293 emenda-

411 3321 616 3376 tionem
645 3319 761 3376 ﬁeri
799 3324 1147 3393 pmcepisset
1171 3323 1238 3380 de
1277 3334 1428 3382 tanto
1471 3327 1712 3384 inaudito
1739 3326 1954 3397 piaculo
1980 3369 1995 3393 ,

409 3413 466 3466 in
494 3428 561 3469 eo
581 3414 724 3483 quod
743 3418 1214 3486 praesumpsissent
1234 3420 1470 3475 secum-1’
1499 3421 1773 3476 hominem
1800 3422 1997 3492 saepius

411 3506 700 3561 lamentis
728 3517 1130 3564 concrematum
1167 3512 1459 3568 crudeliter
1499 3512 1824 3578 interﬁcere,
1853 3515 1997 3584 quod

409 3593 614 3659 factum
658 3613 935 3668 nunquam
974 3599 1201 3670 legitur;
1236 3612 1566 3669 asserentes,
1610 3604 1737 3674 quia
1780 3604 1824 3658 si
1873 3603 1998 3658 talis

410 3686 597 3767 flagitii
618 3697 801 3745 reatus
824 3705 931 3746 non
953 3692 1287 3761 expiaretur,
1312 3694 1475 3750 nimis
1503 3694 1619 3764 ipsa
1645 3694 1807 3765 impia
1833 3703 1998 3749 teme-

2100 3226 2412 3297 Expedibile
2438 3245 2547 3286 non
2571 3246 2693 3287 esse
2725 3234 2978 3289 eumdem
3016 3235 3243 3290 Paulum
3278 3236 3407 3291 illuc
3434 3237 3700 3308 dirigere,

2099 3319 2155 3373 in
2191 3334 2258 3374 eo
2301 3321 2447 3390 quod
2504 3321 2814 3380 Desiderius
2855 3324 3337 3397 Longobardorum
3391 3344 3489 3384 rex
3525 3329 3701 3386 ﬁlium

2098 3408 2342 3464 Mauricii
2369 3409 2524 3467 ducis
2553 3412 2903 3470 Venetiarum
2947 3418 3088 3487 apud
3129 3431 3191 3473 se
3237 3426 3458 3488 captum
3488 3420 3703 3478 detine»

2097 3506 2201 3566 ret,
2229 3515 2298 3556 ne
2320 3500 2435 3569 ipse
2456 3500 2750 3558 Mauricius
2775 3504 2945 3559 ﬁlium
2978 3521 3135 3561 suum
3159 3508 3383 3578 cupiens
3406 3509 3476 3564 ah
3503 3511 3699 3565 eodem

2098 3604 2226 3661 rege
2255 3590 2519 3660 recipere,
2550 3591 2801 3649 eumdem
2846 3593 3071 3650 Paulum
3103 3596 3179 3651 illi
3207 3598 3469 3653 vicarium
3509 3601 3697 3656 trade-

2098 3689 2199 3737 ret.
2256 3683 2396 3739 Eece
2438 3685 2654 3754 qualem
2693 3688 3038 3743 occasionem
3093 3690 3209 3759 ipse
3251 3691 3700 3765 archiepiscopus

2096 3773 2339 3830 ecclesia:
2383 3774 2778 3857 Ravennatium
2823 3780 3015 3837 callide
3067 3783 3346 3851 adhibuit,
3399 3793 3460 3839 ut
3510 3787 3693 3856 ipsum

2097 3864 2323 3922 Paulum
2371 3869 2686 3941 extinguere
2729 3870 2951 3928 valeret.
2997 3872 3196 3945 Sicque
3234 3876 3448 3932 remisit
3479 3880 3550 3934 ad
3571 3894 3698 3949 apo-

2096 3957 2343 4013 stolicam
2389 3957 2571 4014 sedem
2611 3962 3012 4033 suggestionem
3056 3963 3225 4019 illam.
3255 3965 3386 4021 Post
3417 3967 3538 4022 haec
3564 3983 3694 4023 vero

2096 4062 2218 4101 cum
2249 4048 2364 4117 ipse
2403 4050 2778 4107 sanctissimus
2803 4053 3003 4123 praesul
3045 4055 3333 4111 direxisset
3363 4056 3692 4129 Gregorium

2095 4138 2437 4194 sacellarium
2460 4153 2616 4195 suum
2641 4142 2710 4197 ad
2728 4142 3068 4200 Desiderium
3093 4144 3582 4218 Longobardorum
3609 4166 3696 4207 re-

2094 4245 2216 4300 gem
2237 4232 2631 4301 deprecationis
2672 4243 2836 4306 atque
2857 4236 3178 4294 hortationis
3206 4255 3369 4296 causa
3395 4257 3496 4312 pro
3532 4245 3692 4299 resti-

405 4331 466 4376 ut
510 4336 662 4377 more
698 4323 1091 4379 homicidarum
1142 4340 1236 4381 eos
1289 4341 1474 4383 coram
1517 4328 1772 4384 universo
1797 4331 1995 4401 populo

2101 4324 2309 4380 tuendis
2332 4324 2572 4394 praefatis
2601 4328 2669 4383 ab
2705 4343 2771 4383 eo
2814 4329 3009 4385 ablatis
3037 4331 3345 4387 civitatibus
3371 4374 3388 4398 ,
3421 4337 3686 4406 prmcepit

404 4413 759 4468 examinat-et.
787 4415 1120 4487 Deductique
1138 4416 1423 4491 elephanto
1444 4418 1500 4491 [e
1520 4422 1849 4492 patriarcbio
1863 4438 1994 4494 prae-

2101 4415 2145 4469 ei
2180 4423 2238 4469 ut
2264 4415 2491 4471 firmiter
2516 4426 2919 4474 contestaretur
2950 4420 3185 4479 Leonem
3208 4425 3685 4498 archiepiscopum

411 3778 591 3834 litatis
623 3783 976 3853 prazsutnptio
1003 3783 1055 3837 in
1086 3783 1187 3838 hac
1222 3786 1466 3841 Romana
1496 3787 1631 3841 urbe
1664 3786 1952 3857 pullularet
1980 3827 1994 3851 ,

408 3877 749 3926 assumentes
785 3886 855 3925 ex
894 3871 997 3926 hoc
1035 3872 1317 3928 audaciam
1346 3875 1585 3944 perversi
1625 3875 1891 3940 homines,
1937 3885 1997 3931 ut

410 3966 682 4014 tentarent
710 3959 891 4030 pejora
926 3972 1259 4032 perpetrare.
1302 3966 1453 4022 Tunc
1475 3966 1733 4035 praefatus
1767 3967 1996 4023 sanctis-

407 4048 579 4103 simus
600 4048 797 4118 praesul
826 4051 1077 4119 precibus
1108 4062 1131 4091 ο
1158 4050 1404 4120 judicum
1436 4054 1787 4123 universique
1812 4049 1995 4125 populi

411 4138 645 4193 Romani
665 4136 832 4207 jussit
862 4142 1184 4198 contradere
1208 4142 1507 4201 antefatum
1532 4143 1814 4201 Calvulum
1843 4148 1995 4203 cubi-

406 4230 667 4287 cularium
691 4240 746 4287 et
774 4235 1195 4302 praenominatos
1218 4234 1523 4307 Campanos
1544 4236 1800 4308 prazfecto
1821 4240 1990 4307 urbis,

405 4505 538 4578 fato]
588 4507 642 4561 in
682 4523 957 4564 carcerem
1009 4511 1285 4579 publicum
1312 4554 1327 4580 ,
1373 4513 1484 4569 illic
1517 4528 1701 4571 coram
1736 4516 1988 4573 universo

403 4599 602 4670 populo
624 4601 918 4657 examinati
946 4611 1089 4658 sunt.

475 4694 675 4765 Sicque
714 4696 818 4767 ipsi
840 4696 1098 4768 Campani
1125 4701 1265 4755 sicut
1307 4702 1478 4770 prius,
1521 4702 1595 4756 ita
1625 4711 1681 4757 et
1715 4703 1769 4757 in
1798 4704 1989 4759 eadem

400 4787 802 4843 examinatione
829 4788 1063 4845 confessi
1084 4799 1227 4846 sunt.
1258 4791 1511 4848 Calvulus
1530 4806 1683 4859 vero,
1715 4795 1989 4849 obdurans

400 4893 497 4932 cor
532 4893 714 4945 suum,
743 4879 833 4934 vix
863 4878 1144 4936 confessus
1182 4889 1265 4936 est
1299 4882 1373 4936 ita
1399 4882 1581 4938 omnia
1618 4899 1759 4950 esse,
1786 4885 1877 4953 qui
1910 4893 1989 4940 ta-.

370 5015 377 5021 .
402 4984 528 5024 men
562 4972 618 5024 in
644 4971 836 5026 eodem
867 4986 1086 5027 carcere
1113 4971 1316 5027 crudeli
1348 4981 1521 5027 morte
1546 4973 1729 5027 amisit
1764 4973 1986 5047 [emisit]

401 5064 672 5131 spiritum.
716 5064 824 5122 Pro
861 5081 993 5122 vero
1025 5067 1368 5137 amputandis
1411 5074 1518 5120 tam
1558 5066 1990 5123 intolerabilibus

406 5156 594 5228 flagitii
629 5159 900 5226 reatibus,
947 5160 1099 5215 missi
1130 5168 1255 5215 sunt
1300 5160 1399 5231 ipsi
1434 5159 1694 5229 Campani
1720 5161 1990 5217 Constan—

406 5248 685 5318 tinopolim
715 5250 769 5305 in
798 5251 1070 5306 exsilium.
1764 5312 1773 5321 ,

475 5338 602 5396 Post
630 5344 745 5398 haec
758 5342 925 5413 jussit
944 5342 1218 5400 antefatus
1239 5346 1585 5402 beatissimus
1613 5363 1748 5418 papa
1774 5348 1989 5403 ahstolli

405 5445 632 5500 corpora
683 5434 1060 5505 ChristOphori
1110 5445 1165 5491 et
1218 5439 1595 5506 praenominati
1650 5439 1824 5510 Sergii
1874 5439 1992 5509 ejus

406 5521 523 5590 filii,
555 5538 727 5593 eaque
765 5542 889 5580 cum
917 5527 1122 5582 honore
1156 5527 1212 5583 in
1246 5529 1473 5586 ecclesia
1508 5530 1653 5588 beati
1692 5531 1836 5588 Petri
1865 5533 1994 5590 fecit

479 5644 501 5703 ξι
530 5628 661 5703 God.
692 5632 847 5703 l_.tt(:.,
872 5637 961 5703 qui
986 5651 1062 5690 est
1089 5656 1235 5693 secus
1266 5640 1423 5695 riam.

484 5701 509 5751 ἓν
537 5700 667 5760 Cod.
697 5701 854 5767 1.110.,
886 5700 1101 5759 circum.

2096 4518 2364 4579 quatenus
2401 4527 2525 4567 eum
2553 4528 2877 4570 conservare
2898 4515 3143 4572 studeret
3190 4516 3441 4584 Paulum,
3473 4529 3532 4574 et
3561 4536 3687 4575 cum

2098 4611 2460 4658 reverteretur
2485 4620 2516 4659 a
2539 4604 2729 4661 Ticino
2744 4647 2758 4672 ,
2792 4622 2977 4663 secum
2997 4623 3121 4664 eum
3141 4610 3247 4666 huc
3269 4610 3499 4666 Romam
3528 4613 3689 4668 redu-

2097 4704 2265 4751 ceret.
2317 4695 2562 4767 Dumque
2614 4698 2874 4768 przefatus
2925 4699 3221 4772 Gregorius
3263 4704 3587 4759 sacellarins
3634 4705 3687 4760 in

2098 4788 2488 4844 Ravennatium
2514 4802 2858 4861 properasset
2898 4794 3119 4859 urbem,
3165 4803 3480 4851 constanter
3510 4813 3577 4853 ac
3602 4797 3690 4851 ﬁr-

2098 4879 2261 4935 miter
2293 4888 2625 4950 protestatus
2664 4890 2747 4937 est
2790 4882 3087 4938 antefatum
3130 4885 3605 4955 archiepiscopum
3638 4897 3691 4940 ct

2092 4958 2303 5040 judices
2350 4971 2681 5028 Ravinianos
2732 4988 2799 5029 ex
2855 4975 3221 5045 przeceptione
3271 4976 3573 5045 apostolica
3634 4977 3686 5031 in

2096 5064 2384 5134 praasentia
2407 5063 2637 5119 Anualdi
2659 5064 2973 5120 ehartularii
2996 5076 3124 5122 tunc
3145 5066 3220 5122 ibi
3242 5068 3535 5123 existentis
3557 5068 3690 5123 civis

2100 5156 2347 5223 Romani,
2389 5156 2483 5227 qui
2506 5155 2706 5210 ibidem
2740 5156 2941 5212 missus
2967 5158 3178 5211 eratab
3206 5157 3502 5227 apostolica
3529 5157 3685 5221 sede,

2099 5250 2307 5305 salvum
2350 5258 2513 5320 atque
2558 5249 2884 5304 incolumem
2930 5250 3105 5319 ipsum
3149 5250 3373 5305 Paulum
3412 5265 3689 5306 reservan-

2097 5343 2248 5408 dum,
2273 5342 2444 5397 donec
2462 5358 2493 5396 a
2515 5341 2705 5396 Ticino
2728 5350 3113 5405 reverteretur,
3130 5357 3377 5399 asserens
3393 5343 3497 5398 sibi
3524 5342 3688 5397 fuisse

2093 5441 2426 5502 praeceptum
2470 5432 2539 5487 ab
2568 5432 2864 5501 apostolica
2909 5441 3179 5502 potestate
3204 5449 3328 5488 cum
3358 5448 3544 5488 secum
3581 5431 3676 5486 Ro

2097 5541 2242 5582 mam
2271 5523 2663 5594 deportandum
2688 5532 2741 5580 ct
2774 5526 3087 5596 apostolicis
3124 5526 3334 5585 salvum
3357 5535 3674 5599 praesentan-

2175 5655 2194 5681 τ
2230 5640 2359 5696 Cod.
2388 5640 2520 5695 Luc.
2542 5681 2555 5706 ,
2597 5639 2879 5695 inclinatus
2908 5643 3165 5712 precibus.
