3986 6168
326 297 464 356 H77

1864 286 2035 342 VITA.

3448 276 3584 335 1176

320 417 446 472 dum
486 410 782 465 obtutibus.
836 408 961 463 llaec
990 422 1118 462 vero
1153 406 1329 476 ipsum
1366 412 1673 473 protestans
1708 401 1889 459 archi-
1918 403 1969 460 Α
1995 396 2063 450 ad
2085 413 2207 451 eum
2231 396 2665 467 properantibus,
2698 404 2757 449 ut
2786 392 2889 464 ipsi
2914 392 3009 448 Dei
3044 392 3231 448 famuli
3259 394 3581 463 retulerunt,

320 504 651 573 episcopum,
692 506 927 569 emptum
952 496 1199 551 Ticinum
1247 493 1521 565 profectus
1549 502 1633 547 est
1662 494 1790 557 iter,
1840 500 1897 546 et

320 593 575 650 continuo
595 589 1017 660 pramominatus
1039 588 1474 658 archiepiscopus
1494 587 1757 641 accersito
1774 601 1900 640 con-

319 684 502 743 sulare
545 681 936 735 Ravennatium
980 678 1234 743 civitatis,
1258 677 1514 747 praecepit
1538 677 1587 732 ei
1613 676 1788 747 ipsum
1813 676 1897 730 in-

320 772 695 830 terﬁciendum
722 771 969 825 Paulum.
998 771 1067 824 Et
1097 770 1495 825 dum~reversus
1514 767 1707 822 fuisset
1731 782 1902 836 saepe-

320 868 465 925 fatus
515 866 844 929 sacellarius,
890 866 1310 933 Ravennamque
1342 862 1724 931 conjungeret,
1758 861 1901 916 inve-

319 964 401 1018 nit
424 959 869 1032 pncnominatum
902 956 1124 1011 Paulum
1146 956 1259 1026 jam
1284 954 1645 1018 interfectum,
1668 969 1768 1023 pro
1795 967 1903 1022 quo

320 1054 486 1109 nimis
515 1050 809 1119 increpavit
845 1048 1301 1116 archiepiscopum
1331 1046 1613 1110 eumdem,
1642 1061 1740 1099 cur
1762 1060 1904 1115 prat-

324 1141 641 1210 sumpsisset
678 1148 867 1194 contra
894 1137 1245 1206 apostolicum
1274 1143 1601 1205 prazceptum
1626 1135 1810 1188 taliter
1836 1133 1903 1188 de

324 1233 514 1289 eodem
544 1231 710 1285 Paulo
735 1242 912 1300 agere.
948 1227 1077 1282 Post
1094 1225 1400 1295 aliquantos
1424 1224 1605 1294 itaque
1628 1223 1744 1278 dies
1771 1237 1902 1294 pro-

318 1327 439 1397 pria
460 1322 789 1381 conscientia
814 1320 957 1376 idem
982 1317 1420 1388 archiepiscOpus
1451 1316 1612 1371 tertio
1649 1327 1675 1355 α
1707 1313 1905 1369 direxit

323 1416 711 1489 pratnominato
752 1411 1093 1467 sanctissimo
1111 1424 1262 1480 papae
1292 1424 1389 1479 per
1424 1405 1697 1461 Julianum
1728 1406 1900 1460 tribu-

325 1525 452 1564 num
481 1524 636 1563 suum
673 1507 921 1570 missum,
948 1504 1243 1573 deprecans
1273 1501 1595 1573 apostolieas
1619 1498 1719 1555 sibi
1741 1498 1902 1569 dirigi

323 1600 530 1656 litteras
554 1615 618 1654 ac
661 1596 1042 1653 consolationis
1093 1594 1295 1649 monita
1323 1634 1338 1659 ,
1379 1593 1536 1664 quasi
1583 1592 1729 1647 nulla
1760 1592 1903 1647 illius

323 1700 603 1762 putaretur
643 1687 798 1757 culpa
826 1685 1065 1755 ejusdem
1092 1685 1120 1725 δ
1148 1684 1301 1739 Pauli
1331 1691 1530 1747 morte,
1575 1683 1630 1737 in
1660 1698 1725 1739 eo
1760 1682 1903 1752 quod

1998 487 2116 553 ejus
2139 487 2363 556 pedibus
2386 485 2659 555 provoluti
2687 499 2874 539 coram
2902 482 3175 552 judicibus
3200 482 3585 554 Longobardo—

1999 595 2121 634 rum
2161 595 2287 636 cum
2314 578 2568 649 lacrymis
2593 593 2661 633 ex
2704 591 2934 646 persona
2974 574 3198 630 antefati
3226 576 3413 630 vicarii
3441 576 3587 631 beati

1999 669 2144 725 Petri
2183 685 2307 725 eum
2336 669 2609 739 deprecati
2653 675 2800 733 sunt,
2834 676 2895 722 ut
2926 681 2958 720 a
2986 666 3153 720 tantis
3195 665 3353 721 malis
3396 666 3589 736 resipi-

1999 770 2176 817 sceret
2203 771 2257 817 et
2276 760 2531 831 praafatas
2558 775 2693 830 quas
2723 758 2949 814 abstulit
2972 758 3220 812 civitates
3238 757 3397 811 beato
3423 756 3586 813 Petro

2000 854 2265 909 redderet.
2297 852 2406 909 Sed
2454 866 2795 922 nequaquam
2854 848 2974 919 ejus
3019 848 3291 918 lapideum
3345 865 3441 904 cor
3494 851 3589 904 de-

1999 942 2216 999 ﬂectere
2242 944 2547 998 valuerunt.
2565 942 2763 1013 Sicque
2798 941 3115 997 infructuosi
3145 942 3246 1011 ipsi
3276 941 3372 997 Dei
3398 941 3588 998 famuli

2000 1036 2205 1091 reversi
2238 1043 2380 1090 sunt.
2414 1034 2659 1104 Dirigens
2688 1048 2815 1088 suos
2843 1043 2867 1071 θ
2891 1032 3085 1087 missos
3110 1031 3418 1087 Desiderius
3444 1032 3586 1086 idem

2002 1131 2072 1185 ad
2118 1129 2413 1184 antefatum
2466 1128 2842 1185 beatissimum
2874 1127 3203 1197 pontificem,
3253 1127 3306 1187 id
3354 1136 3437 1182 est
3476 1126 3590 1183 Δηι-

2003 1221 2185 1277 dream
2207 1221 2631 1275 referendarium
2653 1229 2707 1274 et
2738 1219 2998 1275 Stabilem
3023 1221 3235 1287 ducem,
3267 1228 3329 1275 ut
3368 1237 3492 1276 cum
3518 1236 3586 1277 eo

2002 1313 2207 1383 pariter
2243 1312 2310 1366 ad
2343 1312 2667 1381 loquendum
2717 1310 2934 1365 deberet
2977 1310 3249 1381 conjungi,
3279 1326 3413 1381 quos
3465 1328 3587 1367 sus-

2004 1405 2211 1475 cipiens
2247 1404 2418 1459 isdem
2448 1404 2712 1459 almificus
2733 1412 2922 1474 pastor
2967 1404 3039 1458 ita
3070 1405 3149 1459 eis
3177 1406 3471 1475 respondit,
3502 1406 3589 1460 in-

2004 1495 2236 1565 quiens:
2266 1493 2358 1549 Sic
2395 1494 2507 1565 regi
2530 1502 2709 1550 vestro
2750 1511 2816 1550 ex
2843 1510 2962 1551 mea
3001 1509 3233 1565 persona
3272 1495 3588 1561 satisfacite,

2005 1599 2092 1640 me
2126 1585 2278 1640 vobis
2304 1586 2531 1639 ﬁrmiter
2574 1601 2759 1640 coram
2798 1586 2911 1641 Deo
2959 1587 3326 1656 omnipotente
3366 1589 3593 1657 promit-

2008 1685 2169 1742 tente,
2199 1677 2323 1747 quia
2363 1676 2409 1732 si
2459 1674 2743 1746 praedictas
2788 1677 3035 1733 civitates
3072 1677 3214 1733 beati
3261 1677 3407 1732 Petri
3456 1694 3594 1749 quas

323 1757 543 1851 sanguis
574 1777 873 1833 innocentis
896 1776 1042 1830 ultus
1071 1775 1279 1831 fuisset.
1314 1773 1421 1830 Sed
1449 1773 1593 1829 nullo
1615 1774 1775 1829 modo
1801 1790 1899 1844 po-
1935 1757 1978 1816 Β
2011 1780 2251 1842 tempore
2276 1786 2396 1826 ineo
2434 1771 2654 1826 abstulit
2682 1771 2814 1825 mihi
2838 1770 3160 1836 reddiderit,
3189 1770 3445 1825 continuo
3478 1770 3593 1825 sive

324 1874 427 1929 tuit
466 1874 637 1942 ipsum
670 1868 1071 1925 sanctissimum
1106 1882 1299 1939 papam
1332 1878 1353 1906 ε
1392 1866 1699 1937 pontiﬁcem
1743 1866 1907 1921 decli-

325 1981 456 2020 nare
492 1961 832 2036 [inclinare],
866 1963 938 2017 ita
963 1961 1037 2015 illi
1062 1961 1300 2032 dirigens
1330 1960 1384 2014 in
1410 1959 1720 2027 responsis:
1753 1958 1907 2025 Quod

326 2058 440 2132 ipse
472 2060 671 2125 videat,
710 2059 841 2130 quid
866 2059 920 2112 in
948 2058 1135 2111 eodem
1160 2055 1326 2110 Paulo
1355 2061 1608 2124 operatus
1636 2062 1737 2108 est.
1771 2052 1905 2107 Nam

325 2161 473 2207 certe
495 2166 595 2221 ego
625 2151 861 2205 animam
896 2146 1012 2217 ejus
1047 2147 1258 2202 salvare
1283 2146 1505 2215 cupiens
1530 2186 1544 2209 ,
1576 2144 1907 2214 pmnitentia:

325 2258 450 2297 eum
479 2240 722 2296 submitti
770 2240 1134 2295 decreveram.
1188 2236 1311 2291 ideo
1355 2251 1533 2289 meum
1564 2233 1906 2289 sacellarium

329 2331 501 2387 direxi
563 2332 669 2385 huc
728 2329 956 2383 Romam
1006 2344 1128 2383 eum
1184 2325 1552 2381 deferendum.
1628 2324 1907 2394 Siquidem

2008 1864 2212 1928 Ticini,
2247 1864 2359 1918 sive
2386 1862 2678 1929 Ravenna),
2704 1864 2816 1918 sive
2840 1861 3097 1927 Perusizn,
3125 1862 3239 1916 sive
3272 1861 3357 1915 hic
3383 1860 3588 1925 Romze,

2005 1957 2090 2011 vel
2118 1957 2280 2011 etiam
2308 1955 2399 2010 ubi
2430 1955 2505 2009 illi
2527 1954 2783 2025 placitum
2810 1953 2994 2020 fuerit,
3041 1956 3109 2010 ad
3148 1953 3265 2023 ejus
3294 1956 3594 2024 properabo

2005 2050 2365 2118 pnescntiam,
2396 2060 2451 2103 et
2505 2064 2629 2102 cum
2673 2064 2737 2103 eo
2783 2048 2986 2118 pariter
3030 2063 3117 2103 me
3159 2046 3595 2119 coniungendum

2007 2147 2167 2207 atque
2222 2138 2640 2207 colloquendum
2693 2153 2814 2207 qua:
2870 2139 2940 2193 ad
2986 2137 3217 2192 salutem
3268 2138 3448 2208 populi
3502 2138 3596 2194 Dei

2006 2238 2358 2297 utrarumque
2375 2229 2609 2299 partium
2635 2229 2949 2299 respiciunt.
2982 2228 3050 2283 Et
3079 2232 3124 2284 si
3152 2228 3379 2284 forsitan
3406 2230 3472 2284 de
3493 2230 3596 2286 hoc

2006 2320 2393 2375 dubitationem
2419 2321 2600 2384 habet,
2627 2336 2714 2374 me
2740 2336 2862 2374 cum
2886 2336 2950 2375 eo
2982 2322 3203 2375 minime
3231 2321 3427 2376 debere
3463 2337 3592 2377 con-

324 2425 634 2481 nominams
673 2422 982 2478 Desiderius
1012 2421 1485 2491 Langobardorum
1516 2434 1612 2473 rex
1646 2418 1907 2488 superbia;
1998 2407 2173 2479 jungi,
2204 2418 2490 2479 postquam
2510 2409 2657 2478 ipsas
2682 2410 2928 2464 civitates
2960 2410 3270 2475 reddiderit,
3287 2411 3333 2464 si
3358 2426 3445 2465 me
3469 2426 3593 2466 cum

326 2532 378 2575 et
409 2518 686 2590 iactantia:
712 2515 850 2570 fastu
888 2515 1115 2579 levatus,
1144 2529 1247 2583 qua
1279 2515 1412 2568 hora
1445 2511 1695 2582 przel'atas
1721 2509 1910 2565 civita-
2007 2500 2124 2570 ipso
2148 2516 2257 2555 non
2276 2499 2610 2569 conjunxeio
2634 2500 3268 2571 loquendum,licentiam
3284 2500 3481 2555 babcat
3499 2516 3594 2555 eas

329 2621 413 2667 tes
444 2611 778 2666 Exarehatus
806 2606 1200 2662 Ravennatium
1238 2606 1482 2669 abstulit,
1516 2602 1802 2660 confestim
1833 2601 1909 2656 di-

2009 2591 2182 2647 denuo
2205 2592 2523 2662 occupandi.
2557 2592 2691 2646 Nam
2738 2592 2783 2646 si
2826 2593 2978 2663 prius
3012 2592 3156 2661 ipsas
3194 2592 3441 2646 civitates
3484 2607 3592 2646 non

328 2705 465 2759 rexit
493 2702 886 2758 multitudinem
922 2700 1214 2765 exercitus,
1243 2707 1297 2753 et
1319 2712 1581 2765 occupare
1621 2694 1749 2749 fecit
1774 2694 1909 2748 ﬁnes
2006 2684 2369 2739 reddideritct
2382 2682 2647 2753 justitiam
2662 2683 2818 2738 nobis
2833 2682 3052 2737 minime
3071 2682 3281 2746 fecerit,
3299 2681 3435 2736 sciat
3452 2681 3595 2751 quod

328 2793 637 2855 civi:atu.m,
669 2792 722 2846 id
748 2800 829 2846 est
875 2789 1314 2861 Senogalliensis,
1366 2787 1731 2844 Monteferreti
1759 2827 1774 2853 ,
1809 2786 1910 2843 Ur—
2006 2790 2105 2846 ΡΓο
2139 2786 2289 2832 081⁵ιο
2331 2791 2506 2830 meam
2555 2790 2896 2845 ηεαιιειίιυπιη
2930 2775 3131 2829 νίάθῢίῐ
3182 2773 3395 2829 ἶῧοίθω·
3444 2773 3595 2830 Unde

327 2886 463 2951 bini,
496 2884 748 2954 Engubii,
785 2892 839 2937 et
859 2890 1175 2938 caeterarum
1202 2882 1482 2937 civitatum
1518 2881 1906 2946 Romanorum,

327 2976 481 3047 plura
521 2975 834 3041 homicidia,
886 2982 938 3029 et
973 2973 1420 3042 deprtedaliones,
1449 2980 1611 3041 atque
1661 2970 1908 3025 incendia

2008 2881 2136 2922 ecce
2152 2865 2473 2935 sequipech
2487 2873 2697 2921 vestros
2722 2865 2955 2936 dirigere
2978 2866 3205 2920 studebo
3227 2880 3377 2919 meos
3404 2865 3598 2919 missos

2009 2958 2077 3012 ad
2111 2959 2360 3013 eumdem
2393 2967 2630 3013 vestrum
2656 2973 2859 3027 regem,
2884 2958 2975 3027 qui
2998 2958 3214 3012 easdem
3241 2956 3523 3027 recipiant,
3550 2957 3595 3011 si

328 3046 382 3122 in
423 3067 553 3135 ipsis
582 3065 780 3121 finibus
818 3072 1212 3135 perpetrantes.
1243 3064 1381 3119 Nam
1404 3065 1459 3118 in
1487 3063 1762 3120 civitatein
1787 3062 1907 3116 Ble-

2012 3049 2237 3104 rcddere
2279 3049 2531 3114 voluerit,
2557 3049 2825 3115 civitates,
2858 3056 2913 3103 et
2941 3048 3007 3102 de
3037 3048 3288 3118 praesenti
3318 3062 3424 3116 qua
3463 3046 3595 3100 hora

2013 3140 2115 3164 ...ΛΞ
2169 3141 2317 3164 ...ιιι-.-2
2366 3142 2593 3164 ..ηλμηιξη
2651 3141 2845 3164 at“)-..
2904 3141 3205 3164 ΑΞ-.ζι..ιΞΙι..,-.
3255 3140 3319 3164 ..Δ
3359 3155 3444 3164 -.-Α
3497 3139 3595 3164 Ιιηη

329 3175 516 3213 ranam
541 3158 775 3228 dirigens
794 3157 1099 3229 generalem
1109 3158 1405 3213 exercitum
1427 3158 1663 3228 partium
1676 3156 1902 3221 Tusciae,

329 3251 456 3305 dum
498 3250 598 3320 ipsi
641 3249 853 3306 Blerani
906 3250 959 3303 in
988 3248 1182 3304 ﬁducia
1229 3249 1378 3319 pacis
1403 3250 1471 3305 ad
1521 3248 1913 3318 rccolligendas

328 3343 576 3413 proprias
615 3350 824 3412 segetes
875 3338 1197 3411 generaliter
1229 3323 1357 3395 cum
1394 3340 1712 3396 mulieribus
1758 3347 1814 3393 et
1844 3333 1911 3392 lii

332 3436 419 3490 liis
444 3444 606 3506 atque
640 3434 858 3491 famulis
881 3435 907 3474 ἀ
936 3433 1346 3506 egrederentur,
1384 3433 1659 3488 irruerunt
1692 3438 1913 3499 repente

330 3541 493 3595 super
544 3542 638 3581 eos
698 3527 799 3597 ipsi
846 3526 1183 3595 Longobardi
1211 3567 1226 3592 ,
1270 3534 1325 3580 et
1379 3533 1602 3579 cunctos
1652 3521 1912 3591 primates

331 3616 518 3685 quanti
540 3616 742 3670 utiliter
766 3615 881 3687 [qui
913 3617 1091 3688 utiles]
1114 3619 1167 3670 in
1198 3616 1383 3670 eadem
1408 3614 1626 3667 civitate
1656 3618 1810 3665 erant
1834 3610 1917 3663 in-

335 3705 681 3772 terfecerunt,
732 3715 787 3761 et
829 3707 1068 3775 praedam
1099 3707 1323 3762 multam
1370 3713 1480 3759 tam
1514 3705 1581 3759 de
1610 3703 1917 3758 hominibus

333 3809 495 3863 quam
542 3795 608 3849 de
633 3796 858 3865 peculiis
900 3796 1258 3862 abstulerunt,
1307 3794 1452 3850 ferro
1480 3802 1536 3849 et
1577 3795 1699 3864 igne
1721 3799 1915 3847 cuncta

335 3883 391 3938 in
438 3883 669 3940 circuitu
713 3887 1079 3942 devastantes.
1149 3887 1256 3942 Sed
1300 3886 1357 3941 in
1407 3886 1606 3941 finibus
1659 3885 1917 3941 Romana:

335 3975 487 4035 urbis
515 3991 608 4031 seu
639 3984 693 4031 et
720 3985 1036 4032 caeterarum
1066 3976 1347 4032 civitatum
1378 3976 1544 4030 multa
1570 3974 1709 4030 mala
1735 3989 1799 4028 ac
1828 3974 1918 4029 de-

333 4070 692 4141 praedationes
717 4068 859 4122 idem
891 4068 1201 4123 Desiderius
1220 4075 1533 4138 perpetrare
1545 4065 1728 4137 jussit,
1751 4065 1916 4121 etiam

335 4167 390 4214 ct
411 4168 651 4214 castrum
685 4157 987 4215 Utriculum
1013 4174 1283 4229 occupare
1304 4158 1455 4214 fecit.

407 4248 559 4304 Unde
583 4249 776 4319 saepius
800 4256 962 4318 atque
987 4250 1182 4318 saepius
1207 4250 1320 4321 ipse
1341 4250 1684 4305 beatissimus
1718 4248 1917 4318 praesul

337 4348 446 4393 tam
483 4355 581 4409 per
610 4340 998 4395 obsecrationis
1040 4341 1246 4396 litteras
1281 4356 1548 4411 quamque
1592 4356 1688 4411 per
1721 4340 1917 4396 missos

337 4430 510 4485 eidem
534 4429 811 4486 Desiderio
841 4431 1055 4497 direxit,
1100 4432 1395 4501 deprecans
1430 4446 1552 4487 eum
1584 4442 1644 4486 ut
1672 4447 1703 4485 a
1748 4431 1916 4485 tantis

339 4521 496 4576 malis
524 4522 880 4590 resipisceret,
932 4530 986 4576 et
1019 4536 1112 4577 eas
1150 4537 1287 4591 quas
1329 4521 1627 4578 abstulerat
1667 4520 1915 4576 civitates

340 4611 607 4668 redderet.
632 4612 731 4668 llle
758 4628 886 4669 vero
924 4629 1030 4668 non
1056 4613 1228 4668 solum
1259 4614 1476 4669 easdem
1505 4629 1640 4682 quas
1677 4626 1915 4679 oecupa-

340 4710 490 4755 verat
535 4701 781 4757 civitates
821 4702 1043 4757 minime
1076 4702 1301 4757 reddere
1340 4710 1423 4756 est
1463 4702 1771 4766 inclinatus,
1822 4701 1917 4756 sed

337 4804 437 4844 nec
475 4790 542 4845 ab
565 4788 756 4847 eadem
783 4790 989 4844 malitia
1018 4792 1271 4846 recedere
1315 4790 1503 4855 voluit,
1541 4806 1648 4844 non
1694 4806 1917 4846 cessans

339 4879 627 4935 crudeliter
652 4879 820 4934 multa
845 4888 1006 4950 atque
1032 4880 1391 4936 intolerabilia
1424 4880 1563 4933 mala
1584 4880 1781 4936 finibus
1809 4881 1917 4936 Ro-

340 4985 639 5036 manorum,
664 4978 721 5024 ut
748 4970 949 5024 dictum
972 4979 1075 5037 est,
1098 4970 1371 5040 ingerere.

411 5060 561 5116 Tunc
583 5060 836 5132 praefatus
859 5061 1234 5117 sanctissimus
1275 5060 1515 5130 pontifex
1554 5063 1809 5117 accersiri
1837 5061 1918 5117 fa-

339 5150 486 5205 ciens
504 5152 785 5221 praxl‘atum
809 5152 1117 5222 religiosum
1148 5153 1396 5208 abbatem
1436 5154 1747 5208 monasterii
1775 5154 1914 5208 San-

337 5247 439 5292 cta:
460 5239 554 5292 Dei
591 5239 882 5296 Genitricis
916 5241 1006 5295 siti
1054 5243 1109 5295 in
1157 5242 1429 5297 territorio
1458 5243 1763 5299 Sabiniensi
1792 5260 1915 5299 cum

338 5328 528 5398 viginti
574 5330 876 5385 senioribus
898 5331 991 5384 Dei
1033 5332 1204 5387 servis
1238 5333 1532 5397 monachis,
1592 5332 1789 5389 direxit
1822 5351 1915 5391 eos

338 5420 405 5475 ad
429 5420 675 5475 eumdem
702 5420 1038 5476 Desiderium
1083 5423 1473 5493 deprecationis
1498 5440 1682 5480 causa.
1711 5424 1916 5492 Quibus

409 5562 435 5591 α
466 5552 599 5608 Cod.
621 5553 778 5618 Luc.,
811 5555 1040 5608 territus.

410 5625 439 5666 δ
465 5623 596 5700 god.
626 5623 777 5700 Luc.,
805 5622 881 5677 illi
919 5635 1243 5700 reputaretur
1271 5626 1423 5699 culpa
1461 5632 1523 5687 (ιε
1552 5630 1805 5700 ejusdem.

414 5706 436 5733 t-
478 5693 535 5749 ln
558 5696 675 5752 cod.
703 5693 831 5749 Luc.
866 5693 1053 5765 pupum
1075 5697 1241 5751 deest.

1941 4458 1994 4519 D

2013 3140 2118 3194 mei
2169 3141 2321 3195 missi
2366 3142 2597 3210 receptis
2647 3141 2849 3196 eisdem
2899 3141 3208 3195 civitatibus
3254 3140 3321 3194 ad
3359 3155 3446 3194 me
3495 3139 3599 3194 hoc

2012 3228 2186 3299 ipsum
2218 3231 2527 3285 nuntiantes
2558 3231 2759 3285 reversi
2788 3228 3006 3293 fuerint,
3060 3230 3314 3284 continuo
3365 3228 3433 3282 ad
3481 3228 3598 3296 ejus

2013 3319 2106 3374 ubi
2134 3319 2379 3384 voluerit,
2418 3329 2476 3374 ut
2523 3321 2726 3374 dictum
2769 3326 2872 3383 est,
2903 3320 3204 3391 properabo
3253 3319 3597 3389 praesentiam

2013 3410 2081 3464 ad
2107 3410 2268 3464 simul
2294 3426 2418 3465 cum
2442 3427 2508 3466 eo
2543 3409 2892 3478 loquendum.
2928 3408 3170 3478 lpsisque
3213 3407 3598 3478 Longobardo—

2013 3515 2134 3554 rum
2164 3499 2344 3553 missis
2365 3500 2783 3569 properantibus
2803 3505 2963 3568 atque
2986 3500 3052 3552 ad
3084 3514 3238 3553 suum
3279 3498 3598 3553 revertenti-

2010 3589 2116 3643 bus
2162 3604 2375 3659 regem,
2427 3589 2621 3643 direxit
2663 3588 2781 3658 ejus
2810 3597 2890 3643 ter
2918 3589 3193 3644 beatitudo
3230 3590 3486 3644 continuo
3531 3590 3600 3645 ad

2014 3679 2265 3734 eumdem
2289 3679 2626 3735 Desiderium
2674 3694 2857 3750 regem
2884 3696 3011 3736 suos
3052 3681 3244 3736 missos
3272 3682 3339 3737 ad
3378 3684 3596 3737 easdem

2017 3772 2355 3842 recipiendas
2396 3772 2659 3840 civitates,
2716 3772 2925 3829 scilicet
2978 3773 3246 3841 Pardum,
3287 3775 3597 3847 religiosum

2014 3882 2338 3938 egumenum
2368 3866 2767 3939 [hegumenum,
2800 3867 2875 3935 id,
2902 3868 3016 3940 est]
3060 3867 3370 3939 praefectum
3422 3867 3443 3906 τ
3485 3884 3601 3924 mo-

2016 3960 2256 4015 nasterio
2280 3960 2427 4015 beati
2455 3959 2630 4026 Saba},
2662 3968 2716 4015 et
2758 3959 3101 4016 Anastasium
3132 3960 3365 4031 primum
3410 3959 3598 4017 defen-

2016 4066 2215 4107 sorem.
2242 4050 2664 4122 Praisentatiqne
2690 4051 2807 4123 ejus
2833 4053 3112 4108 obtutibus
3139 4061 3194 4107 et
3229 4052 3327 4124 ipsi
3377 4053 3604 4122 pedibus

2015 4142 2135 4215 ejus
2163 4155 2479 4201 corruentes
2521 4146 2779 4217 lacrymis
2808 4145 3043 4216 profusis
3073 4160 3198 4201 eum
3229 4147 3594 4217 deprecantes,

2016 4245 2076 4290 ut
2093 4234 2393 4289 antedictas
2420 4235 2668 4289 redderet
2710 4236 2984 4299 civitates,
3016 4236 3392 4305 promittentes
3422 4236 3470 4290 ei
3503 4251 3599 4307 per

2015 4325 2367 4395 apostolicam
2406 4325 2787 4379 auctoritatem
2836 4326 2936 4378 sub
2959 4323 3330 4392 jurejurando,
3360 4325 3508 4393 quia,
3552 4330 3614 4386 si

2018 4431 2112 4471 eas
2132 4415 2472 4479 reddidisset,
2504 4415 2685 4468 statim
2723 4415 3143 4483 pra-nominatus
3173 4415 3438 4469 almiﬁcus
3474 4431 3599 4485 pon-

2021 4507 2150 4563 tifex
2190 4509 2259 4561 ad
2296 4521 2420 4561 eum
2475 4510 2787 4573 properaret
2824 4504 3273 4573 proficiscendum
3324 4520 3388 4560 ac
3438 4505 3602 4560 collo—

2015 4599 2286 4670 quendum
2315 4597 2537 4667 pariter,
2570 4595 2663 4651 sed
2692 4611 2789 4666 per
2818 4595 3018 4650 nullam
3047 4601 3312 4652 rationem
3341 4596 3460 4667 ejus
3498 4596 3603 4652 fcr-

2015 4708 2169 4748 reum
2198 4700 2389 4762 pectus
2417 4698 2472 4746 et
2517 4690 2861 4746 durissimam
2893 4700 3132 4746 mentem
3177 4691 3388 4746 mollire
3413 4702 3603 4762 potue-

2016 4790 2160 4848 runt,
2198 4781 2438 4851 nihilque
2460 4781 2781 4852 recipientes
2818 4781 2936 4837 sine
2964 4782 3159 4837 effectu
3207 4783 3410 4837 reversi
3450 4768 3597 4838 Sunt.

2018 4874 2219 4930 Tamen
2241 4891 2346 4930 non
2374 4874 2668 4930 desistebat
2710 4874 3012 4929 antedictus
3035 4874 3275 4943 pontifex
3308 4890 3436 4931 suos
3465 4876 3599 4932 mis-

2017 4983 2106 5023 sos
2134 4968 2199 5023 ad
2227 4982 2351 5023 eum
2375 4983 2473 5037 per
2494 4967 2597 5022 hoc
2628 4966 2803 5036 ipsum
2832 4967 3171 5035 dirigendum
3204 4967 3325 5040 [pro
3355 4967 3458 5023 hoc
3486 4968 3599 5039 ipse

2016 5060 2082 5113 ad
2110 5073 2234 5113 eum
2262 5056 2516 5130 dirigere]
2560 5067 2669 5112 tam
2706 5060 2771 5114 de
2800 5059 3172 5115 sacerdotibus
3219 5075 3488 5129 quamque
3534 5061 3602 5115 de

2016 5150 2240 5220 singulis
2287 5150 2524 5219 religiosi
2554 5149 2767 5204 habitus
2809 5149 3107 5214 ordinibus,
3133 5151 3229 5205 sed
3277 5150 3412 5205 nihil
3460 5149 3602 5220 apud

2015 5258 2140 5297 eum
2169 5242 2456 5311 impetrare
2484 5240 2787 5295 valuerunt.
2828 5240 3014 5297 Potius
3053 5257 3379 5312 permanens
3419 5241 3473 5296 in
3501 5257 3598 5296 sua

2016 5333 2319 5403 iniquitate,
2344 5331 2527 5387 multis
2556 5332 2867 5388 civitatibus
2910 5348 2975 5388 ac
3004 5333 3202 5389 finibus
3229 5333 3596 5389 Romanorum

2017 5425 2217 5481 inferre
2244 5425 2476 5480 faciebat
2501 5439 2568 5480 ex
2595 5424 2740 5479 onmi
2765 5419 2918 5496 parte
2938 5425 3100 5493 mala,
3118 5435 3173 5483 et
3198 5441 3421 5499 magnas
3444 5441 3598 5484 com—

2085 5559 2111 5597 ἀ
2140 5559 2271 5613 Cod.
2306 5557 2472 5629 Luc.,
2509 5568 2663 5629 atque
2685 5559 2923 5627 familiis.

2093 5641 2115 5668 θ
2147 5630 2277 5683 Cod.
2317 5626 2469 5691 Luc.,
2506 5626 2696 5683 sumius
2723 5647 2865 5685 suos.

2096 5701 2112 5739 ί
2148 5700 2203 5753 lit
2236 5701 2353 5755 cod.
2387 5699 2538 5763 Luc.,
2567 5700 2867 5766 prit'fcclum
2900 5703 3065 5756 deest.
