3962 6166
530 246 665 301 Ητθ

1891 241 2173 300 ADRIANI
2211 242 2410 298 ΡΑΡᾹΞ
2449 246 2469 298 1

3603 259 3708 312 H80

529 360 849 418 minationes
902 357 1137 428 dirigens
1189 356 1365 412 cidem
1422 358 1694 427 prmcipuo
1745 358 2005 429 pontiﬁci,
2046 369 2105 410 se
2130 352 2183 413 Δ
2208 353 2353 422 ipsas
2380 354 2744 427 confringeret
2758 357 2975 427 januas.
3003 360 3249 430 Dumque
3267 362 3377 419 haec
3393 367 3552 421 omnia
3569 371 3709 440 dispo-

530 468 651 507 cum
675 450 940 506 universis
966 450 1441 519 Langobardorum
1470 450 1795 504 exercitibus
1839 464 2101 518 propera-

528 549 707 594 turum
735 538 801 592 ad
824 538 1122 592 Romanam
1156 537 1432 592 civitatem
1473 539 1963 607 constringendam.
1998 538 2127 613 Pro.

529 645 635 699 quo
658 630 709 682 in
723 628 888 683 nimio
911 626 1037 682 ﬁetu
1055 628 1167 695 ipse
1192 628 1568 682 sanctissimus
1592 628 1833 699 pontifex
1852 644 1973 683 cum
2005 645 2103 684 suo

528 717 722 788 populo
747 717 971 788 positus,
999 724 1185 785 portas
1240 716 1474 771 civitatis
1500 717 1755 773 Romana:
1784 717 1957 773 claudi
1980 716 2101 785 jus-

529 810 616 871 sit,
670 816 726 862 et
779 807 913 861 alias
958 822 1025 860 ex
1057 806 1137 860 eis
1184 805 1437 861 fabricari
1490 805 1618 861 fecit
1669 806 1847 877 [muro
1899 807 2107 862 scilicet

529 897 748 970 claudi].
778 897 846 975 Et
881 898 1006 952 dum
1035 897 1089 950 in
1120 911 1311 965 magna
1360 896 1605 966 angustia
1653 912 1717 951 ac
1764 896 2107 952 tribulatione

531 993 867 1055 consisteret,
890 989 1210 1045 necessitate
1234 988 1564 1058 compulsus,
1595 988 1792 1043 direxit
1824 1004 1951 1044 suos
1978 989 2107 1042 mis-

530 1097 619 1136 sos
652 1082 858 1135 marino
884 1079 1077 1135 itinere
1114 1094 1237 1133 cum
1267 1079 1573 1147 apostolicis
1604 1080 1797 1134 litteris
1825 1081 1891 1134 ad
1932 1081 2111 1135 excel-

528 1172 883 1226 lentissimum
909 1167 1157 1225 Carolum
1191 1172 1229 1223 a‘
1261 1169 1371 1223 Deo
1398 1177 1698 1238 protectum
1735 1185 1915 1239 regem
1942 1169 2109 1224 Fran-

530 1277 719 1317 corum
759 1269 815 1314 et
851 1260 1140 1329 patricium
1185 1256 1588 1323 Romanorum;
1645 1260 1938 1328 deprecans
1991 1260 2111 1329 ejus

532 1353 922 1415 excellentiam,
950 1359 1010 1404 ut
1059 1352 1198 1405 sicut
1239 1365 1368 1404 suus
1402 1359 1558 1419 pater
1586 1359 1788 1406 sancta:
1835 1353 2110 1409 memorire

532 1440 810 1511 Pippiuus,
839 1450 893 1494 et
919 1441 1031 1511 ipse
1069 1448 1409 1494 succurreret
1438 1450 1598 1511 atque
1633 1443 1944 1497 subveniret
1989 1460 2114 1499 san—

534 1542 634 1588 cta:
663 1533 755 1587 Dei
786 1531 1039 1586 Ecclesiae
1068 1540 1122 1585 et
1165 1530 1370 1586 afflictae
1414 1531 1779 1589 Romanorum
1823 1550 1917 1589 seu
1957 1551 2114 1591 exar-

534 1628 727 1682 chatus
757 1617 1147 1680 Ravennatium
1170 1624 1473 1694 provinciae,
1491 1633 1653 1693 atque
1671 1626 1943 1695 plenarias
1967 1628 2111 1683 beati

534 1717 682 1772 Petri
717 1715 993 1784 justitias,
1040 1722 1094 1768 et
1140 1713 1402 1769 abstultas
1456 1713 1708 1786 [ablatas]
1761 1717 2006 1773 civitates
2043 1721 2111 1775 ab

535 1807 724 1861 eodem
769 1806 1046 1860 Desiderio
1092 1820 1216 1874 rege
1258 1805 1517 1875 exigeret.
1574 1804 1645 1859 At
1680 1821 1809 1861 vero
1849 1807 1976 1861 dum
2018 1824 2114 1878 per

536 1897 738 1950 nullam
767 1886 1063 1951 occasionis
1091 1898 1379 1950 versutiam
1402 1897 1664 1965 potuisset
1686 1896 1824 1952 idem
1848 1892 2115 1970 malignus

535 1987 844 2042 Desiderius
870 1985 1207 2056 persuadere
1234 1984 1531 2039 antefatum
1558 1987 1957 2043 sanctissimum
1977 2005 2115 2059 pon-

539 2076 737 2132 tiﬁcem
777 2076 845 2130 ad
895 2091 953 2130 se
990 2091 1113 2129 eum
1153 2075 1523 2129 deducendum
1578 2072 1638 2130 ut
1674 2075 1895 2131 antefati
1938 2078 2115 2135 Caroli

538 2167 715 2236 Magni
738 2165 875 2220 ﬁlios
900 2179 1055 2235 reges
1083 2164 1343 2231 unxisset,
1373 2172 1427 2219 et
1455 2165 1629 2234 ipsum
1667 2165 1956 2222 almiﬁcum
1983 2163 2115 2239 pou;

537 2260 738 2315 tiﬁcem
765 2275 795 2313 a
822 2258 1085 2314 cbaritate
1119 2258 1179 2312 et‘
1197 2257 1480 2313 dilectione
1513 2258 1751 2328 scepefati
1777 2260 2115 2319 christianis-

537 2353 660 2408 simi
708 2350 883 2406 Caroli
928 2349 1104 2421 Magni
1154 2348 1296 2420 regis
1337 2363 1589 2419 separare
1634 2350 1910 2406 voluisset.
1966 2352 2116 2410 Tunc

536 2445 829 2516 pertinacia
861 2449 917 2496 et
958 2441 1183 2496 audacia
1224 2456 1475 2511 egressus
1517 2458 1547 2496 a
1596 2458 1694 2497 suo
1738 2444 1939 2512 palatio
1993 2462 2116 2500 cum

536 2534 790 2604 Adalgiso
831 2532 1049 2602 proprio
1098 2531 1207 2585 ﬁlio
1256 2539 1310 2585 et
1345 2532 1581 2586 exercitu
1612 2532 2113 2605 Longobardorum,

536 2625 783 2679 deferens
814 2639 991 2677 secum
1019 2630 1075 2676 et
1098 2637 1322 2676 uxorem
1366 2630 1421 2676 et
1463 2623 1601 2677 ﬁlios
1640 2626 1914 2695 szepedicti
1941 2642 2115 2695 quon-

538 2715 660 2769 dam
684 2711 1079 2776 Carolomanni,
1117 2726 1217 2765 nec
1252 2727 1359 2765 non
1388 2719 1440 2767 et
1466 2712 1821 2767 Auctbarium
1845 2755 1859 2777 ,
1912 2716 2003 2786 qui
2049 2717 2116 2772 ad

536 2821 679 2869 eum,
709 2811 768 2859 ut
812 2804 1013 2859 dictum
1043 2810 1155 2866 est,
1206 2802 1386 2873 fugam
1432 2803 1799 2872 arripuerant,
1851 2807 1941 2861 hic
1992 2823 2117 2863 vero

538 2900 763 2954 Romam
791 2911 1081 2967 properare
1110 2888 1403 2963 nitebatur,
1428 2892 1559 2954 ‘siue
1588 2899 1815 2954 Scientia
1860 2903 2116 2957 antedicti

2203 445 2419 510 suisset,
2452 447 2717 516 extemplo
2741 446 2885 504 facto
2915 449 2972 503 in
2996 452 3211 519 scriptis
3240 455 3566 511 anathematis
3583 461 3708 515 verbo

2202 535 2401 590 direxit
2435 537 2610 592 eidem
2653 538 2931 594 Desiderio
2956 541 3067 610 regi
3096 550 3210 596 tres
3240 544 3528 614 episcopos,
3564 548 3606 602 id
3630 560 3706 615 est,

2205 625 2538 680 Eustratium
2560 626 2941 692 Albanensem,
2980 628 3254 683 Andream
3291 629 3707 699 Praenestinurn,et

2205 715 2564 770 Theodosium
2620 716 2913 772 Tiburtinae
2967 718 3245 784 civitatis,
3299 730 3573 789 protestans
3612 741 3704 780 eum

2205 806 2260 859 in
2312 807 2501 859 eodem
2548 804 2891 874 obligationis
2934 807 3425 877 exbortationisque
3472 812 3632 876 verbo,
3667 826 3705 869 et

2207 895 2461 965 adjurans
2488 911 2584 965 per
2606 897 2785 951 omnia
2810 897 2986 952 divina
3015 900 3305 968 mysteria,
3338 910 3392 954 ut
3426 901 3552 959 nullo
3588 908 3704 961 modo

2207 988 2262 1042 in
2288 987 2485 1042 ﬁnibus
2507 989 2875 1044 Romanorum
2917 990 3030 1046 sine
3072 991 3192 1061 ejus
3220 994 3529 1051 absolutione
3551 999 3704 1068 ingredi

2208 1086 2302 1130 aut
2343 1078 2647 1131 conculcari
2692 1080 3125 1148 priesumpsisset
3153 1079 3554 1157 [praesumeret],
3576 1103 3704 1157 neque

2209 1168 2323 1238 ipse
2348 1208 2364 1233 ,
2426 1184 2601 1238 neque
2646 1168 2915 1239 quispiam
2966 1169 3431 1241 Longobardorum
3456 1214 3469 1238 ,
3528 1176 3603 1229 sed
3632 1192 3704 1230 nec

2208 1259 2535 1315 Autcharius
2559 1260 2816 1315 Francus.
2846 1259 3216 1332 Susceptoque
3238 1263 3415 1318 eodem
3437 1265 3704 1336 obligationis

2210 1351 2376 1405 verbo
2388 1365 2483 1419 per
2503 1348 2769 1405 antefatos
2789 1351 3066 1421 episcopos
3080 1352 3195 1422 ipse
3207 1352 3618 1422 Longobardorum
3632 1371 3703 1409 rex

2211 1441 2354 1495 illico
2371 1456 2495 1496 cum
2520 1456 2714 1510 magna
2730 1442 3023 1495 reverentia
3040 1457 3071 1495 a
3085 1442 3301 1496 civitate
3314 1444 3595 1499 V’itcrbiense
3606 1460 3703 1500 cons

2213 1533 2364 1588 fusus
2384 1533 2451 1587 ad
2466 1533 2681 1602 propria
2707 1548 2956 1588 reversus
2977 1542 3081 1588 est.
3110 1534 3239 1589 Post
3260 1534 3371 1589 haec
3387 1533 3702 1603 coniunxerunt

2217 1624 2283 1677 ad
2309 1623 2490 1678 sedem
2506 1623 2851 1693 apostolicam
2869 1622 3019 1678 missi
3045 1624 3243 1693 smpius
3266 1623 3386 1678 dicti
3407 1622 3554 1677 Caroli
3570 1624 3701 1678 excel-

2215 1715 2496 1770 lentissimi
2522 1715 2665 1786 regis
2692 1715 3022 1770 Francomm
3064 1724 3120 1770 et
3159 1716 3367 1785 patricii
3396 1716 3696 1779 Romanorum,

2215 1809 2268 1863 id
2289 1818 2371 1863 est
2391 1807 2654 1878 Georgius
2676 1808 3049 1863 sanctissimus
3071 1809 3368 1877 episcopus,
3390 1806 3697 1863 Gulfardusre-

2214 1900 2436 1969 ligiosus
2473 1900 2640 1954 abbas
2664 1909 2719 1955 et
2757 1898 3104 1954 consiliarius
3125 1940 3140 1964 ,
3188 1915 3279 1955 seu
3306 1898 3508 1954 Albinus
3540 1897 3696 1951 delicio-

2215 2008 2307 2047 sus
2355 1991 2524 2062 ipsius
2572 2006 2667 2045 rex
2712 1991 2743 2030 ι)
2794 1990 3062 2045 abstultas
3103 1988 3408 2062 [sublatas]
3435 1988 3630 2043 civitates
3662 1996 3697 2038 et

2213 2099 2403 2140 omnes
2431 2082 2670 2152 justitias
2715 2082 2861 2138 beati
2891 2081 3040 2137 Petri
3091 2081 3427 2148 reddidisset,
3465 2080 3579 2136 sicut
3606 2079 3695 2132 false

2215 2176 2270 2230 in
2318 2174 2602 2229 Franciam
2648 2173 2947 2244 dirigebat,
2997 2187 3254 2228 asserens
3300 2186 3355 2226 se
3397 2170 3548 2226 omnia
3576 2168 3697 2223 reddi-

2216 2267 2379 2322 disse.

2285 2355 2354 2409 Et
2386 2352 2648 2409 satisfacti
2676 2360 2803 2407 sunt
2828 2352 3248 2421 praesentialiter
3277 2350 3401 2405 nihil
3423 2349 3481 2404 ab
3505 2362 3558 2401 eo
3576 2344 3696 2400 reddi-

2217 2456 2328 2501 tum
2354 2444 2537 2500 fuisse.
2564 2444 2769 2510 Quibus
2792 2442 3038 2497 referens
3072 2443 3212 2497 idem
3233 2440 3505 2513 przecipuus
3524 2434 3693 2507 pontifex

2214 2544 2403 2593 cuncta
2433 2551 2553 2605 quae
2596 2542 2748 2604 gesta
2792 2540 2963 2599 erant,
2993 2547 3096 2588 eos
3133 2533 3187 2586 in
3238 2530 3494 2585 Franciam
3534 2521 3694 2579 absolvit

2215 2626 2551 2690 remeandos,
2577 2624 2817 2694 dirigens
2854 2638 2976 2678 cum
3007 2638 3079 2678 eo
3106 2636 3232 2677 suos
3270 2619 3448 2675 missos
3484 2614 3538 2668 ad
3561 2609 3694 2683 prafe-

2216 2729 2329 2776 tum
2377 2716 2884 2774 excellentissimum
2910 2714 3248 2770 Francorum
3289 2726 3450 2782 regem
3478 2724 3574 2763 cum
3605 2719 3693 2773 apo-

2216 2812 2422 2868 stolicis
2449 2807 2872 2864 admonitionum
2902 2805 3147 2876 syllabis,
3186 2802 3422 2871 adjurans
3462 2813 3561 2854 eum
3592 2792 3694 2849 forti-

2215 2918 2319 2973 ter,
2342 2914 2403 2961 ut
2438 2920 2500 2960 ca
2523 2918 2642 2973 qua:
2665 2903 2825 2957 beato
2850 2899 3013 2954 Petro
3045 2915 3169 2956 cum
3197 2914 3292 2954 suo
3317 2897 3525 2968 genitore
3556 2895 3693 2944 sancte

537 2990 826 3064 pontificis,
855 2989 1091 3059 dirigens
1120 3004 1245 3044 suos
1274 2982 1469 3045 missos
1512 2990 1719 3046 scilicet
1752 2993 2115 3061 praenomina-
2140 3031 2187 3095 ε
2220 2995 2492 3053 memoriae
2515 2993 2736 3062 Pippiuo
2766 3004 2889 3061 rege
2922 2988 3199 3059 pollicitus
3244 2995 3338 3051 est,
3366 2981 3633 3051 adimplerct,
3658 2982 3691 3027 cl

543 3091 552 3095 Α
692 3081 707 3095 .
782 3081 796 3095 .
1059 3078 1082 3095 ,.
1226 3080 1241 3095 .
1311 3080 1323 3091 .
1500 3087 1512 3095 ,
1585 3080 1617 3095 ..
1733 3083 1746 3095 .
2068 3083 2079 3095 .
2298 3087 2311 3095 .
2448 3085 2477 3095 κ.
2811 3089 2822 3095 Α
2913 3080 2953 3095 τ.
2993 3080 3006 3092 .
3061 3080 3101 3095 ,η
3168 3080 3182 3095 .
3350 3075 3577 3095 ,-_.~_--_-.

538 3091 649 3138 tum
679 3081 949 3136 Andream
996 3078 1421 3135 refcrendarium
1465 3087 1520 3135 et
1551 3080 1685 3136 alios
1716 3083 1848 3137 duos
1892 3098 1959 3138 ex
2001 3083 2113 3140 suis

534 3174 803 3247 iudicibus
829 3171 945 3242 ejus
985 3166 1275 3227 adventum
1314 3161 1711 3229 denuntiantes.
1763 3175 1967 3242 Quibus
2008 3176 2113 3233 Ro—

538 3284 681 3323 mam
703 3266 1149 3338 conjungrntibus
1166 3266 1612 3337 prmsentatisque
1634 3268 1939 3337 apostolicis
1959 3270 2109 3324 obtu-

538 3360 713 3423 tibus,
752 3358 857 3413 tale
901 3357 981 3412 eis
1036 3356 1267 3412 reddidit
1312 3372 1625 3426 responsum
1659 3376 1672 3411 :
1712 3357 1865 3425 Quod
1900 3359 2004 3413 nisi
2056 3366 2116 3413 ut

534 3448 645 3518 jam
674 3447 762 3502 ille
801 3447 1088 3518 promisit,
1131 3446 1423 3501 reddiderit
1462 3448 1625 3502 beato
1673 3446 1834 3503 Petro
1869 3449 2116 3506 civitates

540 3542 657 3596 illas
690 3556 824 3610 quas
867 3541 968 3595 sub
996 3554 1115 3594 meo
1164 3548 1405 3609 tempore
1449 3540 1692 3605 abstulit,
1722 3546 1775 3595 et
1819 3539 2115 3609 plenariam

538 3632 677 3702 parti
702 3639 897 3686 nostra:
942 3629 1130 3686 fecerit
1145 3627 1430 3699 justitiam,
1458 3632 1605 3687 nullo
1634 3631 1792 3686 modo
1829 3633 1900 3686 sit
1921 3633 1994 3686 illi
2025 3646 2119 3689 ne-

539 3740 691 3779 cesse
720 3723 1086 3795 fatigationem
1124 3722 1388 3788 sumendi,
1433 3723 1559 3791 quia
1606 3724 1826 3779 minime
1854 3721 1972 3781 ﬁeri
2022 3739 2118 3793 po—

542 3824 645 3871 lcst
680 3829 766 3869 me
790 3815 941 3884 prius
979 3829 1101 3868 cum
1130 3813 1219 3867 illo
1246 3814 1583 3882 praesentari.

611 3904 922 3975 Suscipiens
960 3918 1090 3957 vero
1130 3902 1270 3955 idem
1315 3902 1621 3957 Desiderius
1644 3904 1747 3959 hoc
1777 3918 2114 3973 responsum,

540 4010 878 4065 nequaquam
921 3992 1116 4047 exinde
1159 3993 1452 4061 repedavit,
1499 3994 1593 4047 sed
1631 4002 1864 4062 coeptum
1891 3994 2117 4049 Romam

541 4086 795 4158 carpebat
816 4088 937 4141 iter.
962 4083 1126 4155 Cujus
1144 4084 1256 4154 jam
1289 4086 1576 4140 adventum
1601 4088 2118 4157 appropinquantem

541 4192 872 4249 cognoscens
892 4175 1266 4231 sanctissimus
1306 4174 1420 4244 ipse
1459 4176 1760 4245 praecipuus
1796 4184 2001 4245 pastor,
2028 4192 2120 4247 ag-

520 4272 768 4359 }greg‘ans
795 4269 1106 4324 universum
1144 4267 1399 4339 populum
1428 4267 1664 4332 Tuscire,
1695 4267 2019 4338 Campaniae,
2066 4278 2121 4325 et

2220 3085 2639 3154 redemptionem
2678 3089 2875 3136 sanctae
2913 3080 3007 3134 Dei
3061 3080 3309 3135 Ecclesia:
3349 3075 3597 3147 perﬁceret,
3630 3081 3693 3121 seu

2215 3177 2466 3232 universa
2490 3190 2610 3244 qua:
2637 3172 2869 3228 abstulta
2908 3180 3043 3226 sunt
3081 3187 3111 3226 a
3159 3170 3354 3240 perﬁdo
3402 3158 3690 3236 Langobardo-

2215 3260 2336 3322 rum
2359 3281 2506 3337 rege,
2537 3274 2647 3319 tam
2687 3263 2933 3318 civitates
2958 3278 3130 3332 quam
3159 3261 3381 3331 reliquas
3404 3254 3595 3326 justitias
3615 3249 3691 3303 sine

2218 3355 2361 3430 [suo]
2390 3354 2684 3409 certamine
2734 3352 2959 3408 reddere
3008 3354 3174 3408 beato
3200 3354 3351 3407 Petro
3381 3343 3569 3419 principi
3602 3353 3689 3408 apo-

2216 3449 2478 3504 stolorum
2525 3447 2741 3503 fecisset
2774 3443 3047 3519 [faceret].
3095 3446 3201 3515 Ipsi
3246 3446 3411 3513 itaque
3447 3439 3689 3494 Francorum

2215 3542 2368 3598 missi
2394 3550 2746 3611 properantes
2787 3554 2911 3593 cum
2954 3538 3265 3608 apostolicae
3289 3534 3419 3590 sedis
3461 3527 3604 3584 missis
3634 3520 3691 3573 de-

2212 3626 2551 3686 clinaverunt
2589 3630 2657 3683 ad
2689 3628 3139 3699 praenominatum
3180 3622 3502 3681 Desiderium.
3545 3612 3620 3681 Qui
3655 3616 3689 3661 ει

2217 3730 2531 3778 constanter
2570 3735 2694 3775 eum
2743 3719 3098 3788 deprecantes
3152 3712 3404 3771 adhortati
3445 3714 3562 3769 sunt,
3598 3700 3689 3755 sicut

2218 3812 2324 3868 illis
2357 3826 2388 3865 a
2433 3826 2531 3867 suo
2565 3824 2689 3881 rege
2737 3816 3069 3879 przcceptum
3124 3806 3358 3871 exstitit,
3413 3807 3464 3856 ut
3500 3791 3690 3881 antefatas

2218 3920 2354 3975 quas
2394 3878 2691 3958 abstulerat
2718 3878 2963 3956 civitates
3009 3901 3235 3969 paciﬁce
3278 3899 3422 3953 beato
3454 3891 3583 3946 Petro

2221 3970 2405 4059 deret,
2439 4002 2494 4048 et
2533 3992 2770 4061 justitias
2810 3991 2953 4061 parti
3002 3990 3361 4046 Romanorum
3405 3982 3583 4037 fecisset
3615 3970 3691 4044 [fa-

2220 4087 2427 4161 ceret].
2477 4087 2585 4142 Sed
2651 4086 2871 4140 minime
2917 4085 3192 4156 quidpiam
3244 4085 3421 4138 horum
3465 4073 3577 4145 apud
3609 4079 3690 4167 etilli

2220 4183 2465 4239 obtinere
2514 4177 2831 4241 valuerunt,
2878 4185 3215 4230 asserentem
3265 4188 3321 4228 se
3363 4167 3550 4225 minime
3587 4155 3690 4227 quid'

2220 4273 2368 4344 piam
2406 4270 2758 4325 redditurum.
2801 4266 3037 4336 Accepto
3068 4268 3241 4335 itaque
3268 4273 3495 4333 responso
3524 4255 3613 4312 hoc,
3637 4259 3691 4298 πε-

541 4364 769 4418 ducatus
818 4360 1085 4425 Perusini,
1113 4368 1167 4414 et
1201 4360 1505 4429 aliquantos
1550 4360 1614 4415 de
1649 4360 1957 4416 civitatibus
1984 4360 2122 4417 Pen-
2153 4386 2202 4449 ι)
2224 4362 2363 4417 versi
2386 4369 2512 4417 sunt
2536 4361 2632 4432 ipsi
2656 4359 2879 4415 antefati
2900 4360 3053 4415 missi
3086 4360 3396 4415 Francorum
3417 4354 3464 4408 in
3496 4346 3691 4418 regionem

542 4457 800 4526 tapoleos,
837 4454 1065 4509 munivit
1096 4453 1238 4507 hanc
1262 4452 1532 4507 civitatem
1559 4450 1884 4517 Romanam,
1906 4468 2122 4507 omnes-

541 4562 645 4617 que
672 4545 864 4599 armati
888 4544 1060 4612 parati
1094 4552 1265 4605 erant,
1308 4551 1369 4596 ut
1396 4543 1441 4597 si
1471 4542 1585 4612 ipse
1625 4558 1719 4596 rex
1748 4542 2043 4606 adveniret,
2074 4543 2126 4597 ei

543 4637 755 4692 fortiter
796 4652 920 4690 cum
950 4635 1042 4688 Dei
1072 4632 1286 4688 auxilio
1311 4641 1367 4687 et
1398 4633 1539 4689 beati
1566 4633 1734 4696 Petri,
1774 4632 1893 4687 fulti
1919 4632 2122 4689 oratio-

544 4730 703 4783 nibus
750 4725 990 4797 prredieti
1032 4723 1361 4779 sanctissimi
1406 4722 1674 4792 praesulis,
1735 4721 1811 4775 illi
1872 4722 2127 4776 resistere

538 4818 722 4893 [Fara
778 4814 1137 4886 resisterent].
1194 4814 1330 4869 Nam
1370 4814 1627 4868 ecclesias
1671 4813 1814 4867 beati
1872 4813 2016 4867 Petri
2074 4821 2127 4869 et

541 4910 691 4969 Pauli
742 4924 1008 4967 exornare
1044 4907 1121 4979 [id
1151 4914 1255 4971 est,
1308 4905 1514 4960 nudare
1561 4903 1790 4976 ornatu]
1839 4904 1966 4960 fecit
2012 4904 2128 4975 ejus

541 5003 822 5065 sanctitas,
850 5008 906 5055 et
952 5005 1145 5053 cuncta
1201 5011 1391 5050 eorum
1435 4994 1646 5048 cimelia
1692 5003 1748 5048 et
1794 5003 2017 5049 ornatus
2072 4995 2126 5049 in

542 5094 682 5148 'nauc
703 5091 975 5147 civitatem
1020 5088 1321 5142 Romanam
1367 5085 1684 5152 introduxit,
1715 5084 1893 5139 claudi
1924 5084 2127 5140 faciens

541 5199 731 5239 ouines
769 5181 965 5251 januas
999 5179 1241 5234 ecclesia:
1272 5176 1416 5233 beati
1446 5176 1630 5243 Petri,
1666 5184 1721 5231 et
1763 5176 1976 5232 deintus
2023 5185 2130 5230 ter-

545 5275 620 5329 ris
655 5287 679 5314 ιι
706 5272 933 5343 supponi
961 5287 1025 5326 ac
1064 5269 1261 5324 muniri
1284 5268 1465 5338 jussit,
1514 5276 1577 5323 ut
1600 5266 1645 5323 si
1693 5268 1806 5338 ipse
1844 5276 2128 5338 protervus

540 5347 641 5419 rex
688 5366 804 5420 sine
844 5364 1059 5419 licentia
1089 5372 1144 5418 et
1187 5364 1451 5434 permisso
1493 5363 1764 5434 pontiﬁcis
1800 5363 2126 5428 advenisset,

543 5450 766 5512 ininime
787 5458 988 5511 aditum
1016 5457 1069 5511 in
1097 5457 1341 5512 eamdem
1384 5456 1667 5512 ecclesiam
1701 5457 2010 5511 introeundi
2038 5457 2129 5511 ha-

545 5546 716 5608 beret,
769 5547 869 5601 nisi
902 5548 1125 5602 brachio
1168 5547 1290 5602 forti
1351 5549 1418 5604 ad
1452 5565 1565 5605 suae
1618 5549 1813 5605 anima:
1850 5548 2127 5604 interitum

617 5671 640 5701 ⁸
675 5658 805 5714 Cod.
836 5659 991 5731 Luc.,
1031 5661 1210 5737 scrris.
1290 5714 1299 5724 ,

2230 4467 2401 4507 suam.

2295 4542 2652 4611 Properantes
2695 4539 2854 4595 simul
2878 4548 2934 4595 et
2959 4538 3262 4609 apostolica:
3312 4533 3442 4589 sedis
3481 4521 3691 4618 missi,

2225 4635 2473 4692 subtilius
2498 4643 2691 4690 cuncta
2729 4632 3043 4697 referentes,
3076 4642 3130 4687 et
3165 4630 3230 4685 de
3261 4626 3471 4695 maligno
3492 4615 3692 4697 ριὉΡ⁰⁵¹Ψ

2224 4727 2597 4801 ρι’ίεηοηιὶηθῑί
2634 4723 2896 4780 Desiderii
2925 4723 3296 4778 annuntiantes
3342 4694 3693 4801 antefato-excd'

2225 4795 2524 4878 lentissimo
2553 4828 2607 4875 et
2627 4835 2657 4873 a
2680 4817 2790 4873 Deo
2808 4824 3054 4887 protecto
3071 4811 3258 4870 Carolo
3283 4818 3459 4876 11138ηο
3479 4795 3586 4892 re?"

2225 4913 2404 4969 festim
2437 4913 2577 4968 idem
2624 4886 2939 4964 mitissimus
2986 4914 3040 4960 et
3083 4916 3262 4958 revera
3300 4886 3693 4976 Cliristianis‘silﬂl.Is

2226 5006 2452 5062 Carolus
2499 5004 2830 5058 Francorum
2882 5015 2978 5054 rex
3033 4995 3223 5052 direxit
3282 4988 3438 5045 eidem
3492 4972 3690 5062 Desiderio

2227 5112 2355 5153 suos
2385 5095 2597 5159 missos,
2634 5092 2686 5146 id
2708 5100 2791 5145 est
2814 5072 3107 5158 deprecans
3127 5092 3185 5138 ut
3208 5079 3407 5168 easdem
3433 5082 3545 5168 (Ιυίξδ

2397 5149 2619 5254 pacilice
2658 5149 2905 5235 redderei
2948 5176 3207 5236 civitates,
3252 5177 3300 5224 et
3344 5149 3688 5254 plenariaslfrg

2228 5241 2596 5330 Romanorum
2639 5268 2841 5323 faceret
2860 5265 3114 5335 justitias.
3147 5257 3446 5316 Promittens
3468 5248 3636 5307 insuper

2234 5326 3047 5432 tribuiquatuordccim'millia
3073 5352 3185 5408 auri
3214 5347 3502 5405 solidorum:

2230 5469 2396 5515 tatem
2442 5421 2494 5511 in
2521 5469 2651 5509 auro
2693 5460 2747 5507 et
2789 5457 3027 5522 argento.
3060 5445 3162 5500 Sed
3190 5452 3351 5508 neque
3391 5421 3689 5533 ἀθνξθῗὲἶῗξ

2232 5554 2352 5614 bus,
2369 5561 2542 5616 neque
2567 5544 2882 5599 muneribus
2903 5540 3017 5611 ejus
3036 5532 3402 5592 ferocissimum
3432 5530 3511 5574 cor
3534 5509 3690 5563 ﬂectere

2308 5660 2332 5699 ι)
2369 5656 2501 5712 Cod.
2534 5654 2688 5719 Luc.,
2718 5650 2967 5706 Alboinus
2992 5644 3255 5700 delirium:
3282 5634 3421 5707 ipsius
3448 5634 3569 5691 r69”-
