3986 6168
363 369 495 425 1131

1893 369 2046 427 VITA
2057 411 2070 425 .

3474 382 3611 438 1132

356 478 545 535 valuit.
574 475 717 530 Nihil
756 476 902 531 enim
933 477 1258 543 obtinentes,
1294 477 1395 548 ipsi
1423 478 1571 534 missi
1600 476 1931 535 Francorum
1963 482 2009 541 Α
2037 483 2360 538 sanctissimi
2417 486 2686 555 pontiﬁcis
2737 485 2982 556 jurantes
3043 503 3193 543 more
3246 489 3609 548 Romanorum

355 566 439 627 ad
466 568 750 638 pnefatum
797 583 951 623 suum
980 568 1488 623 christianissimum
1525 571 1757 640 regressi
1804 578 1931 625 sunt

355 677 559 732 regem.
592 661 743 743 Tune
773 676 1066 732 aggregans
1088 662 1202 730 ipse
1226 677 1256 715 a
1277 661 1387 715 Deo
1409 669 1686 730 protectus
1707 662 1931 719 Carolus

355 759 580 829 Magnus
608 773 705 812 rex
748 758 1058 812 universam
1094 757 1248 826 regni
1286 756 1369 811 sui
1404 755 1736 810 Francorum
1777 770 1930 810 exer-

354 850 561 905 cituum
595 847 1012 913 multitudinem,
1064 855 1225 915 atque
1253 846 1320 901 ad
1362 847 1703 916 occupandas
1752 846 1930 902 clusas

353 956 422 996 ex
447 941 634 996 eodem
662 955 760 995 suo
800 939 1043 994 exercitu
1090 938 1329 1006 dirigens
1350 979 1363 1003 ,
1413 939 1528 1008 ipse
1563 953 1779 1008 quoque
1807 955 1930 995 eum

353 1031 601 1103 plurimis
631 1031 941 1087 fortissimis
984 1032 1333 1089 bellatoribus
1381 1033 1603 1089 Francis
1647 1049 1744 1104 per
1782 1049 1931 1088 mon-

353 1129 463 1178 tem
484 1121 747 1177 Cinisium
782 1133 807 1162 ι
834 1123 901 1178 ad
926 1124 1140 1178 easdem
1174 1124 1624 1195 appropinquavit
1648 1124 1844 1189 clusas,
1875 1131 1929 1179 et

354 1222 596 1269 remotus
618 1214 674 1267 in
708 1213 903 1269 finibus
924 1213 1254 1270 Francorum
1286 1232 1409 1270 cum
1447 1216 1559 1271 suis
1600 1216 1929 1271 exercitibus

354 1304 572 1361 resedit.
600 1303 718 1359 Jam
742 1305 917 1361 dictus
946 1322 1076 1362 vero
1100 1307 1410 1362 Desiderius
1434 1316 1489 1362 et
1514 1307 1764 1363 universa
1788 1307 1927 1361 Lon-

353 1397 711 1467 gobardorum
748 1397 1082 1452 exercituum
1126 1398 1413 1454 multitudo
1447 1400 1515 1454 ad
1566 1399 1926 1454 resistendum

352 1488 565 1543 fortiter
600 1487 654 1541 in
676 1488 807 1557 ipsis
832 1490 1000 1545 clusis
1022 1488 1347 1545 aSsistebant
1369 1533 1383 1556 ,
1423 1508 1559 1561 quas
1607 1492 1828 1547 fabricis
1874 1501 1929 1546 et

352 1579 579 1635 diversis
606 1579 855 1634 maceriis
883 1580 1094 1634 curiose
1132 1580 1342 1635 munire
1380 1580 1483 1635 nisi
1524 1587 1668 1635 sunt.
1704 1580 1776 1635 At
1801 1595 1929 1634 vero

350 1687 456 1740 qua
473 1672 603 1725 hora
633 1672 1055 1742 pramominatus
1079 1672 1576 1728 Christianissimus
1594 1673 1927 1727 Francorum

352 1778 445 1816 rex
490 1763 557 1816 ad
596 1761 813 1817 easdem
860 1763 1254 1832 approximavit
1307 1763 1516 1829 clusas,
1567 1763 1712 1819 illico
1753 1764 1929 1818 denuo

348 1870 476 1910 suos
510 1855 705 1911 missos
727 1856 794 1910 ad
822 1857 1105 1925 prtel‘atum
1131 1857 1330 1912 direxit
1356 1856 1712 1921 Desiderium,
1741 1857 1927 1926 depre-

346 1962 501 2012 cans,
528 1946 671 2001 sicut
693 1947 923 2017 pridem,
945 1956 1005 2002 ut
1019 1949 1374 2018 quantitatem
1396 1948 1779 2018 prmdictorum
1793 1946 1924 2002 soli-

348 2040 538 2095 dorum
568 2039 862 2108 susciperet
909 2054 1005 2093 rex
1048 2051 1103 2094 et
1145 2040 1361 2095 easdem
1407 2039 1631 2109 pacificc
1678 2038 1925 2093 redderet

347 2132 613 2187 civitates.
660 2130 767 2186 Sed
798 2147 1134 2202 nequaquam
1163 2133 1378 2204 penitus
1424 2133 1770 2202 acquiescere
1816 2146 1925 2185 ma-

349 2223 467 2287 luit,
493 2230 547 2276 et
574 2222 700 2277 dum
736 2222 790 2277 in
820 2231 969 2277 tanta
994 2224 1192 2278 duritia
1243 2234 1525 2295 protervus
1571 2223 1686 2292 ipse
1713 2237 1925 2292 perma-

348 2320 502 2367 neret
530 2327 622 2367 rex
650 2312 976 2377 Desiderius,
1005 2314 1226 2382 cupiens
1256 2313 1561 2368 antedictus
1576 2312 1926 2367 Christianis-

348 2403 517 2457 simus
565 2401 895 2456 Francorum
932 2418 1027 2457 rex
1059 2402 1282 2473 paeifice
1321 2402 1559 2473 justitias
1600 2403 1745 2457 beati
1775 2401 1923 2456 Petri

347 2490 589 2559 recipere
615 2487 983 2563 [restituere],
1008 2491 1206 2547 direxit
1234 2492 1409 2546 eidem
1446 2491 1921 2563 Langobardorum

352 2580 461 2650 regi
486 2588 545 2633 ut
581 2579 917 2636 solummodo
943 2590 1052 2636 tres
1076 2582 1291 2637 obsides
1336 2582 1815 2653 Longobardorum
1836 2579 1925 2651 ju-

348 2671 528 2725 dicum
578 2671 716 2727 lilios
769 2672 846 2727 illi
907 2673 1217 2729 tradidisset
1260 2690 1359 2743 pro
1406 2675 1537 2745 ipsis
1576 2674 1924 2729 restituendis

348 2766 674 2833 civitatibus,
703 2775 757 2822 et
782 2768 1037 2823 continuo
1080 2769 1196 2823 sine
1218 2768 1325 2823 ulla
1369 2767 1561 2822 inferta
1594 2768 1794 2822 malitia
1819 2767 1924 2840 [in-

349 2867 493 2914 serta
521 2858 736 2931 militia]
777 2867 871 2913 aut
907 2860 1197 2915 commisso
1225 2859 1409 2928 prmlio
1436 2860 1504 2913 ad
1549 2859 1766 2928 propria
1798 2872 1921 2913 cum

349 2949 461 3003 suis
485 2949 817 3003 Francorum
845 2949 1173 3004 exercitibus
1202 2956 1580 3003 reverteretur.
1615 2946 1722 3002 Sed
1749 2959 1923 3017 neque

348 3039 427 3095 sic
445 3038 609 3093 valuit
635 3038 748 3107 ejus
764 3039 1052 3110 malignam
1075 3047 1309 3094 mentem
1326 3038 1559 3094 ﬂectere.
1581 3039 1731 3095 Unde
1750 3040 1924 3095 omni-

2032 577 2294 631 tonsurati
2317 585 2459 632 sunt.
2488 577 2557 631 Et
2581 576 2695 646 jam
2738 587 2793 633 et
2834 579 3025 648 reliqui
3052 582 3077 619 δ
3106 595 3295 635 omnes
3323 596 3391 636 ex
3419 585 3608 639 eodem

2031 667 2228 721 ducatu
2276 667 2552 738 Spoletino
2590 668 2861 723 inhianter
2889 669 3268 725 desiderabant
3295 686 3353 726 se
3386 674 3607 730 traden-

2031 760 2156 814 dum
2184 759 2441 833 [tradere]
2477 760 2532 814 in
2563 761 2781 816 servitio
2806 762 2949 816 beati
2979 760 3126 816 Petri
3172 771 3473 833 sancteque
3500 763 3612 821 Ro-

2030 866 2203 905 mante
2246 850 2516 907 Ecclesiaz.
2547 851 2653 906 Sed
2681 859 2981 907 metuentes
3005 869 3159 907 suum
3188 868 3368 924 regem
3388 852 3610 925 nequa-

2031 957 2190 1011 quam
2220 941 2333 996 ausi
2358 949 2483 995 sunt
2501 950 2833 1011 perpetrare,
2858 942 2995 996 unde
3023 942 3149 997 dum
3186 957 3218 995 a
3245 942 3408 998 elusis
3428 941 3611 1014 fugam

2029 1034 2397 1104 arripuissent,
2429 1048 2720 1102 omnesque
2768 1033 2963 1087 exinde
3006 1031 3073 1087 de
3119 1034 3343 1088 diversis
3379 1036 3610 1089 civitati-

2027 1126 2127 1180 bus
2155 1126 2379 1181 ducatus
2402 1124 2660 1193 Spoletini
2692 1124 2891 1179 reversi
2916 1131 3114 1186 essent,
3144 1123 3426 1179 confestim
3448 1138 3610 1195 gene-

2029 1216 2216 1270 raliter
2238 1216 2305 1270 ad
2330 1215 2611 1286 prmfatum
2637 1214 2926 1269 almiflcum
2949 1213 3257 1282 pontificem
3280 1212 3609 1269 confluentes

2027 1308 2379 1372 advenerunt,
2408 1310 2629 1376 ejusque
2654 1305 2917 1375 provoluti
2968 1305 3192 1374 pedibus
3242 1304 3439 1358 obnixe
3487 1319 3611 1358 san-

2027 1408 2172 1457 ctam
2203 1399 2370 1469 ipsius
2401 1406 2481 1452 ter
2506 1397 2891 1453 beatitudinem
2916 1395 3188 1464 deprecati
3212 1403 3355 1459 sunt,
3371 1402 3427 1448 ut
3449 1394 3609 1449 eosin

2000 1488 2005 1495 ’
2028 1495 2249 1549 servitio
2268 1492 2410 1548 beati
2434 1490 2579 1545 Petri
2598 1500 2904 1558 sancteque
2930 1486 3046 1555 ejus
3074 1487 3329 1540 Romanze
3353 1486 3609 1542 Ecclesiae

2028 1588 2325 1656 susciperet
2357 1592 2412 1638 et
2463 1598 2613 1637 more
2666 1583 3030 1635 Romanorum
3070 1579 3338 1633 tonsurari
3382 1576 3605 1632 faceret.

2098 1678 2244 1744 Quos
2262 1675 2559 1742 suscipiens
2584 1671 2858 1741 profectus
2879 1679 2961 1725 est
2983 1686 3105 1724 cum
3139 1670 3219 1724 eis
3243 1670 3295 1723 in
3322 1668 3607 1723 ecclesiam

2030 1773 2173 1828 beati
2192 1770 2357 1834 Petri,
2383 1775 2437 1822 et
2462 1779 2649 1821 omnes
2693 1764 3020 1819 unanimiter
3048 1778 3078 1815 a
3124 1775 3316 1831 magno
3340 1774 3511 1829 usque
3540 1760 3607 1812 ad

2034 1877 2260 1933 parvum
2298 1859 2397 1914 sub
2443 1856 2675 1911 indiculo
2706 1851 2987 1926 [vinculo]
3042 1851 3367 1906 sacramenti
3405 1847 3610 1917 jureju-

2030 1955 2201 2008 rando
2231 1948 2597 2022 promiserunt
2652 1946 2825 2000 eidem
2856 1946 2952 1999 Dei
3002 1945 3244 2014 apostolo
3284 1945 3337 1998 in
3386 1946 3610 2000 servitio

1994 2036 1997 2043 ’
2026 2045 2142 2115 ejus
2162 2054 2325 2114 atque
2353 2038 2608 2095 antedicti
2637 2038 2821 2092 vicarii
2846 2038 3012 2106 ipsius
3034 2036 3359 2091 sanctissimi
3388 2036 3609 2091 Adriani

1996 2118 2001 2122 ἢ
2026 2150 2178 2206 papa:
2207 2141 2367 2202 atque
2395 2131 2635 2185 omnium
2658 2144 3028 2184 successorum
3064 2128 3178 2197 ejus
3206 2128 3518 2197 pontificum
3548 2128 3611 2182 li-

2027 2228 2219 2283 deliter
2237 2241 2620 2297 permansuros
2640 2239 2763 2278 cum
2791 2222 2914 2279 filiis
2939 2230 2992 2276 et
3018 2232 3210 2275 cuncta
3237 2237 3422 2276 eorum
3448 2235 3611 2291 gene-

2028 2321 2254 2374 ratione.
2288 2318 2437 2372 Tunc
2462 2323 2583 2385 post
2621 2314 2921 2384 praastitum
2969 2321 3366 2368 sacramentum
3422 2326 3610 2366 omnes

2026 2428 2177 2468 more
2207 2411 2571 2465 Romanorum
2601 2405 2861 2460 tonsurati
2895 2411 3037 2459 sunt.
3071 2403 3137 2456 Et
3165 2402 3448 2458 confestim
3496 2402 3610 2470 ipse

2028 2511 2109 2557 ter
2126 2500 2469 2557 beatissimus
2494 2498 2667 2551 bonus
2693 2503 2879 2565 pastor
2925 2503 2978 2549 et
3001 2504 3154 2565 pater
3193 2509 3315 2548 cum
3358 2480 3609 2548 omnibus

2025 2592 2321 2655 exsultans,
2337 2587 2616 2644 constituit
2645 2585 2723 2640 eis
2748 2585 2938 2639 ducem
2968 2600 3127 2654 quem
3154 2584 3253 2653 ipsi
3279 2582 3496 2652 propria
3518 2597 3611 2636 vo-

2026 2681 2230 2735 luntate
2261 2679 2363 2734 sibi
2387 2678 2681 2747 elegerunt,
2704 2674 2911 2729 scilicet
2935 2674 3357 2743 llildeprandum
3387 2672 3613 2727 nobilis-

2026 2771 2242 2833 simum,
2263 2768 2354 2838 qui
2384 2767 2535 2837 prius
2557 2782 2677 2821 cum
2706 2766 2928 2835 reliquis
2957 2765 3026 2819 ad
3046 2763 3395 2833 apostolicam
3426 2763 3609 2818 sedem

2028 2859 2291 2929 refugium
2322 2856 2544 2912 fecerat.

2093 2953 2161 3006 Et
2185 2952 2259 3005 ita
2280 2952 2391 3005 Deo
2412 2958 2681 3003 annuente
2725 2947 3043 3018 praedictum
3097 2946 3350 3000 ducatum
3380 2944 3613 3016 Spoleti-

2025 3059 2154 3097 num
2177 3041 2499 3114 generaliter
2526 3055 2623 3096 suo
2650 3038 2943 3095 certamine
2966 3038 3107 3093 idem
3146 3038 3447 3107 prmcipuus
3471 3051 3608 3106 pon-

350 3141 536 3203 potens
576 3134 716 3187 Deus
763 3133 1100 3202 conspiciens
1162 3132 1329 3203 ipsius
1377 3132 1599 3201 maligni
1659 3132 1920 3188 Desiderii
1949 3166 1995 3229 Ο
2028 3135 2157 3190 tifex
2182 3136 2282 3189 sub
2301 3133 2423 3203 jure
2450 3141 2503 3189 et
2523 3141 2787 3204 potestate
2815 3133 2956 3187 beati
2981 3133 3121 3187 Petri
3145 3131 3471 3202 subjugavit.
3502 3132 3609 3186 Sed

349 3224 585 3293 iniquam
626 3222 904 3292 perfidiam
936 3231 1096 3293 atque
1132 3223 1521 3279 intolerabilem
1570 3224 1918 3292 proterviam,

350 3316 475 3371 dum
501 3316 700 3371 vellent
723 3315 915 3371 Franci
943 3315 1049 3371 alio
1076 3317 1162 3371 die
1187 3317 1254 3372 ad
1282 3317 1497 3387 propria
1524 3317 1743 3381 reverti,
1775 3317 1924 3371 misit

351 3414 613 3461 terrorem
648 3415 702 3461 et
724 3406 952 3461 validam
985 3407 1395 3477 trepidationem
1432 3408 1489 3462 in
1537 3423 1633 3462 cor
1677 3406 1814 3475 ejus,
1843 3406 1926 3461 vel

350 3499 443 3553 filii
472 3499 639 3568 ipsius
683 3498 920 3568 Adalgisi
946 3499 1152 3554 scilicet
1196 3508 1251 3554 et
1300 3501 1676 3554 universorum
1715 3498 1928 3569 Longo-

352 3587 663 3653 bardornm,
691 3596 745 3642 et
780 3589 969 3643 eadem
1000 3598 1180 3652 nocte,
1206 3588 1445 3642 dimissis
1476 3587 1711 3657 propriis
1754 3595 1928 3641 tento-

352 3678 447 3732 riis
470 3686 629 3746 atque
652 3678 798 3731 omni
812 3677 1163 3744 supellectile,
1185 3676 1363 3746 fugam
1380 3692 1567 3731 omnes
1583 3676 1926 3743 generaliter,

353 3769 566 3823 nemine
607 3782 700 3821 eos
720 3776 1095 3836 persequente,
1128 3768 1492 3836 arripuerunt.
1518 3767 1672 3835 Quod
1703 3783 1930 3823 cernen-

355 3864 435 3911 tes
458 3856 725 3910 exercitus
750 3854 1077 3910 Francorum
1108 3858 1377 3925 persecuti
1403 3867 1526 3911 sunt
1570 3872 1681 3919 eos,
1724 3865 1778 3912 et
1813 3858 1931 3928 plu-

354 3962 442 4001 res
470 3961 538 4001 ex
558 3945 637 4000 eis
666 3945 1069 4001 interfecerunt.
1093 3946 1211 4017 ipse
1250 3961 1380 4001 vero
1419 3946 1724 4003 Desiderius
1760 3964 1930 4018 quan-

356 4038 527 4094 tocius
571 4053 693 4093 cum
737 4038 852 4092 suis
894 4036 1164 4106 judicibus
1203 4036 1459 4093 velociori
1497 4054 1659 4094 cursu
1697 4037 1928 4110 fugiens,

354 4138 516 4199 atque
539 4127 756 4197 Papiam
790 4125 1140 4198 conjungens,
1169 4128 1369 4183 ibidem
1411 4144 1469 4184 se
1492 4144 1614 4184 cum
1641 4129 1772 4197 ipsis
1818 4130 1931 4184 suis

348 4218 620 4289 judicibus
659 4225 714 4273 et
741 4217 1081 4272 multitudine
1124 4218 1304 4289 populi
1346 4218 1818 4289 Langobardorum
1847 4235 1932 4276 re-

356 4307 496 4364 cludi
523 4307 749 4362 studuit.
799 4307 865 4361 Et
892 4306 1140 4363 muniens
1183 4323 1368 4364 muros
1398 4309 1569 4379 ipsius
1598 4309 1834 4365 civitatis
1863 4310 1930 4365 ad

358 4398 715 4454 resistendum
764 4397 1096 4453 Francorum
1138 4401 1507 4468 exercitibus,
1554 4411 1609 4457 et
1654 4403 1927 4473 propriam

2026 3239 2079 3285 ct
2106 3245 2295 3284 omnes
2323 3229 2655 3282 habitatores
2690 3234 2799 3279 tam
2849 3226 3075 3279 ducatus
3116 3223 3395 3287 Firmani,
3444 3222 3617 3275 Auxi-

2027 3321 2190 3384 mani,
2222 3328 2275 3374 et
2294 3318 2638 3381 Anconitani,
2664 3315 2930 3382 simulque
2974 3323 3027 3368 et
3072 3315 3140 3367 de
3160 3312 3391 3367 Castello
3418 3311 3611 3367 Felici-

2029 3411 2154 3465 tatis
2181 3407 2565 3481 [Fulginatis],
2590 3414 2643 3459 et
2668 3405 2798 3474 ipsis
2825 3404 2951 3459 dum
2979 3420 3009 3457 a
3039 3404 3204 3458 clusis
3232 3401 3613 3473 Longobardo-

2029 3516 2149 3553 rum
2178 3498 2441 3567 fugientes
2481 3495 2683 3551 reversi
2714 3503 2839 3550 sunt
2887 3494 2953 3547 ad
3000 3492 3281 3564 prtefatum
3336 3492 3613 3547 sanctissi-

2030 3606 2174 3643 mum
2200 3588 2507 3657 pontificem
2529 3594 2913 3641 concurrentes
2939 3584 3053 3653 ejus
3082 3600 3139 3639 se
3188 3593 3269 3638 ter
3293 3583 3610 3639 beatitudini

2029 3679 2381 3733 tradiderunt.
2435 3678 2789 3745 Pnestitoquc
2814 3684 3152 3731 sacramento
3178 3675 3229 3728 in
3260 3676 3362 3729 fide
3399 3683 3454 3731 et
3497 3690 3612 3729 ser-

2030 3768 2161 3823 vitio
2189 3767 2331 3822 beati
2357 3766 2501 3821 Petri
2548 3774 2709 3836 atque
2737 3765 2852 3852 ejus
2882 3765 3068 3820 vicarii
3118 3763 3342 3818 antefati
3392 3763 3639 3843 almifici

2029 3860 2249 3916 Adriani
2271 3874 2421 3929 papa:
2449 3873 2926 3927 successorumque
2948 3857 3063 3926 ejus
3082 3856 3395 3926 pontificum
3443 3856 3614 3912 ﬁdeli-

2031 3958 2113 4005 ter
2135 3963 2538 4019 permansuros,
2568 3963 2717 4002 more
2757 3947 3124 4001 Romanorum
3152 3947 3414 4001 tonsurati
3463 3957 3609 4002 sunt.

2098 4040 2170 4095 At
2196 4056 2324 4095 vero
2352 4037 2638 4109 smpefatns
2676 4037 3170 4093 Christianissimus
3190 4036 3415 4093 Carolus
3442 4038 3614 4093 Fran-

2030 4148 2218 4189 corum
2247 4147 2341 4187 rex
2371 4146 2593 4185 movens
2618 4145 2740 4185 cum
2764 4130 2877 4185 suis
2897 4130 3236 4201 generalibus
3265 4130 3606 4193 exercitibus,

2030 4234 2190 4295 atque
2218 4223 2435 4294 Papiam
2456 4222 2785 4293 coniungens
2823 4223 3129 4289 civitatem,
3183 4237 3304 4276 eam
3350 4238 3418 4277 ex
3465 4222 3611 4277 omni

2030 4326 2182 4385 parte
2228 4314 2570 4369 circumdans
2595 4312 2829 4377 vallavit,
2861 4313 3205 4381 dirigensqne
3248 4312 3503 4366 continuo
3555 4311 3612 4366 in

2033 4404 2317 4459 Franciam
2345 4403 2543 4458 ibidem
2566 4403 2707 4473 apud
2748 4418 2806 4457 se
2835 4403 3055 4471 Papiam
3081 4404 3272 4457 adduci
3301 4403 3429 4456 fecit
3458 4417 3611 4457 suam

358 4488 747 4543 defendendam
795 4488 1066 4544 civitatem
1115 4506 1239 4546 cum
1298 4492 1409 4547 suis
1465 4493 1835 4564 Longobardis
1871 4508 1930 4549 se
1962 4506 2009 4565 ι)
2034 4492 2312 4563 eonjugem
2342 4491 2847 4548 excellentissimam
2878 4492 3253 4560 llildegardam
3282 4494 3519 4563 reginam
3558 4503 3615 4548 et

359 4580 717 4650 prteparavit;
763 4580 1046 4651 Adalgisus
1073 4580 1400 4655 [Aldegisus]
1452 4599 1582 4640 vero
1630 4582 1747 4652 ejus
1790 4583 1934 4638 filius

361 4685 640 4726 assumens
665 4685 846 4725 secum
891 4669 1247 4726 Autcharium
1284 4671 1554 4727 Francnm
1585 4679 1640 4727 et
1686 4687 1931 4737 uxorem,

361 4772 522 4833 atque
550 4764 688 4818 filios
712 4764 982 4832 saepedicti
1007 4764 1404 4829 Carolomanni,
1436 4766 1490 4819 in
1515 4766 1788 4821 civitatem
1815 4782 1936 4836 quae

366 4855 573 4919 Verona
628 4863 1003 4925 nuncupatur,
1055 4870 1154 4924 pro
1196 4868 1262 4909 eo
1311 4856 1455 4923 quod
1499 4853 1793 4909 fortissima
1828 4871 1937 4926 prie

363 4946 611 5001 omnilms
644 4946 952 5002 civitatibus
996 4945 1472 5015 Longobardorum
1497 4959 1618 5001 esse
1642 4946 1932 5016 videretur,

366 5036 639 5107 ingressus
675 5046 776 5092 est.

436 5130 606 5185 Porro
632 5130 969 5200 Longobardi
1012 5129 1201 5198 reliqui
1246 5129 1470 5198 dispersi
1495 5130 1550 5184 in
1577 5130 1825 5200 pr0prias
1852 5146 1937 5185 re-

366 5220 508 5276 versi
541 5229 665 5275 sunt
713 5220 980 5275 civitates.
1013 5220 1145 5274 Nam
1173 5220 1432 5289 Spoletini
1473 5229 1527 5275 ct
1578 5221 1792 5275 Reatini
1834 5222 1936 5275 ali-

366 5311 550 5381 quanti
582 5325 768 5365 eorum
796 5310 953 5365 utiles
980 5326 1220 5381 persona:
1245 5350 1259 5375 ,
1304 5320 1591 5381 antequam
1632 5311 1939 5366 Desiderius

367 5419 461 5457 seu
493 5401 963 5472 Longobardorum
1001 5400 1117 5469 ejus
1142 5403 1410 5457 exercitus
1433 5404 1500 5459 ad
1529 5403 1708 5458 clusas
1750 5418 1939 5474 perge-

371 5500 509 5557 rent,
564 5492 643 5546 illi
692 5494 758 5546 ad
796 5492 1011 5546 beatum
1059 5492 1275 5548 Petrum
1319 5492 1629 5565 confugium
1682 5493 1939 5549 facientes

367 5582 625 5652 przedicto
666 5581 1002 5636 sanctissimo
1044 5582 1279 5637 Adriano
1312 5599 1462 5654 papa:
1507 5585 1858 5649 tradiderunt,
1886 5591 1941 5638 et

373 5673 424 5728 in
463 5673 566 5728 fide
601 5671 768 5741 ipsius
806 5671 1063 5741 principis
1091 5673 1452 5740 apostolorum
1498 5682 1657 5745 atque
1701 5673 1938 5744 prtcdicti

444 5800 466 5827 υ
504 5784 633 5841 Cod.
664 5784 818 5851 ιαμ,
862 5783 1108 5839 Siniscm.

2033 4584 2396 4644 nobilissimos
2426 4582 2582 4636 filios.
2633 4581 2702 4635 Et
2747 4582 2873 4636 dum
2899 4583 3204 4651 agnovisset
3252 4581 3432 4654 fugam
3475 4585 3615 4638 arri-

2032 4674 2214 4744 puisse
2241 4674 2294 4728 in
2319 4673 2587 4729 Veronam
2615 4672 3062 4741 prtenominatum
3089 4671 3421 4743 Adalgisum,
3450 4673 3613 4729 relin-

2035 4780 2203 4834 quens
2248 4763 2536 4834 plurimam
2562 4770 2769 4831 partem
2798 4777 2862 4816 ex
2892 4763 3004 4817 suis
3056 4763 3384 4819 exercitibus
3410 4764 3608 4833 Papiae,

2036 4861 2150 4931 ipse
2176 4874 2386 4930 quoque
2428 4874 2551 4914 cum
2602 4859 2889 4927 aliquantis
2939 4859 3245 4914 fortissimis
3293 4858 3517 4913 Francis
3556 4858 3612 4911 in

2035 4951 2280 5007 eamdem
2303 4951 2570 5005 Veronam
2596 4951 2905 5019 properavit
2925 4950 3216 5005 civitatem.
3239 4950 3305 5003 Et
3334 4949 3461 5003 dum
3485 4947 3613 5003 illuc

2038 5040 2423 5111 conjunxisset,
2452 5040 2698 5110 protinus
2723 5038 3065 5106 Autcharius,
3098 5047 3151 5094 et
3176 5055 3331 5105 uxor,
3363 5046 3525 5107 atque
3549 5038 3612 5091 11-

2039 5134 2096 5189 lii
2144 5134 2340 5204 szepius
2385 5133 2644 5188 nominati
2672 5132 3067 5198 Carolomanni,
3097 5133 3315 5202 propria
3342 5130 3614 5186 voluntate

2037 5225 2211 5279 eidem
2239 5224 2625 5293 benignissimo
2653 5222 2845 5277 Carolo
2876 5222 2986 5293 regi
3017 5238 3075 5277 se
3099 5222 3452 5277 tradiderunt.
3482 5220 3614 5276 Eos-

2040 5332 2143 5386 que
2184 5315 2446 5386 recipiens
2472 5311 2587 5381 ejus
2613 5312 2929 5367 excellentia
2968 5311 3144 5367 denuo
3198 5310 3469 5380 repedavit
3512 5309 3613 5363 Pa-

2039 5409 2205 5476 piam.
2256 5404 2357 5471 Qui
2402 5403 2686 5458 confestim
2718 5402 2975 5473 dirigens
3032 5418 3232 5458 cuneos
3276 5401 3611 5456 exercituum

2039 5495 2356 5551 bellatorum
2384 5490 2791 5561 comprehcndit
2830 5492 3070 5547 diversas
3111 5492 3356 5546 civitates
3406 5490 3616 5562 Longo.

2040 5586 2331 5640 bardorum
2354 5585 2495 5638 ultra
2523 5583 2727 5637 Padum
2781 5584 3119 5649 constitutas,
3149 5599 3364 5653 snzeque
3413 5583 3617 5650 redegit

2041 5684 2310 5746 potestati.
2343 5677 2408 5729 Et
2451 5676 2575 5730 dum
2630 5689 2728 5744 per
2775 5688 2869 5728 sex
2919 5675 3180 5730 mensium
3224 5674 3455 5745 spatium
3503 5673 3614 5742 ipse

2116 5787 2141 5826 ι)
2177 5787 2307 5843 Cod.
2333 5786 2486 5853 ιω,
2520 5784 2744 5838 utetiam
2769 5794 2815 5838 et
2846 5783 3069 5856 reliqui.'
