3962 6166
392 267 526 322 “85

1705 249 1984 306 ADRIAM
2021 247 2220 302 ΡΑΡᾸΞ
2261 249 2280 302 1

3514 244 3667 302 1:8}

388 375 719 430 Francorum
763 384 856 425 rex
909 369 1086 438 Papia:
1128 367 1503 422 demoraretur
1556 366 1608 418 in
1657 362 1969 419 obsessione
1996 363 2043 419 Λ
2070 361 2371 415 victoriam.
2405 342 2636 448 Expleta
2656 377 2786 420 vero
2812 360 3000 418 eadem
3044 362 3307 427 oratione,
3331 364 3537 421 obnixe
3577 368 3671 426 de.

389 466 558 537 ipsius
581 462 813 518 civitatis
838 501 852 526 ,
903 475 1157 530 magnum
1201 458 1527 513 desiderium
1552 457 1761 511 habens
1787 455 1853 508 ad
1899 453 1965 507 li-

392 555 535 608 mina
560 550 926 620 apostolorum
966 548 1311 618 properandi,
1335 547 1687 602 considerans
1726 542 1869 615 quod
1914 550 1968 596 et

390 641 754 699 sacratissima
795 639 1082 709 'paschalis
1140 638 1405 693 festivitas
1457 636 1965 708 appropinquasset,

390 743 520 790 tunc
556 733 848 788 abstolleus
872 747 1054 787 secum
1078 733 1317 787 diversos
1369 729 1650 801 episcopos
1673 769 1688 793 ,
1745 727 1969 781 abbates

390 828 555 881 etiam
580 833 633 879 et
670 822 908 892 iudices,
970 825 1133 879 duces
1168 836 1359 891 nempe
1383 828 1436 877 et
1482 820 1804 891 graphiones
1846 833 1969 873 cum

392 918 638 987 plurimis
661 916 1010 982 exercitibus,
1041 916 1130 971 hic
1157 915 1385 969 Romam
1404 928 1504 983 per
1531 912 1739 967 Tusciae
1788 918 1972 983 partes

390 1007 717 1077 properavit,
748 1007 820 1061 ita
850 1005 1167 1061 festinanter
1188 1004 1496 1069 adveniens,
1520 1012 1579 1057 ut
1608 1003 1661 1058 in
1709 1003 1825 1072 ipso
1850 1005 1973 1059 sab—

390 1098 518 1151 bato
538 1103 723 1151 sancto
746 1110 804 1150 se
824 1095 1100 1150 liminibus
1129 1102 1485 1164 praisentaret
1511 1092 1838 1162 apostolicis.
1868 1090 1973 1146 Cu-

385 1186 476 1257 jus
497 1187 784 1241 adventum
820 1186 1041 1240 audiens
1065 1184 1367 1239 antedictus
1393 1183 1738 1238 beatissimus
1781 1180 1974 1235 Adria-

392 1294 492 1332 nus
512 1292 668 1347 papa,
699 1277 841 1346 quod
864 1276 942 1331 sic
970 1283 1192 1344 repente
1221 1274 1336 1344 ipse
1360 1273 1693 1328 Francorum
1718 1270 1971 1326 advenis-

391 1376 474 1423 set
501 1384 617 1434 rex,
642 1370 696 1422 in
722 1382 914 1438 magno
942 1375 1159 1437 stupore
1179 1375 1232 1421 et
1251 1366 1454 1421 exstasi
1476 1366 1754 1431 deductus,
1778 1365 1976 1420 direxit
2038 1429 2041 1432 ν

392 1458 444 1512 iu
466 1458 581 1527 ejus
607 1474 893 1513 occursum
921 1458 1200 1513 universos
1246 1457 1458 1528 iudices
1482 1458 1552 1513 ad
1601 1456 1715 1513 fere
1747 1458 1973 1529 triginta

392 1550 560 1604 millia
591 1551 658 1606 ab
695 1552 797 1605 hac
822 1550 1064 1605 Romana
1093 1552 1227 1606 urbe
1275 1551 1328 1604 in
1378 1551 1577 1616 locum,
1610 1551 1702 1622 qui
1752 1560 1977 1608 vocatur

392 1640 590 1707 Novas,
621 1643 711 1696 ubi
732 1657 854 1696 eum
876 1658 997 1697 cum
1021 1643 1259 1697 baitdora
1290 1655 1315 1682 α
1346 1654 1719 1712 susceperunt.

463 1732 531 1785 Et
558 1731 684 1786 dum
729 1735 1209 1803 appropinquasset
1235 1730 1349 1786 fere
1376 1748 1484 1787 uno
1514 1733 1764 1789 milliario
1811 1748 1842 1788 a
1872 1734 1978 1790 Ro-

394 1837 553 1876 mana
581 1822 750 1888 urbe,
801 1823 998 1877 direxit
1042 1823 1323 1877 universas
1363 1822 1578 1878 scholas
1622 1824 1826 1879 militia:
1872 1841 1977 1879 una

393 1929 515 1967 cum
540 1913 803 1982 patronis,
831 1912 1096 1983 simulque
1123 1921 1176 1968 et
1216 1913 1401 1982 pueris
1446 1914 1538 1983 qui
1585 1913 1652 1968 ad
1699 1915 1980 1970 discendas

395 2003 606 2057 litteras
630 2004 945 2074 pergebant,
972 2004 1320 2073 deportantes
1347 2020 1537 2059 omnes
1560 2020 1741 2059 ramos
1771 2004 1977 2074 palma-

394 2115 514 2153 rum
542 2106 701 2168 atque
729 2099 1027 2164 olivarum;
1059 2098 1354 2167 laudesque
1380 2107 1834 2153 omnescanentes
1858 2114 1979 2152 cum

394 2188 842 2243 acclamationum
897 2189 1207 2243 earumdem
1260 2188 1479 2244 laudum
1534 2188 1757 2243 vocibus
1806 2188 1980 2258 ipsum

394 2278 727 2334 Francorum
754 2287 1107 2349 susceperunt
1137 2294 1339 2349 regem.
1358 2278 1582 2334 Obviam
1614 2278 1690 2333 illi
1716 2276 1834 2347 ejus
1860 2293 1983 2332 san-

393 2371 551 2426 ctitas
573 2370 811 2439 dirigens
836 2370 1172 2424 venerandas
1198 2384 1408 2434 cruces,
1441 2368 1492 2424 id
1529 2377 1612 2423 est
1640 2368 1811 2438 signa,
1841 2368 1982 2422 sicut

395 2477 514 2515 mos
538 2469 621 2515 est
644 2460 710 2514 ad
731 2459 1048 2526 exarchum,
1077 2467 1171 2513 aut
1202 2460 1489 2529 patricium
1545 2458 1944 2528 suscipiendum
1963 2500 1978 2523 ,

392 2568 517 2605 eum
538 2568 659 2606 cum
687 2551 890 2621 ingenti
937 2551 1142 2604 honore
1188 2551 1388 2621 suscipi
1432 2549 1579 2604 fecit.
1612 2550 1730 2620 Ipse
1776 2565 1905 2605 vero
1950 2567 1981 2604 a

395 2641 504 2694 Deo
528 2641 804 2696 institutus
832 2641 1247 2711 benignissimus
1275 2640 1500 2697 Carolus
1550 2656 1779 2711 magnus
1812 2639 1983 2695 Frau-

395 2747 585 2787 corum
615 2748 708 2785 rex
740 2740 795 2786 et
840 2733 1100 2803 patricius
1128 2732 1496 2787 Romanorum
1551 2747 1657 2802 qua
1706 2733 1837 2787 hora
1865 2748 1983 2787 eas-

394 2821 517 2877 dem
544 2823 937 2877 sacratissimas
965 2838 1152 2878 cruces
1171 2838 1236 2877 ac
1280 2823 1431 2893 signa
1455 2822 1555 2877 sibi
1587 2822 1801 2876 obviam
1826 2823 1984 2877 adve—

327 2933 348 2945 -
398 2912 544 2966 uisse
594 2913 892 2982 conspexit,
924 2913 1253 2968 descendens
1300 2914 1366 2968 de
1395 2928 1534 2982 equo
1560 2928 1666 2982 quo
1721 2914 1979 2978 sedebat,

395 3001 470 3056 ita
494 3018 616 3056 cum
644 3002 755 3057 suis
789 3000 1061 3071 iudicibus
1088 3004 1156 3058 ad
1198 3003 1415 3058 beatum
1459 3003 1678 3059 Petrum
1718 3004 1984 3073 pedestris

398 3109 686 3163 properare
713 3093 934 3150 studuit.
961 3094 1113 3163 Quod
1134 3095 1350 3166 quidem
1390 3095 1655 3152 allimicus
1680 3096 1983 3152 antedictus

395 3183 637 3254 pontifex
670 3184 904 3241 diluculo
944 3201 1169 3257 surgens
1197 3187 1251 3241 in
1295 3188 1484 3242 eodem
1523 3188 1747 3243 sabbato
1797 3196 1982 3243 sancto

396 3291 521 3330 cum
552 3276 803 3332 universo
832 3276 977 3334 clero
1015 3288 1071 3333 et
1111 3278 1308 3350 p0pulo
1352 3279 1592 3336 Romano
1642 3280 1711 3333 ad
1764 3280 1983 3335 beatum

397 3369 616 3425 Petrum
644 3372 951 3442 properavit
978 3372 1045 3428 ad
1092 3374 1491 3442 suscipiendum
1521 3372 1769 3428 eumdem
1815 3370 1985 3426 Frau-

399 3480 584 3519 corum
611 3481 811 3535 regem,
836 3466 891 3521 in
922 3466 1174 3537 gradibus
1200 3466 1370 3536 ipsius
1415 3465 1724 3536 apostolica:
1752 3463 1889 3519 aulm
1931 3470 1986 3518 et

399 3568 524 3607 cum
553 3540 681 3617 cum
705 3555 851 3611 clero
879 3571 977 3611 suo
999 3550 1338 3625 praestolatus
1358 3565 1457 3611 est.

470 3643 839 3718 Coujungente
881 3663 1012 3704 vero
1039 3649 1227 3704 eodem
1269 3647 1721 3702 excellentissimo
1750 3662 1815 3702 ac
1834 3648 1987 3702 beni-

379 3728 659 3806 gnissimo
685 3738 880 3795 Carolo
910 3755 1054 3810 rege,
1082 3753 1272 3793 omnes
1315 3739 1512 3810 gradus
1540 3738 1811 3809 sigillatim
1839 3736 1984 3805 ejus-

399 3836 523 3891 dem
552 3833 931 3889 sacratissima:
979 3831 1124 3885 beati
1167 3829 1310 3884 Petri
1345 3829 1600 3885 Ecclesiae
1645 3829 1986 3885 deosculatus

399 3936 502 3992 est,
531 3936 586 3980 et
607 3926 679 3978 ita
702 3938 870 3992 usque
898 3921 965 3975 ad
1012 3921 1463 3990 prmnominatum
1507 3922 1750 3991 pervenit
1769 3919 1987 3990 pontifi-

401 4034 540 4082 cem,
564 4017 656 4071 ubi
686 4016 739 4069 in
768 4015 908 4068 atrio
928 4027 1090 4081 super
1123 4012 1322 4080 gradus
1363 4010 1519 4079 juxta
1547 4010 1689 4067 fores
1745 4010 1987 4068 ecclesia:

403 4109 709 4164 assistebat.
734 4106 917 4175 quue
944 4111 1193 4172 suscepto
1242 4111 1429 4157 mutuo
1457 4117 1515 4157 se
1563 4101 1945 4173 amplectentes
1967 4144 1982 4170 ,

403 4199 574 4254 tenuit
600 4196 768 4253 isdem
812 4193 1303 4251 Christianissimus
1328 4191 1553 4247 Carolus
1582 4208 1677 4275 rex
1705 4191 1985 4248 dexteram

404 4307 625 4346 manum
668 4288 921 4344 antedicti
972 4285 1260 4357 pontificis.
1314 4285 1381 4339 Et
1419 4286 1491 4341 ita
1541 4286 1595 4340 in
1620 4286 1864 4341 eamdem
1893 4302 1986 4343 ve-

2071 462 2319 524 precatus
2349 464 2431 510 est
2450 456 2591 511 idem
2619 454 2950 510 Francorum
2983 470 3075 510 rex
3100 455 3429 512 antedictum
3458 459 3669 517 almiﬁ-

2073 561 2194 601 cum
2228 548 2556 617 pontificem,
2589 548 2663 602 illi
2710 548 2985 603 licentiam
3016 549 3179 604 tribui
3211 549 3441 605 Romam
3481 553 3673 623 ingre—

2074 637 2251 693 diendi
2274 640 2339 693 ad
2375 656 2471 693 sua
2496 642 2798 695 orationum
2825 649 2948 696 vota
2986 656 3085 710 per
3106 642 3346 698 diversas
3364 644 3462 700 Dei
3490 647 3673 703 επιει-

2075 729 2179 788 sias
2201 732 2573 801 persolvenda.
2606 733 2673 789 Et
2695 734 3077 793 descendentes
3127 736 3331 805 pariter
3352 738 3420 792 ad
3467 755 3675 810 corpus

2073 822 2216 878 beati
2237 823 2382 877 Petri
2412 831 2519 877 tam
2549 824 2662 893 ipse
2704 824 3081 880 sanctissimus
3109 840 3249 896 papa
3277 842 3552 898 quamque
3580 846 3676 884 an-

2076 911 2271 967 tefatus
2299 912 2795 968 excellentissimus
2821 914 3159 969 Francorum
3203 931 3297 970 rex
3323 933 3447 972 cum
3468 917 3678 986 iudici-

2076 1002 2178 1056 bus
2190 1002 2557 1057 Romanorum
2583 1011 2637 1057 et
2663 1003 3016 1071 Francorum,
3046 1021 3213 1076 seque
3237 1016 3425 1064 mutuo
3450 1024 3550 1079 per
3578 1028 3676 1066 sa-

2078 1100 2413 1146 cramentum
2443 1093 2745 1149 munientes
2769 1134 2784 1159 ,
2831 1095 3104 1166 ingressus
3129 1108 3215 1153 est
3254 1098 3485 1154 Romam
3535 1119 3679 1158 con-

2080 1182 2232 1237 tinuo
2269 1198 2392 1237 cum
2421 1185 2609 1239 eodem
2635 1186 2892 1256 pontifice
2920 1188 3035 1257 ipse
3056 1189 3387 1246 Francorum
3414 1209 3511 1248 rex
3541 1210 3677 1249 cum

2081 1273 2192 1327 suis
2222 1273 2492 1343 iudicibus
2515 1284 2568 1331 et
2598 1276 2795 1347 populo
2829 1279 2883 1333 in
2908 1281 3097 1337 eodem
3127 1284 3346 1340 sabbato
3371 1295 3601 1342 sancto.

2151 1363 2217 1417 Et
2266 1365 2319 1418 in
2363 1365 2586 1421 basilica
2618 1366 2916 1423 Salvatoris
2954 1368 3107 1439 juxta
3158 1372 3430 1430 Lateranis
3464 1374 3689 1448 [Late-

2083 1454 2313 1527 ranum]
2337 1456 2541 1524 pariter
2561 1457 2789 1528 ingressi
2817 1460 3010 1514 ibidem
3035 1461 3149 1530 ipse
3178 1464 3691 1521 excellentissimus

2083 1557 2175 1598 rex
2205 1559 2326 1599 cum
2361 1546 2611 1602 omnibus
2636 1548 2749 1602 suis
2802 1564 3014 1619 quoque
3047 1551 3074 1590 ι’
3108 1553 3279 1607 sancti
3328 1555 3691 1623 baptismatis

2084 1643 2478 1690 sacramentum
2506 1637 2809 1692 antedictus
2839 1649 2922 1694 ter
2944 1640 3287 1696 beatissimus
3316 1643 3557 1713 pontifex
3593 1662 3694 1699 ce-

2008 1714 2051 1773 Β
2082 1723 2325 1779 lebravit.
2355 1726 2423 1780 Et
2454 1726 2528 1781 ita
2557 1729 2898 1798 postmodum
2930 1732 2997 1787 ad
3048 1733 3265 1788 beatum
3292 1733 3516 1789 Petrum
3560 1737 3691 1807 ipse

2081 1816 2424 1873 beatissimus
2454 1819 2728 1887 repedavit
2758 1836 2873 1874 rex.

2149 1907 2271 1964 Alio
2298 1924 2426 1965 vero
2472 1910 2558 1965 die
2597 1910 2941 1967 illucescente
2981 1912 3262 1970 Dominico
3315 1927 3513 1971 sancto
3540 1959 3558 1983 ,
3624 1920 3684 1972 in

2082 1996 2195 2066 ipsa
2236 1999 2601 2054 sacratissima
2625 2002 2863 2072 paschali
2890 2001 3181 2059 festivitate
3215 2004 3414 2060 direxit
3437 2007 3691 2064 diluculo

2082 2086 2195 2155 ipse
2222 2089 2595 2145 sanctissimus
2630 2092 2827 2161 pracsul
2850 2102 3075 2149 cunctos
3094 2092 3306 2162 iudices
3334 2106 3390 2150 et
3420 2098 3689 2153 universa

2080 2183 2341 2253 o‘.~sequia
2368 2185 2574 2242 militia:
2603 2188 2670 2241 ad
2689 2190 2937 2243 eumdem
2964 2206 3175 2260 regem,
3226 2200 3281 2244 et
3305 2206 3431 2246 cum
3480 2208 3690 2262 magno

2081 2274 2287 2330 honore
2311 2291 2433 2330 eum
2457 2277 2814 2347 suscipientes
2849 2280 2901 2333 in
2938 2280 3166 2336 ecclesia
3207 2280 3422 2336 Sancta:
3452 2283 3549 2336 Dei
3585 2283 3697 2338 Ce-

2082 2364 2292 2420 nitricis
2305 2366 2371 2419 ad
2388 2367 2650 2439 Prtescpe,
2679 2368 2989 2438 properavit
3016 2385 3137 2425 cum
3155 2371 3407 2426 omnibus
3430 2373 3527 2440 qui
3550 2389 3688 2426 cum

2081 2471 2145 2511 eo
2173 2457 2503 2511 advenerant
2532 2458 2778 2515 Francis.
2830 2460 2897 2514 Et
2924 2468 3043 2529 post
3073 2461 3359 2516 missarum
3406 2461 3690 2517 solemnia

2082 2547 2349 2602 celebrata
2369 2551 2612 2620 perrexit
2640 2566 2764 2606 cum
2786 2554 3177 2622 pramominato
3220 2554 3477 2624 pontiﬁce
3515 2555 3691 2611 Late-

2084 2654 2309 2694 ranense
2338 2640 2751 2709 patriarchium,
2783 2643 2998 2712 illicque
3029 2644 3097 2699 ad
3142 2660 3382 2699 mensam
3414 2647 3694 2715 apostoli-

2083 2745 2201 2784 cam
2234 2732 2436 2800 pariter
2461 2732 2659 2802 epulati
2683 2743 2826 2788 sunt.
2856 2732 2977 2789 Alio
3001 2751 3132 2791 vero
3157 2736 3245 2790 die
3272 2739 3510 2791 secunda
3542 2737 3696 2793 feria

2082 2819 2245 2874 simili
2272 2812 2430 2875 modo
2458 2823 2511 2877 in
2540 2824 2768 2880 ecclesia
2820 2826 2961 2880 beati
2988 2825 3129 2881 Petri
3166 2842 3314 2881 more
3358 2827 3525 2883 solito
3566 2829 3699 2899 ipse

2083 2910 2404 2979 conspicuus
2423 2920 2577 2981 pater
2596 2921 2650 2968 et
2679 2916 2929 2986 egregius
2974 2917 3212 2985 pontifex
3244 2917 3539 2972 missarum
3596 2935 3699 2973 so-

2084 3000 2281 3055 lemnia
2310 3001 2614 3069 celebrans,
2640 3004 2753 3059 Deo
2772 3007 3127 3076 omnipotenti
3150 3015 3204 3061 et
3229 3007 3455 3077 prtefato
3477 3008 3697 3066 Carolo

2087 3092 2537 3150 excellentissimo
2558 3096 2670 3167 regi
2696 3096 3027 3152 Francorum
3048 3107 3102 3152 et
3146 3100 3373 3170 patricio
3395 3101 3702 3157 Romano-

2087 3198 2206 3237 rum
2234 3183 2419 3239 laudes
2440 3185 2663 3240 reddere
2692 3186 2838 3241 fecit.
2868 3187 3049 3242 Tertia
3077 3205 3206 3244 vero
3245 3190 3327 3244 die
3360 3189 3596 3258 ¢,juxta
3631 3203 3701 3265 πῃ

2087 3287 2204 3327 mos
2225 3282 2329 3337 est,
2357 3274 2409 3328 in
2446 3274 2674 3330 ecclesia
2724 3278 2865 3332 beati
2897 3277 3044 3332 Pauli
3092 3279 3315 3348 apostoli
3353 3281 3555 3335 missas
3604 3283 3700 3338 ei-

2087 3364 2209 3418 dem
2241 3365 2352 3435 regi
2375 3364 2519 3422 fecit.
2552 3365 2622 3421 At
2644 3383 2773 3422 vero
2793 3378 2986 3438 quarta
3024 3368 3159 3425 feria
3184 3384 3430 3442 egressus
3462 3387 3701 3441 prmo-

2085 3455 2321 3511 minatus
2349 3458 2585 3525 pontifex
2615 3474 2738 3514 cum
2759 3460 2871 3515 suis
2896 3458 3170 3529 iudicibus
3198 3470 3305 3515 tam
3321 3462 3454 3516 cieri
3482 3479 3695 3533 quam-

2085 3560 2191 3614 que
2212 3547 2416 3603 militiae
2448 3549 2503 3602 in
2525 3550 2750 3606 ecclesia
2771 3551 2913 3607 beati
2926 3551 3070 3607 Petri
3102 3554 3328 3623 apostoli
3359 3555 3697 3626 pariterque

2086 3653 2211 3692 cum
2238 3640 2427 3694 eodem
2458 3657 2585 3712 rege
2613 3657 2670 3698 se
2692 3645 2760 3699 ad
2786 3644 3115 3714 loquendum
3155 3645 3513 3717 coniungens,
3552 3665 3699 3704 con-

2086 3739 2294 3787 stanter
2310 3747 2432 3787 eum
2465 3735 2786 3806 deprecatus
2820 3746 2922 3804 est,
2959 3747 3120 3809 atque
3170 3739 3474 3805 admonuit,
3503 3750 3560 3795 et
3582 3759 3699 3812 pa-

2086 3831 2243 3879 terno
2284 3823 2476 3881 affectu
2527 3827 2803 3883 adhortari
2856 3829 3085 3897 studuit,
3148 3838 3208 3884 ut
3257 3831 3697 3899 promissionem

2085 3930 2247 3990 quam
2270 3916 2384 3987 eius
2418 3929 2618 3975 sanctae
2640 3920 2914 3975 memoria:
2948 3922 3165 3991 genitor
3198 3920 3454 3992 Pippinus
3486 3938 3586 3977 rex
3632 3935 3698 3978 et

2086 4013 2199 4084 ipse
2246 4012 2774 4085 prtccellentissimus
2820 4013 3043 4070 Carolus
3084 4030 3208 4070 cum
3253 4029 3351 4069 suo
3407 4031 3691 4085 germano

2084 4108 2475 4166 Carolomanuo
2508 4118 2671 4177 atque
2696 4108 2947 4163 omnibus
2978 4107 3251 4177 iudicibus
3279 4106 3507 4162 Francis
3538 4107 3695 4163 fece-

2083 4212 2209 4258 rant
2245 4205 2405 4258 beato
2447 4201 2608 4256 Petro
2648 4208 2703 4256 et
2741 4200 2856 4269 eius
2903 4200 3109 4255 vicario
3148 4210 3347 4255 sancte
3391 4201 3691 4256 memoria

2085 4292 2285 4348 domno
2310 4291 2580 4362 Stephano
2604 4289 2808 4360 iuniori
2855 4306 3025 4360 papae,
3062 4290 3276 4360 quando
3306 4290 3357 4343 in
3382 4288 3689 4345 Franciam

404 4382 699 4437 nerandam
733 4379 911 4435 aulam
937 4378 1081 4432 beati
1131 4377 1275 4431 Petri
1305 4377 1562 4448 principis
1613 4379 1978 4447 apostolorum
2007 4411 2061 4471 Β
2085 4381 2322 4453 perrexit
2348 4396 2445 4451 pro
2472 4379 2826 4436 concedendis
2853 4380 3080 4435 diversis
3129 4380 3440 4435 civitatibus
3468 4395 3538 4433 ac
3575 4389 3696 4435 ter-

405 4472 630 4546 ingressi
656 4481 799 4537 sunt,
835 4471 1045 4525 Iaudem
1078 4471 1192 4525 Deo
1216 4477 1270 4523 et
1298 4467 1415 4538 eius
1435 4471 1765 4526 excellentim
1790 4472 1985 4526 decan-

403 4580 600 4637 tantcs,
632 4570 917 4625 universus
942 4567 1118 4623 clerus
1144 4576 1197 4621 ct
1225 4566 1399 4622 cuncti
1431 4567 1664 4637 religiosi
1686 4567 1778 4621 Dei
1801 4565 1987 4621 famuli

403 4673 627 4720 extensa
653 4678 786 4718 voce
835 4662 1196 4717 acclamaan
1226 4675 1239 4714 :
1273 4659 1582 4714 Benedictus
1614 4660 1703 4729 qui
1749 4660 1885 4713 venit
1932 4660 1988 4712 in

405 4755 612 4810 nomine
662 4752 892 4816 Domini,
919 4760 1023 4807 etc.
1074 4750 1272 4820 Sicque
1324 4766 1450 4806 cum
1497 4751 1687 4806 colem
1735 4748 1987 4819 pontiﬁce

405 4849 520 4919 ipse
548 4845 881 4900 Francorum
927 4858 1040 4905 rex,
1071 4840 1339 4909 simulque
1375 4846 1430 4893 et
1484 4854 1672 4894 omnes
1708 4839 1943 4908 episcopi
1969 4878 1982 4899 .

404 4939 651 5002 abbates,
680 4943 736 4990 et
754 4934 983 5004 iudices,
1012 4940 1067 4987 et
1105 4931 1343 4986 universi
1395 4930 1587 4985 Franci
1618 4930 1710 4999 qui
1760 4945 1883 4986 cum
1921 4945 1986 4985 eo

405 5026 734 5080 advenerant
760 5024 829 5078 ad
878 5020 1270 5077 confessionem
1322 5019 1467 5079 beati
1515 5017 1661 5073 Petri
1702 5019 1988 5089 appropin-

405 5124 663 5184 quantes,
720 5129 943 5184 seseque
989 5113 1145 5184 proni
1176 5112 1372 5168 ibidem
1406 5120 1830 5182 prosternentes,
1879 5112 1987 5165 Deo

404 5216 591 5260 nostro
637 5204 991 5274 omnipotenti
1033 5212 1088 5259 et
1124 5204 1297 5260 eidem
1345 5203 1709 5275 apostolorum
1758 5203 1987 5272 principi

405 5296 621 5364 propria
682 5296 1029 5351 reddiderunt
1089 5306 1212 5350 vota
1239 5335 1254 5361 ,
1329 5294 1692 5365 glorificantes
1753 5294 1986 5349 divinam

409 5386 701 5453 potentiam
740 5385 794 5440 in
821 5401 886 5447 eo
911 5387 1053 5456 quod
1073 5386 1233 5440 talem
1280 5400 1377 5454 per
1406 5384 1852 5440 interventionem
1879 5384 1990 5439 suf-

408 5471 578 5544 l'ragia
600 5474 837 5544 ejusdem
858 5477 1115 5548 principis
1134 5475 1498 5547 apostolorum
1520 5474 1815 5532 concedere
1831 5472 1991 5545 iussit

482 5600 507 5665 fi
538 5589 789 5665 (Eandem
815 5600 898 5647 est
918 5594 1152 5649 militare
1179 5594 1408 5665 signant.

399 5701 416 5727 ,
481 5658 509 5700 ι)
538 5660 668 5714 Cod.
697 5660 850 5726 Luc.,
881 5680 1162 5733 quousque.

2087 4477 2293 4532 ritoriis
2316 4476 2471 4531 istius
2495 4475 2659 4530 Italiae
2686 4474 2998 4545 provincim,
3024 4482 3080 4530 et
3100 4473 3481 4529 contradendis
3512 4474 3697 4531 beato

2087 4573 2249 4627 Petro
2275 4569 2497 4640 eiusque
2525 4570 2775 4624 omnibus
2816 4569 3033 4624 vicariis
3072 4568 3124 4622 in
3166 4576 3484 4638 perpetuum
3508 4569 3699 4639 passi-

2087 4666 2293 4727 dendis,
2326 4664 2643 4735 adimpleret
2671 4663 2724 4717 in
2752 4663 3031 4727 omnibus;
3084 4677 3317 4732 cumque
3346 4662 3521 4733 ipsam
3550 4679 3694 4733 pro-

2087 4758 2420 4821 missionem,
2448 4772 2568 4825 quae
2589 4756 2645 4810 in
2673 4754 2896 4809 Francia
2926 4754 2979 4808 in
3022 4754 3141 4809 loco
3181 4754 3273 4823 qui
3301 4761 3533 4807 vocatur
3577 4753 3687 4808 (ἔξω

2088 4846 2316 4902 risiacus
2341 4844 2483 4900 facta
2506 4852 2607 4911 est,
2631 4845 2735 4900 sibi
2768 4844 2931 4915 relegi
2966 4842 3202 4908 fecisset,
3228 4843 3697 4912 complacuerunt

2088 4938 2164 4992 illi
2191 4945 2244 4991 et
2263 4935 2377 5005 eius
2394 4935 2667 5004 iudicibus
2682 4935 2861 4988 omnia
2884 4949 3004 5002 quae
3021 4932 3216 4987 ibidem
3253 4940 3413 4986 erant
3438 4932 3659 4987 adnexa
3674 4974 3694 4997 ,

2087 5036 2141 5083 et
2166 5027 2385 5098 propria
2428 5025 2724 5090 voluntate,
2752 5023 2894 5079 bono
2927 5038 2990 5077 ac
3043 5023 3233 5077 libenti
3279 5023 3463 5078 animo
3515 5023 3689 5078 aliam

2087 5116 2392 5172 donationis
2426 5114 2838 5186 promissionem
2867 5116 2935 5168 ad
2978 5114 3148 5168 instar
3183 5114 3512 5178 anterior-is,
3569 5114 3694 5185 ipse

2089 5206 2388 5260 antedictus
2418 5203 2946 5274 praecellentissimus
2968 5212 3023 5257 et
3060 5218 3247 5257 revera
3278 5202 3692 5258 Christianissi-

2088 5313 2210 5352 mus
2232 5294 2456 5352 Carolus
2482 5293 2813 5349 Francorum
2846 5309 2938 5349 rex
2967 5294 3164 5349 ascribi
3186 5292 3351 5362 iussit
3373 5309 3472 5363 per
3510 5293 3673 5349 Ειιιθ

2090 5392 2229 5445 rium
2269 5387 2576 5459 religiosum
2614 5402 2678 5441 ac
2725 5385 3203 5458 prudentissimum
3255 5385 3593 5456 capellanum
3618 5391 3689 5440 ct

2092 5478 2359 5535 notarium
2418 5493 2596 5543 suum,
2627 5478 2716 5532 ubi
2770 5476 3037 5532 concessit
3083 5478 3298 5531 easdem
3338 5476 3588 5532 civitates
3617 5482 3689 5530 cz

2168 5606 2187 5629 ιι
2228 5592 2358 5647 Cod.
2384 5590 2536 5657 Luc,
2565 5588 2739 5645 Tcrtm
2766 5586 2901 5658 feria
2931 5604 3047 5644 raro
3076 5588 3177 5641 die.
