3986 6168
286 242 432 298 1385

1837 247 2016 303 VITA.

3393 270 3531 326 “86

90 366 181 456 «rer
199 382 233 421 η
278 354 561 456 territoria
591 356 748 456 beato
772 357 948 423 Petro,
967 372 1163 427 easque
1194 357 1422 428 prmfato
1450 359 1689 428 pontiﬁci
1731 375 1857 415 eon-
1885 368 1928 423 Α
1957 362 2098 417 datis
2121 364 2248 420 fecit
2274 367 2389 420 vela
2436 384 2659 425 numero
2685 374 2961 441 sexaginta
2983 377 3239 447 quinque.
3290 380 3530 456 Denique

54 454 89 489 τω
104 441 223 514 intr:
276 452 426 507 tradi
451 451 754 522 spopondit,
778 467 872 522 per
892 452 1313 522 designationem
1350 452 1642 507 conﬁnium
1663 494 1678 518 ,
1713 453 1855 509 sicut

51 576 57 585 -
82 564 116 589 ω
139 572 189 596 ,ιε

160 594 223 613 κκ

116 658 185 673 ,θ’

68 732 215 807 [ςμτ

48 844 197 889 NV“

48 950 67 961 ’“
86 946 143 979 εὖ
156 934 211 979 ἱζ-

48 1017 149 1075 flre

156 976 157 983 ‘
176 974 193 989 οι

164 1048 193 1063 Ν

154 1140 219 1179 Ἰὶὶ

160 1340 171 1349 ι
182 1336 199 1355 ν

272 542 339 597 in
373 544 559 598 eadem
587 545 871 599 donatione
895 545 1170 599 continere
1220 551 1571 610 monstratur,
1597 545 1650 599 id
1686 553 1769 599 est
1820 558 1853 598 a

273 633 447 689 Lunis
472 650 591 689 cum
620 634 791 689 insula
816 634 1052 699 Corsica,
1083 634 1273 689 deinde
1304 636 1356 689 in
1382 633 1631 699 Suriano,
1662 632 1853 688 deinde

270 724 337 780 in
368 734 549 780 monte
562 726 825 793 Bardone,
848 728 900 783 id
927 736 1029 793 est,
1046 729 1097 783 in
1120 728 1266 800 [inde
1288 727 1363 801 in]
1392 729 1637 792 Verceto,
1659 728 1851 782 deinde

266 817 333 873 in
358 816 573 883 Parma,
606 819 794 874 deinde
823 821 874 874 in
905 821 1093 890 Regio,
1118 829 1173 875 et
1193 821 1386 876 exinde
1416 820 1475 874 in
1499 820 1731 884 Mantua,
1762 826 1847 873 at—

265 924 383 978 que
408 918 587 983 monte
629 909 854 982 [ponte]
898 910 1096 974 Silicis,
1127 910 1392 981 simulque
1446 919 1501 965 et
1537 910 1846 964 universum

263 1001 624 1056 exarchatum
654 1000 1043 1055 Ravennatium
1071 1000 1209 1055 sicut
1259 1000 1554 1069 antiquitus
1595 1005 1728 1060 erat,
1762 1005 1847 1051 at-

263 1108 379 1162 que
405 1091 707 1162 provincias
732 1091 1097 1156 Venetiarum,
1121 1099 1175 1146 et
1208 1091 1486 1156 Histriam,
1518 1105 1619 1144 nec
1649 1104 1753 1144 non
1790 1096 1846 1143 et

264 1191 528 1238 cunctum
552 1183 800 1238 ducatum
836 1182 1168 1251 Spoletinum
1205 1190 1259 1236 et
1286 1181 1736 1235 Beneventanum.

343 1273 610 1342 Factaque
633 1273 817 1328 eadem
861 1273 1168 1337 donatione,
1196 1280 1247 1326 et
1284 1272 1498 1341 propria
1533 1285 1629 1325 sua
1677 1284 1843 1324 manu

48 1357 199 1443 _‘
265 1364 386 1433 ipse
407 1363 896 1419 Christianissimus
934 1362 1264 1418 Francorum
1294 1377 1388 1417 rex
1440 1377 1559 1416 eam
1597 1360 1844 1416 corrobo-

156 1450 195 1535 ξ
264 1471 419 1522 rans,
450 1455 728 1510 universos
752 1455 1052 1526 episcopos,
1079 1455 1320 1518 abbates,
1350 1455 1514 1509 duces
1536 1492 1550 1516 ,
1601 1452 1763 1505 etiam
1789 1458 1845 1505 et

164 1540 197 1621 ξ’
265 1549 589 1621 graphiones
632 1548 685 1602 in
730 1562 793 1602 ea
843 1547 1036 1601 ascribi
1085 1543 1234 1617 [eam
1273 1543 1643 1616 subscribere]
1691 1541 1837 1597 fecit.

150 1638 171 1647 ““
263 1639 439 1706 Quam
466 1638 616 1708 prius
650 1654 810 1710 super
834 1637 1003 1692 altare
1052 1638 1194 1692 beati
1221 1637 1388 1701 Petri,
1411 1646 1465 1690 et
1499 1635 1839 1705 postmodum

164 1716 195 1743 ²³
266 1705 414 1784 intus
454 1705 505 1783 in
535 1705 730 1784 sancta.
748 1728 865 1799 ejus
902 1727 1237 1784 confessione
1283 1736 1542 1798 ponentes
1579 1735 1688 1780 tam
1720 1727 1834 1795 ipse
1866 1705 1912 1765 Β
1938 1721 2155 1791 triginta
2203 1725 2458 1794 quinque.
2498 1726 2683 1797 Itaque
2728 1705 2783 1782 et
2818 1705 2879 1784 in
2906 1731 3135 1786 ecclesia
3177 1734 3318 1788 beati
3360 1733 3511 1789 Pauli

182 1812 195 1837 "
264 1822 596 1877 Francorum
625 1836 719 1876 rex
741 1835 1009 1891 quamque
1045 1820 1160 1890 ejus
1196 1818 1406 1889 iudices
1428 1821 1584 1874 beato
1603 1819 1763 1872 Petro
1783 1824 1838 1871 et

262 1912 381 1981 ejus
404 1912 605 1967 vicario
642 1911 979 1966 sanctissimo
1002 1911 1236 1966 Adriano
1265 1926 1436 1980 papae,
1462 1911 1562 1965 sub
1608 1909 1837 1965 terribili

106 1990 127 2069 ξ’
146 1990 187 2023 ³³
263 2012 603 2060 sacramento
640 2018 757 2059 sese
784 2003 962 2059 omnia
984 2011 1397 2059 eonservaturos
1423 2016 1542 2071 qua:
1572 2000 1625 2054 in
1647 2000 1835 2054 eadem

48 2080 175 2115 ί
261 2094 551 2150 donatione
574 2093 918 2149 continentur
945 2093 1319 2163 promittentes
1346 2090 1701 2146 tradiderunt.
1727 2089 1835 2159 Ap-

152 2186 159 2207 ⁷
261 2185 538 2258 parem[id
563 2192 646 2241 est
676 2184 971 2257 exemplar]
1002 2185 1170 2254 ipsius
1186 2196 1212 2224 ι
1240 2181 1545 2241 donationis
1566 2196 1663 2250 per
1682 2195 1834 2235 eum-

261 2278 384 2333 dem
417 2276 693 2332 Etherium
718 2276 916 2332 ascribi
960 2275 1165 2333 faciens
1192 2276 1305 2345 ipse
1339 2272 1833 2329 Christianissimus

258 2384 357 2426 rex
382 2369 730 2435 Francorum,
758 2368 905 2422 intus
930 2381 1092 2437 super
1114 2380 1313 2436 corpus
1357 2364 1500 2420 beati
1532 2363 1677 2419 Petri
1705 2364 1834 2419 sub-

260 2468 349 2516 tus
376 2459 649 2531 evangelia
673 2474 792 2529 qua:
813 2458 1011 2514 ibidem
1045 2456 1373 2521 osculantur,
1397 2470 1495 2526 pro
1520 2455 1828 2510 ﬁrmissima

258 2556 467 2611 cautela
489 2561 542 2609 et
562 2562 762 2609 aeterna
793 2551 1025 2607 nominis
1051 2551 1132 2606 sui
1178 2565 1243 2606 ac
1297 2550 1449 2620 regni
1497 2548 1829 2604 Francorum

258 2646 516 2703 memoria
544 2686 559 2712 ,
613 2644 848 2715 propriis
899 2644 1011 2699 suis
1054 2643 1302 2697 manibus
1347 2641 1547 2711 posuit.
1604 2639 1832 2707 Aliaque

136 2742 155 2771 ’⁵
257 2737 496 2810 ejusdem
524 2735 828 2793 donationis
856 2734 1098 2804 exempla
1144 2749 1241 2803 per
1279 2730 1620 2788 scriniarium
1672 2727 1829 2797 hujus

256 2839 457 2887 sanetre
505 2837 705 2886 nostra:
759 2827 999 2883 ecclesiae
1045 2824 1313 2895 descripta
1355 2822 1472 2893 ejus
1511 2822 1827 2878 excellentia

255 2938 439 2978 secum
463 2918 785 2991 deportavit.
813 2917 1189 2985 Reversusque
1208 2930 1330 2970 cum
1361 2914 1475 2970 suis
1500 2913 1826 2970 exercitibus

255 3013 524 3080 Ticinum,
554 3012 668 3082 ipse
716 3007 1195 3067 excellentissimus
1221 3006 1552 3063 Francorum
1583 3021 1679 3060 rex
1716 3004 1826 3060 for-

254 3106 488 3176 titerque
508 3102 788 3181 debexllans
825 3112 987 3172 atque
1008 3099 1259 3156 obsidens
1286 3100 1555 3155 civitatem
1581 3098 1822 3168 Papiam,

253 3198 381 3254 dum
410 3199 490 3253 ira
510 3197 605 3251 Dei
626 3209 787 3265 super
814 3207 1002 3249 omnes
1028 3190 1409 3261 Longobardos
1437 3191 1530 3262 qui
1556 3191 1611 3245 in
1638 3189 1820 3246 eadem

252 3290 474 3347 civitate
494 3297 648 3347 erant
668 3295 1005 3359 grassaretur
1029 3294 1191 3356 atque
1219 3285 1453 3350 saeviret,
1477 3292 1529 3338 et
1554 3284 1736 3353 plures
1759 3282 1827 3339 de

252 3384 601 3457 languoribus
645 3397 740 3438 seu
776 3379 1119 3436 mortalitatis
1149 3377 1300 3434 clade
1334 3376 1693 3442 defecissent,
1750 3377 1824 3429 ita

252 3477 350 3533 Dei
387 3482 518 3531 nutu
545 3472 788 3529 eamdem
812 3472 1104 3532 civitatem,
1124 3468 1391 3538 simulque
1410 3477 1464 3523 et
1488 3467 1822 3522 Desiderium

250 3569 724 3641 Longobardorum
760 3578 964 3634 regem,
1000 3571 1161 3630 atque
1209 3568 1433 3615 cunctos
1466 3558 1555 3626 qui
1586 3572 1708 3612 cum
1759 3572 1824 3611 eo

249 3670 426 3728 erant,
454 3662 567 3730 ipse
590 3653 1073 3711 excellentissimus
1102 3651 1430 3705 Francorum
1460 3663 1555 3702 rex
1580 3656 1824 3715 compre-

249 3752 457 3817 hendit,
486 3758 541 3804 et
567 3762 677 3802 suae
696 3743 947 3816 potestati
980 3749 1232 3799 cunctum
1267 3755 1491 3812 regnum
1515 3739 1825 3809 Longohar-

245 3844 443 3901 dorum
468 3839 788 3911 subjugavit.
835 3835 1125 3893 Pratfatum
1154 3848 1283 3889 vero
1322 3832 1655 3888 Desiderium
1683 3831 1824 3888 Lon-

246 3935 609 4011 gobardorum
634 3946 815 4002 regem
837 3936 893 3986 et
915 3926 1032 3998 ejus
1055 3925 1334 3996 conjugem
1355 3939 1536 3980 secum
1567 3923 1624 3978 in
1655 3922 1824 3978 Fran-

247 4033 391 4089 ciam
422 4025 744 4098 deportavit.

319 4123 450 4178 Erat
478 4120 624 4176 enim
649 4113 932 4186 saapefatus
954 4108 1297 4168 beatissimus
1319 4103 1560 4177 pontifex
1613 4110 1847 4161 amator.

247 4216 596 4273 ecclesiarum
633 4210 684 4265 ι).
712 4208 814 4263 llic
832 4206 975 4262 enim
1016 4200 1355 4270 coangelicus
1376 4198 1461 4252 vir
1483 4196 1610 4254 fecit
1654 4196 1709 4251 in
1732 4209 1822 4251 ec-

249 4308 415 4364 clesia
435 4304 579 4361 beati
601 4301 744 4357 Petri
778 4296 1005 4369 apostoli
1030 4302 1234 4350 vestem
1267 4292 1418 4348 mirzn
1465 4286 1820 4362 pulchritudi-

1955 451 2072 520 ejus
2098 454 2370 512 beatitudo
2405 457 2533 514 fecit
2573 469 2628 514 et
2649 462 2879 529 pbarum
2928 465 3184 533 majorem
3245 470 3301 524 in
3340 451 3528 532 eadem

1950 542 2094 597 beati
2123 543 2266 600 Petri
2305 549 2531 605 ecclesia
2570 551 2624 604 in
2650 559 2831 623 typum
2853 556 3049 621 crucis,
3064 558 3155 626 qui
3179 561 3375 627 pendet
3401 573 3529 622 ante

1947 636 2340 705 presbyterium
2370 640 2656 695 habentem
2691 641 2944 698 candelas
2972 645 3119 700 mille
3162 656 3429 709 trecentas
3471 664 3528 711 et

1949 728 2286 798 septuaginta
2334 742 2379 784 ο.
2431 732 2498 786 Et
2540 735 2822 789 constituit
2866 744 2928 790 ut
2962 748 3192 805 quatuor
3228 743 3436 799 vicibus
3470 747 3525 802 in

1948 832 2089 873 anno
2127 820 2299 888 ipsum
2332 822 2559 891 pharum
2590 825 2936 890 accendatur,
2965 826 3017 881 id
3043 837 3127 883 est
3152 829 3206 883 in
3232 830 3524 889 Nativitate

1946 908 2179 973 Domini,
2208 912 2261 965 in
2293 913 2518 979 Pascha,
2562 914 2616 968 in
2655 917 2821 971 natali
2850 919 3238 987 apostolorum,
3267 931 3322 977 et
3345 925 3396 978 in
3425 942 3523 980 na-

1946 1001 2040 1054 tali
2069 1002 2359 1070 pontiﬁcis.
2395 1005 2635 1077 ltemque
2654 1008 2909 1076 prmfatus
2928 1011 3303 1068 sanctissimus
3325 1014 3522 1085 prmsul

1947 1089 2074 1145 fecit
2108 1091 2238 1146 inea
2263 1092 2483 1181 basilica
2505 1096 2729 1151 calicem
2754 1095 3033 1153 fundatum
3057 1109 3369 1172 argenteum
3391 1120 3523 1175 pen-

1945 1188 2152 1235 santem
2183 1181 2348 1237 libras
2371 1185 2625 1254 quinque,
2660 1201 2817 1255 quem
2847 1197 2901 1241 et
2929 1191 3108 1258 posuit
3141 1192 3194 1245 in
3244 1195 3522 1265 presbyte-

1944 1270 2028 1325 rio
2051 1286 2149 1341 pro
2179 1287 2244 1326 eo
2268 1273 2358 1341 qui
2386 1274 2621 1343 perierat
2666 1278 3000 1346 temporibus
3036 1280 3218 1335 domni
3243 1282 3392 1338 Pauli
3423 1300 3520 1354 pa-

1942 1374 2044 1429 pae.
2084 1361 2216 1416 Nam
2249 1371 2304 1418 et
2343 1364 2396 1418 in
2435 1364 2661 1420 ecclesia
2696 1367 2838 1421 beati
2874 1366 3102 1423 Andreae
3140 1372 3366 1440 apostoli
3412 1374 3515 1427 sita

1935 1448 2091 1518 juxta
2120 1451 2361 1508 eamdem
2396 1454 2539 1509 beati
2589 1455 2733 1511 Petri
2770 1456 2995 1526 apostoli
3039 1459 3341 1524 ecclesiam,
3367 1463 3518 1517 cibo—

1942 1540 2081 1594 rium
2118 1542 2329 1597 noviter
2354 1558 2419 1598 ex
2459 1554 2681 1614 argento
2727 1546 3079 1602 mundissimo
3120 1549 3234 1619 ipse
3272 1559 3355 1605 ter
3394 1552 3518 1606 bea-

1942 1630 2184 1687 tissimus
2235 1633 2476 1703 pontifex
2521 1636 2687 1701 fecit,
2736 1638 2828 1707 qui
2862 1648 3052 1707 pensat
3093 1640 3259 1696 libras
3297 1651 3513 1698 centum

1936 1814 2164 1882 apostoli
2201 1816 2473 1871 investivit
2492 1834 2685 1888 corpus
2708 1818 2942 1887 ejusdem
2970 1822 3207 1878 doctoris
3240 1826 3424 1881 mundi
3445 1842 3513 1882 ex

1935 1906 2150 1964 laminis
2170 1910 2437 1979 argenteis
2460 1913 2812 1981 pensantibus
2835 1913 3000 1968 libras
3029 1916 3266 1985 triginta.

2004 1999 2151 2067 Quas
2188 2001 2391 2057 addidit
2412 2003 2553 2059 idem
2578 2006 2949 2062 sanctissimus
2977 2009 3173 2079 praesul
3195 2050 3210 2074 ,
3256 2010 3511 2079 quoniam

1934 2100 2215 2162 argentum
2240 2093 2374 2149 illud
2409 2096 2552 2163 quod
2573 2097 2823 2165 primitus
2841 2106 2959 2152 erat
2986 2099 3147 2155 nimis
3172 2100 3508 2157 confractum

1933 2186 2219 2241 existebat.
2244 2187 2379 2241 Item
2418 2186 2550 2243 fecit
2583 2188 2638 2242 in
2690 2189 2878 2244 eadem
2927 2191 3149 2265 basilica
3177 2193 3316 2247 beati
3356 2193 3509 2249 Pauli

1931 2278 2158 2348 apostoli
2184 2279 2447 2333 cortinam
2475 2277 2732 2348 majorem
2770 2279 3134 2349 juxtajanuas
3183 2285 3509 2354 principales

1930 2385 1995 2425 ex
2018 2369 2196 2440 palliis
2216 2370 2559 2441 quadrapolis
2579 2372 2646 2425 ad
2686 2372 2857 2426 inStar
2902 2374 3124 2428 cortina:
3153 2390 3315 2443 quam
3343 2376 3397 2429 in
3423 2392 3509 2431 ec-

1932 2460 2094 2516 clesia
2136 2461 2278 2515 beati
2305 2460 2447 2516 Petri
2477 2462 2622 2516 fecit.
2667 2461 2775 2517 Sed
2804 2470 2857 2516 et
2892 2463 3053 2517 aliam
3092 2466 3362 2520 cortinam
3388 2482 3505 2520 ma-

1921 2548 2096 2618 jorem
2119 2548 2245 2605 fecit
2272 2564 2336 2605 ex
2363 2550 2539 2620 palliis
2574 2552 2952 2622 quadrapolis,
3012 2569 3131 2623 qua:
3167 2557 3362 2625 pendet
3405 2558 3506 2611 sub

1929 2658 2061 2697 arcu
2082 2641 2288 2712 majore
2311 2642 2464 2710 juxta
2493 2642 2690 2709 altare;
2725 2646 2887 2700 etiam
2917 2652 2972 2700 et
2998 2661 3095 2715 per
3131 2646 3374 2702 diversos
3410 2664 3497 2701 ar-

1927 2722 2025 2789 cus
2047 2734 2216 2803 ipsius
2251 2733 2493 2789 ecclesize
2528 2748 2591 2788 ex
2630 2734 2806 2804 palliis
2842 2736 3186 2806 quadrapolis
3213 2737 3343 2792 fecit
3384 2739 3502 2794 vela

1925 2843 2153 2883 numero
2184 2827 2541 2899 septuaginta.
2574 2827 2788 2882 Atrium
2815 2843 2944 2882 vero
2967 2829 3135 2899 ipsius
3182 2829 3325 2884 beati
3351 2830 3501 2884 Pauli

1925 2920 2186 2986 ecclesia),
2217 2919 2363 2990 quod
2406 2927 2564 2974 antea
2589 2917 2616 2958 ἀ
2650 2919 2949 2974 desolatum
2975 2920 3260 2983 existebat,
3294 2921 3383 2974 ubi
3412 2922 3502 2975 lo-

1925 3025 2022 3067 ves
2078 3019 2241 3081 atque
2294 3009 2486 3065 caballi
2557 3009 2996 3079 ingrediebantur
3033 3010 3100 3064 ad
3139 3010 3503 3079 pabulandum

1925 3111 2147 3174 propter
2166 3103 2386 3157 herbam
2423 3117 2545 3171 qua:
2574 3102 2768 3157 ibidem
2788 3101 3131 3167 nascebatur,
3154 3101 3447 3170 inspiratus
3473 3118 3503 3155 a

1925 3196 2036 3251 Deo
2090 3196 2262 3250 isdem
2309 3195 2682 3251 sanctissimus
2732 3193 2970 3264 pontifex
3030 3209 3093 3247 ex
3146 3194 3504 3248 marmoribus

1921 3285 2163 3357 pulchris
2189 3293 2431 3340 sternere
2458 3283 2604 3340 fecit.
2632 3283 2691 3336 lu
2728 3282 2952 3338 ecclesia
2988 3283 3080 3336 Dei
3118 3282 3394 3350 genitricis
3432 3281 3500 3336 ad

1924 3377 2170 3447 Prtesepe
2198 3376 2325 3431 fecit
2360 3382 2539 3430 vestes
2558 3374 2692 3428 duas
2719 3388 2881 3443 super
2905 3372 3075 3426 altare
3098 3370 3495 3440 majore,unam

1922 3484 1986 3523 ex
2022 3483 2156 3522 auro
2179 3466 2469 3536 purissimo
2514 3474 2675 3535 atque
2708 3464 2933 3535 gemmis
2978 3464 3263 3519 habentem
3292 3478 3500 3518 assum-

1920 3559 2158 3628 ptionem
2184 3564 2385 3612 sanctae.
2423 3556 2518 3610 Dei
2555 3554 2848 3626 genitricis,
2882 3562 2937 3609 et
2978 3554 3083 3609 alia
3124 3553 3191 3609 de
3228 3554 3498 3609 stauracin

1925 3649 2240 3724 [stauracio]
2266 3656 2457 3705 ornata
2485 3648 2538 3702 in
2568 3647 2795 3703 circuitu
2824 3646 3017 3701 blaztin
3045 3645 3297 3718 [blattis].
3346 3645 3497 3702 Fecit

1924 3744 1977 3797 in
2001 3757 2063 3797 ea
2103 3741 2328 3797 ecclesia
2364 3747 2420 3794 et
2464 3738 2700 3794 cortinas
2734 3734 2967 3804 majores
3023 3750 3089 3790 ex
3152 3734 3332 3804 palliis
3365 3750 3499 3804 qua-

1923 3833 2159 3905 drapolis
2176 3843 2199 3872 °
2216 3830 2553 3904 [quadraptis
2564 3828 2645 3884 vel
2660 3825 2994 3902 quadruplis]
3006 3825 3073 3881 ad
3089 3824 3494 3882 similitudinem

1922 3938 2086 3994 quam
2126 3923 2182 3978 in
2208 3921 2437 3978 ecclesia
2484 3919 2655 3976 sancti
2679 3917 2823 3974 Petri
2859 3915 3007 3972 fecit.

1993 4016 2100 4072 Sed
2119 4024 2175 4072 et
2199 4029 2298 4086 per
2322 4014 2563 4070 diversos
2589 4025 2748 4067 arcus
2765 4007 3005 4078 ejusdem
3032 4006 3267 4063 basilicae
3294 4015 3495 4063 sancta:

1920 4112 2016 4168 Dei
2045 4109 2322 4184 genitricis
2353 4106 2515 4164 simili
2538 4106 2694 4162 modo
2717 4119 2785 4160 ex
2811 4102 2988 4172 palliis
2999 4099 3340 4171 quadrapolis
3368 4098 3499 4155 fecit

1920 4204 2038 4258 vela
2066 4216 2292 4258 numero
2335 4197 2690 4268 quadraginta
2744 4194 2849 4250 duo
2893 4192 2939 4246 ΐ.
2992 4191 3051 4246 In
3093 4191 3317 4247 basilica
3366 4206 3496 4246 vero

1923 4295 2204 4351 salvatoris
2229 4290 2438 4346 Domini
2484 4287 2654 4342 nostri
2680 4284 2811 4340 Iesu
2852 4274 3055 4340 ChriSti
3089 4281 3235 4351 iuxta
3269 4280 3493 4336 Latera-

248 4399 334 4454 nis
362 4413 428 4454 ex
457 4411 589 4452 auro
600 4402 655 4449 et
677 4390 902 4463 gemmis
922 4389 1207 4445 habentem
1228 4384 1624 4456 pmﬁgumlam
1647 4382 1817 4437 histo-
1847 4401 1898 4462 ι)
1920 4403 2046 4448 num
2068 4383 2314 4440 similiter
2336 4378 2464 4434 fecit
2488 4388 2693 4433 vestem
2720 4375 2786 4430 de
2809 4373 3079 4430 stauracin
3102 4388 3198 4428 seu
3228 4371 3493 4427 cortinam

249 4492 406 4556 riam,
429 4488 658 4559 qualiter
680 4486 873 4540 beatus
894 4480 1089 4537 Petrus
1135 4494 1166 4533 a
1194 4475 1421 4532 vinculis
1444 4489 1542 4545 per
1569 4472 1815 4543 angelum

246 4588 466 4651 ereptus
485 4587 588 4635 est.
610 4579 740 4634 Item
769 4576 824 4630 in
870 4572 1061 4630 eadem
1112 4569 1333 4625 basilica
1371 4567 1438 4622 ab
1485 4564 1706 4619 introitu
1751 4561 1819 4617 de

248 4677 431 4745 Rugas
457 4684 627 4742 usque
665 4667 733 4724 ad
777 4666 1172 4724 confessionem
1216 4661 1581 4730 pavimentum
1604 4652 1819 4708 vestivit

244 4767 315 4823 de
334 4773 554 4837 argento
603 4760 888 4833 purissimo
913 4798 927 4824 ,
977 4754 1120 4827 quod
1166 4759 1356 4822 pensat
1400 4750 1567 4804 libras
1602 4753 1819 4837 centum

245 4834 651 4928 quinquaginta.
704 4851 856 4908 Fecit
907 4848 1069 4904 etiam
1106 4844 1162 4899 in
1206 4840 1392 4897 eadem
1439 4839 1554 4909 ipsa
1594 4834 1822 4891 basilica

244 4950 391 5006 beati
412 4949 557 5004 Petri
601 4946 755 5017 juxta
774 4944 970 5015 januas
1001 4939 1233 5008 majores
1258 4939 1540 5003 argenteas
1583 4929 1820 4986 cortinas

245 5042 402 5100 mirae
425 5037 808 5110 magnitudinis
835 5033 902 5089 de
925 5030 1101 5103 palliis
1131 5024 1402 5083 stauracin
1451 5037 1547 5078 seu
1587 5018 1821 5090 quadra-

242 5135 406 5206 polis.
433 5133 569 5188 Nam
595 5141 650 5187 et
681 5145 778 5200 per
823 5126 1104 5182 universos
1134 5132 1291 5174 arcus
1317 5114 1554 5185 ejusdem
1603 5119 1820 5206 aposto-

243 5199 423 5285 lorum
446 5223 706 5296 principis
726 5217 965 5275 basilica:
991 5212 1059 5269 de
1090 5210 1266 5281 palliis
1285 5207 1465 5279 Tyriis
1512 5212 1674 5273 atque
1700 5199 1819 5256 fun-

317 5355 345 5385 ι
382 5340 514 5398 Cod.
542 5339 698 5402 Luc.,
728 5334 806 5390 Ad
826 5341 1025 5403 partem
1048 5328 1232 5403 ipsius.
1530 5394 1541 5403 .
1603 5392 1614 5403 .
1678 5390 1689 5403 .

317 5414 347 5454 ι’
384 5392 515 5471 663.
543 5392 698 5472 Due“,
728 5392 1078 5460 Ecclesiaruni
1099 5398 1213 5462 Dei,
1246 5411 1491 5472 magnam
1523 5392 1821 5472 indesinen-

241 5497 323 5540 ter
343 5458 523 5557 9&2;
543 5458 863 5557 ἶιῖτῖρίἱῶιεῃτ
895 5488 987 5544 pro
1012 5487 1137 5557 cura
1164 5458 1303 5524 omni
1331 5458 1629 5520 Earumdem
1653 5458 1817 5515 eccle-

242 5539 444 5611 siarum
474 5552 590 5605 Dei.
619 5548 719 5602 Hic
740 5546 875 5599 enim
895 5539 1239 5612 boangelicus,
1270 5548 1375 5593 etc.

322 5636 343 5663 ε
383 5624 513 5681 Cod.
548 5622 703 5683 Luc.,
736 5627 995 5671 uccccxv.

316 5697 341 5736 ἀ
383 5694 514 5749 Cod.
541 5692 670 5747 Luc.
710 5687 856 5751 add.,
890 5683 1065 5737 nimis.

1922 4479 2183 4549 majorem
2210 4489 2278 4528 ex
2303 4470 2482 4543 palliis
2508 4466 2872 4538 quadrapolis,
2925 4464 3019 4519 sed
3043 4470 3099 4517 et
3136 4477 3233 4533 per
3252 4460 3495 4515 diversos

1920 4585 2081 4627 arcus
2123 4566 2240 4622 vela
2265 4564 2437 4620 serica
2459 4574 2684 4616 numero
2703 4553 3087 4627 quinquaginta
3115 4560 3339 4622 septem,
3378 4565 3494 4605 om-

1920 4662 2008 4717 nia
2033 4676 2098 4715 ex
2118 4657 2291 4728 palliis
2316 4651 2660 4724 quadrapulis
2691 4665 2784 4705 seu
2804 4646 3095 4704 stauracin.
3132 4644 3281 4701 Fecit
3327 4643 3382 4698 in
3403 4658 3494 4699 ec-

1921 4752 2082 4810 clesia
2129 4748 2273 4805 beati
2296 4744 2569 4802 Laurentii
2593 4742 2845 4813 martyris
2881 4738 3016 4796 foris
3039 4753 3240 4804 muros,
3284 4736 3494 4792 scilicet

1920 4845 2012 4901 ubi
2040 4849 2284 4899 sanctum
2313 4838 2427 4909 ejus
2451 4852 2643 4907 corpus
2684 4832 2993 4904 requiescit,
3023 4837 3225 4885 vestem
3255 4828 3322 4883 de
3344 4836 3492 4882 stau-

1920 4934 2093 4997 racin,
2136 4940 2190 4986 et
2209 4931 2263 4986 in
2291 4926 2523 4985 ecclesia
2551 4923 2753 4993 majore
2778 4922 2937 4975 aliam
2956 4918 3208 4975 similiter
3228 4915 3357 4971 fecit
3401 4928 3493 4969 ve-

1921 5035 2079 5082 stem.
2128 5021 2263 5077 Nam
2283 5029 2339 5075 et
2370 5027 2569 5074 tectum
2598 5015 2837 5084 ejusdem
2862 5011 3006 5068 beati
3037 5008 3315 5065 Laurentii
3339 5007 3485 5063 basi-

1911 5116 2039 5174 lica:
2061 5113 2314 5181 martyris
2341 5107 2484 5179 quod
2501 5104 2616 5174 jam
2663 5105 2948 5159 distectum
2991 5107 3109 5156 erat
3136 5101 3182 5164 ε,
3233 5105 3289 5152 et
3311 5096 3491 5151 trabes

1920 5203 2036 5274 ejus
2086 5202 2374 5260 confracta:
2399 5239 2414 5264 ,
2468 5196 2676 5252 noviter
2719 5193 2869 5250 fecit.
2939 5191 3000 5247 In
3043 5189 3267 5247 basilica
3307 5195 3489 5242 autem

1995 5329 2019 5357 θ
2057 5314 2188 5371 Cod.
2212 5312 2377 5367 Luc.:
2406 5309 2563 5380 juxta
2575 5308 2775 5378 januas
2802 5305 3030 5375 majores
3057 5319 3123 5358 ea:
3144 5299 3321 5373 palleii
3357 5314 3490 5370 qua-

1920 5386 2178 5529 #9323}
2201 5453 2360 5529 1:“‘3"
2388 5448 2475 5529 [ix
2487 5447 2572 5529 1.1.:
2770 5517 2782 5529 .
2853 5517 2864 5528 .
3042 5515 3054 5529 .
3087 5515 3099 5527 .
3233 5511 3265 5529 ..

1996 5531 2020 5568 ε
2058 5526 2187 5580 Cod.
2216 5511 2379 5576 Luc.:
2422 5518 2650 5574 basilica:
2673 5517 2891 5578 maioris
2915 5515 3054 5587 quod
3072 5515 3187 5583 jam
3212 5511 3484 5566 distectum

1928 5607 2051 5659 erat,
2092 5604 2195 5647 etc.
