3986 6168
481 270 618 326 1187

1788 272 2069 328 ADRIANI
2108 272 2307 329 ΡΑΡᾸΞ
2354 273 2374 329 l

3598 271 3749 324 “83

474 386 619 443 beati
650 374 917 442 Valentini
958 385 1119 457 simili
1147 386 1304 441 modo
1328 386 1455 441 fecit
1492 395 1695 441 vestem
1738 386 1805 441 de
1836 396 2047 442 staura-
2077 394 2122 449 Α
2151 405 2254 459 que
2280 401 2334 445 et
2358 389 2618 444 laudunas
2643 388 2946 462 [laudanas]
2976 387 3108 443 duas
3135 400 3201 442 ex
3232 394 3456 457 argento
3494 402 3759 456 pensan-

475 482 564 535 cin
645 477 703 531 In
732 476 951 533 basilica
996 477 1139 530 beati
1184 475 1453 532 Pancratii
1501 478 1663 531 aliam
1691 478 1855 532 simili
1891 480 2050 533 modo

477 571 541 625 de
588 567 862 623 stauracin
908 566 1035 621 fecit
1087 573 1313 621 vestem.
1384 567 1443 622 in
1481 567 1708 622 ecclesia
1738 583 1868 623 vero
1906 568 2051 624 beati

478 659 662 725 Marci,
707 656 858 727 cujus
890 666 1089 711 tectum
1106 655 1218 725 jam
1242 664 1511 713 vetustate
1550 658 1785 728 positum
1811 660 2051 714 vicinum

474 752 646 806 ruina:
668 749 954 811 existebat,
994 747 1250 815 depositis
1278 748 1659 803 vetustissimis
1685 749 1950 815 trabibus,
1997 757 2053 803 et

475 840 595 895 aliis
617 838 879 909 impositis
902 836 1111 891 naviter
1126 850 1151 877 ο
1179 838 1355 906 ipsum
1381 845 1600 903 testum,
1623 847 1786 907 atque
1809 838 2055 908 porticus

477 931 530 985 in
553 930 781 985 circuitu
815 926 959 991 fecit,
987 928 1342 997 eamdemque
1365 929 1648 983 ecclesiam
1663 932 2049 986 restauravitb.

477 1021 805 1095 Arcus'vero
843 1027 951 1073 tres
980 1030 1025 1084 ε,
1077 1020 1170 1089 qui
1215 1021 1570 1075 vetustissimi
1616 1029 1791 1088 erant,
1849 1023 2054 1077 addens

477 1110 617 1165 idem
636 1108 975 1165 beatissimus
990 1107 1230 1178 pontifex
1245 1109 1453 1175 argenti
1468 1109 1725 1167 librarum
1747 1110 2053 1177 duodecim,

478 1201 687 1257 naviter
734 1199 881 1255 fecit.
941 1199 1091 1254 Fecit
1133 1199 1295 1253 etiam
1333 1199 1385 1252 in
1415 1200 1602 1254 eadem
1630 1200 1856 1255 ecclesia
1886 1216 2048 1270 super

477 1292 633 1345 altari
671 1290 877 1359 majore
900 1298 1105 1345 vestem
1130 1290 1197 1344 de
1219 1291 1489 1345 stauracin
1515 1332 1531 1355 ,
1567 1290 1661 1346 sed
1688 1298 1742 1345 et
1764 1306 1860 1360 per
1880 1292 2057 1347 diver-

477 1398 567 1437 sos
592 1381 997 1450 arcusejusdem
1018 1382 1260 1437 ecclesia:
1278 1396 1345 1436 ex
1366 1382 1542 1452 palliis
1566 1381 1910 1451 quadrapolis
1930 1381 2055 1437 fecit

472 1482 702 1529 numero
726 1473 841 1527 vela
872 1472 1059 1542 viginti
1106 1481 1332 1542 septem,
1387 1474 1652 1544 simulque
1697 1481 1753 1527 et
1798 1490 2052 1530 coronam

477 1582 545 1618 ex
568 1564 771 1620 eisdem
787 1562 813 1603 ιι
828 1563 1004 1633 palliis
1024 1563 1389 1635 quadrapolis,
1405 1580 1526 1634 qua:
1544 1566 1738 1636 pendet
1767 1567 1865 1622 sub
1881 1568 2052 1632 trabe,

478 1654 628 1711 fecit.
692 1678 693 1681 η
894 1663 898 1667 ‘
2048 1678 2051 1679 ν

2157 485 2229 537 tia
2250 483 2417 537 libras
2443 489 2586 547 octo,
2608 496 2743 550 quas
2766 481 3116 550 posuitsuper
3134 493 3297 547 rugas
3315 478 3761 548 depresbyterio

2153 574 2247 629 ubi
2266 588 2423 628 arcus
2445 573 2511 627 de
2538 579 2759 642 argento
2795 571 2978 626 existit
3004 570 3048 623 ί.
3100 569 3252 624 Fecit
3272 570 3435 623 etiam
3461 577 3517 623 et
3553 579 3760 625 vesta

2155 666 2288 720 duas
2311 664 2378 719 de
2400 664 2696 729 stauracin,
2750 678 2913 717 unam
2941 676 3102 731 super
3120 662 3290 715 altare
3316 662 3463 715 beati
3484 660 3749 728 Adriani,

2154 763 2210 810 et
2237 756 2396 809 aliam
2430 769 2590 824 super
2602 755 2772 808 altare
2791 760 2991 808 sancta:
3011 752 3275 817 Martinaa,
3306 752 3401 807 sed
3425 759 3483 807 et
3504 751 3631 805 vela
3675 752 3750 807 de

2153 844 2331 915 palliis
2353 844 2694 913 quadrapolis
2716 857 2940 897 numero
2985 842 3291 911 quindecim
3333 842 3387 895 in
3428 840 3628 896 eadem
3654 857 3753 898 ec-

2156 938 2321 993 clesia
2355 936 2502 991 fecit.
2563 936 2787 991 Tectum
2832 935 3061 1004 denique
3104 933 3247 988 tituli
3295 935 3470 988 beatae
3513 933 3748 999 Prisce,

2157 1029 2300 1098 quod
2321 1027 2435 1098 jam
2460 1042 2711 1081 casurum
2736 1033 2930 1081 eratet
2953 1025 3009 1078 in
3034 1024 3206 1078 ruinis
3244 1023 3503 1093 positum,
3526 1024 3754 1078 naviter

2157 1119 2305 1185 fecit,
2355 1118 2449 1172 ubi
2481 1125 2537 1172 et
2586 1125 2792 1172 vestem
2836 1114 2902 1170 de
2944 1114 3217 1169 stauracin
3280 1112 3429 1167 fecit.
3485 1114 3544 1167 In
3565 1115 3753 1169 eccle-

2158 1210 2236 1264 sia
2255 1224 2383 1265 vero
2408 1210 2685 1264 beatorum
2714 1206 2925 1261 Casmte
2952 1214 3006 1260 et
3042 1205 3281 1258 Damiani
3331 1205 3386 1258 in
3416 1203 3626 1258 Tribus
3651 1203 3760 1258 Fa-

2158 1301 2227 1355 tis
2254 1307 2459 1356 vestem
2483 1298 2551 1354 de
2570 1297 2840 1353 stauracin
2878 1295 3026 1360 fecit,
3078 1295 3345 1364 simulque
3369 1303 3422 1348 et
3470 1295 3757 1349 cortinam

2158 1400 2283 1449 ante
2327 1392 2567 1448 absidam
2593 1406 2661 1445 ex
2696 1390 2873 1460 palliis
2897 1388 3240 1460 quadrapolis
3289 1387 3433 1453 fecit,
3482 1402 3592 1442 nec
3638 1403 3754 1442 non

2157 1493 2213 1540 et
2233 1484 2350 1540 vela
2371 1499 2438 1539 ex
2455 1482 2658 1539 eisdem
2686 1480 3027 1550 quadrapolis
3055 1477 3186 1534 fecit
3208 1493 3429 1534 numero
3456 1479 3664 1548 viginti
3701 1489 3760 1534 et

2158 1574 2322 1629 lintea
2346 1572 2556 1643 viginti.
2619 1571 2755 1625 Nam
2775 1578 2830 1625 et
2853 1585 2949 1641 per
2977 1570 3220 1624 diversas
3243 1569 3449 1634 titulos,
3477 1585 3570 1624 seu
3604 1571 3759 1624 alias

2158 1667 2436 1730 ecclesias,
2488 1672 2649 1733 atque
2687 1670 2907 1717 cunctas
2959 1661 3252 1725 diaconias,
3309 1669 3364 1714 et
3407 1663 3760 1716 monasteria

550 1748 774 1802 Tectum
815 1763 943 1803 vero
982 1746 1219 1802 basilica:
1256 1747 1399 1801 beati
1436 1746 1713 1801 Laurentii
1755 1787 1767 1800 .
1815 1788 1828 1800 .
1872 1787 1885 1800 .
1930 1786 1945 1801 .
1986 1746 2051 1801 ad
2088 1755 2133 1815 Β
2159 1766 2570 1829 quantacunque
2600 1755 2738 1810 infra
2781 1769 2995 1808 murum
3057 1752 3217 1821 huius
3267 1752 3762 1808 Romanmsurbis

480 1838 790 1893 Taurellum
835 1849 878 1901 ε,
910 1840 1033 1892 dum
1067 1838 1231 1893 nimis
1258 1838 1683 1892 vetustissimum
1727 1839 1922 1903 inerat,
1945 1854 2057 1893 om-

480 1945 576 1984 nes
594 1927 709 1996 ejus
731 1930 910 1983 trabes
938 1945 1107 1983 navas
1140 1929 1334 1983 ibidem
1360 1929 1557 1999 posuit,
1585 1929 1821 1998 illudque
1844 1938 2055 1985 restau-

480 2022 639 2076 ravit.
663 2021 941 2091 Simulque
967 2029 1022 2075 et
1042 2029 1243 2076 vestem
1259 2020 1325 2076 de
1349 2021 1678 2091 quadrapulo
1702 2036 1864 2092 super
1888 2022 2059 2077 altare

478 2113 715 2182 ejusdem
746 2112 986 2168 ecclesia:
1030 2110 1158 2168 fecit
1179 2120 1339 2182 atque
1386 2112 1631 2167 obtulit.‘
1677 2111 1905 2167 Basilica
1920 2126 2058 2185 vero

479 2207 623 2260 beati
647 2204 839 2259 Felicis
864 2205 1036 2274 posita
1058 2204 1112 2257 in
1138 2204 1363 2273 princis,
1394 2218 1514 2274 quae
1552 2205 1606 2260 in
1641 2190 1799 2258 ruina
1851 2212 1970 2259 erat
2005 2211 2061 2259 et

481 2306 679 2353 tectum
709 2298 826 2367 ejus
874 2297 1163 2352 distectum
1189 2298 1481 2363 existebat,
1529 2296 1671 2352 facta
1699 2296 1887 2351 eodem
1915 2304 2060 2351 tecto

480 2389 691 2444 naviter
741 2390 911 2459 ipsam
939 2387 1225 2442 ecclesiam
1250 2389 1548 2453 renovavit,
1586 2396 1640 2443 et
1666 2395 1870 2442 vestem
1899 2403 2062 2457 super

481 2481 652 2536 altare
671 2480 906 2550 ejusdem
930 2483 1171 2537 ecclesia:
1204 2482 1270 2537 de
1306 2481 1651 2552 quadrapolis
1676 2478 1879 2536 faciens
1902 2482 2064 2536 obtu-

482 2570 563 2623 lit.
628 2572 929 2627 Renavavit
959 2573 1122 2628 etiam
1167 2580 1222 2628 et
1249 2580 1446 2630 tectum
1466 2573 1700 2629 basilicae
1727 2573 1899 2627 sancti
1926 2573 2067 2627 Lau-

482 2663 643 2717 rentii
683 2679 845 2732 quam
892 2666 1107 2720 Damasi
1151 2672 1385 2730 vocant,
1429 2666 1521 2720 ubi
1568 2673 1623 2719 et
1659 2673 1865 2720 vestem
1908 2679 2067 2734 super

482 2751 598 2819 ejus
625 2755 793 2808 altare
842 2755 908 2810 de
936 2757 1231 2821 stauracin,
1284 2756 1547 2826 simulque
1587 2765 1643 2812 et
1671 2757 1831 2811 aliam
1862 2765 2067 2811 vestem

482 2842 672 2912 depast
696 2844 866 2913 altare
918 2845 1066 2911 fecit,
1116 2846 1207 2901 ubi
1229 2847 1520 2914 requiescit
1540 2861 1735 2915 corpus
1760 2847 1935 2901 sancti
1964 2846 2068 2900 Da-

484 2936 641 2990 masi.
668 2935 905 2991 Basilica:
932 2938 1112 3006 itaque
1140 2937 1504 3007 apostolorum
1533 2938 1588 2991 in
1616 2938 1704 2991 via
1733 2937 1869 3014 _Lata
1891 2936 2065 3006 porti-

484 3043 581 3082 cus
604 3028 656 3080 in
686 3028 914 3082 circuitu
936 3028 1236 3093 renovavit,
1272 3043 1406 3097 quas
1437 3034 1594 3082 antea
1623 3028 1929 3101 initiaverat
1951 3025 2068 3095 ejus

2156 1849 2414 1912 existunt,
2463 1846 2641 1901 divina
2680 1843 3028 1913 inspiratione
3066 1842 3265 1910 ignitus
3297 1842 3409 1910 ipse
3458 1842 3763 1897 sanctissi-

2157 1954 2278 1993 mus
2328 1935 2569 2007 pontifex
2596 1950 2664 1990 ex
2682 1934 2880 2004 palliis,
2930 1933 2985 1988 id
3014 1942 3096 1988 est
3121 1933 3415 1998 stauracin,
3453 1949 3553 1987 seu
3566 1934 3762 2004 Tyriis

2158 2035 2336 2083 vestes
2365 2025 2491 2081 fecit
2516 2033 2678 2094 atque
2716 2023 2930 2079 obtulit.
2977 2024 3044 2077 Et
3065 2023 3204 2078 sicut
3231 2023 3404 2078 bonus
3422 2032 3614 2093 pastor
3637 2042 3761 2079 om-

2158 2132 2254 2173 nes
2299 2117 2394 2172 Dei
2435 2115 2692 2172 ecclesias
2717 2124 2825 2169 tam
2874 2122 3027 2169 extra
3064 2129 3249 2169 muros
3298 2115 3456 2184 hujus
3483 2116 3756 2173 Romane

2160 2214 2310 2269 urbis
2330 2226 2598 2281 quamque
2628 2209 2768 2264 infra
2800 2224 2985 2263 muros
3033 2209 3101 2263 ad
3143 2208 3354 2263 laudem
3388 2209 3485 2264 Dei
3537 2222 3756 2265 restau-

2161 2304 2301 2359 ravit
2337 2310 2497 2370 atque
2521 2299 2815 2369 decoravit,
2856 2313 3042 2353 verum
3087 2299 3249 2352 etiam
3271 2306 3327 2351 et
3368 2314 3560 2353 muros
3584 2308 3755 2369 atque

2162 2404 2342 2449 turres
2364 2392 2522 2461 hujus
2548 2393 2806 2447 Romanae
2827 2390 2999 2456 urbis,
3035 2404 3154 2459 qua:
3180 2390 3369 2443 diruta:
3392 2399 3554 2444 erant
3578 2400 3637 2445 et
3666 2407 3760 2446 ns-

2163 2501 2267 2556 que
2292 2486 2358 2539 ad
2401 2485 2751 2539 fundamenta
2790 2483 3099 2548 destructze,
3138 2484 3435 2548 renovavit,
3460 2493 3630 2554 atque
3655 2486 3764 2538 uti-

2164 2578 2289 2633 liter
2307 2577 2486 2632 omnia
2513 2576 2567 2629 in
2593 2574 2825 2630 circuitu
2852 2574 3197 2639 restauravit,
3247 2573 3338 2628 ubi
3367 2582 3425 2627 et
3450 2575 3625 2628 multa
3652 2575 3761 2628 sti-

2164 2669 2375 2741 pendia.
2401 2667 2587 2723 tribuit
2634 2674 2744 2719 tam
2797 2667 2851 2720 in
2882 2665 3161 2720 mercedes
3202 2680 3388 2720 eorum
3435 2667 3535 2734 qui
3574 2666 3763 2736 ipsum

2166 2776 2381 2817 murum
2409 2758 2809 2814 fabricaverunt
2838 2771 3110 2826 quamque
3142 2756 3198 2809 in
3251 2756 3491 2826 ipsorum
3525 2758 3765 2811 alimen-

2167 2852 2257 2915 tis,
2317 2849 2583 2918 simulque
2620 2857 2674 2902 et
2703 2848 2756 2902 in
2783 2848 2930 2903 calce
2954 2854 3117 2916 atque
3154 2846 3379 2901 diversis
3423 2846 3764 2901 utilitatibus

2167 2956 2340 3010 usque
2377 2938 2445 2994 ad
2465 2949 2679 2994 centum
2706 2938 2823 2992 auri
2862 2937 3028 2991 libras
3065 2935 3337 3005 expendit.
3378 2935 3481 2989 llic
3505 2936 3767 2990 beatissi-

2168 3048 2289 3087 mus
2316 3031 2511 3102 przesul
2532 3029 2711 3085 divina
2741 3030 3094 3099 inspiratione
3139 3028 3337 3098 ignitus
3378 3030 3676 3083 constituit
3707 3031 3761 3084 in

484 3119 844 3189 prmdecessar
867 3119 1095 3174 domnus
1121 3119 1319 3174 Paulus
1350 3135 1487 3189 papa
1516 3128 1570 3175 et
1595 3136 1704 3174 nan
1732 3119 2063 3189 expleverat,
2095 3106 2142 3170 C
2171 3124 2501 3179 monasterio
2531 3120 2702 3177 sancti
2726 3120 2981 3188 Stephani
3027 3120 3380 3175 catabarbara
3414 3120 3653 3188 patricia
3680 3120 3761 3174 si-

482 3212 662 3265 omnia
685 3211 794 3264 Deo
818 3210 1047 3280 propitio
1069 3210 1323 3281 prmfatus
1343 3211 1687 3267 beatissimus
1710 3210 1957 3281 pontifex
1986 3225 2071 3265 re-

481 3304 709 3373 paravit,
744 3303 1009 3372 simulque
1030 3310 1085 3357 et
1107 3311 1308 3358 tectum
1336 3302 1510 3372 majus
1538 3303 1884 3358 restauravit.
1931 3301 2067 3356 Nam

483 3395 722 3450 absidam
740 3394 908 3463 ipsius
923 3394 1163 3449 ecclesias
1181 3409 1408 3449 cernens
1423 3395 1563 3449 idem
1583 3393 1927 3449 beatissimus
1937 3408 2071 3462 pon-

485 3485 613 3539 tifex
633 3486 745 3555 jam
761 3487 930 3541 ruinae
959 3486 1188 3541 vicinam
1207 3487 1549 3553 existentem,
1586 3486 1822 3543 cancalis
1859 3485 2067 3559 [Forte,

485 3575 783 3649 cancelliis]
811 3576 1000 3633 ferreis
1028 3579 1270 3633 eamdem
1296 3579 1541 3634 absidam
1575 3578 1886 3634 confirmari
1915 3578 2065 3646 fecit,

483 3676 537 3722 et
568 3669 639 3721 ita
661 3684 779 3724 eam
809 3669 1109 3724 renovavit.
1150 3668 1302 3724 Fecit
1330 3677 1534 3724 vestem
1559 3670 1614 3724 in
1639 3668 1826 3725 eadem
1840 3668 2068 3725 ecclesia

486 3776 649 3828 super
674 3761 835 3815 altari
863 3760 1055 3830 majori
1081 3761 1147 3815 de
1175 3762 1471 3815 stauracin.

556 3846 937 3905 Caemeterium
958 3851 1086 3903 item
1107 3850 1388 3904 beatorum
1414 3849 1559 3904 Petri
1579 3857 1633 3904 et
1661 3848 1957 3903 Marcellini
1979 3849 2067 3902 via

485 3941 752 3995 Lavicaua
768 3939 922 4007 juxta
946 3940 1223 3995 basilicam
1251 3941 1421 3995 beata:
1447 3940 1663 3995 Helena:
1683 3941 1981 4004 renovavit,
2014 3948 2069 3994 et

486 4039 686 4084 tectum
710 4029 847 4097 ejus,
871 4030 925 4084 id
950 4036 1034 4084 est
1058 4030 1230 4083 sancti
1257 4030 1508 4095 Tiburtii,
1535 4037 1589 4084 et
1608 4030 1921 4084 earumdem
1948 4045 2070 4084 san-

487 4130 699 4175 ctorum
724 4118 872 4174 Petri
921 4127 977 4174 et
1017 4118 1313 4173 Marcellini
1364 4118 1575 4173 naviter
1599 4117 1747 4183 fecit,
1793 4126 1848 4172 et
1872 4121 2069 4189 gradus

486 4209 602 4280 ejus
627 4211 717 4280 qui
747 4210 1085 4266 descendunt
1130 4207 1198 4263 ad
1224 4225 1414 4265 eorum
1436 4211 1804 4266 sacratissima
1839 4226 2069 4282 corpora

489 4303 703 4357 naviter
726 4300 870 4365 fecit,
921 4301 1176 4371 quoniam
1205 4300 1382 4355 nullus
1403 4308 1520 4356 erat
1558 4299 1663 4370 iam
1684 4301 1976 4357 descensus
2001 4302 2069 4357 ad

488 4394 604 4462 ipsa
642 4400 827 4447 sancta
858 4406 1105 4461 corpora.
1178 4389 1330 4444 Fecit
1354 4389 1407 4443 in
1427 4389 1649 4446 basilica
1670 4390 1812 4446 beati
1842 4390 2067 4445 Adriani

487 4490 755 4538 cerostata
784 4489 1033 4551 argentea
1054 4480 1335 4550 pensantia
1364 4479 1529 4535 libras
1549 4480 1856 4547 duodecim,
1881 4480 2071 4536 simul-

561 4650 587 4678 ει
618 4636 758 4708 _Cod.
788 4637 949 4704 Luc.;
1006 4644 1053 4691 et
1103 4635 1223 4690 aliis
1267 4635 1565 4705 fortissimis
1616 4636 1872 4706 impositis
1927 4641 2072 4693 novi-

490 4718 568 4762 ter
617 4716 722 4760 etc.

560 4748 587 4818 ὖ
624 4769 684 4830 In
720 4777 839 4832 cod.
869 4777 1031 4832 Luc.:
1064 4776 1398 4847 eamdemque
1445 4775 1715 4831 ecclesiam
1756 4780 2069 4834 restauravit

620 4856 659 4900 t.
824 4860 829 4865 '
1775 4875 1778 4879 ι

489 4850 806 4973 dessPrima
828 4933 1017 4973 manus
1040 4918 1094 4972 in
1131 4918 1250 4974 eod.
1280 4917 1412 4971 Luc.
1445 4915 1677 4971 ferebat:
1713 4918 1922 4971 arcoria
1953 4936 2070 4973 vero

489 4989 596 5060 tria
616 5005 731 5060 qua:
747 4998 793 5041 et
812 4988 1176 5060 petustissima.
1211 4987 1539 5060 rSedﬂaltera
1569 5002 1763 5042 manus
1794 5003 1901 5042 non
1933 4989 2069 5044 adeo

490 5057 712 5129 antiqua
742 5058 1077 5129 reformavit,
1115 5064 1175 5112 ut
1206 5059 1259 5112 in
1287 5057 1468 5111 editis.

560 5127 586 5166 ἀ
616 5127 748 5183 Cod.
775 5128 928 5193 Luc.,
954 5138 1001 5182 et
1025 5130 1281 5183 cortinam
1306 5137 1353 5181 et
1380 5128 1594 5190 eisdem,
1621 5134 1725 5182 etc.

495 5267 514 5321 Ι
565 5210 589 5237 ο
628 5198 760 5322 God.
817 5198 985 5253 Luc.:
1043 5198 1315 5271 Laurentii
1360 5197 1501 5267 quod
1553 5198 1700 5268 prius
1754 5199 1824 5253 ad
1862 5198 2074 5254 Taurii-

518 5285 625 5322 um.
654 5283 684 5322 e
710 5283 739 5322 ς
1354 5300 1360 5305 ο

462 5344 467 5349 ·
495 5283 753 5411 ιῗυῖιὈίἜ.
802 5337 934 5411 Luc.
958 5354 1001 5411 ςΔ
1031 5338 1295 5411 (audimus
1328 5300 1462 5392 duas
1506 5338 1694 5411 posuit;
1728 5356 1884 5411 super
1916 5356 2073 5411 rugas

495 5406 558 5461 de
580 5409 895 5479 presbyterio
915 5408 1002 5462 ubi
1025 5424 1204 5479 areum
1228 5409 1294 5462 de
1317 5406 1530 5478 argento
1544 5409 1735 5479 existit.
1766 5406 1933 5474 Fecit,
1962 5406 2069 5467 etc.

567 5477 591 5517 ε
631 5477 762 5534 Cod.
796 5479 961 5534 Luc.:
1001 5478 1145 5548 infra
1181 5478 1316 5531 hanc
1367 5477 1624 5548 Civitatem
1653 5477 1947 5534 Romanam
1983 5498 2075 5536 seu

497 5546 625 5613 foris
649 5550 822 5602 omnia
875 5546 1181 5602 restauravit
1209 5555 1257 5601 et
1286 5557 1444 5601 vestes
1475 5556 1522 5601 et
1573 5547 1713 5603 dona
1748 5550 1953 5616 obtulit,
1994 5569 2077 5606 ve-

497 5631 613 5668 rum
638 5618 861 5687 etiamet
889 5634 1064 5670 muros
1089 5626 1244 5685 atque
1278 5627 1446 5671 turres
1475 5618 1633 5686 hujus
1664 5618 1935 5687 Romnna’,
1966 5633 2073 5677 etc.

570 5687 594 5722 δ
626 5684 757 5737 Cod.
788 5685 949 5737 Luc.:
986 5687 1201 5738 Petrum
1220 5689 1531 5754 apostolum.

2173 3223 2287 3270 tum
2310 3216 2379 3268 ad
2397 3215 2613 3269 beatum
2637 3211 3000 3281 apostolorum
3020 3210 3047 3249 h
3071 3209 3538 3280 congregationem
3575 3224 3767 3264 mona-

2171 3306 2417 3369 chorum,
2453 3304 2526 3359 ibi
2567 3313 2623 3358 et
2642 3303 2891 3358 abbatem
2920 3309 2975 3356 et
3012 3301 3260 3355 idoneam
3287 3315 3577 3371 personam
3604 3302 3763 3356 ordi-

2171 3410 2325 3449 nans.
2369 3393 2568 3447 Statuit
2608 3399 2669 3446 ut
2700 3391 2913 3446 sedulas
2958 3390 3143 3446 laudes
3179 3392 3196 3431 ί
3233 3391 3287 3445 ἰη
3332 3391 3562 3446 ecclesia
3611 3390 3762 3445 beati

2170 3487 2315 3542 Petri
2340 3485 2646 3557 persolvant
2666 3484 2806 3539 sicut
2827 3491 2883 3539 et
2939 3492 3133 3539 caetera
3164 3482 3510 3547 monasteria,
3548 3492 3610 3536 ut
3645 3481 3760 3535 duo

2170 3578 2418 3633 monachi
2447 3592 2545 3646 pro
2600 3575 2767 3630 latere
2793 3574 2959 3644 ipsius
3009 3572 3251 3629 ecclesia:
3273 3573 3381 3627 Deo
3422 3580 3611 3626 nostra
3653 3588 3752 3626 ca-

2169 3678 2302 3723 nant
2326 3667 2532 3731 laudes,
2571 3665 2828 3735 quoniam
2851 3664 3023 3734 ipsum
3066 3662 3453 3717 monasterium
3477 3660 3532 3715 in
3556 3675 3755 3729 magna

2170 3761 2373 3817 desidia
2413 3766 2470 3814 et
2528 3757 2775 3827 neglectu
2823 3756 3139 3823 incuriaque
3182 3753 3413 3823 positum
3463 3760 3583 3806 erat
3609 3793 3626 3817 ,
3702 3761 3759 3805 et

2169 3851 2380 3906 nullum
2400 3848 2642 3904 divinum
2667 3846 2907 3903 ofﬁcium
2937 3844 3085 3900 cultu
3106 3840 3338 3897 ibidemi
3373 3841 3755 3896 exhibebatur.

2170 3941 2268 3995 llic
2293 3938 2636 3994 beatissimus
2658 3936 2852 4006 prmsul
2890 3936 3017 3990 fecit
3038 3945 3199 4003 atque
3223 3933 3505 3988 constituit
3543 3933 3761 3987 naviter

2169 4030 2357 4086 domos
2391 4031 2562 4085 cultas
2594 4035 2844 4098 quatuor.
2876 4028 2903 4067 ι
2927 4027 3100 4082 Unam
3124 4026 3340 4095 quidem
3371 4040 3493 4094 quae
3529 4032 3761 4079 vocatur

2169 4121 2495 4192 Caprearum
2523 4115 2929 4191 [Capraeorum]
2953 4117 3128 4186 posita
3157 4117 3213 4169 in
3244 4116 3518 4170 territorio
3553 4116 3757 4186 Vigen-

2172 4221 2298 4268 tano
2345 4211 2602 4267 milliaria
2636 4211 2704 4267 ab
2749 4211 2883 4266 urbe
2913 4209 3082 4264 Roma
3104 4207 3225 4277 plus
3269 4207 3447 4260 minus
3467 4207 3763 4276 quintode-

2171 4303 2330 4366 eimo,
2381 4317 2450 4357 ex
2476 4318 2581 4371 qua
2624 4302 2877 4372 primitus
2917 4299 3140 4353 fundum
3176 4298 3352 4366 ipsum
3388 4294 3762 4365 Capracorum

2170 4408 2294 4448 eum
2320 4394 2442 4448 aliis
2467 4393 2712 4464 pluribus
2736 4392 2919 4447 fundis
2947 4391 2997 4445 ei
3045 4389 3437 4444 cohaerentibus
3476 4402 3543 4442 ex
3581 4387 3765 4441 hare-

2174 4487 2367 4542 ditaria
2394 4495 2677 4557 parentum
2718 4499 2939 4540 suorum
2983 4482 3324 4538 successione
3378 4489 3560 4535 tenere
3603 4479 3764 4533 vide-

2250 4628 2289 4683 ii
2312 4641 2444 4697 Cod.
2482 4640 2647 4694 Luc.:
2680 4638 2875 4692 Abbate
2901 4636 3142 4690 idoneam
3168 4649 3443 4707 personam
3479 4631 3762 4685 ordinatas

2172 4714 2385 4776 statuis,
2419 4721 2475 4765 ut
2502 4708 2712 4764 sedulus
2750 4707 2954 4772 laudes,
2984 4714 3090 4760 etc.

2247 4784 2261 4835 i
2311 4783 2444 4838 Cod.
2475 4781 2605 4835 Luc.
2624 4819 2639 4843 ,
2666 4779 2839 4846 divino
2865 4777 3008 4830 cultu
3034 4775 3247 4846 ibidem.

2245 4855 2271 4892 ¹ι
2310 4853 2443 4908 Cod.
2477 4839 2641 4904 Luc.t
2672 4842 2867 4902 nouiter
2889 4848 3101 4899 domum
3124 4844 3319 4899 cultam
3336 4844 3391 4896 in
3410 4839 3759 4911 Capricorni

2141 4916 2145 4921 ’
2172 4924 2422 4979 milliaria
2453 4922 2516 4975 ab
2541 4920 2666 4973 urbe
2697 4917 2866 4971 Roma
2894 4932 2964 4970 xv
2990 4932 3108 4969 cum
3136 4915 3257 4967 aliis
3295 4910 3534 4985 plurimis
3572 4910 3760 4985 fundis

2173 4997 2220 5049 ei
2246 4991 2625 5048 cohaerentibus
2651 5004 2715 5042 ea:
2743 4987 3047 5040 hwreditate
3070 4979 3342 5054 parentum
3367 4996 3620 5054 suorum;
3667 4979 3760 5033 sed

2136 5090 2141 5093 -
2172 5074 2221 5118 et
2251 5063 2384 5117 alias
2411 5071 2514 5115 tres
2539 5079 2571 5114 a
2595 5074 2722 5114 novo
2749 5055 2986 5125 fundavit
3012 5051 3358 5125 damocultas,
3382 5061 3428 5125 et
3454 5051 3641 5125 statuit

2174 5132 2518 5205 apostolicum
2539 5120 2983 5205 privilegiumfub
3021 5123 3225 5205 magnis
3255 5121 3605 5205 number-italis
3626 5120 3765 5173 obli-

2173 5188 2471 5275 gationibus
2504 5188 2561 5255 ut
2578 5201 2645 5275 _in
2668 5188 2819 5250 usum
2849 5196 3074 5275 fratrum
3097 5188 3605 5275 nostrorum'Cbristi
3625 5204 3764 5275 pau-

2136 5272 2137 5275 “
2173 5259 2355 5345 perum
2378 5270 2669 5345 perenniter
2686 5259 3042 5345 permaneant,
3069 5272 3117 5317 et
3142 5278 3319 5345 omnes
3340 5261 3534 5345 pages,
3558 5259 3761 5345 uinum,

2174 5331 2223 5397 'et
2248 5331 2418 5397 oleum
2441 5331 2718 5410 diligenter
2740 5337 2795 5390 in
2824 5336 3036 5410 horreas
3049 5331 3645 5410 paracellariosnsanctte
3667 5343 3767 5380 no-

2174 5396 2853 5477 strieecclesiazvdeferatur.
2888 5396 3139 5477 Magnam
3160 5403 3316 5456 etiam
3329 5396 3764 5477 sollicitudinem,

2177 5466 2359 5538 curam
2380 5491 2427 5535 et
2466 5466 2662 5534 amoris
2700 5478 2945 5547 affectum
2969 5466 3026 5528 in
3044 5482 3281 5547 sanctam
3317 5485 3379 5523 ac
3412 5466 3765 5547 venerandam

2176 5536 2482 5624 patriarcltii
2511 5549 2723 5624 domum
2735 5536 2946 5624 icertum
2974 5553 3047 5600 est
3072 5543 3333 5607 habuisse,
3369 5547 3478 5594 etc.
3530 5536 3765 5607 Reliqua

2180 5619 2493 5676 iutermedia
2522 5619 2704 5675 omnia
2733 5619 2943 5672 desunt.
