3986 6168
482 297 606 354 1191

1778 291 2059 348 ADRIA‘NI
2099 292 2297 347 PAR-Ii
2341 293 2361 346 1

3618 292 3765 352 1199.

473 410 584 466 suit
602 405 810 476 argenti
837 404 1001 459 libras
1022 408 1259 458 centum.
1323 401 1394 455 At
1426 416 1555 457 vero
1575 400 1688 470 jam
1716 417 1814 471 per
1838 403 2051 458 evoluta
2083 409 2129 466 Λ
2156 414 2361 473 gentem
2397 403 2653 464 existunt,
2701 410 2821 470 qua:
2861 408 3096 470 pensant
3138 400 3303 457 libras
3330 403 3759 477 quinquaginta.

474 498 663 571 viginti
685 510 711 537 ι
741 508 1002 550 annorum
1028 493 1200 563 spatia
1227 492 1400 547 forma
1428 508 1549 561 qua:
1586 501 1811 547 vocatur
1843 492 2050 548 Sabba-

471 588 585 644 tina
619 584 781 641 nimis
798 581 1075 639 confracta
1097 584 1367 650 existens,
1416 598 1514 653 per
1542 598 1705 652 quam
1733 584 2052 639 decurrebat

470 692 608 749 aqua
635 691 733 747 per
756 674 1131 731 centenarium
1183 673 1238 728 in
1280 674 1423 728 atrio
1460 672 1706 728 ecclesiae
1730 673 1874 727 beati
1901 672 2049 727 Petri

466 768 714 840 apostoli,
746 767 1012 836 simulque
1036 774 1091 821 et
1112 766 1166 821 in
1198 765 1393 821 balneo
1417 763 1575 834 juxta
1606 768 1851 820 eamdem
1878 765 2050 820 eccle-

467 858 605 913 siam
630 858 754 923 sito,
782 856 871 910 ubi
896 854 1092 909 fratres
1122 854 1291 908 nostri
1321 853 1521 909 Christi
1543 868 1825 924 pauperes,
1863 855 1954 924 qui
1980 855 2049 911 ad

466 948 832 1019 accipiendam
855 946 1255 1016 eleemosynam
1282 946 1335 1000 in
1362 946 1673 1015 paschalcm
1699 944 2045 1001 festivitatem

463 1054 640 1093 annue
662 1050 946 1092 occurrere
979 1042 1034 1091 et
1074 1036 1243 1090 lavari
1280 1036 1539 1100 solebant,
1573 1044 1627 1091 et
1647 1051 1713 1091 ex
1742 1051 1846 1106 qua
1870 1036 2049 1092 diver-

462 1128 708 1184 stemolm
735 1128 789 1181 in
827 1124 1102 1182 Genuculo
1149 1126 1600 1181 machinabantur
1652 1125 2045 1201 [macinabant]

460 1235 600 1290 aqua
633 1234 702 1273 ex
722 1219 909 1272 eadem
939 1216 1113 1272 forma
1158 1232 1332 1287 neque
1375 1218 1429 1272 in
1468 1219 1664 1273 atrium
1694 1220 1836 1274 beati
1874 1219 2040 1285 Petri,

459 1324 634 1379 neque
662 1308 802 1363 infra
832 1307 1109 1364 civitatem
1136 1308 1514 1373 decurrebant,
1561 1308 1688 1363 dum
1708 1309 1822 1379 ipsa
1844 1307 2040 1375 forma,

457 1409 518 1455 ut
542 1400 745 1456 dictum
771 1406 876 1463 est,
925 1398 1099 1453 diruta
1122 1398 1348 1463 exstitit,
1372 1399 1441 1453 ob
1462 1406 1679 1454 centum
1701 1414 1860 1455 arcus
1877 1401 2043 1469 ipsius

456 1491 645 1549 forma:
666 1507 876 1562 magna:
899 1492 928 1531 δ
962 1491 1260 1546 altitudinis
1289 1500 1645 1558 constructos,
1686 1501 1742 1547 et
1785 1508 1816 1548 a
1847 1492 2040 1548 funda-

455 1584 656 1639 mentis
684 1583 968 1638 demolitos
996 1592 1157 1652 atque
1183 1583 1506 1649 destructas,
1533 1591 1593 1638 ut
1607 1583 1720 1653 jam
1742 1585 1890 1641 nulla
1915 1600 2041 1657 spes

452 1676 733 1731 videretur
754 1690 873 1731 esse
895 1676 1110 1730 eosdem
1135 1690 1295 1731 arcus
1320 1677 1403 1731 vel
1442 1676 1668 1732 fractam
1694 1676 1923 1733 formam
1953 1693 2039 1733 re-

2153 494 2287 547 Nam
2309 502 2364 549 et
2383 510 2480 563 per
2504 493 2744 548 diversas
2769 493 3046 548 diaconias
3075 492 3205 549 fecit
3239 495 3403 549 simili
3438 498 3599 553 modo
3630 502 3758 556 vela

2152 585 2417 639 stauracia
2448 600 2542 638 seu
2570 583 2732 653 Tyria
2758 598 2862 652 pro
2887 599 3209 655 unaquaque
3236 586 3485 643 diaconia
3516 607 3759 648 numeto

2151 689 2267 739 sex,
2308 690 2429 744 qua:
2468 674 2604 727 fiunt
2647 674 2806 727 simul
2850 674 2968 728 vela
3013 691 3241 731 numero
3280 681 3578 750 nonaginta
3624 698 3750 737 sex.

2150 764 2284 819 Item
2322 766 2463 820 idem
2504 767 2882 823 sanctissimus
2912 770 3131 838 prmsul,
3169 770 3399 827 formam
3436 790 3561 845 qua:
3589 775 3755 834 Iohia

2152 851 2346 925 [Jovia]
2396 864 2637 919 vocatur,
2673 871 2796 926 qua:
2843 872 2941 927 per
2972 858 3187 914 evoluta
3233 861 3424 931 viginti
3472 880 3751 922 annorum

2150 944 2323 1013 spatia
2354 944 2515 1000 nimis
2534 945 2814 1002 confracta
2830 946 3067 1016 jacebat,
3095 964 3126 1004 a
3148 948 3521 1008 fundamentis
3543 965 3754 1011 restau-

2149 1049 2272 1089 rare
2323 1034 2471 1090 fecit.
2527 1036 2703 1111 Simili
2748 1039 2908 1094 modo
2948 1038 3077 1095 fecit
3123 1049 3179 1095 et
3220 1042 3277 1096 in
3321 1044 3550 1101 basilica
3598 1048 3749 1105 benti

2149 1125 2417 1182 Pancratii
2447 1129 2704 1199 martyris
2729 1140 2775 1195 ε,
2806 1146 2925 1200 qua:
2951 1140 3036 1186 est
3073 1130 3208 1188 foris
3241 1150 3427 1191 muros
3465 1136 3637 1206 hujus
3671 1141 3750 1194 ci-

2147 1217 2331 1272 vitatis
2355 1218 2635 1283 Romanae,
2663 1219 2780 1275 vela
2804 1221 2872 1275 de
2897 1222 3168 1277 stauracin
3200 1239 3296 1279 seu
3318 1224 3483 1296 Tyria
3510 1238 3747 1285 numero

2147 1307 2368 1376 triginta
2400 1316 2523 1363 octo
2560 1316 2615 1361 et
2644 1307 2785 1362 linea
2820 1309 3041 1379 triginta
3078 1319 3202 1365 octo
3226 1310 3277 1376 τι,
3310 1322 3365 1368 et
3406 1315 3459 1369 in
3508 1317 3745 1374 basilica

2145 1396 2291 1451 beati
2342 1394 2603 1466 Stephani
2653 1399 3067 1470 protomartyris
3105 1400 3158 1454 in
3192 1399 3361 1457 leio
3390 1412 3574 1460 monte
3606 1406 3748 1461 fecit

2143 1489 2261 1544 vela
2307 1489 2376 1544 de
2419 1490 2693 1544 stauracin
2726 1506 2821 1546 seu
2855 1491 3015 1563 Tyria
3043 1508 3269 1549 numero
3297 1495 3479 1565 viginti
3501 1506 3558 1551 et
3586 1498 3746 1555 linea

2142 1580 2353 1651 viginti.
2406 1580 2511 1636 Sed
2551 1592 2613 1636 et
2653 1582 2708 1636 in
2746 1582 2972 1638 basilica
3015 1584 3158 1638 beati
3198 1585 3522 1655 Apollinaris
3559 1591 3739 1647 simili

2142 1674 2302 1729 modo
2348 1675 2466 1729 vela
2514 1674 2581 1731 de
2627 1675 2843 1746 octaplo
2888 1692 3116 1734 numero
3163 1678 3348 1735 decem
3381 1690 3436 1737 et
3462 1684 3607 1739 linea
3638 1687 3740 1741 de-

452 1768 757 1824 adiflcaudi
808 1778 970 1839 atque
1022 1771 1396 1836 restaurandi,
1444 1771 1556 1841 ipse
1586 1773 1934 1830 beatissimus
1972 1790 2037 1830 ac
2064 1760 2113 1816 Β
2146 1779 2285 1818 cem.
2316 1764 2451 1819 Item
2478 1764 2532 1819 in
2560 1766 2781 1821 basilica
2811 1767 2955 1821 beati
2982 1768 3249 1825 Valentini
3293 1775 3571 1844 martyris,
3602 1793 3735 1847 qua:

450 1858 826 1912 sanctissimus
852 1857 1048 1927 praesul
1094 1872 1389 1928 aggregans
1416 1861 1813 1917 multitudinem
1849 1864 2034 1933 populi

448 1960 547 2015 per
574 1947 923 2016 semetipsum
949 1946 1015 2002 ad
1044 1947 1418 2004 fabricandum
1434 1958 1596 2020 atque
1624 1954 2034 2009 restaurandum

448 2038 696 2093 eamdem
712 2037 937 2093 formam
958 2040 1302 2110 prmparavit,
1318 2049 1371 2095 et
1391 2048 1598 2097 tantam
1626 2059 1811 2099 curam
1838 2061 1903 2101 ac
1927 2047 2037 2102 sol-

447 2130 781 2185 licitudinem
807 2131 861 2186 in
883 2129 1120 2198 ejusdem
1148 2130 1336 2188 forma:
1365 2133 1569 2189 fabrica
1598 2137 1864 2203 exhibuit,
1887 2140 2033 2209 quod

445 2222 610 2276 etiam
639 2223 847 2277 noviter
875 2239 905 2277 a
930 2221 1281 2281 fundamento
1307 2241 1426 2280 eam
1455 2229 1733 2282 renovavit
1755 2237 1919 2299 atque
1943 2244 2031 2284 rc-

444 2316 729 2381 stauravit,
784 2324 839 2369 et
881 2314 1166 2372 confestim
1194 2319 1563 2373 centenarium
1589 2319 1741 2385 illud,
1783 2321 1927 2391 quod
1963 2336 2031 2377 ex

441 2409 630 2464 eadem
654 2406 825 2462 forma
851 2407 905 2462 in
932 2408 1071 2463 atrio
1097 2409 1339 2464 ecclesiae
1356 2410 1500 2464 beati
1522 2410 1667 2465 Petri
1689 2412 2027 2479 decurrebat,

440 2500 569 2552 dum
598 2496 817 2551 nimiam
832 2497 1106 2566 neglectus
1132 2498 1392 2553 incuriam
1406 2499 1681 2569 plumbum
1710 2501 1879 2570 ipsius
1903 2518 2030 2558 cen-

438 2587 635 2643 tenarii
655 2585 841 2642 furtim
864 2585 979 2656 jam
1009 2588 1239 2659 plurima
1268 2604 1333 2645 ex
1371 2599 1525 2661 parte
1570 2592 1763 2648 exinde
1789 2593 2027 2648 ablatum

436 2677 648 2744 fuisset,
690 2677 957 2748 reliquum
983 2679 1262 2749 plumbum
1295 2690 1739 2751 conquassatum,
1777 2684 2027 2752 protinus

424 2770 580 2824 idem
625 2768 928 2838 praacipuus
979 2777 1165 2839 pastor
1213 2770 1395 2826 addita
1444 2771 1784 2827 multitudine
1819 2773 2026 2841 plumbi

436 2858 610 2927 ipsum
639 2860 1009 2914 centenarium
1038 2860 1248 2916 noviter
1267 2860 1411 2928 fecit,
1442 2861 1619 2917 etDeo
1644 2863 1862 2932 auspice
1884 2879 2023 2933 aqua

436 2951 489 3005 in
518 2951 658 3005 atrio
683 2950 828 3005 beati
867 2950 1033 3015 Petri,
1074 2951 1341 3021 simulque
1385 2962 1440 3006 et
1470 2952 1524 3006 in
1553 2952 1778 3023 prmfato
1807 2953 2017 3019 balneo,

432 3056 622 3096 verum
650 3042 814 3098 etiam
849 3047 904 3095 et
931 3041 1076 3097 intus
1102 3041 1397 3107 civitatem,
1440 3042 1493 3097 id
1526 3050 1610 3097 est
1638 3044 1691 3098 in
1722 3042 2015 3110 Genuculo,

2136 1855 2239 1909 sita
2266 1863 2351 1910 est
2377 1856 2513 1911 foris
2549 1872 2735 1912 muros
2766 1856 2927 1927 hujus
2961 1859 3197 1916 civitatis
3244 1861 3505 1921 Romanae
3537 1868 3736 1925 simili-

2138 1955 2220 2002 ter
2278 1946 2408 2003 fecit
2459 1948 2577 2003 vela
2639 1949 2704 2005 de
2755 1952 3031 2008 stauracin
3089 1968 3185 2009 seu
3236 1958 3435 2027 octapli
3493 1976 3734 2019 numero

2134 2039 2322 2108 viginti
2347 2038 2473 2105 duo,
2514 2048 2568 2095 et
2596 2040 2736 2097 linea
2769 2042 2961 2114 viginti
2983 2044 3108 2099 duo.

2204 2130 2340 2184 Dum
2390 2144 2518 2185 vero
2559 2129 2733 2185 forma
2762 2146 2881 2201 quze
2909 2132 3128 2188 Claudia
3164 2145 3390 2192 vocatur
3414 2154 3520 2209 per
3550 2158 3728 2199 anno-

2134 2235 2253 2273 rum
2279 2220 2451 2289 spatia
2478 2222 2733 2276 demolita
2770 2238 2890 2279 esse
2921 2224 3221 2292 videbatur,
3256 2229 3400 2285 unde
3424 2241 3482 2286 et
3511 2234 3568 2288 in
3597 2236 3727 2291 bal-

2131 2311 2248 2366 neis
2293 2312 2750 2369 Lateranensibus
2781 2314 2848 2370 de
2883 2315 2997 2385 ipsa
3023 2332 3162 2387 aqua
3192 2320 3358 2376 lavari
3392 2325 3630 2392 solebat,
3669 2338 3728 2383 et

2131 2401 2184 2454 in
2214 2401 2530 2470 baptisteria
2566 2402 2809 2459 ecclesia:
2839 2403 3133 2461 Salvatoris
3153 2408 3364 2464 Domini
3391 2416 3564 2469 nostri
3587 2414 3726 2471 Jesn

2128 2490 2358 2554 Christi,
2399 2492 2454 2547 in
2485 2493 2669 2562 plures
2715 2494 2975 2551 ecclesias
3014 2496 3070 2552 in
3114 2498 3199 2554 die
3249 2511 3438 2557 sancto
3486 2503 3724 2562 Pascha:

2127 2580 2415 2637 decurrere
2453 2582 2680 2649 solebat,
2724 2592 2781 2639 et
2807 2585 2933 2641 dum
2972 2588 3181 2644 modica
3227 2606 3367 2660 aqua
3402 2593 3469 2649 de
3502 2609 3727 2665 pne-no-

2127 2669 2332 2724 minata
2375 2669 2552 2725 forma
2599 2671 2746 2728 intus
2790 2673 3067 2731 civitatem
3104 2678 3444 2747 decurrebat,
3488 2687 3719 2754 prospi-

2125 2763 2274 2817 ciens
2320 2764 2622 2833 prazcipuus
2661 2771 2716 2819 et
2754 2768 3094 2835 coaugelicus
3139 2771 3356 2838 przesul,
3405 2788 3722 2845 aggregans

2123 2852 2526 2908 multitudinem
2570 2856 2755 2924 populi
2782 2871 2849 2910 ex
2875 2859 3122 2926 partibus
3156 2859 3465 2930 Campania:
3492 2881 3595 2935 per
3624 2883 3722 2922 sc-

2122 2945 2408 3015 metipsum
2432 2946 2500 3001 ad
2520 2945 2890 3004 fabricandum
2917 2959 3078 3020 atque
3111 2957 3528 3011 restaurandum
3557 2975 3720 3017 eam.

2122 3034 2243 3089 dem
2270 3034 2499 3090 formam
2529 3038 2660 3093 totis
2688 3039 2894 3095 viribus
2914 3043 3244 3111 properavit,
3281 3053 3339 3099 ut
3366 3053 3575 3102 tantam
3611 3066 3719 3105 cn-

432 3131 523 3186 ubi
547 3131 702 3186 molze
730 3130 1199 3196 machinabantur,
1240 3131 1382 3186 sicut
1406 3132 1702 3202 antiquitus
1748 3109 2020 3189 abundan-

2124 3140 2239 3179 ram
2267 3142 2331 3181 ac
2357 3128 2775 3183 sollicitudinem
2801 3131 2855 3185 in
2880 3131 3119 3201 ejusdem
3148 3134 3334 3190 forma:
3366 3136 3575 3194 fabrica
3601 3156 3713 3197 ex-

431 3234 517 3278 ter
540 3224 828 3281 decurrere
853 3224 999 3281 fecit.
1050 3225 1327 3296 Simulque
1362 3226 1503 3282 idem
1527 3228 1868 3283 beatissimus
1888 3246 2020 3300 pon-

430 3317 561 3372 tifex
590 3314 718 3372 fecit
761 3318 816 3373 in
844 3318 1067 3374 basilica
1095 3319 1237 3373 beati
1267 3317 1416 3372 Pauli
1447 3319 1674 3389 apostoli
1704 3334 1770 3378 ex
1800 3319 2015 3377 laminis

430 3407 701 3478 argenteis
725 3407 987 3478 imagines
1014 3418 1123 3464 tres
1148 3424 1268 3479 quae
1293 3417 1566 3479 ponuntur
1593 3425 1755 3480 super
1769 3425 1928 3481 rugas
1959 3411 2014 3466 in

429 3497 656 3553 introitu
689 3500 1033 3571 presbyterii.
1118 3499 1292 3556 Unam
1326 3501 1543 3571 quidem
1578 3501 1864 3557 habentem
1890 3503 2012 3557 vul-

426 3594 543 3643 tum
569 3587 840 3659 depictum
862 3588 1159 3645 Salvatoris
1198 3591 1408 3645 Domini
1434 3592 1605 3647 nostri
1633 3590 1761 3647 Jesu
1786 3592 2008 3659 Christi,

425 3688 483 3733 et
511 3693 576 3733 ex
607 3679 855 3748 utrisque
889 3679 1149 3735 lateribus
1194 3680 1456 3751 imagines
1484 3681 1725 3752 depictas
1749 3681 2011 3737 habentes

423 3765 628 3835 etligies
676 3767 1013 3838 angelorum,
1054 3767 1147 3837 qui
1179 3778 1409 3837 pensant
1434 3768 1600 3824 libras
1636 3770 1823 3840 viginti
1877 3785 2010 3841 qua-

425 3865 566 3910 tuor.
642 3856 795 3910 Fecit
834 3865 889 3910 et
919 3858 972 3910 in
1011 3858 1237 3912 basilica
1286 3860 1649 3927 apostolorum
1677 3861 1729 3914 in
1761 3861 1845 3914 via
1872 3860 2007 3916 Lata

423 3945 544 3998 vela
588 3943 655 3998 de
697 3944 880 4013 palliis
909 3947 1100 4001 sericis
1143 3963 1367 4002 numero
1418 3948 1607 4021 viginti
1652 3956 1707 4003 et
1752 3950 1892 4004 linea
1921 3950 2004 4004 vi-

422 4033 577 4102 ginti.
654 4033 711 4087 lu
760 4033 987 4088 ecclesia
1046 4048 1175 4088 vero
1224 4035 1369 4089 beati
1420 4035 1696 4090 Laurentii
1749 4037 2005 4107 martyris

421 4133 585 4193 atque
618 4122 795 4178 levita:
831 4124 965 4178 foris
1016 4138 1201 4178 muros
1258 4123 1418 4192 hujus
1467 4125 1701 4180 civitatis
1751 4126 2003 4183 Romamn

419 4212 549 4268 fecit
596 4213 714 4268 vela
768 4228 833 4268 ex
860 4214 1038 4284 palliis
1075 4215 1265 4272 sericis
1292 4229 1519 4272 numero
1549 4216 1740 4287 viginti
1778 4225 1833 4271 et
1859 4217 1997 4274 linea

420 4305 630 4375 viginti.
1148 4320 1151 4327 '

489 4393 621 4449 Nam
652 4403 706 4450 et
732 4394 789 4449 in
824 4395 1052 4452 ecclesia
1089 4397 1261 4453 beata:
1296 4398 1391 4454 Dei
1417 4398 1707 4455 Geuitricis
1743 4400 1813 4456 ad
1857 4400 1999 4457 Mar-

418 4495 566 4557 tyres
598 4487 759 4541 simili
788 4488 948 4544 modo
978 4487 1106 4543 fecit
1128 4489 1244 4544 vela
1267 4491 1333 4545 de
1358 4491 1534 4560 palliis
1558 4492 1745 4547 sericis
1772 4508 2000 4549 numero

415 4576 606 4645 viginti
627 4584 682 4630 et
709 4576 848 4633 linea
889 4578 1099 4648 viginti.
1130 4580 1260 4634 Item
1294 4580 1433 4636 idem
1462 4582 1835 4639 sanctissimus
1865 4598 2000 4653 pon-

417 4666 548 4721 tifex
579 4665 706 4721 fecit
727 4683 825 4736 per
846 4668 1085 4724 diversos
1122 4669 1307 4725 titulos
1344 4670 1462 4725 vela
1494 4671 1560 4726 de
1597 4674 1868 4728 stauracin
1900 4689 1995 4730 seu

414 4756 575 4828 Tyria
611 4772 710 4827 per
748 4774 1184 4830 unumquemque
1218 4761 1428 4816 titulum
1457 4778 1683 4819 numero
1719 4765 1906 4836 viginti
1936 4775 1992 4821 et

413 4847 555 4903 linea
605 4849 834 4920 viginti:
863 4851 996 4905 fiunt
1042 4852 1200 4906 simul
1243 4852 1361 4907 vela
1399 4853 1571 4909 serica
1612 4871 1834 4911 numero
1859 4872 1991 4928 qua-

411 4946 537 4995 tuor
568 4948 784 4997 centum
809 4948 863 4994 et
889 4942 1263 5012 quadraginta.

482 5031 599 5102 Ipse
625 5047 752 5087 vero
781 5032 1085 5101 prtecipuus
1116 5031 1354 5102 pontifex
1377 5032 1503 5090 fecit
1529 5035 1789 5106 imagines
1809 5052 1872 5091 ex
1904 5038 1987 5094 la-

412 5124 573 5178 minis
607 5124 873 5193 argenteis
913 5124 1183 5179 deauratis
1209 5125 1468 5180 habentes
1490 5123 1718 5196 efﬁgiem
1745 5125 1989 5183 Salvato-

409 5214 489 5269 ris
522 5214 733 5270 Domini
768 5215 937 5268 nostri
961 5213 1087 5270 Jesu
1122 5215 1345 5283 Christi,
1373 5233 1493 5289 quae
1517 5220 1693 5287 posita
1715 5227 1797 5274 est
1825 5236 1988 5290 super

410 5305 631 5361 introitu
675 5305 911 5362 basilicae
938 5308 1083 5362 beati
1113 5307 1259 5363 Petri
1284 5311 1530 5380 apostoli,
1582 5313 1673 5367 ubi
1697 5321 1865 5383 porta:
1899 5331 1985 5369 ar-

477 5474 503 5536 ξ
528 5461 661 5536 (39d.
685 5463 837 5536 Luc.,
870 5481 962 5534 per
989 5464 1184 5519 abolita
1210 5467 1409 5536 viginti.

476 5533 503 5571 δ
552 5532 684 5586 Cod.
710 5532 1048 5602 Luc.,‘quam
1091 5545 1139 5588 ct
1182 5532 1426 5592 car'coras
1454 5540 1619 5608 ipsius
1649 5539 1835 5608 fama:
1867 5557 1982 5595 ma-

443 5616 524 5653 :zu‘
572 5611 679 5653 etc.

403 5617 437 5670 g
479 5680 501 5706 ε
525 5639 661 5721 110d.
685 5669 835 5731 Luc.,
859 5658 1103 5739 martyris
1134 5684 1287 5738 atque
1311 5675 1477 5729 lerin
1502 5694 1639 5745 qum,
1666 5688 1770 5734 etc.

2026 4450 2079 4511 D

2118 3216 2312 3282 hibuit,
2331 3220 2423 3289 qui
2448 3221 2610 3274 etiam
2633 3222 2845 3276 noviter
2862 3238 2981 3278 eam
3006 3227 3283 3281 renovavit
3300 3237 3461 3299 atque
3482 3241 3713 3289 restau-

2117 3309 2276 3375 ravit,
2302 3317 2358 3364 et
2386 3309 2675 3365 confestim
2696 3327 2764 3366 ex
2787 3314 2974 3370 eadem
2998 3314 3171 3371 forma
3194 3334 3347 3390 aqua:
3382 3322 3436 3376 in
3464 3324 3706 3394 praefata

2118 3398 2311 3454 balnea
2355 3401 2517 3455 etiam
2572 3409 2641 3473 et
2669 3403 2817 3458 intus
2873 3405 3147 3463 civitatem
3200 3410 3340 3466 sicut
3392 3416 3709 3486 antiquitus

2112 3489 2448 3545 abundanter
2483 3490 2773 3547 decurrere
2814 3492 2959 3549 fecit.
3016 3495 3185 3566 Hujus
3232 3504 3567 3571 temporibus
3602 3510 3707 3564 de.

2112 3577 2329 3635 functus
2373 3579 2646 3637 Leoninus
2686 3584 2875 3638 consul
2902 3593 2958 3639 et
2994 3585 3123 3650 dux,
3166 3591 3514 3658 postmodum
3561 3611 3704 3653 veno

2109 3673 2427 3738 monachus,
2478 3673 2548 3728 ob
2590 3675 2802 3729 veniam
2845 3691 3065 3731 suorum
3099 3678 3417 3737 delictorum
3444 3692 3559 3741 tres
3584 3704 3701 3743 un-

2108 3761 2223 3817 cias
2256 3777 2452 3818 massa:
2487 3763 2764 3820 Aratiante
2808 3765 3105 3840 [Aricinze],
3133 3785 3239 3840 qua
3265 3788 3332 3827 ex
3372 3774 3703 3834 haereditate

2106 3862 2394 3924 parentum
2437 3871 2659 3911 suorum
2710 3856 3011 3924 fruebatur,
3050 3862 3184 3918 sitas
3209 3867 3278 3920 ab
3309 3866 3411 3923 hac
3442 3868 3699 3929 Romana

2105 3947 2241 4000 urbe
2266 3945 2521 4002 milliario
2553 3948 2919 4006 sextodecimo
2952 3952 3039 4006 via
3065 3953 3379 4023 Ardeatina,
3421 3960 3474 4015 in
3498 3979 3611 4033 quo
3636 3975 3699 4020 et

2103 4035 2389 4125 ecclesiam
2426 4035 2569 4090 beati
2616 4037 2807 4094 Edistii
2839 4057 2959 4098 esse
2993 4044 3346 4115 dignoscitur,
3378 4065 3544 4120 quam
3576 4055 3701 4125 ipse

2101 4124 2445 4180 beatissimus
2478 4140 2612 4197 papa
2643 4144 2852 4201 magna:
2888 4138 3307 4195 constructionis
3347 4138 3573 4200 fabricis
3598 4124 3701 4202 de

2100 4216 2327 4282 coravit,
2360 4217 2744 4291 ampliavitque
2782 4222 2835 4276 in
2877 4226 3094 4280 easdem
3121 4236 3234 4284 tres
3258 4232 3446 4287 uncias
3491 4250 3696 4305 supra-

2099 4306 2315 4375 scriptaa
2365 4322 2560 4364 massa:
2602 4309 2876 4369 Aratiana:
2917 4314 3052 4371 alias
3091 4333 3187 4374 sex
3227 4321 3416 4377 uncias
3456 4340 3488 4378 a
3522 4325 3695 4383 Petro

2103 4396 2335 4462 comite,
2385 4409 2549 4470 atque
2596 4401 2803 4475 Agnete
2845 4404 3032 4462 relicta
3079 4409 3378 4480 Agathonis
3406 4417 3688 4474 scriniarii

2103 4486 2395 4544 Theodatae
2454 4501 2479 4529 ε
2528 4491 2732 4548 relictae
2758 4496 3028 4564 quondam
3057 4498 3323 4556 Dominiei
3358 4504 3689 4572 perfecturii

2101 4577 2491 4654 [praefectorii].
2527 4581 2690 4639 Fines
2727 4586 2891 4641 etiam
2930 4605 2998 4643 ex
3038 4591 3185 4645 omni
3214 4602 3370 4662 parte
3398 4600 3689 4667 conquisi.

2096 4674 2192 4728 vit.
2223 4674 2357 4729 Data
2385 4676 2528 4730 enim
2558 4676 2718 4748 digna
2748 4684 3184 4749 compensatione
3216 4688 3420 4742 nemini
3444 4691 3559 4744 vim
3592 4693 3687 4748 in-

2095 4765 2292 4832 ferens,
2336 4769 2431 4823 sed
2471 4770 2662 4839 magis,
2699 4783 2758 4827 ut
2796 4776 3053 4830 condecet
3080 4781 3240 4847 patri,
3276 4794 3469 4838 cuncta
3515 4801 3686 4844 secus

2093 4860 2338 4914 eumdem
2368 4860 2542 4916 locum
2573 4865 2747 4919 amica
2783 4868 3031 4937 pactione
3057 4872 3189 4926 emit
3212 4875 3433 4942 prmdia.
3473 4876 3549 4932 Et
3582 4879 3685 4935 do-

2090 4951 2439 5007 mumcultam
2486 4954 2646 5010 beato
2687 4956 2847 5013 Petro
2887 4961 3134 5017 eumdem
3183 4963 3359 5020 locum
3397 4965 3527 5036 jure
3550 4985 3681 5039 per-

2088 5049 2250 5110 petuo
2300 5044 2490 5099 statuit
2515 5049 2960 5116 permanendum.
3002 5053 3172 5119 Quem
3219 5065 3275 5110 et
3318 5057 3674 5116 domume-

2087 5142 2199 5186 tam
2258 5135 2432 5189 sancti
2483 5136 2678 5193 Edistii
2746 5151 2941 5197 vocant
2989 5160 3162 5215 usque
3221 5147 3275 5202 in
3342 5150 3672 5208 hodiernum

2085 5226 2248 5281 diem.

2155 5318 2366 5374 Pariter
2404 5322 2567 5376 etiam
2599 5331 2653 5377 et
2684 5339 2861 5380 massa
2893 5342 3015 5397 quo:
3052 5339 3280 5387 vocatur
3318 5333 3582 5389 Acatiana
3614 5332 3666 5402 ί,

2152 5472 2179 5511 ἀ
2207 5472 2340 5526 Cod.
2369 5475 2524 5539 Luc.,
2549 5493 2737 5533 XLVIII.

2159 5554 2182 5579 ο
2213 5543 2345 5597 Cod.
2376 5545 2532 5609 Luc.,
2559 5558 2607 5600 rt
2639 5548 2935 5607 Theodaut.

2161 5613 2177 5650 ί
2209 5614 2340 5667 Cod.
2374 5617 2522 5679 Luc.,
2552 5619 2829 5673 Anniana.
