3962 6166
609 273 746 332 1198

1329 343 1354 364 κ

1941 271 2224 328 ADRIANI
2263 273 2462 329 ΡΑΡᾸΞ
2495 275 2517 329 l

3659 279 3761 338 “96

604 392 824 452 riacum,
854 389 1120 459 quodjam
1142 404 1392 444 casurum
1419 395 1533 443 erat
1561 387 1690 442 etin
1717 387 1888 441 ruinis
1908 387 2163 456 positum,
2197 392 2246 450 Α
2273 391 2600 458 temporibus
2621 396 3010 443 marcescentes
3043 388 3099 442 in
3133 385 3302 443 ruinis
3334 385 3461 443 mole
3485 385 3758 460 defecerant,

603 481 813 535 naviter
860 480 1200 534 restauravit.
1257 478 1432 533 Simili
1478 477 1639 531 modo
1685 484 1740 530 et
1781 475 1996 529 titulum
2030 476 2172 530 beati

603 570 812 640 Cyriaci
840 570 1111 640 martyris,
1135 569 1430 624 Ecelesiam
1454 567 1623 622 sancti
1649 565 1924 621 Laurentii
1950 565 2018 620 ad
2043 565 2175 620 For-

606 675 810 714 mosam
838 659 1043 728 pariter
1064 675 1092 712 a
1117 674 1255 712 novo
1290 657 1635 712 restauravit.

672 750 785 804 lmo
836 759 890 803 et
941 750 1217 804 basilicam
1253 748 1568 812 Salvatoris,
1617 760 1737 816 quae
1769 753 1824 798 et
1861 744 2174 800 Constanti-

603 840 763 892 niana
808 847 1050 904 vocatur,
1072 837 1225 906 juxta
1279 837 1639 890 Lateranense
1684 833 2072 903 patriarchium
2120 833 2174 887 in

602 931 774 985 ruinis
803 931 1056 998 positam,
1086 945 1192 983 una
1223 944 1343 982 cum
1384 925 1799 996 quadriporticis
1845 925 1958 980 suis
1998 924 2177 979 atriis-

605 1033 708 1087 que
728 1059 740 1081 ,
769 1028 821 1073 et
845 1017 1022 1073 fontes
1047 1019 1272 1082 noviter,
1299 1017 1437 1071 sicut
1458 1015 1712 1070 ecclesias
1733 1016 2012 1069 beatorum
2034 1015 2178 1083 prin-

603 1115 782 1178 cipum
810 1107 956 1162 Petri
988 1107 1086 1180 [et]
1113 1107 1283 1169 Pauli,
1325 1104 1622 1168 renovavit,
1652 1104 1704 1156 in
1742 1118 1845 1172 qua
1872 1111 1926 1156 et
1949 1103 2177 1158 mutavit

604 1199 784 1252 trabes
797 1195 1025 1263 majores
1036 1209 1262 1248 numero
1278 1191 1602 1262 quindecim.
1626 1191 1755 1245 Item
1772 1191 1860 1244 hic
1873 1190 2012 1244 idem
2030 1190 2180 1244 almi-

605 1290 739 1342 fieus
779 1287 976 1358 prmsul
1020 1284 1405 1340 monasterium
1442 1281 1612 1337 sancti
1648 1281 1922 1338 Laurentii
1948 1281 2090 1350 quod
2120 1280 2176 1334 in

601 1382 862 1436 Palatinis
902 1393 927 1421 α
979 1381 1031 1434 ἰη
1080 1379 1306 1435 desertis
1354 1378 1553 1446 reperit
1597 1377 1809 1432 noviter
1861 1386 2177 1432 restaurans

602 1482 762 1542 atque
801 1472 854 1526 in
893 1471 1144 1525 omnibus
1175 1469 1371 1530 ditans,
1404 1465 1680 1535 conjunxit
1707 1482 1830 1522 cum
1856 1468 1962 1522 alio
1995 1483 2180 1522 mona-

601 1560 768 1614 sterio
808 1557 962 1626 juxta
1007 1557 1182 1628 ipsum
1226 1556 1424 1625 posito,
1449 1556 1654 1611 scilicet
1688 1557 1860 1611 sancti
1896 1555 2175 1625 Stephani,

605 1652 748 1721 quod
789 1650 1199 1720 cognominatur
1237 1649 1486 1717 Baganda
1517 1648 1570 1710 ιι,
1603 1654 1656 1700 et
1699 1647 1966 1702 ordinavit
1993 1662 2180 1702 mona-

2275 494 2409 548 quas
2455 479 2754 549 praecipuus
2790 478 3017 533 antistes
3056 476 3271 532 fervens
3293 476 3346 531 in
3385 491 3549 533 amore
3583 477 3762 548 Spiritus

2276 571 2448 625 sancti
2475 571 2526 624 in
2552 570 2804 626 omnibus
2843 584 2951 624 una
2973 585 3095 625 cum
3115 568 3408 638 porticibus
3431 583 3592 624 earum
3609 587 3634 624 a
3656 589 3760 629 novo

2275 660 2442 715 nimio
2471 660 2664 715 decore
2702 659 2998 714 renovavit.
3032 659 3240 714 Verum
3285 657 3439 712 etiam
3478 659 3598 712 tituli
3633 665 3758 716 sancti

2276 752 2414 806 Sixti
2442 759 2495 806 et
2534 751 2768 806 basilica:
2811 751 2984 806 sancti
3014 749 3240 804 Adriani
3264 764 3294 804 a
3323 765 3452 804 novo
3482 751 3618 804 simili
3647 754 3757 807 modo

2276 841 2553 894 renovavit
2585 840 2746 904 aedes,
2767 849 2824 894 et
2858 840 3139 895 basilicam
3172 840 3312 894 beati
3338 838 3580 893 Pancratii
3612 849 3757 910 marty-

2277 931 2350 984 ris
2393 932 2558 986 nimia
2579 939 2844 986 vetustate
2872 931 3109 986 dirutam
3130 938 3290 998 atque
3330 929 3485 984 ruinis
3507 942 3754 1000 praeventam

2277 1018 2446 1074 isdem
2481 1020 2747 1075 almilicus
2768 1021 2824 1074 in
2877 1021 3150 1090 integrum
3193 1035 3224 1074 a
3259 1033 3391 1072 novo
3438 1020 3578 1074 nimio
3617 1021 3753 1074 decore

2277 1124 2381 1162 una
2415 1124 2537 1163 cum
2567 1110 2897 1164 monasterio
2943 1109 3120 1164 sancti
3141 1109 3378 1164 Victoris
3407 1108 3573 1162 ibidem
3594 1109 3673 1162 sito
3701 1126 3749 1164 re

2277 1199 2555 1252 stauravit.
2593 1199 2726 1252 Item
2759 1199 3058 1268 praecipuus
3101 1198 3294 1268 praesul
3340 1198 3578 1253 basilicam
3613 1210 3752 1253 sancta

2278 1285 2372 1340 Dei
2401 1285 2692 1342 Genitricis
2716 1288 2784 1342 ad
2809 1285 3078 1356 Praesepe,
3105 1299 3227 1354 quae
3250 1301 3279 1339 a
3307 1285 3480 1354 priscis
3507 1286 3753 1354 temporibus

2277 1383 2389 1430 tota
2413 1385 2744 1440 marcuerat,
2771 1376 2912 1432 ultro
2931 1376 3181 1444 citroque
3215 1375 3527 1437 restauravit,
3551 1383 3597 1427 et
3614 1375 3658 1426 in
3676 1390 3748 1427 sar-

2281 1474 2332 1521 ta
2361 1475 2501 1522 tecta
2524 1465 2766 1535 ejusdem
2792 1466 3036 1522 ecclesiae
3064 1466 3247 1536 posuit
3285 1466 3446 1520 trabes
3482 1463 3666 1533 majores
3701 1465 3749 1517 vi-

2278 1558 2434 1628 ginti.

2355 1649 2528 1704 Simili
2562 1647 2723 1704 modo
2756 1658 2811 1704 et
2836 1647 3121 1704 basilicam
3147 1648 3317 1703 sancti
3363 1646 3545 1702 Eusebii
3584 1645 3748 1711 undiqut

602 1746 754 1808 chos,
786 1751 840 1797 et
869 1740 1150 1796 constituit
1177 1749 1237 1792 ut
1267 1739 1319 1792 in
1354 1738 1510 1791 titulo
1540 1737 1684 1791 beati
1714 1737 1879 1792 Marci
1909 1749 1930 1774 ο
1966 1737 2184 1806 pontifl-
2213 1731 2261 1792 Β
2287 1740 2582 1795 renovavit.
2632 1738 2916 1795 Cameram
2965 1753 3098 1793 vero
3124 1738 3266 1794 beati
3312 1737 3443 1792 Petri
3479 1737 3748 1805 apostolorum

606 1835 684 1888 cis
710 1841 868 1902 atque
895 1829 1220 1885 confessoris
1257 1827 1434 1882 oliicio
1463 1826 1832 1897 fungerentur,
1879 1828 1931 1882 id
1960 1836 2044 1882 est
2067 1842 2183 1882 ma-

605 1926 780 1979 tutina
819 1923 967 1985 hora,
1009 1922 1204 1990 prima,
1235 1921 1392 1974 tertia
1420 1929 1475 1973 et
1497 1929 1668 1986 sexta,
1700 1929 1863 1989 atque
1894 1933 2055 1984 nona,
2086 1934 2180 1974 seu

606 2015 910 2084 vespertina
942 2053 955 2076 ,
988 2011 1281 2083 psallerent
1309 2025 1407 2080 pro
1435 2011 1617 2080 requie
1663 2011 1856 2066 animm
1898 2025 2029 2066 sum.
2077 2010 2183 2066 Sed

605 2114 659 2160 ct
686 2106 739 2159 in
765 2105 1018 2176 prmdicta
1061 2103 1282 2158 basilica
1323 2104 1466 2158 beati
1503 2102 1671 2157 Marci
1703 2100 1832 2157 fecit
1857 2101 1992 2156 alios
2024 2116 2184 2158 arcus

607 2201 892 2264 argenteos
939 2208 1164 2248 numero
1194 2207 1307 2259 sex,
1336 2202 1626 2264 pensantes
1649 2193 1808 2248 simul
1835 2193 2003 2249 libras
2027 2195 2186 2264 quin-

603 2286 857 2354 quaginta
885 2283 1142 2354 quinque,
1171 2284 1478 2354 pariterque
1500 2293 1555 2340 et
1582 2283 1777 2340 calices
1806 2283 2185 2340 ministeriales

603 2392 634 2428 a
669 2373 935 2428 catholica
964 2371 990 2412 ἀ
1015 2374 1369 2443 procedentes
1419 2389 1486 2430 ex
1530 2373 1820 2444 purissimo
1846 2385 1869 2413 ο
1890 2375 2179 2444 reparavit,

604 2473 892 2534 pensantes
919 2463 1086 2519 libras
1113 2479 1302 2519 novem
1330 2473 1386 2519 et
1413 2467 1594 2520 semis.

673 2555 771 2609 llic
789 2555 984 2626 quippe
1005 2569 1277 2624 prcesagus
1303 2555 1385 2608 vir
1405 2555 1752 2612 considerans
1786 2554 1999 2625 plurimi
2017 2569 2184 2624 popu-

606 2647 643 2701 li
687 2645 937 2710 salutem,
989 2661 1149 2715 super
1191 2645 1360 2715 ripam
1419 2644 1654 2702 fluminis
1723 2645 2011 2715 porticum,
2065 2659 2184 2713 quae

612 2736 756 2791 ducit
780 2733 844 2788 ad
867 2736 1082 2789 beatum
1109 2733 1328 2789 Petrum
1363 2735 1660 2804 apostolum
1687 2744 1891 2789 arctam
1931 2743 1986 2788 et
2017 2748 2185 2805 angu-

613 2836 752 2882 stam
765 2827 1104 2890 existentem,
1119 2841 1215 2896 per
1238 2842 1398 2895 quam
1425 2827 1566 2880 viam
1589 2835 1927 2881 transeuntes
1949 2827 2015 2881 ad
2035 2841 2185 2880 emn-

606 2922 726 2976 dem
753 2920 969 2974 beatum
1008 2919 1369 2986 apostolorum
1398 2919 1693 2987 principem
1736 2917 1950 2974 Petrum
2003 2932 2185 2988 perve-

605 3012 844 3076 niebant,
889 3010 1172 3080 plusquam
1208 3008 1491 3064 duodecim
1535 3009 1700 3063 millia
1735 3008 1878 3063 tufos
1903 3009 1958 3062 in
2006 3008 2186 3064 littore

2283 1830 2543 1900 principis
2591 1830 2645 1884 in
2697 1829 2957 1885 omnibus
3016 1829 3350 1884 destructam
3401 1837 3537 1896 atque
3584 1827 3745 1880 dirutam

2282 1922 2528 1991 exemplo
2550 1921 2752 1977 olitano
2787 1919 3114 1990 exsculpens
3141 1919 3364 1974 diversis
3383 1917 3638 1973 coloribusa
3655 1929 3743 1967 novo

2283 2010 2431 2068 fecit.
2468 2011 2740 2068 Porticum
2775 2025 2904 2065 vero
2943 2025 3068 2079 quae
3105 2010 3250 2065 ducit
3293 2010 3357 2064 ad
3387 2009 3566 2063 beatum
3593 2005 3739 2057 Paulum

2284 2103 2584 2174 apostolum
2621 2118 2653 2157 a
2677 2112 2834 2172 porta
2870 2117 2981 2157 una
3030 2116 3156 2157 cum
3195 2101 3411 2157 ecclesia
3462 2099 3601 2154 sancti
3641 2094 3736 2164 Eupli

2283 2209 2453 2264 usque
2473 2195 2540 2248 ad
2563 2194 2876 2264 praedictam
2906 2193 3192 2248 basilicam
3241 2192 3401 2246 sancti
3441 2188 3566 2244 Pauli
3600 2202 3623 2239 a
3653 2199 3735 2239 novo

2282 2287 2625 2341 restauravit.
2665 2285 2778 2340 lmo
2793 2293 2850 2339 et
2882 2285 3152 2354 porticum
3174 2299 3290 2354 qua:
3318 2282 3448 2338 ducit
3495 2280 3550 2334 ad
3575 2285 3732 2333 modum

2284 2377 2631 2432 Laurentium
2660 2375 2793 2432 foris
2820 2391 3042 2432 murum
3075 2391 3106 2430 a
3132 2385 3281 2445 porta
3307 2389 3458 2444 usque
3491 2373 3534 2426 in
3573 2368 3729 2425 eamdem

2283 2469 2559 2523 basilicam
2598 2484 2629 2522 a
2669 2483 2810 2523 novo
2840 2469 3166 2523 construxit.
3197 2467 3293 2522 Hic
3321 2467 3447 2521 idem
3468 2462 3723 2526 almiﬁcuspa-

2283 2568 2365 2614 ter
2399 2559 2645 2613 eamdem
2705 2556 2994 2613 basilicam
3051 2557 3221 2612 sancti
3268 2553 3511 2609 Laurentii
3549 2546 3728 2616 martyris

2283 2649 2372 2704 ubi
2399 2657 2642 2703 sanctum
2655 2661 2851 2717 corpus
2871 2647 2995 2718 ejus
3019 2646 3322 2718 requiescit,
3344 2656 3565 2700 annexam
3583 2635 3726 2693 lusilic!

2284 2740 2492 2811 majori,
2520 2753 2681 2809 quam
2695 2739 2894 2794 dudum
2918 2740 3076 2794 idem
3092 2739 3285 2808 praesul
3303 2740 3634 2794 construxerat,
3643 2729 3725 2784 ultu

2284 2832 2530 2900 citroque
2559 2844 2591 2884 a
2617 2845 2757 2885 novo
2779 2831 3137 2884 restauravit.

2353 2923 2465 2978 lmo
2494 2932 2550 2978 et
2567 2922 2850 2977 ecclesiam
2888 2923 3074 2977 sancti
3113 2920 3356 2991 Stephani
3376 2920 3505 2990 juxta
3528 2928 3598 2969 eas
3619 2910 3728 2964 sitam.

2235 3071 2252 3094 ,
2286 3012 2381 3070 ubi
2408 3027 2604 3081 corpus
2633 3011 2802 3068 sancti
2835 3011 3045 3068 Leonis
3068 3013 3295 3084 episcopi
3318 3020 3369 3067 et
3410 3005 3608 3078 martyris
3635 3000 3728 3094 quic-

605 3104 737 3158 alvei
774 3102 1006 3157 fluminis
1028 3102 1080 3156 in
1113 3100 1472 3156 fundamentis
1495 3115 1700 3170 ponens
1729 3115 1759 3154 a
1785 3099 1901 3156 solo
1923 3115 2092 3169 usque
2113 3100 2180 3154 ad
2209 3073 2254 3134 ο
2284 3101 2406 3167 scit,
2435 3101 2684 3156 similiter
2703 3101 2943 3171 undique
2961 3102 3264 3166 renovavit,
3287 3116 3380 3155 una
3404 3112 3504 3153 cum
3521 3085 3727 3149 (θωωοιετίο

605 3208 874 3249 summum
901 3200 1101 3247 tectum
1141 3190 1293 3244 mine
1329 3190 1708 3260 magnitudinis
1735 3189 2002 3258 porticum
2029 3203 2182 3259 repa-

607 3284 766 3350 ravit,
803 3292 858 3339 et
884 3299 1053 3354 usque
1107 3283 1174 3340 ad
1216 3283 1412 3354 gradus
1455 3283 1598 3338 beati
1642 3281 1788 3337 Petri
1839 3283 2178 3337 restauravit.

608 3375 918 3430 Diaconiam
948 3389 1077 3429 vero
1097 3382 1298 3428 sanctze
1321 3374 1413 3428 Dei
1441 3373 1714 3444 genitricis
1739 3386 2055 3444 semperque
2075 3373 2184 3427 vir-

608 3465 748 3534 ginis
769 3463 948 3519 Maria:
970 3465 1167 3520 scholae
1195 3463 1396 3518 Grtecze
1431 3463 1475 3530 τ,
1497 3479 1616 3533 quae
1642 3463 1937 3534 appellatur
1964 3463 2187 3519 Cosme-

608 3557 722 3624 din,
747 3556 945 3612 dudum
968 3556 1183 3610 brevem
1212 3555 1265 3610 in
1298 3554 1538 3611 aediﬁciis
1559 3554 1879 3610 existentem
1927 3555 2026 3610 sub
2074 3555 2180 3608 rui-

608 3650 692 3704 nis
728 3649 958 3719 positam
988 3648 1313 3703 restauravit
1348 3663 1361 3701 :
1397 3663 1521 3702 nam
1554 3648 1848 3702 maximum
1870 3661 2184 3702 monumen-

609 3749 719 3793 tum
752 3739 818 3794 de
859 3738 1140 3793 Tiburtino
1175 3737 1287 3792 tufo
1330 3751 1492 3808 super
1541 3753 1660 3793 eam
1704 3738 2029 3808 dependens,
2089 3753 2187 3808 per

608 3828 733 3880 anni
773 3827 1035 3881 circulum
1083 3826 1366 3895 plurimam
1397 3827 1792 3882 multitudinem
1841 3829 2019 3898 populi
2059 3844 2182 3884 con-

611 3930 860 3985 gregans,
903 3915 1300 3983 multorumque
1347 3915 1612 3984 lignorum
1657 3924 1857 3970 struem
1897 3916 2189 3972 incendens

610 4005 895 4060 demolitus
913 4013 1018 4070 est,
1051 4003 1316 4073 simulque
1339 4004 1705 4058 collectionem
1748 4003 2001 4059 ruderum
2032 4021 2188 4060 mun-

2281 3193 2452 3247 bcatm
2485 3190 2726 3262 Cyriaca:
2747 3206 2843 3246 seu
2868 3206 3158 3256 ascensum
3199 3194 3326 3263 ejus.
3355 3192 3516 3246 Verum
3552 3183 3664 3238 etiam
3692 3182 3720 3225 σί

2281 3281 2556 3338 basilicam
2580 3279 2900 3346 Jerusalem,
2950 3299 3074 3354 quae
3093 3285 3146 3338 in
3181 3282 3464 3338 Sessoriano
3484 3277 3562 3331 sita
3593 3278 3660 3326 est.
3688 3272 3719 3316 el

2281 3372 2513 3428 olitanas
2557 3370 2673 3440 ejus
2693 3387 2815 3442 quae
2843 3383 3196 3429 marcueraut
3221 3373 3404 3435 trabes,
3430 3365 3606 3422 miriﬁce
3627 3359 3714 3424 ῑιιεπε

2284 3471 2498 3518 mutans
2524 3463 2579 3516 in
2606 3463 2755 3518 omni
2783 3465 3112 3520 restauravit
3135 3473 3299 3534 parte.

2357 3555 2565 3610 Pariter
2592 3563 2648 3610 et
2673 3556 2934 3626 templum
2988 3559 3341 3628 apostolorum
3367 3551 3488 3623 quod

2286 3646 2540 3700 Eudoxize
2567 3646 2635 3700 ad
2663 3647 2909 3712 Vincula,
2958 3657 3122 3704 totam
3149 3649 3260 3718 ejus
3300 3661 3328 3700 a
3365 3657 3481 3698 novo
3508 3629 3712 3690 restanta?“

2285 3736 2587 3794 ecclesiam.
2617 3736 2729 3791 lmo
2750 3744 2805 3792 et
2826 3739 3108 3794 basilicam
3135 3745 3324 3793 sancta
3344 3732 3518 3787 Rufina:
3530 3733 3571 3786 et
3590 3719 3711 3773 θείων

2287 3828 2388 3889 dte,
2419 3841 2538 3896 qua:
2566 3826 2787 3895 ponitur
2829 3826 2884 3881 in
2927 3827 3196 3897 episcopio
3237 3823 3382 3879 Silva:
3422 3811 3710 3896 Candidati?

2288 3916 2486 3970 olitana
2534 3925 2803 3972 vetustate
2857 3927 3182 3981 marenerat,
3227 3929 3322 3969 una
3365 3923 3470 3966 cum
3505 3897 3708 3980 δενίίθω

2291 4019 2505 4061 summo
2531 4006 2710 4062 studio
2737 4008 3039 4073 renovavit,
3057 4006 3296 4061 videlicet
3315 4011 3363 4055 et
3380 3993 3595 4053 basilicam
3626 3982 3707 4036 ita"

613 4097 768 4162 dans,
808 4111 837 4150 a
868 4095 1231 4150 fundamentis
1260 4095 1551 4159 aedificans,
1602 4097 2022 4165 prtedictamqua
2049 4099 2204 4154 basia
2293 4096 2435 4152 Petri
2462 4097 2865 4166 apostolisitam
2887 4099 2974 4152 via
2997 4098 3164 4168 Appia
3191 4097 3242 4150 in
3267 4092 3412 4148 Silioe
3429 4086 3538 4142 ultra

611 4187 771 4241 licam
801 4186 946 4240 ultro
971 4185 1214 4255 citroque
1236 4185 1472 4255 spatiose
1499 4185 1733 4253 largans,
1777 4194 1992 4256 tresque
2043 4189 2189 4244 absi-

611 4277 709 4332 das
756 4277 810 4332 in
865 4290 928 4331 ea
945 4275 1308 4339 constituens,
1353 4276 1656 4346 pnccipuus
1703 4277 1954 4344 antistes,
2008 4293 2190 4334 veram

611 4368 900 4424 Cosmedin
927 4367 1313 4438 amplissimam
1339 4382 1370 4422 a
1396 4382 1534 4423 novo
1560 4368 1846 4436 reparavit.
1874 4367 2187 4439 Pariterquc

611 4473 663 4518 et
687 4461 897 4516 titulum
925 4459 1067 4516 beati
1089 4459 1364 4515 Laurentii
1390 4461 1644 4531 martyris
1681 4475 1843 4530 quam
1874 4460 2090 4515 Lucina:
2109 4461 2188 4516 di-

612 4565 757 4619 cunt,
784 4570 880 4610 seu
901 4553 1184 4609 ecclesiam
1207 4554 1350 4608 beati
1380 4552 1591 4608 Martini
1619 4553 1776 4607 sitam
1793 4553 1946 4622 juxta
1977 4553 2188 4608 titulum

613 4645 782 4699 sancti
811 4643 1076 4708 Silvestri,
1104 4641 1368 4711 simulque
1416 4651 1469 4695 et
1489 4641 1767 4696 basilicam
1805 4641 1946 4696 beati
1978 4641 2189 4712 Agapiti

615 4734 868 4805 martyris
903 4733 1033 4790 foris
1067 4749 1249 4787 muros
1267 4731 1421 4799 juxta
1439 4740 1684 4787 sanctum
1707 4731 2062 4786 Laurentium
2090 4746 2189 4800 po—

614 4825 772 4879 sitam
810 4823 1099 4893 reparavit,
1132 4825 1157 4862 8
1181 4821 1323 4894 [qum
1367 4820 1596 4891 praefatae
1629 4822 1870 4876 ecclesiae
1907 4836 1937 4875 a
1994 4821 2188 4890 priscis

692 5053 715 5080 ει
743 5040 873 5094 (20d.
907 5039 1060 5102 Luc.,
1097 5039 1234 5102 quod
1265 5057 1296 5092 a
1328 5037 1608 5093 Palatinis.

691 5110 718 5149 δ
745 5111 874 5164 (10d.
907 5108 1060 5174 Luc.,
1109 5108 1379 5178 Vaganda.

691 5191 711 5217 τ
740 5179 869 5235 Cod.
899 5179 1056 5242 Luc.,
1086 5189 1140 5231 ut
1164 5181 1218 5231 in
1241 5179 1500 5232 territorio
1526 5179 1659 5234 beati
1682 5179 1870 5234 Marci.

692 5249 719 5288 ά
743 5249 876 5304 Cod.
902 5249 1056 5313 Luc.,
1083 5250 1138 5303 in
1158 5248 1432 5302 catholica.

698 5331 720 5358 θ
745 5319 876 5374 Cod.
905 5319 1058 5381 Luc.,
1091 5335 1219 5370 auro
1240 5319 1536 5386 purissimo.

700 5388 719 5426 ί
746 5389 801 5441 In
822 5390 941 5442 cod.
969 5389 1119 5450 Luc.,
1145 5387 1335 5440 scholar
1363 5387 1559 5442 ercw
1581 5389 1746 5444 deest.

697 5460 722 5498 ⁸
748 5458 948 5511 Desunt
991 5459 1043 5510 in
1076 5457 1267 5528 codice,
1298 5456 1525 5528 Luceusi
1571 5475 1690 5528 quae
1721 5460 1872 5512 uncis
1914 5458 2191 5513 includun-

627 5535 746 5579 tur:
774 5528 857 5581 his
888 5542 1014 5583 vero
1043 5527 1382 5594 paucissimis
1403 5527 1707 5584 coarctatur
1728 5529 1968 5584 narratio
2000 5547 2011 5581 :
2047 5528 2189 5582 Fecit

623 5606 796 5650 autem
836 5599 941 5665 ipse
966 5598 1196 5666 pontifex
1229 5615 1259 5650 a
1287 5613 1414 5650 nouo
1455 5600 1724 5653 ecclesiam
1752 5601 1919 5654 sancti
1969 5599 2190 5653 Adriani

617 5675 670 5720 et
698 5666 988 5733 Laurentii,
1011 5681 1129 5736 qua:
1151 5666 1324 5720 diruta
1358 5679 1469 5720 erat
1503 5670 1556 5723 in
1594 5680 1773 5740 crypta
1811 5668 2074 5724 caenaculo
2097 5685 2191 5724 sa:-

2293 4156 2555 4243 1‘liomaiu
2581 4189 2881 4259 apostolum
2917 4205 3025 4246 non
3045 4156 3228 4258 procul
3253 4199 3281 4238 a
3305 4177 3545 4236 tricesimo,

2295 4283 2438 4337 tione
2459 4283 2733 4351 ruinisque
2753 4293 3084 4351 praeventam
3118 4292 3292 4334 anovo
3318 4287 3409 4329 una
3421 4280 3521 4324 cum

2295 4374 2374 4428 rio
2410 4381 2720 4428 restaurans
2774 4372 2915 4428 mole
2967 4367 3332 4442 magnitudinis
3362 4357 3589 4442 decofa‘"_L

2361 4464 2569 4519 Pariter
2592 4473 2646 4519 et
2666 4463 2943 4518 basilicam
2969 4434 3267 4518 sanctorum
3285 4454 3466 4509 005m
3491 4450 3533 4498 θί

2290 4516 2453 4610 sim};
2469 4516 2533 4610 iii
2544 4516 2952 4615 ratam,
2979 4516 3109 4622 quia
3133 4547 3286 4604 nimia
3311 4542 3531 4597 vetustate
3551 4516 3705 4622 είιιξίξίξῗ

2292 4649 2470 4702 trabes
2499 4646 2615 4715 ejus
2649 4612 3045 4701 marcescentes
3073 4639 3376 4698 defecerant.
3416 4645 3441 4683 ³
3466 4633 3573 4716 Ρονίξ

2291 4705 2636 4792 restauravit.
2679 4736 2745 4790 Et
2768 4735 3053 4790 ecclesiam
3092 4728 3227 4786 beati
3244 4720 3440 4781 Joannis
3462 4705 3641 4778 Βαριίεεε
3663 4705 3700 4741 θ’

2292 4835 2398 4880 tam
2421 4827 2572 4895 iuxta
2597 4836 2804 4897 portam
2831 4825 3074 4880 Latinam
3109 4819 3272 4876 ruinis
3297 4813 3566 4885 prtevenum
3587 4792 3698 4848 il”

2291 5045 2493 5128 ςιέζαιςιςι
2523 5086 2537 5110 ,
2587 5042 2897 5126 et_donnria
2921 5044 2990 5096 ibi
3017 5039 3195 5128 gbtu’it

2294 5089 2492 5127 ”’ἶ“”.’“
2523 5089 2537 5110 ’
2588 5089 2897 5126 "."‘."""‘"
2923 5089 2988 5096 "'
3021 5089 3134 5096 "‘"
3163 5089 3189 5091 “
3278 5106 3287 5116 .
3439 5097 3444 5104 ι
3575 5089 3696 5128 θυμω

2294 5114 2395 5168 Ηιο
2419 5117 2554 5196 me!"
2577 5130 2798 5200 ςπυηηιε
2821 5113 3153 5200 causata":
3162 5109 3292 5200 ‘1?sz
3310 5101 3352 5200 ζ’
3347 5089 3651 5200 ἒῖίττῖνΐὲυιάο
3665 5131 3696 5180 in

2292 5202 2430 5266 cum.
2456 5185 2686 5271 ejusdem
2725 5168 3061 5271 εόῃῒεέςξοηὶτς
3087 5177 3292 5271 ⁸ζον-ἥκω
3312 5175 3495 5271 eing

2290 5237 3696 5336 evaderem.bitiae“miriﬁce'12"‘1§3!€.’ff;i'§;i;231

2293 5323 2537 5398 ti‘eciLin
2580 5307 2692 5394 ipsa
2712 5307 2935 5398 ’ςεειςεξξςι
2961 5307 3407 5398 ραιεάεηιέἾἭ
3429 5307 3694 5398 Εἰτξρξῖἓῗυὶἇε

2291 5394 2388 5448 lice
2513 5371 2659 5464 petis.
2685 5392 2842 5446 simul
2865 5371 3064 5483 (£17.35.
3095 5371 3693 5483 Regiguﬁf"ﬁ,;"jiiigiiik

2291 5443 2350 5518 iii
2363 5443 2933 5543 ἱιιὶὲῦεἵέιῖἶιέιξιρἑνεᾱ,
2947 5470 2993 5513 ει
3009 5458 3142 5543 άοίια
3161 5448 3344 5543 ςειειρ,
3361 5443 3692 5543 πεπτω

2293 5505 3049 5603 ἓιᾏὲξᾝᾶὲὲἑὶηὲῗῖὖὲὶξὲἶέιιεω
3079 5521 3324 5580 basilicam
3361 5505 3542 5564 meum

2293 5604 2578 5670 Anastasii,
2611 5611 2718 5658 etc.
