3962 6166
145 313 298 369 “9'7

1699 290 1878 350 V'lTA.

3270 279 3292 340 i
3309 287 3403 345 I93

140 425 316 480 nibus
353 435 383 474 a
419 433 556 474 novo
583 413 878 473 renovavit.
920 418 1118 471 Verum
1160 414 1322 469 etiam
1352 420 1408 466 et
1439 406 1724 466 ecclesiam
1751 405 1805 464 Α
1827 400 2002 456 sancti
2037 397 2314 454 Saturnini
2342 412 2396 454 m
2426 398 2683 468 prmdicta
2704 399 2791 452 via
2819 399 3026 454 Salaria
3048 399 3280 468 positam
3301 417 3406 458 una

141 509 514 582 apostolorum
557 505 690 562 loris
735 514 945 575 portam
981 504 1205 572 Appiam
1258 497 1510 555 milliario
1564 495 1724 549 tertio

141 599 344 655 inloco
367 597 461 665 qui
492 595 790 664 appellatur
827 593 1203 655 Catacnmbas,
1232 588 1325 644 ubi
1357 600 1554 656 corpus
1578 584 1724 640 beati

139 687 457 745 Sebastiani
507 686 760 756 martyris
802 700 925 739 cum
981 683 1102 738 aliis
1148 679 1398 752 quiescit,
1437 679 1493 733 in
1552 676 1725 731 ruinis

136 785 480 849 praeventam
503 790 533 828 a
561 790 704 830 novo
727 773 1068 829 restauravit.
1119 771 1232 826 lmo
1259 779 1316 826 et
1359 769 1574 824 titulum
1620 765 1725 820 Pu-

141 867 350 931 dentis,
402 865 455 920 id
498 872 584 920 est
623 864 908 919 ecclesiam
934 870 1134 917 sancta:
1169 860 1500 915 Potentiam:
1536 858 1592 912 in
1614 857 1726 910 rui-

143 957 237 1011 nis
262 955 500 1024 positam
521 952 731 1007 noviter
753 951 1020 1021 reparavit
1034 966 1052 1015 ;
1066 950 1162 1005 sed
1173 957 1228 1003 et
1245 947 1528 1003 basilicam
1550 944 1724 1000 sancti

143 1045 424 1101 Theodori
474 1044 635 1098 sitam
679 1043 817 1097 intra
863 1041 1040 1096 velum
1062 1038 1218 1108 juxta
1259 1040 1476 1094 domum
1523 1035 1723 1090 cultam

147 1135 513 1203 Sulpitianam
539 1172 554 1196 ,
587 1145 688 1186 nec
713 1145 821 1186 non
847 1138 904 1185 et
928 1130 1208 1184 basilicam
1232 1127 1405 1184 sancti
1446 1125 1590 1181 Petri
1629 1140 1728 1194 po~

145 1225 319 1278 sitam
371 1223 426 1276 in
471 1221 646 1276 Massa
675 1221 968 1285 Merulana,
994 1235 1091 1290 per
1119 1220 1320 1275 olitana
1360 1219 1566 1274 dirutas
1589 1225 1726 1270 tem-

145 1329 288 1383 pora
328 1327 358 1366 a
389 1312 505 1367 solo
551 1311 847 1366 renovavit.
895 1310 1068 1379 ilujus
1111 1310 1342 1378 denique
1390 1309 1726 1378 temporibus

146 1404 442 1460 defunctus
466 1401 727 1461 Mastalus
762 1402 1106 1471 primicerius
1153 1403 1371 1472 reliquit
1409 1417 1508 1471 pro
1546 1402 1725 1456 anima

147 1495 326 1550 suain
344 1501 609 1565 potestate
632 1493 874 1563 prmdicti
897 1493 1170 1563 pontiﬁcis
1187 1493 1513 1562 pauperibus
1523 1492 1725 1548 Christi

147 1586 222 1641 de
258 1599 355 1641 sua
382 1585 600 1654 propria
624 1584 936 1639 haereditate
962 1583 1174 1654 erogari
1218 1598 1233 1638 :
1265 1598 1434 1652 quare
1458 1599 1568 1639 uno
1591 1598 1727 1639 con-

150 1695 319 1736 sensu
359 1680 597 1736 hatredes
636 1678 882 1748 praedicti
919 1676 1124 1733 Mastali
1166 1675 1428 1730 dederunt
1451 1683 1613 1743 atque
1640 1689 1728 1729 ve-

1830 506 1953 545 cum
1989 489 2305 546 cmmeterio
2337 497 2650 543 sanctorum
2691 487 3014 559 Chrysantlii
3044 499 3098 546 et
3122 490 3296 544 Duriae
3322 507 3410 546 rc-

1829 584 2048 638 novavit
2073 622 2088 647 ,
2119 591 2281 652 atque
2303 581 2671 637 coemeterium
2705 591 2907 637 sanctae
2933 582 3149 637 llilariae
3185 583 3409 638 innova—

1831 675 1925 729 vit.
1951 674 2064 729 [mo
2086 681 2142 728 et
2161 672 2530 728 cmmeterium
2557 669 2916 727 Jordanorum
2941 714 2957 737 ,
2989 673 3240 729 videlicet
3282 689 3407 728 san-

1831 773 2041 821 ctorum
2075 763 2387 829 Alexandri,
2413 769 2467 817 et
2492 763 2706 828 Vitalis,
2725 772 2780 819 et
2801 764 3060 818 Martialis
3085 773 3406 834 martyrum,

1831 870 1926 909 seu
1957 861 2267 909 sanctarum
2305 862 2510 924 septem
2537 853 2806 924 virginum
2832 869 2864 909 a
2892 869 3033 910 novo
3061 856 3405 912 restauravit.

1830 943 2042 999 Pariter
2094 944 2148 998 in
2193 944 2384 1000 eadem
2427 943 2516 998 via
2558 940 2766 998 Salaria
2815 945 3184 1000 cmmeterium
3235 945 3408 1000 sancti

1834 1034 2080 1090 Silvestri
2128 1034 2456 1090 confessoris
2505 1044 2667 1104 atque
2713 1036 2984 1106 pontiﬁcis
3009 1076 3025 1100 ,
3073 1036 3412 1106 aliorumque

1832 1136 2144 1184 sanctorum
2195 1128 2490 1183 multorum
2516 1169 2532 1194 ,
2564 1129 2621 1182 in
2645 1129 2815 1190 ruinis
2840 1129 3080 1198 positum
3106 1129 3406 1194 renovavit,

1833 1233 1934 1274 nec
1984 1234 2090 1274 non
2142 1228 2196 1274 et
2232 1219 2516 1275 ecclesiam
2563 1219 2736 1274 sancti
2773 1219 2968 1274 Felicis
3006 1220 3234 1288 positam
3278 1220 3410 1275 foris

1832 1317 2045 1379 portam
2088 1309 2440 1365 Portuensem
2475 1325 2508 1364 a
2556 1325 2696 1364 novo
2732 1311 3074 1364 restauravit.
3133 1310 3414 1381 Simulque

1834 1412 1889 1458 ct
1930 1403 2211 1458 basilicam
2261 1409 2572 1458 sanctorum
2617 1401 2808 1457 Abdon
2838 1411 2892 1457 et
2941 1401 3154 1458 Sennen
3181 1444 3196 1469 ,
3251 1414 3412 1475 atque

1835 1493 2006 1546 beata:
2031 1490 2302 1557 Candida,
2330 1506 2436 1545 una
2456 1506 2578 1545 cum
2593 1492 2804 1546 caeteris
2831 1500 3138 1547 sanctorum
3158 1502 3414 1549 cmmete-

1836 1583 1934 1638 riis
1980 1584 2036 1636 in
2082 1582 2313 1652 idipsum
2354 1582 2560 1652 pariter
2625 1583 2923 1637 renovavit.
2972 1584 3115 1638 Idem
3167 1585 3414 1655 egregius

1835 1672 2032 1742 prmsul
2055 1671 2310 1743 praefatus
2333 1671 2612 1727 basilicam
2642 1672 2850 1727 scilicet
2867 1673 3010 1728 beati
3032 1672 3256 1728 Adriani
3277 1690 3416 1728 mar-

154 1770 538 1825 nundaverunt
554 1769 726 1823 eidem
756 1782 950 1838 magno
969 1765 1190 1837 praesuli
1218 1781 1341 1820 cum
1363 1763 1542 1819 fundis
1570 1773 1731 1832 atque
1761 1757 1804 1816 8
1837 1761 2002 1832 tyris,
2032 1769 2088 1817 et
2131 1770 2443 1817 sanctorum
2467 1761 2680 1817 Cosmao
2701 1770 2756 1818 et
2780 1763 3045 1828 Damiani,
3080 1779 3111 1817 a
3138 1780 3277 1819 novo
3327 1780 3413 1818 re

153 1859 430 1916 casalibus
456 1858 700 1915 ecclesiae
727 1857 898 1913 sancti
926 1855 1112 1911 Leucii
1152 1854 1454 1924 portionem
1479 1853 1560 1908 eis
1586 1866 1734 1907 com-

152 1955 435 2018 petentem
474 1946 710 2016 positam
747 1945 836 1999 via
880 1942 1146 1999 Flaminia
1189 1940 1461 1996 milliariis
1513 1940 1580 1994 ab
1602 1939 1737 1993 urbe

151 2040 333 2095 Roma
361 2038 484 2107 plus
528 2037 710 2092 minus
736 2034 995 2104 quinque,
1026 2041 1082 2088 et
1121 2033 1176 2088 in
1202 2047 1334 2087 auro
1360 2029 1559 2086 solidos
1582 2045 1736 2084 man-

154 2145 322 2187 cnsos
341 2143 567 2184 numero
596 2128 872 2184 ducentos.
898 2125 1139 2192 Quorum
1169 2132 1226 2179 et
1267 2122 1596 2194 provinciam
1622 2120 1738 2190 jam

157 2220 257 2274 fati
283 2218 492 2274 Mastali
519 2216 761 2272 heredes
801 2215 1019 2271 Christo
1069 2213 1350 2269 dederunt.
1399 2210 1584 2266 Portio
1609 2225 1740 2280 vero

156 2309 410 2381 Gregorii
434 2306 790 2364 secundicerii
812 2320 975 2375 quam
997 2305 1053 2358 in
1072 2301 1454 2372 suprascriptis
1472 2299 1740 2354 casalibus

159 2402 339 2458 sancti
365 2401 549 2456 Leucii
573 2401 772 2455 habere
800 2397 1234 2468 dignoscebatur,
1261 2409 1358 2464 pro
1384 2390 1740 2448 secundicerii

161 2496 376 2550 honore
394 2493 569 2549 eidem
594 2491 738 2546 almo
760 2489 978 2560 ιιι-πευιὶ
1006 2489 1076 2542 ab
1097 2487 1286 2542 eodem
1327 2482 1590 2554 Gregorio
1612 2496 1741 2536 con-

164 2600 322 2642 cessa
340 2593 444 2648 est,
467 2591 523 2638 et
543 2583 668 2638 dum
696 2582 811 2650 ipsa
836 2579 1007 2635 sancti
1028 2578 1213 2634 Leucii
1238 2576 1466 2633 ecclesia
1485 2575 1543 2630 in
1568 2573 1742 2628 ruinis

164 2677 384 2733 eximiis
408 2683 566 2744 atque
587 2673 839 2742 vepribus
857 2669 1262 2738 circumvallata
1282 2667 1532 2738 perisset,
1551 2681 1582 2719 a
1602 2679 1743 2720 novo

163 2784 290 2824 eam
319 2775 629 2824 restaurans
655 2764 806 2819 mira:
847 2761 1233 2831 magnitudinis
1260 2757 1617 2814 domocultam
1643 2755 1745 2812 ibi-

166 2860 298 2915 dem
339 2859 496 2912 beato
525 2856 684 2910 Petro
711 2853 967 2909 nutritori
994 2867 1092 2908 suo
1119 2849 1423 2913 aediﬁcavit,
1452 2854 1510 2902 et
1535 2847 1590 2901 in
1617 2860 1742 2915 per-

166 2959 402 3023 petuom
425 2946 712 3012 euocauit,
757 2952 814 3000 et
855 2943 1002 2999 eain
1051 2941 1185 2996 lines
1225 2938 1501 3008 ampliavit
1525 2945 1636 2992 tam
1676 2950 1747 2991 ex

165 3040 485 3098 haereditate
536 3037 814 3093 Paschalis
865 3047 1135 3104 quamque
1198 3047 1264 3088 ex
1325 3029 1748 3085 commutatione

1835 1853 2100 1907 stauravit
2126 1892 2142 1919 ,
2189 1853 2467 1909 diaconias
2497 1855 2801 1920 constituit,
2833 1854 2888 1909 in
2935 1856 3130 1926 quibus
3169 1865 3224 1912 et
3248 1857 3416 1912 multa

1835 1942 1975 1998 bona
1996 1942 2126 1999 fecit
2145 1958 2242 2012 per
2263 1959 2418 1999 suam
2443 1946 2826 2015 sempiternam
2853 1947 3190 2012 memoriam,
3217 1963 3413 2003 conce-

1836 2035 1969 2088 dens
1995 2034 2075 2089 eis
2101 2050 2279 2105 agros,
2327 2035 2548 2101 vineas,
2577 2037 2776 2092 oliveta
2794 2077 2812 2101 ,
2835 2052 3055 2104 servos,
3087 2039 3330 2105 ancillas,
3363 2049 3420 2096 et

1835 2125 2047 2194 peculia
2079 2125 2294 2182 diversa
2324 2135 2489 2195 atque
2516 2143 2605 2182 res
2628 2128 2878 2193 mobiles,
2903 2136 2967 2182 ut
2988 2129 3056 2184 de
3101 2130 3278 2186 reditu
3325 2147 3420 2187 eo-

1837 2232 1958 2272 rum
1986 2217 2195 2272 crebris
2227 2217 2602 2273 exactionibus
2626 2219 2884 2274 diaconiae
2906 2220 3250 2289 proﬁcientes
3285 2237 3421 2292 pau-

1836 2321 1992 2375 peres
2015 2307 2217 2362 Christi
2242 2308 2614 2362 reﬁcerentur.

1908 2399 1966 2452 ln
1993 2397 2219 2466 praefata
2245 2412 2376 2452 vero
2399 2398 2647 2452 diaconia
2687 2399 2862 2454 sancti
2889 2396 3111 2454 Adriani
3139 2399 3334 2455 obtulit
3362 2400 3419 2456 in

1839 2497 2094 2560 argenteo
2119 2490 2355 2544 canistra
2396 2489 2700 2556 duodecim,
2733 2506 2912 2546 amam
2939 2507 3100 2547 unam
3118 2534 3134 2558 ,
3160 2494 3422 2564 scyphum

1838 2596 2026 2645 unum,
2055 2587 2307 2650 patenam
2336 2595 2498 2636 unam
2517 2620 2532 2645 ,
2586 2581 2810 2636 calicem
2855 2597 3044 2647 unum,
3079 2584 3314 2639 amulam
3339 2584 3423 2640 of-

1839 2671 2118 2726 fertoriam
2171 2685 2335 2724 unam
2359 2711 2374 2734 ,
2437 2680 2726 2740 pensantes
2796 2672 2964 2728 libras
3033 2675 3312 2744 sexaginta
3365 2683 3424 2732 et

1841 2772 2068 2833 septem.
2121 2764 2255 2819 Item
2300 2779 2399 2835 per
2428 2764 2593 2820 nimis
2620 2765 2874 2820 solertem
2902 2781 3091 2821 curam
3131 2775 3293 2836 atque
3338 2768 3414 2823 ln-

1841 2854 2104 2912 dustriam
2127 2872 2282 2926 aqua:
2305 2858 2500 2914 ductus
2535 2856 2844 2914 Sabbatina:
2877 2872 2906 2912 a
2950 2873 3089 2913 novo
3120 2858 3362 2914 formatae
3389 2875 3423 2915 a

1842 2947 2192 3005 ﬁmdamento
2215 2951 2488 3006 aediﬁcans
2505 2990 2522 3016 ,
2553 2950 2753 3006 fautori
2794 2966 2894 3007 suo
2916 2953 3075 3006 beato
3105 2950 3265 3007 Petro
3290 2967 3426 3022 apo-

1845 3039 1984 3095 stolo
2012 3039 2267 3096 ﬂuentem
2291 3057 2488 3112 aquam
2519 3043 2788 3112 perduxit,
2818 3051 2926 3097 tam
2952 3043 3007 3097 in
3038 3041 3240 3099 fontem
3283 3045 3430 3102 basi-

165 3086 485 3190 ἰξξῶἓζιῖξ
499 3086 1142 3200 quiamagis.
1183 3086 1406 3178 Joannis
1447 3119 1528 3190 pri
1536 3117 1742 3174 micerii
1769 3086 1824 3154 ο
1844 3086 1982 3184 Ii};
2006 3086 2267 3199 ,ῖιῖἶρζῖ
2281 3086 2926 3202 ξζιζίῌῖιῖίζξιζίιζξιῖἶ
2941 3086 3428 3200 ἀξιεζξῇζιῖῆιῖέ,

168 3223 256 3278 vel
298 3221 634 3279 diverson
677 3218 918 3272 iocorum
963 3213 1126 3269 facta.
1165 3212 1266 3268 Hic
1289 3209 1420 3266 fecit
1444 3211 1503 3264 in
1521 3207 1745 3264 basilica

166 3313 342 3368 beatae
365 3307 668 3364 Petronilla:
693 3307 759 3361 ad
781 3306 1000 3361 beatum
1019 3303 1242 3358 Petrum
1265 3300 1568 3371 apostolum
1584 3312 1746 3354 arcus

170 3409 462 3474 argenteos
490 3415 586 3456 sex
619 3406 908 3468 pensantes
951 3397 1118 3452 libras
1151 3393 1558 3464 quinquaginta.
1594 3390 1746 3444 Titu-

174 3497 287 3550 lum
313 3509 442 3548 vero
475 3499 674 3547 sanctae
700 3489 958 3545 Praxedis
987 3503 1051 3543 ex
1092 3496 1246 3557 parte
1274 3493 1520 3541 ruentem
1568 3482 1624 3536 in
1664 3480 1746 3535 in-

175 3595 386 3655 tegrum
412 3583 710 3640 renovavit.
737 3582 850 3637 lmo
874 3589 929 3637 et
964 3580 1242 3636 basilicam
1263 3584 1463 3634 sancta:
1496 3572 1748 3644 Eugeniae

175 3684 290 3729 tam
325 3674 472 3728 intus
495 3686 766 3742 quamque
793 3669 927 3725 foris
946 3684 978 3724 a
999 3683 1140 3724 novo
1166 3665 1506 3722 restauravit.

247 3763 426 3819 Simili
461 3763 621 3818 modo
654 3770 708 3817 et
749 3760 1028 3816 basilicam
1063 3757 1238 3813 sancti
1277 3754 1536 3811 Gordiani
1587 3761 1750 3821 atque

177 3854 457 3926 Epimachi
479 3894 495 3921 ,
536 3868 631 3910 seu
663 3851 1031 3909 cmmeterium
1071 3848 1309 3917 ejusdem
1337 3845 1578 3902 ecclesiae
1611 3843 1752 3899 Sim—

176 3946 328 4016 plicii
365 3952 527 4013 atque
555 3943 727 3998 sancti
750 3939 1046 4002 .Emiliani,
1080 3946 1243 4007 atque
1267 3935 1459 4002 Quarti
1480 3942 1537 3989 et
1566 3932 1751 4001 Quinti

176 4044 478 4107 martyrum
507 4074 522 4099 ,
572 4041 626 4089 et
673 4033 844 4088 beatae
892 4028 1125 4098 Sophiae,
1159 4041 1265 4081 una
1293 4041 1419 4081 cum
1441 4023 1752 4080 cmmeterio

177 4127 356 4184 sancti
392 4123 706 4180 Tertulliani
738 4120 871 4177 foris
915 4129 1122 4191 portam
1148 4119 1396 4174 Latinam
1434 4132 1468 4172 a
1504 4131 1644 4173 novo
1669 4131 1754 4171 re-

176 4215 421 4281 novavit,
449 4229 552 4269 nec
575 4229 683 4269 non
708 4222 763 4268 et
785 4211 1067 4268 ecclesiam
1088 4210 1234 4266 beati
1261 4209 1492 4265 Tiburtii
1514 4217 1568 4265 et
1597 4207 1754 4264 Vale-

181 4307 340 4370 riani,
376 4313 537 4374 atque
564 4302 820 4368 Maximi,
848 4317 944 4357 seu
985 4300 1264 4356 basilicam
1288 4299 1462 4356 sancti
1497 4297 1750 4361 Zenonis,

1843 3215 2083 3286 ejusdem
2109 3219 2346 3276 basilica:
2366 3229 2424 3276 et
2447 3221 2608 3276 simul
2650 3222 2706 3275 in
2745 3222 2997 3277 balneum
3021 3222 3310 3279 utilitatem
3331 3239 3426 3293 pe-

1845 3311 2186 3381 regrinorum
2211 3312 2412 3368 ibidem
2458 3312 2808 3368 servientium
2855 3327 3173 3382 procurans.
3217 3315 3331 3371 lmo
3370 3325 3429 3372 et

1844 3399 2125 3455 basilicam
2161 3401 2337 3456 sancti
2382 3400 2674 3457 Secundini
2700 3401 2932 3471 positam
2970 3403 3026 3456 in
3051 3405 3185 3460 urbe
3212 3404 3429 3461 Praene-

1846 3489 2010 3553 stina,
2041 3490 2136 3545 ubi
2162 3505 2360 3560 corpus
2385 3490 2503 3561 ejus
2531 3491 2780 3561 quiescit,
2827 3493 2883 3546 in
2924 3493 3096 3548 ruinis
3130 3495 3363 3566 positam
3393 3512 3426 3552 a

1847 3598 1989 3640 novo
2019 3585 2365 3639 restauravit.

1918 3676 2130 3732 Pariter
2149 3677 2398 3732 etiam-et
2436 3678 2491 3732 in
2528 3677 2751 3734 basilica
2799 3680 2942 3735 beati
2973 3681 3131 3749 primi
3173 3682 3428 3752 martyris

1849 3767 2110 3835 Stephani
2139 3767 2243 3822 sita
2264 3767 2318 3821 in
2348 3765 2519 3823 Coelio
2545 3775 2749 3834 monte,
2794 3783 2915 3838 qua:
2934 3784 3031 3838 per
3064 3769 3270 3824 olitana
3298 3779 3431 3824 tem-

1849 3869 1982 3926 pora
2003 3863 2367 3922 marcuerant,
2397 3857 2661 3912 maxims
2686 3857 2741 3912 in
2766 3871 2832 3913 ea
2860 3859 3040 3914 trabes
3069 3868 3220 3917 vasta
3253 3859 3428 3925 mole,

1849 3946 1982 4016 quin
2001 3946 2167 4002 etiam
2196 3947 2439 4016 porticus
2463 3947 2693 4002 miriﬁce
2729 3947 3054 4004 intrinsecus
3079 3957 3135 4003 et
3161 3950 3431 4005 extrinse-

1851 4052 1948 4094 cus
1973 4053 2006 4092 a
2032 4051 2173 4093 novo
2191 4038 2490 4092 renovavit.
2529 4037 2698 4094 Porro
2719 4039 2853 4094 etin
2881 4039 3102 4095 basilica
3131 4040 3304 4096 beata;
3331 4041 3438 4098 Eu-

1851 4128 2020 4198 geniae
2045 4143 2207 4199 quam
2247 4127 2362 4198 jam
2390 4129 2590 4185 dudum
2633 4127 2755 4196 ejus
2795 4139 3149 4184 renovaverat
3190 4129 3428 4197 almitas,

1852 4217 2104 4272 solertem
2144 4217 2204 4272 in
2225 4233 2290 4273 ea
2329 4232 2523 4288 gerens
2557 4233 2763 4282 curam,
2818 4219 3204 4273 monasterium
3232 4219 3433 4287 puella-

1852 4321 1976 4361 rum
2000 4307 2213 4362 noviter
2241 4307 2439 4362 ibidem
2461 4324 2492 4362 a
2521 4306 2886 4362 fundamentis
2911 4306 3187 4364 aediﬁcans
3228 4310 3432 4363 consti.

182 4391 291 4452 una
338 4412 463 4452 cum
504 4395 814 4452 cmmeterio
857 4401 1163 4449 sanctorum
1200 4392 1402 4450 Urbani
1440 4390 1710 4461 pontiﬁcis
1733 4430 1749 4455 ,
1778 4422 1829 4482 Β
1856 4396 1978 4459 tuit,
2020 4405 2080 4448 ut
2097 4393 2300 4462 jugiter
2341 4395 2452 4449 illic
2487 4395 2598 4448 Deo
2647 4403 2908 4450 canerent
2949 4395 3154 4460 laudes,
3184 4396 3438 4454 videlicet

185 4489 508 4544 Felicissimi
557 4496 612 4544 et
667 4486 882 4556 Agapiti
909 4525 924 4550 ,
983 4494 1143 4555 atque
1190 4483 1432 4540 Januarii
1472 4492 1528 4540 et
1567 4482 1753 4554 Cyrini
1782 4481 1797 4482 ί
1857 4482 1988 4536 hora
2012 4481 2208 4551 prima,
2240 4481 2414 4544 tertia,
2442 4495 2604 4545 nona,
2633 4496 2877 4551 vespera,
2912 4483 3194 4541 matutina.
3240 4484 3298 4539 In
3328 4500 3435 4554 qua

182 4588 486 4650 martyrum
512 4577 644 4633 foris
662 4585 873 4648 portam
897 4575 1123 4645 Appiam
1142 4591 1249 4631 uno
1269 4576 1598 4631 cohaerentes
1614 4573 1754 4637 loco,

183 4686 308 4742 qum
327 4686 395 4726 ex
412 4669 606 4739 priscis
633 4675 972 4723 marcuerant
997 4667 1326 4736 temporibus
1346 4683 1378 4722 a
1398 4682 1538 4722 novo
1551 4673 1759 4721 restau-

186 4762 348 4816 ravit.
399 4759 639 4828 Itemque
681 4757 895 4812 titulum
939 4765 1140 4812 sanctze
1184 4757 1278 4812 Dei
1317 4756 1591 4826 genitricis
1619 4770 1760 4810 sem-

183 4867 395 4923 perque
426 4851 652 4919 virginis
680 4849 888 4913 Marize,
941 4865 1062 4918 quae
1095 4856 1318 4904 vocatur
1367 4846 1574 4902 Callisti
1609 4855 1760 4900 trans

187 4945 452 5011 Tiberim,
492 4959 524 4997 a
555 4957 693 4997 novo
728 4941 784 4996 in
830 4942 1099 5011 integrum
1146 4955 1213 4994 ex
1261 4939 1406 4992 omni
1441 4939 1764 4993 restauravit

187 5044 384 5105 parte;
434 5033 599 5088 simili
642 5031 802 5087 modo
840 5039 896 5086 et
922 5030 1136 5084 titulum
1181 5029 1354 5083 sancti
1392 5025 1626 5080 Marcelli
1664 5026 1763 5080 Via

188 5127 325 5180 Lata
353 5125 520 5180 situm
547 5140 578 5178 a
625 5138 763 5180 novo
792 5120 1135 5178 restauravit.
1174 5119 1241 5174 Et
1268 5117 1546 5174 basilicam
1569 5133 1766 5173 cmme-

187 5216 314 5271 terii
358 5222 668 5269 sanctorum
697 5219 996 5282 martyrum
1021 5209 1290 5266 Hermetis
1319 5248 1335 5274 ,
1363 5207 1512 5262 Proti
1539 5215 1593 5262 et
1621 5206 1766 5277 Hya-

187 5305 363 5362 cinthi
399 5311 562 5374 atque
590 5303 866 5359 basilicam
886 5302 1038 5358 mirae
1057 5299 1444 5373 magnitudinis
1471 5299 1764 5355 innovavit.

190 5398 580 5455 Cremeterium
603 5412 733 5452 vero
753 5404 954 5451 sanctae
975 5394 1269 5452 Felicitatis
1297 5395 1384 5449 via
1423 5392 1630 5449 Salaria
1661 5407 1768 5446 una

193 5505 317 5544 cum
354 5485 599 5544 ecclesiis
626 5487 796 5542 sancti
821 5485 1022 5540 Silvani
1060 5487 1316 5557 martyris
1339 5493 1395 5540 et
1420 5485 1590 5540 sancti
1612 5483 1770 5538 Boni-

196 5577 324 5633 facii
358 5576 684 5635 conhssoris
698 5586 860 5646 atque
877 5577 1144 5646 pontiﬁcis
1165 5593 1274 5632 uno
1297 5576 1630 5634 cohaerentes
1652 5575 1769 5630 solo

199 5671 358 5726 mira
418 5671 743 5726 restauravit
783 5667 1182 5740 magnitudinis.
1241 5667 1347 5723 Sed
1396 5676 1450 5723 et
1491 5667 1767 5722 basilicam

1855 4581 1911 4628 et
1927 4572 2082 4642 plura
2129 4570 2324 4626 obtulit
2361 4571 2528 4634 dona,
2572 4570 2628 4626 id
2645 4581 2730 4626 est
2756 4573 3182 4640 agros,~vineas,
3223 4573 3434 4639 domos,

1857 4677 2040 4718 servos
2088 4669 2144 4718 et
2186 4659 2431 4724 ancillas,
2477 4660 2810 4729 diversisque
2836 4662 3097 4730 pcculiis,
3140 4671 3197 4717 et
3223 4665 3436 4720 ceteris

1861 4751 2144 4807 mobilibus
2189 4750 2348 4808 rebus
2391 4749 2614 4829 dotavit.
2667 4747 2772 4804 Sed
2823 4749 2878 4804 in
2932 4750 3084 4807 titulo
3137 4752 3432 4819 Pamacliii,

1861 4849 2166 4896 sanctorum
2194 4839 2417 4898 Joannis
2456 4847 2512 4892 et
2555 4839 2728 4904 Pauli,
2754 4853 2874 4909 quae
2915 4854 3016 4910 per
3053 4842 3266 4912 elapsos
3290 4858 3411 4898 mar

1861 4940 2085 4986 cuerant
2110 4946 2297 4996 annos,
2318 4930 2499 4985 omnia
2521 4938 2666 4986 sarta
2693 4939 2832 4987 tecta
2859 4930 3098 5001 ejusdem
3118 4933 3256 4988 tituli
3284 4947 3436 4988 reno-

1863 5021 2026 5075 vavit.

1935 5113 2034 5167 llic
2076 5127 2204 5167 vero
2239 5112 2486 5182 egregius
2537 5112 2790 5168 sacerdos
2832 5113 2903 5167 ob
2929 5111 3154 5168 nimium
3201 5126 3437 5168 amorem

1865 5202 2255 5260 confessionem
2281 5202 2424 5257 beati
2449 5201 2593 5257 Petri
2623 5209 2790 5258 totam
2817 5203 2962 5258 intus
2976 5217 3048 5260 ex
3088 5217 3224 5258 auro
3260 5203 3438 5273 puris-

1867 5295 2004 5350 simo
2032 5295 2086 5349 in
2113 5295 2326 5352 laminis
2363 5293 2696 5362 diversisque
2714 5291 2953 5350 historiis
2971 5302 3184 5363 compte
3208 5295 3440 5360 ornavit,

1867 5388 2105 5457 pondera
2141 5395 2502 5442 trecentarum
2527 5385 2787 5439 librarum
2813 5398 3034 5453 ponens,
3075 5395 3132 5440 et
3152 5387 3206 5440 in
3235 5393 3438 5455 postem

1870 5478 2114 5547 superius
2151 5475 2393 5545 ejusdem
2434 5489 2601 5530 sacrae
2649 5473 3004 5531 confessionis
3050 5477 3172 5531 auri
3206 5477 3430 5532 mundis

1871 5574 1993 5628 simi
2016 5573 2184 5627 libras
2205 5572 2476 5635 traiecim,
2505 5572 2625 5640 pari
2662 5571 2824 5626 modo
2844 5579 2901 5626 et
2937 5570 2998 5626 in
3020 5571 3190 5642 ipsius
3218 5570 3441 5642 apostoli

1873 5662 2220 5720 confessionis
2247 5663 2481 5718 liminari
2508 5660 2748 5716 inferiori
2789 5661 2956 5717 libras
2976 5663 3164 5732 viginti
3186 5663 3438 5731 quinque.
