3986 6168
503 292 642 347 “99
1859 276 2109 334 ΑῡῆιΑδ

2211 275 2383 331 ἈΡᾸΞ
2421 277 2441 330 1
3641 272 3793 330 1200

503 408 789 476 Aspeetum
830 413 957 453 vero
999 396 1188 452 altaris
1231 408 1391 464 super
1417 391 1664 448 eamdem
1694 387 2085 444 confessionem
2113 386 2163 446 Α
2189 385 2382 439 decim.
2420 385 2477 438 in
2497 384 2727 440 ecclesia
2754 399 2885 440 vero
2907 383 3220 446 Salvatoris,
3253 397 3371 452 qua:
3394 390 3622 438 vocatur
3647 382 3798 438 Con-

501 473 666 567 atque
691 493 880 547 dextra
906 489 1144 558 laevaque
1181 482 1507 557 partejuxta
1546 481 1745 553 gradus
1773 479 1886 548 jam
1930 478 2088 567 dictae
2191 475 2539 539 stantiniana,
2571 475 2697 530 fecit
2719 485 2845 530 ante
2872 474 3196 530 vestibulum
3227 473 3413 527 altaris
3452 489 3652 528 aureas
3674 483 3804 532 tres

502 564 877 642 confessionis,
921 577 1122 632 addens
1145 576 1197 629 in
1220 589 1282 628 ea
1311 571 1518 641 argenti
1557 569 1724 622 libras
1743 574 1958 620 centum
1996 564 2090 617 tri-
2146 565 2153 571 ’
2191 568 2412 637 gabatas
2439 576 2728 637 pensantes
2770 567 2938 622 libras
2987 567 3194 622 decem.
3253 566 3358 621 Sed
3394 574 3451 621 et
3476 567 3532 621 in
3557 566 3797 623 basilica

502 677 650 745 ginta
679 685 774 727 sex
819 669 1028 724 curiose
1068 661 1382 739 [cariosum]
1425 658 1717 718 renovavit,
1763 655 1985 725 ejusque
2009 653 2091 706 hi-
2190 658 2361 711 beatae
2397 657 2491 711 Dei
2519 655 2808 711 Genitricis
2845 656 2912 710 ad
2941 654 3189 726 Praesepe
3217 654 3348 710 fecit
3376 655 3664 726 delphinos
3696 671 3798 710 ap.

503 766 700 822 storias
718 779 786 819 ex
828 775 960 816 auro
985 757 1274 830 purissimo
1302 752 1670 810 libris‘deccm
1699 757 1754 802 et
1801 756 1925 803 octo
1967 745 2090 800 niti-
2190 757 2412 817 genteos
2449 761 2544 818 per
2563 748 2806 803 diversas
2835 761 3064 802 coronas
3091 756 3380 817 pensantes
3397 747 3568 802 libras

504 858 725 916 dissime
756 853 1055 911 deauravit.
1103 849 1382 918 Simulque
1425 854 1480 902 et
1504 845 1795 901 cantharas
1819 841 1874 894 in
1901 839 2090 894 eadem
2191 843 2441 904 Quatuor.
2469 835 2954 890 Pmslamissimus
2979 834 3122 889 idem
3145 835 3376 889 θιίωίυει
3405 835 3636 891 “ﬁdes
3659 835 3797 894 τεάι

505 953 600 1008 Dei
629 949 854 1007 ecclesia
900 943 1126 1017 apostoli
1170 956 1395 997 numero
1443 940 1630 994 decem
1660 934 1956 996 renovavit,
1998 932 2093 986 ad—
2193 926 2248 981 in
2283 927 2510 982 ecclesia
2534 927 2676 982 beati
2702 926 2848 982 Petri
2874 925 3102 1017 apostoli
3119 926 3200 1017 _ad_
3237 940 3437 1017 corpus
3467 925 3793 995 imaginem,

503 1041 638 1097 dens
666 1040 720 1095 in
745 1038 826 1093 eis
854 1015 1062 1104 argenti
1091 1033 1258 1088 libras
1292 1038 1508 1086 centum
1535 1044 1550 1094 ;
1600 1035 1726 1081 ante
1743 1023 1939 1093 januas
1965 1037 2093 1076 vero
2191 1033 2313 1088 quae
2337 1018 2536 1072 dudum
2558 1032 2626 1072 ex
2658 1025 2883 1088 argento
2913 1016 3088 1070 inerat
3112 1015 3437 1104 Salvatoris,
3465 1025 3678 1104 saneta
3699 1017 3796 1074 Dei

504 1141 809 1203 argenteas,
857 1103 986 1182 fecit
1011 1125 1276 1181 canistros
1304 1130 1590 1191 argenteos
1634 1117 1917 1173 duodecim
1962 1130 2094 1185 pen-
2193 1109 2499 1203 genitricis,
2542 1118 2853 1203 sanctorum
2897 1103 3450 1203 apostolorum-Petri
3499 1120 3581 1203 ac-
3613 1103 3797 1203 Pauli,

507 1195 689 1275 santes
706 1220 896 1282 libras,
911 1215 1129 1285 triginta
1151 1226 1264 1268 sex.
1295 1211 1467 1266 Simili
1490 1209 1650 1264 modo
1675 1218 1731 1263 et
1757 1208 1810 1261 in
1835 1216 1983 1260 turre
2011 1219 2096 1261 ca-
2194 1208 2357 1269 atque
2383 1199 2612 1276 Andreae
2649 1199 2716 1252 de
2740 1211 2875 1251 auro
2910 1195 3201 1266 purissimo
3222 1195 3373 1250 mine
3400 1195 3799 1266 magnitudinis

508 1311 707 1364 nistros
759 1313 1042 1376 argenteos
1070 1301 1352 1356 duodecim
1398 1307 1686 1370 pensantes
1729 1296 1860 1351 inibi
1904 1295 2092 1360 libras,
2194 1297 2509 1376 pensantem
2528 1288 2695 1376 libras
2717 1287 2997 1342 ducentas:

508 1373 861 1471 quadraginta
901 1397 1157 1466 quinque.
1208 1394 1265 1448 In
1293 1393 1482 1448 eadem
1522 1392 1720 1461 quippe
1757 1390 1900 1444 beati
1947 1388 2094 1442 Petri
2209 1469 2220 1471 Α
2266 1375 2366 1430 Hic
2393 1375 2827 1471 ειθβθῐιῑὶεεὶφυε
3085 1381 3246 1442 atque
3271 1373 3605 1471 fortissimus
3630 1383 3802 1430 recta

509 1465 743 1546 ecclesia
768 1503 865 1558 per
890 1465 1132 1541 diversas
1159 1498 1384 1538 coronas
1418 1482 1548 1538 fecit
1583 1481 1864 1552 delphinos
1891 1495 1958 1534 ex
2002 1495 2094 1533 ar-
2196 1469 2320 1525 ﬁdei
2349 1469 2678 1538 przedieator
2701 1468 2903 1524 direxit
2927 1467 3124 1521 missos
3151 1481 3313 1530 suos,
3350 1465 3607 1522 videlicet
3641 1482 3800 1536 pres-

512 1589 671 1650 gente
694 1557 957 1632 librarum
1001 1583 1236 1631 centum.
1276 1573 1345 1628 Et
1383 1574 1438 1628 in
1483 1572 1710 1628 ecclesia
1759 1571 1900 1626 beati
1944 1569 2094 1624 Pauli
2195 1562 2444 1632 byterum
2482 1559 2703 1615 Petrum
2757 1566 2960 1614 sancue
2995 1557 3256 1614 Romanae
3295 1557 3562 1622 ecclesiae.
3592 1567 3656 1612 et
3699 1558 3798 1614 Pe-

513 1666 740 1737 apostoli
777 1666 946 1719 instar
969 1677 1155 1718 eorum
1182 1677 1317 1731 quos
1353 1669 1610 1731 posuerat
1638 1661 1692 1714 in
1720 1659 1946 1714 ecclesia
1971 1673 2097 1712 san-
2132 1729 2172 1737 __
2200 1661 2345 1706 trum
2399 1652 2714 1721 religiosum
2769 1653 3022 1708 abbatem
3069 1651 3440 1708 venerabilem
3471 1653 3806 1707 monasterii

513 1729 585 1813 eii
613 1757 759 1812 Petri
788 1755 1067 1826 delphinos
1082 1729 1260 1824 posuit
1280 1729 1565 1822 argenteos
1593 1751 1854 1806 librarum
1881 1758 2099 1806 centum
2132 1729 2176 1787 Β
2204 1743 2376 1798 sancti
2416 1742 2591 1808 Sabte,
2613 1757 2734 1812 qua:
2757 1741 3056 1813 appellatur
3077 1742 3225 1798 Cella
3245 1739 3396 1797 Nova
3425 1782 3442 1806 ,
3464 1744 3536 1797 ad
3560 1743 3802 1812 impera-

513 1846 782 1917 octoginta
811 1862 826 1910 ;
874 1844 1080 1914 pariter
1122 1852 1179 1898 et
1220 1843 1273 1896 in
1326 1842 1554 1897 ecclesia
1601 1841 1898 1896 Salvatoris
1923 1880 1938 1904 ,
1986 1853 2105 1909 quae
2204 1841 2378 1889 torem
2404 1832 2819 1889 Constantinum
2850 1841 2906 1887 et
2931 1840 3159 1888 matrem
3185 1832 3304 1902 ejus
3323 1833 3566 1896 lrenem,
3595 1834 3803 1890 adhor-

515 1937 814 2008 appellatur
837 1935 1298 1998 Constantiniana,
1331 1932 1459 1989 fecit
1493 1933 1776 2003 delphinos
1823 1939 2106 2002 argenteos

515 2029 776 2083 librarum
801 2026 1037 2095 triginta.
1070 2025 1219 2080 Fecit
1247 2034 1301 2080 et
1327 2025 1382 2079 in
1410 2024 1638 2079 ecclesia
1664 2024 1808 2079 beati
1834 2023 1981 2077 Petri
2009 2036 2105 2092 per

516 2117 731 2171 diversa
771 2115 1008 2170 oratoria
1029 2113 1264 2170 canistra
1290 2121 1546 2186 argentea
1571 2125 1800 2168 numero
1821 2111 2121 2166 duodecim

515 2206 795 2277 pensantia
817 2204 978 2260 simul
1005 2205 1170 2260 libras
1199 2204 1574 2275 quadraginta.
1603 2203 1671 2258 Et
1695 2216 1856 2271 rugas
1885 2202 1940 2256 in
1961 2215 2106 2272 pres-

516 2295 727 2365 byterio
759 2309 787 2348 a
820 2301 972 2364 parte
1003 2293 1243 2347 virorum
1266 2300 1322 2346 et
1347 2291 1635 2347 mulierum
1672 2304 1737 2344 ex
1761 2297 1984 2361 argento
2005 2305 2105 2360 pu-

517 2385 733 2439 rissimo
757 2390 1042 2452 pensantes
1070 2381 1236 2437 libras
1256 2390 1473 2436 centum
1509 2380 1748 2450 triginta,
1797 2393 1898 2434 nee
1918 2393 2026 2434 non
2049 2387 2106 2434 et

519 2475 653 2530 alias
679 2489 842 2544 rugas
869 2473 922 2527 in
943 2481 1105 2542 caput
1125 2472 1458 2550 presbyterii
1473 2480 1596 2526 ante
1619 2468 2010 2526 confessionem
2035 2481 2103 2522 ex

521 2573 776 2634 argenteo
802 2571 1089 2634 pensantes
1123 2561 1280 2616 simul
1308 2551 1523 2617 centum
1555 2569 1614 2617 et
1639 2568 1889 2631 quatuor.
1942 2559 2012 2614 Et
2049 2559 2101 2613 in

521 2656 747 2710 ecclesia
776 2663 974 2710 sanctis
1020 2654 1114 2709 Dei
1155 2653 1432 2724 genitricis
1459 2652 1640 2708 Mariae
1669 2661 1818 2706 trans
1856 2649 2102 2710 Tiberim

522 2743 651 2800 fecit
664 2745 897 2799 canistra
919 2753 1173 2815 argentea
1194 2744 1430 2812 quinque
1449 2744 1728 2813 pensantia
1753 2742 1912 2798 simul
1936 2742 2104 2798 libras

523 2833 850 2903 quindecim.
898 2832 1186 2886 Enimvero
1229 2831 1282 2884 in
1328 2831 1548 2886 basilica
1593 2840 1794 2886 sanctae
1821 2831 1917 2886 Dei
1943 2830 2106 2886 Geni-

524 2923 704 2988 tricis,
751 2938 872 2992 qua:
898 2932 984 2978 est
1008 2922 1076 2976 ad
1106 2921 1366 2991 Praesepe,
1401 2921 1454 2975 in
1481 2921 1639 2976 altari
1665 2922 1832 2992 ipsius
1858 2925 2103 2994 priesepii

2204 1933 2328 1979 tans
2351 1939 2446 1979 eos
2491 1932 2656 1994 atque
2707 1922 2942 1979 ﬁdeliter
2969 1925 3274 1994 praedicans
3301 1939 3399 1994 per
3426 1940 3558 1980 suas
3578 1934 3800 1994 aposto-

2203 2017 2337 2072 licas
2385 2017 2596 2071 litteras
2650 2030 2751 2085 pro
2810 2015 2981 2071 sacris
3040 2016 3368 2086 imaginibus
3417 2016 3762 2072 erectionetn
3783 2057 3802 2078 ,

2203 2107 2437 2179 qualiter
2462 2122 2560 2177 per
2584 2107 2892 2162 testimonia
2945 2106 3351 2177 Scripturarum
3371 2147 3387 2171 ,
3419 2121 3520 2162 seu
3546 2105 3798 2160 traditio-

2203 2215 2326 2254 nem
2363 2198 2725 2268 probabilium
2747 2198 2969 2254 Patrum
2995 2213 3026 2252 a
3045 2198 3240 2268 priscis
3266 2198 3604 2268 tempor'bns
3629 2211 3797 2267 usque

2203 2290 2464 2344 hactenus
2485 2286 2785 2343 orthodoxe
2805 2296 3132 2342 venerantur
3156 2287 3212 2341 in
3231 2295 3422 2342 sancta
3447 2286 3724 2342 catholica
3747 2297 3799 2341 et

2202 2380 2497 2450 apostolica
2518 2379 2764 2435 Romana
2779 2379 3040 2444 Ecclesia,
3055 2380 3198 2448 quod
3213 2377 3424 2448 praefati
3440 2380 3800 2448 imperatam

2202 2469 2448 2525 eamdem
2495 2477 2820 2524 venerantes
2845 2475 3007 2538 atque
3033 2467 3423 2537 amplectentes
3442 2467 3800 2537 apostolicam

2203 2560 2507 2630 epistolam,
2543 2559 2834 2615 concilium
2875 2559 2932 2614 in
2976 2557 3153 2613 Nicaea
3196 2559 3517 2629 congregari
3551 2557 3799 2614 fecerunt

2203 2659 2568 2707 trecentorum
2597 2649 2989 2721 quinquaginta
3030 2649 3409 2720 episcoporum
3434 2689 3450 2716 ,
3479 2651 3573 2720 qui
3600 2664 3797 2705 secan-

2203 2743 2332 2801 dum
2371 2745 2675 2800 doctrinam
2727 2741 3130 2813 praedicationis
3182 2741 3496 2811 apostolicae
3553 2740 3802 2811 epistol:

2205 2836 2462 2892 nimirum
2510 2833 2876 2890 crediderunt.
2937 2833 3003 2888 Hi
3034 2834 3438 2903 promulgantes
3465 2844 3800 2888 censum-nat

2206 2937 2261 2986 et
2285 2942 2384 2999 per
2411 2926 2676 2998 synodum
2702 2923 3062 2980 universalem
3087 2922 3413 2978 deﬁnierunt
3446 2923 3696 2978 unanimi
3718 2941 3801 2980 as-

525 3012 653 3069 feeit
698 3012 927 3067 laminas
962 3025 1032 3066 ex
1080 3025 1213 3066 auro
1249 3010 1538 3080 purissimo
1587 3011 1830 3066 historiis
1880 3012 2107 3082 depictis
2132 3062 2183 3088 η
2209 3021 2446 3076 sartione
2503 3032 2602 3088 pro
2665 3015 2994 3072 honorandis
3060 3015 3384 3086 imaginibus
3441 3015 3803 3070 eiectionem.

524 3062 1032 3178 ᾖᾘᾷεέιῖἐζὲῖἱηιὶῐ
1050 3062 1214 3158 is}...
1254 3062 2108 3172 animamanimam
2131 3062 2185 3132 ο
2210 3062 3022 3176 ἷιίᾇῖι”ἒγιῖόεἶιιιέῗῖο”ιὲι“’ὧξιί
3059 3062 3806 3160 ἑὲζὲἔέἲῖ

527 3197 696 3251 beata:
720 3191 944 3262 Agnetis
981 3191 1255 3263 martyris,
1307 3206 1402 3247 seu
1432 3190 1712 3246 basilicam
1734 3191 1910 3252 beate
1953 3193 2110 3248 Eme-

528 3287 804 3350 rentianae,
831 3283 1038 3354 pariter
1059 3283 1222 3339 etiam
1249 3291 1307 3339 et
1327 3283 1613 3339 ecclesiam
1639 3283 1782 3338 beati
1807 3283 2112 3340 Nicomedis

527 3377 686 3433 sitam
713 3375 848 3434 foris
878 3383 1089 3445 portam
1129 3371 1552 3439 Nomentanam,
1585 3373 1744 3428 simul
1773 3382 1828 3428 et
1853 3383 2109 3430 eamete-

529 3466 668 3521 rium
711 3464 857 3521 beati
891 3464 1163 3536 Hippolyti
1213 3465 1468 3536 martyris
1489 3463 1645 3532 juxta
1686 3471 1930 3518 sanetum
1970 3463 2112 3518 Lau-

527 3557 782 3619 rentium,
832 3570 952 3624 qua:
979 3570 1009 3609 a
1046 3554 1241 3624 priscis
1284 3560 1630 3609 marcuerant
1671 3553 1999 3622 temporibus
2019 3592 2033 3616 ,
2079 3569 2110 3607 a

529 3661 669 3701 novo
697 3645 991 3701 renovavit.
1036 3644 1162 3699 Pari
1187 3644 1346 3700 modo
1383 3651 1439 3698 et
1457 3642 1742 3700 ecclesiam
1786 3642 1931 3697 beati
1954 3641 2113 3697 Chri-

529 3738 597 3792 sti
627 3737 882 3806 martyris
923 3736 1180 3806 Stephani
1213 3737 1372 3792 sitam
1393 3734 1548 3805 juxta
1572 3735 1887 3806 praedictum
1915 3749 2108 3790 cmme-

532 3826 726 3879 terium
762 3825 932 3882 sancti
978 3825 1262 3896 Hyppolyti
1301 3826 1548 3882 similiter
1575 3826 1914 3881 restauravit.
1963 3824 2115 3880 Fecit

531 3927 665 3967 vero
705 3921 759 3968 et
796 3913 850 3966 in
897 3913 1230 3969 confessione
1271 3915 1414 3969 beati
1443 3914 1596 3969 Pauli
1625 3915 1851 3984 apostoli
1879 3929 1946 3969 ex
1979 3931 2113 3970 auro

530 4003 822 4074 purissimo
851 4001 1138 4072 imaginem
1175 4003 1229 4056 in
1256 4004 1474 4057 modum
1511 4003 1910 4074 evangeliorum
1924 4043 1940 4068 ,
1969 4003 2114 4059 intus

529 4105 696 4162 super
732 4091 972 4160 ejusdem
1015 4092 1439 4147 sacratissimum
1475 4107 1669 4164 corpus
1706 4102 2019 4164 pensantem
2049 4095 2112 4150 li-

533 4185 662 4240 bras
688 4181 898 4254 viginti.
939 4181 1086 4236 Idem
1110 4195 1238 4236 vero
1263 4181 1503 4237 omnium
1525 4182 1791 4238 bonorum
1810 4181 2113 4252 praecipuus

531 4275 730 4348 praisul
759 4291 790 4331 a
810 4287 950 4330 novo
968 4274 1235 4330 dedicavit
1253 4283 1413 4345 atque
1436 4274 1714 4330 constituit
1726 4275 2110 4331 monasterium

2212 3212 2396 3253 secum
2422 3196 2663 3252 detulere
2683 3209 2789 3248 una
2812 3209 2934 3250 cum
2955 3193 3326 3264 imperialibus
3348 3194 3519 3249 sacris
3542 3195 3806 3251 manibus

2209 3286 2446 3358 propriis
2493 3284 2857 3354 subscriptam
2883 3323 2898 3348 ,
2951 3296 3180 3353 eamque
3229 3282 3521 3353 prtedietus
3545 3285 3806 3355 egregius

2211 3376 2437 3431 antistes
2469 3375 2522 3429 in
2551 3374 2801 3429 Latinam
2843 3372 3084 3442 linguam
3121 3371 3428 3428 translatari
3451 3369 3640 3441 jussit,
3667 3384 3725 3428 et
3752 3374 3804 3428 in

2212 3479 2368 3520 sacra
2394 3463 2720 3519 bibliotheca
2747 3461 2955 3532 pariter
2979 3461 3199 3518 recondi
3226 3501 3241 3526 ,
3270 3461 3489 3533 dignam
3514 3462 3588 3518 ibi
3610 3465 3804 3522 ortho-

2212 3556 2366 3611 doxae
2409 3553 2534 3609 fidei
2576 3553 2896 3609 memoriam
2943 3561 3203 3608 aeternam
3241 3551 3468 3608 faciens.
3518 3553 3620 3609 Hic
3660 3555 3803 3610 idem

2211 3647 2442 3703 eximius
2481 3661 2624 3717 papa
2669 3645 2845 3700 altare
2876 3644 3017 3700 beati
3055 3643 3204 3698 Pauli
3254 3644 3481 3714 apostoli
3531 3661 3644 3700 una
3680 3662 3803 3701 cum

2212 3737 2453 3808 ejusdem
2482 3735 2838 3792 confessionis
2862 3734 3071 3790 foribus
3093 3749 3228 3789 auro
3256 3734 3457 3792 mundo
3485 3736 3669 3792 sacris
3713 3737 3804 3792 de-

2213 3844 2408 3886 corans
2453 3826 2695 3883 historiis
2743 3826 2972 3882 miriﬁce
3012 3824 3226 3880 ornavit
3283 3835 3574 3895 pensantes
3631 3827 3806 3884 libras

2212 3927 2430 3976 centum
2467 3917 2692 3986 triginta
2710 3957 2725 3982 ,
2757 3915 2850 3974 sed
2891 3924 2947 3972 et
2973 3925 3120 3972 sarta
3146 3925 3286 3972 tecta
3315 3916 3456 3972 tituli
3480 3927 3802 3974 sanctorum

2213 4012 2455 4079 Quatuor
2495 4008 2890 4066 Coronatorum
2921 4048 2935 4073 ,
2973 4024 3095 4079 qua:
3133 4009 3188 4064 in
3228 4009 3400 4065 ruinis
3445 4010 3767 4068 existebant
3787 4052 3804 4075 ,

2213 4103 2396 4158 trabes
2421 4101 2620 4157 ibidem
2640 4100 2824 4170 plures
2849 4101 3149 4170 imponens,
3169 4102 3350 4158 omnia
3371 4117 3405 4156 a
3425 4117 3569 4157 novo
3593 4113 3807 4159 restan-

2214 4192 2372 4247 ravit.
2408 4192 2543 4246 Item
2593 4189 2724 4246 fecit
2774 4199 3026 4260 patenam
3077 4199 3132 4245 et
3179 4191 3405 4246 calicem
3464 4192 3522 4246 in
3573 4193 3805 4249 basilica

2213 4281 2358 4337 beati
2398 4279 2544 4336 Petri
2581 4279 2811 4350 apostoli
2857 4295 2957 4350 pro
3005 4279 3334 4348 quotidianis
3366 4281 3696 4337 ministeriis
3738 4299 3807 4339 ex

471 4455 478 4464 I
531 4378 844 4467 sanctorum
887 4367 1108 4467 Adriani
1126 4375 1296 4467 atque
1324 4367 1620 4467 Laurentii,
1668 4369 1811 4438 quod
1839 4369 1894 4424 in
1941 4369 2111 4425 ruinis
2137 4402 2195 4467 Β
2217 4387 2348 4427 auro
2381 4372 2690 4442 purissimo,
2719 4378 3010 4441 pensantes
3037 4371 3198 4426 simul
3233 4371 3400 4427 libras
3443 4372 3637 4442 viginti
3660 4389 3805 4445 qua-

473 4455 479 4492 ῖ
533 4457 901 4512 marcescebat
923 4471 955 4510 a
979 4455 1171 4525 priscis
1191 4456 1536 4527 temporibus,
1563 4465 1619 4513 et
1644 4466 1899 4528 tanquam
1923 4467 2110 4531 crypta
2137 4455 2188 4467 '
2218 4473 2358 4518 tuor.
2396 4464 2528 4517 item
2567 4461 2910 4518 beatissimus
2946 4461 3029 4515 vir
3057 4460 3186 4517 fecit
3226 4462 3281 4517 in
3318 4461 3548 4517 ecclesia
3591 4474 3806 4521 sanet:

523 4561 566 4599 a
593 4546 941 4600 saecularibus
960 4545 1379 4601 inhabitabatur.
1416 4546 1534 4618 Ipse
1559 4562 1687 4604 vero
1725 4551 1974 4620 egregius
2017 4566 2113 4606 an-

534 4633 688 4688 tistes
709 4648 739 4687 a
769 4647 906 4689 novo
944 4633 999 4688 id
1031 4637 1354 4690 restauravit
1396 4636 1450 4690 in
1475 4637 1852 4707 praedictorum
1893 4650 2109 4698 saneto-

532 4737 677 4790 rum,
699 4723 946 4780 videlicet
963 4725 1184 4780 Adriani
1213 4734 1268 4780 et
1291 4727 1564 4800 Laurentii
1590 4731 1825 4796 mmiae,
1853 4732 1906 4787 in
1927 4747 2034 4802 quo
2058 4743 2114 4790 et

534 4813 704 4869 multa
727 4815 946 4870 donavit
973 4823 1082 4870 tam
1111 4816 1165 4870 in
1210 4831 1342 4871 auro
1378 4832 1648 4888 quamque
1685 4829 1740 4875 et
1782 4821 1836 4876 in
1864 4833 2108 4894 argento,

534 4920 630 4962 seu
655 4905 710 4959 in
736 4905 910 4976 agris,
956 4907 1204 4974 atquein
1238 4905 1460 4963 familiis
1499 4910 1834 4982 diversisque
1865 4915 2106 4984 peculiis,

535 4994 802 5065 simulque
839 5005 895 5051 et
930 5010 995 5052 ex
1026 4987 1332 5078 mobilibus.
1377 5000 1444 5054 Et
1479 5003 1756 5058 constituit
1796 5005 1850 5060 in
1889 5007 2108 5064 basilica

535 5083 750 5142 Sancta:
774 5085 869 5140 Dei
909 5085 1196 5143 Genitri’cis
1222 5103 1538 5161 semperque
1576 5094 1799 5165 virginis
1829 5095 2010 5154 Maria:
2044 5102 2112 5156 ad

535 5174 784 5246 Praesepe
809 5176 942 5231 etin
960 5178 1170 5233 caeteris
1193 5183 1532 5240 monasteriis
1563 5184 1762 5240 ibidem
1786 5190 2108 5254 constitutis,

537 5269 649 5325 Deo
685 5269 772 5324 die
794 5277 1061 5339 noctuque
1080 5280 1333 5328 canentes
1355 5274 1540 5330 solitas
1559 5275 1739 5332 dicere
1763 5279 1968 5335 laudes.
2011 5281 2111 5337 Fe-

537 5357 613 5412 cit
629 5357 828 5414 ibidem
851 5356 1105 5428 praefatus
1127 5361 1350 5417 antistes
1365 5361 1421 5416 in
1440 5362 1772 5421 confessione
1795 5368 1937 5424 beati
1964 5369 2110 5426 Lau-

539 5449 694 5511 rentii
751 5449 1005 5521 martyris
1067 5447 1199 5505 foris
1254 5466 1467 5507 murum
1524 5453 1810 5524 imaginem
1853 5472 1929 5513 ex
1981 5474 2113 5517 auro

539 5541 824 5610 purissimo
847 5541 902 5595 in
922 5541 1142 5596 modum
1165 5543 1558 5612 evangeliorum
1568 5545 1809 5615 ejusdem
1823 5549 1963 5605 beati
1977 5551 2103 5606 Lau-

537 5627 700 5682 ποηϋί
725 5626 927 5697 efﬁgies
953 5627 1332 5697 continentem,
1381 5647 1500 5702 quae
1535 5646 1724 5705 pensat
1751 5639 1914 5694 libras
1956 5641 2112 5710 quin-

2215 4553 2310 4608 Dei
2329 4551 2622 4608 Genitricis
2651 4550 2832 4606 Maria:
2856 4552 2923 4606 ad
2946 4549 3192 4621 Pmsepe
3213 4560 3467 4621 patenam
3488 4560 3548 4606 et
3565 4553 3804 4612 calicem

2214 4653 2460 4702 sanctum
2509 4660 2578 4700 ex
2612 4657 2746 4698 auro
2785 4643 2975 4698 obrizo
3018 4654 3310 4712 pensantes
3357 4643 3522 4700 libras
3577 4645 3801 4717 viginti.

2212 4737 2348 4792 Item
2377 4737 2431 4790 in
2454 4734 2612 4790 titulo
2638 4733 2902 4800 Eudoxio,
2926 4733 3179 4788 videlicet
3212 4733 3357 4789 beati
3389 4732 3541 4789 Petri
3564 4738 3801 4806 apostoli

2214 4830 2282 4884 ad
2312 4827 2551 4892 Vincula,
2568 4825 2699 4880 fecit
2728 4826 2966 4882 canistra
3002 4825 3285 4882 duodecim
3311 4827 3596 4896 pensantia
3625 4828 3801 4886 libras

2213 4937 2306 4976 sex
2334 4929 2389 4975 et
2419 4919 2634 4990 triginta
2667 4958 2683 4983 ,
2739 4926 2795 4974 et
2843 4917 3123 4989 delphinos
3157 4933 3254 4989 per
3277 4920 3522 4976 diversas
3564 4937 3800 4979 cornus

2214 5013 2431 5083 triginta
2457 5011 2695 5081 quinque
2722 5019 3016 5080 pensantes
3047 5010 3213 5067 libras
3242 5021 3386 5076 octo,
3407 5013 3728 5084 pariterque
3746 5026 3803 5071 et

2213 5104 2495 5160 ecclesiam
2532 5105 2706 5159 beatae
2755 5101 2972 5158 Sabina:
3000 5103 3162 5158 sitam
3192 5102 3246 5158 in
3289 5104 3567 5161 territorio
3595 5103 3806 5161 Feru-

2213 5195 2398 5250 tinello
2443 5211 2478 5249 a
2527 5209 2666 5250 novo
2706 5194 2996 5264 reparavit.
3032 5194 3132 5250 Hic
3159 5196 3274 5265 ipse
3301 5196 3569 5253 almiilcns
3591 5201 3808 5268 praesul

2213 5286 2341 5343 fecit
2369 5287 2422 5342 in
2448 5285 2672 5342 basilica
2697 5285 2843 5342 beati
2874 5285 3024 5341 Petri
3045 5287 3273 5356 apostoli
3296 5296 3549 5358 patenam
3566 5303 3633 5344 es
3657 5305 3807 5350 aulo

2211 5378 2397 5433 obrizo
2441 5393 2564 5433 cum
2609 5375 2778 5432 calice
2813 5385 2999 5432 sancto
3028 5417 3042 5441 ,
3091 5387 3382 5447 pensantes
3429 5380 3590 5436 simul
3622 5381 3807 5440 libras

2211 5467 2421 5538 viginti.

2283 5558 2544 5614 Similiter
2578 5567 2633 5614 et
2675 5559 2732 5613 in
2766 5557 2995 5615 ecclesia
3030 5559 3174 5616 beati
3208 5560 3484 5617 Laurentii
3533 5565 3806 5635 martyris

2211 5647 2344 5704 foris
2371 5663 2584 5704 murum
2611 5647 2737 5706 fecit
2770 5663 2838 5705 ex
2880 5663 3016 5707 auro
3044 5650 3335 5721 purissimo
3368 5660 3619 5723 patenam
3662 5669 3801 5712 cum
