3962 6166
469 308 608 368 ίΞη

1016 415 1349 474 EPISTOLA
1376 415 1483 470 ιιι.

963 522 1033 562 AD
1061 521 1308 563 CAROLUI
1331 519 1529 560 BBGEI.

469 599 805 658 Relelluntur
840 596 1172 668 obiectiones
1195 604 1383 652 contra
1429 594 1715 666 septimam
1750 589 2034 664 synodum.
2066 584 2085 591 ’

538 693 741 747 Domno
779 690 1248 755 excellentissimo,
1301 696 1407 743 etc.
1467 687 1686 757 Reliqua
1739 682 1853 739 uide
1904 682 2042 736 inter

470 780 641 852 Opera
661 780 727 834 Β.
762 777 938 835 Caroli
966 776 1170 849 Magni,
1194 788 1333 830 torno
1356 785 1411 829 ut
1433 791 1612 845 supra,
1639 771 1741 827 col.
1779 769 1938 824 1247.

1018 885 1350 942 EPISTOLA
1379 882 1508 950 Llll,

471 961 590 1026 Qua
618 959 919 1028 conceditur
943 958 1273 1028 privilegium
1305 954 1620 1028 monasterio
1646 952 1813 1028 sancti
1841 951 2041 1028 Diony-

536 1030 603 1084 sii
627 1029 683 1082 in
709 1021 1003 1093 Parisiac'o,
1023 1036 1078 1080 ut
1099 1021 1366 1098 proprium
1387 1025 1434 1079 ei
1458 1023 1607 1078 liceat
1635 1022 1822 1077 habere
1849 1021 2041 1092 episco-

537 1113 683 1169 pum.

535 1185 803 1242 Adrianus
821 1185 1102 1255 episcopus
1125 1199 1313 1239 servus
1337 1196 1614 1237 servorum
1642 1180 1759 1245 Dei,
1801 1178 2043 1250 Magina-

469 1277 550 1331 rio
598 1275 850 1346 religioso
910 1274 1092 1330 abbati
1125 1271 1446 1328 venerabilis
1499 1268 1814 1325 monasterii
1867 1266 2039 1323 sancti

467 1364 666 1421 Christi
694 1364 946 1434 martyris
971 1361 1245 1433 Dionysii,
1277 1360 1365 1415 siti
1390 1360 1443 1413 in
1468 1359 1741 1413 Parisiaco
1762 1398 1777 1419 ,
1822 1356 1911 1411 ubi
1945 1372 2039 1413 ve-

469 1453 704 1510 nerabile
752 1452 921 1509 sancti
949 1467 1146 1521 corpus
1196 1450 1442 1520 quiescit,
1494 1456 1550 1505 et
1573 1465 1670 1520 per
1713 1463 1834 1504 cum
1864 1447 2038 1502 eidem

468 1543 756 1599 venerabili
793 1543 1118 1597 monasterio
1151 1542 1205 1596 in
1232 1550 1572 1611 perpetuum.

535 1632 673 1686 Tum
702 1647 923 1687 summa:
944 1631 1250 1701 apostolica:
1276 1630 1553 1701 dignitatis
1573 1644 1709 1699 apex
1736 1629 1790 1683 in
1816 1629 1921 1684 hoc
1957 1628 2041 1683 di-

1811 300 2093 362 ADRIANI
2129 299 2330 359 PAPE
2366 300 2390 357 Ι

2064 412 2115 472 Α
2142 410 2475 466 emendanda
2523 417 2580 466 et
2625 410 2947 481 corrigenda
2989 418 3137 475 sunt,
3176 425 3301 464 cum
3326 424 3594 468 consensu
3627 417 3737 471 ab-

3578 303 3732 360 19.ιὲ

2136 498 2280 553 batis
2308 500 2393 554 sui
2413 500 2674 554 canonica
2700 500 3039 556 institutione
3056 508 3112 557 et
3146 503 3442 557 secundum
3468 504 3734 562 ordinem

2136 597 2328 645 cuncta
2358 597 2602 658 peragat.
2629 589 2688 645 Si
2715 606 2845 645 vero
2865 590 3115 660 quaslibet
3145 591 3418 648 discordia
3445 593 3594 651 inter
3638 595 3736 650 vi-

2138 679 2291 733 cinos
2311 678 2612 748 episcopos,
2645 693 2739 735 seu
2764 680 3076 749 episcopum
3100 681 3349 750 praedicti
3381 686 3733 753 monasterii,

2138 768 2282 838 quod
2310 778 2709 841 non.optamus,
2729 777 2847 824 orta
2870 768 3053 834 fuerit,
3081 770 3259 826 nullus
3285 772 3508 839 audeat,
3528 775 3734 834 abbate

2137 858 2362 915 minime
2398 869 2688 925 annuente,
2732 860 2926 924 sumius
2970 862 3230 916 nominati
3259 866 3579 920 monasterii
3610 867 3733 938 epi-

2140 962 2362 1016 scopum
2389 946 2711 1018 distringere
2747 950 2832 1004 vel
2877 950 2932 1004 in
2971 951 3210 1019 qualibet
3244 952 3502 1022 judicare
3543 965 3729 1027 parte.

2140 1034 2293 1102 Quod
2317 1035 2362 1090 si
2387 1036 2555 1091 abbas
2581 1035 2824 1106 ejusdem
2863 1040 3177 1096 monasterii
3205 1042 3315 1097 ullo
3340 1044 3505 1099 modo
3540 1046 3734 1102 volne-

2141 1123 2213 1178 rit
2240 1124 2384 1179 inter
2418 1138 2513 1181 eos
2550 1125 2862 1193 declamari,
2900 1129 3102 1184 nostris
3131 1132 3444 1200 apostolicis
3472 1136 3734 1191 eveniant

2139 1216 2416 1272 obtutibus
2433 1219 2721 1274 concordia
2751 1219 3099 1276 reformandi.
3142 1221 3458 1280 Statuentes
3502 1237 3734 1296 aposto-

2141 1304 2243 1360 lica
2271 1320 2499 1360 censura
2539 1307 2640 1361 sub
2667 1307 2831 1362 divini
2864 1306 3052 1375 judicii
3095 1310 3466 1377 obtestatione,
3494 1322 3555 1369 et
3590 1331 3738 1370 ana—

2140 1395 2391 1450 thematis
2418 1395 2935 1467 interpositionibus,
2967 1404 3026 1452 ut
3046 1398 3226 1453 nullus
3252 1415 3481 1471 unquam
3505 1412 3739 1460 nostro-

2141 1498 2261 1537 rum
2291 1498 2661 1539 successorum
2687 1487 3022 1555 pontillcum,
3047 1496 3140 1541 aut
3167 1488 3402 1558 qualibet
3430 1491 3735 1560 dignitatis

2139 1574 2397 1643 praeditus
2436 1583 2719 1646 potestate,
2755 1577 2834 1630 vel
2873 1578 2979 1631 alia
3015 1594 3337 1650 quacunque
3362 1596 3557 1651 magna
3583 1599 3731 1653 par-

2141 1679 2314 1735 vaque
2346 1681 2599 1737 persona,
2628 1676 2919 1737 prmsumat
2955 1677 3140 1723 contra
3170 1672 3274 1726 hoc
3314 1680 3557 1726 nostrum
3596 1689 3736 1743 apo-

502 1720 514 1733 .
561 1720 572 1732 .
835 1729 847 1747 ,
985 1721 997 1732 .
1203 1719 1215 1732 .
1391 1719 1402 1731 .
2629 1718 2917 1737 γαπ-π-
2961 1718 3140 1723 --π-η
3314 1718 3557 1726 ηραν
3596 1718 3705 1743 -τν

469 1728 1133 1831 ῩὛ⁷¹¹ῈΪῩῗΡῗῗῖῖ¹⁵η¹ἷὶ⁸ίῖῗῗ
1144 1718 1890 1831 1335'???“L‘i‘i’f‘i‘fﬁei‘fi
1902 1732 2037 1831 ,ἓἫῖ
2074 1743 2117 1803 Β
2143 1755 2318 1811 ειοιίεί
2362 1757 2626 1827 privilegii
2671 1767 3002 1829 praeceptum
3045 1775 3207 1830 atere
3246 1779 3260 1814 =
3316 1763 3499 1831 potius
3542 1772 3732 1819 autem

469 1812 521 1865 in
563 1811 876 1865 exercendis
917 1809 1011 1864 Dei
1049 1809 1297 1864 laudibus
1328 1810 1412 1864 sui
1473 1810 1767 1879 impensius
1805 1808 2042 1863 studebit

469 1901 669 1955 laboris
687 1900 938 1956 exhibere
952 1908 1246 1955 certamen.
1273 1899 1353 1956 Ob
1371 1902 1473 1954 hoc
1491 1900 1670 1955 debita
1684 1915 1782 1954 nos
1801 1897 2040 1968 ejusdem

468 1993 775 2062 apostolica:
820 1991 1109 2062 pastoralis
1166 1992 1425 2062 compulit
1467 1990 1842 2046 sollicitudinis
1890 2006 2038 2055 cura,

467 2074 693 2153 qufeque
711 2081 778 2137 ad
807 2081 1155 2137 stabilitatem
1177 2081 1390 2152 piorum
1414 2080 1686 2151 pertinere
1712 2079 2046 2151 dignoscitur

470 2173 731 2239 locorum,
769 2173 1003 2228 ubertim
1033 2170 1384 2244 promulgari,
1430 2179 1595 2240 atque
1631 2169 1885 2224 olitanam
1912 2183 2043 2225 con-

468 2262 808 2317 suetudinem
852 2261 1054 2316 eisdem
1109 2259 1504 2315 venerabilibus
1550 2258 1684 2314 locis
1738 2256 2047 2328 apostolicae

469 2352 828 2408 institutionis
866 2365 1094 2407 censura
1139 2349 1470 2406 conﬁrmari.
1514 2349 1685 2421 igitur
1712 2348 1840 2418 quia
1862 2356 2049 2418 postu-

469 2441 622 2498 lastis
645 2455 678 2496 a
705 2441 881 2507 nobis,
907 2448 1173 2511 quatenus
1191 2438 1551 2511 privilegium,
1588 2437 1733 2508 quod
1754 2437 2049 2506 praedeces-

470 2535 610 2590 soris
661 2519 832 2589 nostri
884 2539 1084 2589 sanctae
1133 2530 1521 2587 recordationis
1564 2529 1747 2584 domni
1788 2525 2049 2597 Stephani

468 2619 692 2690 iunioris
711 2636 862 2692 papa:
888 2622 942 2676 in
982 2620 1239 2691 praedicto
1267 2618 1593 2675 monasterio
1617 2625 1798 2672 vestro
1837 2623 2049 2686 aposto-

473 2711 576 2766 lica
622 2709 738 2778 ejus
761 2713 940 2766 sanxit
975 2712 1290 2776 auctoritas,
1320 2712 1535 2766 demum
1558 2707 2040 2764 conlirmaremus:

473 2799 674 2855 idcirco
695 2801 889 2855 vestris
908 2810 1205 2855 annnentes
1228 2800 1386 2865 votis,
1409 2799 1617 2869 praelati
1636 2796 2055 2868 prmdecessoris

473 2892 640 2947 nostri
667 2891 1020 2947 institutionis
1048 2892 1324 2947 decretum
1362 2905 1584 2961 prorsus
1628 2887 1940 2957 apostolicis
1961 2887 2049 2941 in-

473 2979 598 3037 fulis
634 2981 923 3044 sancimus,
953 2980 1220 3049 simulque
1249 2979 1436 3035 eadem
1467 2979 1785 3033 roboramus
1827 2986 2049 3046 aposto-

474 3071 575 3127 lica
610 3071 665 3125 in
694 3086 808 3126 aevo
833 3072 993 3126 serie.
1022 3069 1362 3140 Quapropter
1387 3068 1710 3124 auctoritate
1736 3065 1878 3122 beati
1900 3065 2049 3121 Petri
2074 3076 2123 3138 ο

474 3162 838 3232 apostolorum
865 3162 1124 3232 principis
1173 3160 1310 3226 ful.i,
1343 3161 1396 3214 in
1428 3159 1542 3229 jam
1573 3160 1716 3215 dicto
1754 3158 2052 3214 venerabili

477 3252 807 3308 monasterio
826 3261 1126 3307 statuentes
1138 3251 1557 3322 promulgamus,
1583 3258 1644 3304 ut
1662 3249 1875 3318 penitus
1894 3248 2053 3303 liceat

444 3336 449 3341 ⁷
476 3342 677 3398 ibidem
707 3342 909 3397 habere
926 3341 1255 3413 episcopum,
1283 3341 1424 3396 sicut
1452 3355 1483 3394 a
1508 3338 1701 3410 priscis
1724 3338 2054 3415 temporibus

480 3441 538 3488 et
563 3446 736 3503 usque
760 3433 1022 3488 hactenus
1046 3431 1170 3499 fuit,
1192 3447 1288 3502 per
1313 3431 1466 3501 cujus
1493 3430 1927 3501 praedicationem
1958 3445 2055 3500 po-

478 3522 636 3592 pulus
655 3522 747 3592 qui
776 3538 806 3577 a
834 3522 1064 3579 diversis
1100 3523 1408 3595 regionibus
1451 3524 1643 3580 devota
1669 3531 1850 3579 mente
1874 3524 2054 3595 quoti-

477 3614 563 3668 die
593 3612 661 3668 ad
714 3622 901 3669 sancta
946 3612 1187 3685 ejusdem
1214 3614 1469 3688 martyris
1507 3614 1709 3672 Christi
1742 3616 2054 3673 monasterii

477 3701 663 3759 limina
690 3706 1020 3770 convenerit,
1048 3707 1342 3763 remedium
1376 3708 1633 3780 consequi
1656 3717 1928 3765 mereatur
1947 3710 2057 3765 ani-

481 3808 712 3848 marum.
739 3793 807 3848 Et
833 3797 1048 3865 quando
1068 3797 1352 3866 episcOpus
1387 3796 1599 3866 prmfati
1628 3799 1804 3854 sancti
1844 3799 1948 3855 loci
1990 3798 2059 3854 dc

480 3882 585 3938 hoc
607 3884 806 3940 saiculo
833 3885 1165 3956 migraverit,
1202 3896 1257 3942 et
1294 3887 1432 3943 alius
1477 3890 1546 3943 ab
1570 3891 1761 3946 abbate
1793 3899 1848 3946 et
1875 3906 2059 3946 mona-

476 3972 598 4028 chis
625 3972 821 4041 dignus
848 3973 1056 4030 electus
1083 3974 1268 4041 fuerit,
1290 3976 1409 4032 sine
1432 3979 1669 4047 qualibet
1689 3982 2057 4036 controversia

482 4077 583 4132 pro
604 4062 936 4134 longitudine
957 4065 1167 4122 itineris
1181 4106 1196 4131 ,
1218 4082 1250 4121 a
1271 4067 1463 4123 vicinis
1476 4069 1759 4139 episcopis,
1782 4072 1922 4127 sicut
1942 4087 2058 4129 mos

479 4150 711 4217 exstitit,
740 4161 1102 4208 consecretur.
1132 4153 1287 4222 Quod
1307 4154 1352 4209 si
1379 4171 1477 4225 pro
1505 4157 1743 4227 qualibet
1777 4161 2059 4217 occasione

479 4249 577 4296 aut
601 4241 801 4297 invidia
847 4243 1129 4301 ordinandi
1167 4260 1226 4301 se
1256 4246 1584 4314 distulerint,
1623 4257 1754 4306 tunc
1780 4251 2056 4308 licentiam

484 4330 773 4389 tribuimus
791 4340 851 4389 ut
876 4334 944 4389 ad
972 4334 1153 4392 sedem
1192 4336 1562 4406 apostolicam,
1589 4354 1712 4394 cum
1750 4342 2056 4398 testimonio

2144 1846 2360 1902 ﬁrmum
2410 1857 2577 1919 atque
2618 1850 2814 1906 stabile
2850 1852 3053 1906 nostris
3081 1854 3419 1922 temporibus
3444 1854 3582 1909 illud
3635 1856 3733 1909 de-

2143 1938 2416 1994 cernimus
2460 1941 2915 2009 permanendum.
2968 1940 3025 1995 Si
3075 1944 3199 2012 quis
3252 1951 3434 1998 autem
3487 1944 3733 2014 quolibet

2143 2035 2406 2095 tempore,
2430 2028 2574 2097 quod
2591 2028 2740 2083 nullo
2760 2029 2921 2084 modo
2943 2029 3236 2097 credimus,
3265 2031 3427 2099 hujus
3447 2031 3731 2086 decretum

2144 2117 2411 2189 privilegii
2452 2120 2746 2190 apostolica
2777 2121 3101 2178 auctoritate
3143 2122 3442 2187 ﬁrmatum,
3470 2124 3529 2178 in
3559 2131 3729 2178 toturn

2144 2207 2228 2262 vel
2274 2208 2329 2263 in
2367 2218 2521 2278 parte
2550 2218 2816 2266 temerare
2846 2212 3151 2277 tentaverit,
3178 2227 3444 2282 suamque
3467 2229 3731 2284 praesunt-

2144 2299 2384 2368 ptionem
2410 2299 2569 2370 digna
2607 2303 2984 2357 emendatione
3010 2303 3189 2358 minus
3228 2303 3563 2367 correxerit,
3601 2304 3732 2358 sciat

2147 2400 2206 2440 se
2259 2388 2579 2444 auctoritate
2636 2389 2840 2445 domini
2872 2391 3016 2446 beati
3064 2392 3434 2460 apostolorum
3474 2393 3732 2463 principis

2146 2472 2293 2528 Petri
2321 2477 2677 2532 anathematis
2696 2479 2910 2535 vinculo
2932 2495 3051 2536 esse
3064 2482 3399 2546 iunodatum,
3425 2491 3482 2536 et
3513 2498 3546 2536 a
3572 2498 3732 2551 regno

2148 2563 2246 2619 Dei
2271 2565 2528 2633 alienum,
2563 2577 2725 2638 atque
2747 2585 2871 2625 cum
2904 2556 3116 2627 diabolo
3138 2579 3198 2626 et
3217 2570 3336 2639 ejus
3362 2572 3727 2627 atrocissiruis

2147 2655 2358 2724 pompis
2385 2657 2576 2711 aeterni
2620 2657 2855 2713 incendii
2894 2660 3156 2730 supplicio
3189 2661 3510 2730 deputatum
3537 2670 3591 2717 et
3617 2677 3730 2731 per-

2147 2752 2325 2815 petua:
2353 2744 2788 2802 condemnationi
2831 2750 3196 2804 summissum.
3226 2749 3300 2803 At
3337 2766 3471 2805 vero
3501 2752 3597 2819 qui
3639 2752 3726 2805 ob-

2150 2842 2394 2890 servator
2431 2844 2487 2890 et
2538 2845 2719 2891 custos
2746 2836 2906 2905 hujus
2933 2839 3104 2893 nostri
3133 2840 3415 2908 apostolici
3462 2839 3724 2910 privilegii

2148 2925 2436 2991 exstiterit,
2466 2926 2857 2983 benedictionis
2891 2929 3118 2999 gratiam
3161 2930 3439 3000 vitamque
3472 2938 3724 2985 retentam

2152 3030 2184 3068 a
2203 3014 2706 3072 misericordissimo
2733 3016 2960 3074 Domino
2993 3018 3102 3072 Deo
3128 3026 3313 3072 nostro
3330 3019 3598 3086 consequi
3625 3032 3729 3072 rne-

2152 3113 2355 3159 reatur.
2388 3104 2658 3175 Scriptum
2679 3121 2777 3176 per
2800 3122 3023 3161 manum
3051 3108 3431 3177 Christophori
3455 3109 3654 3162 notarii
3678 3117 3727 3162 et

2152 3196 2423 3252 scriniarii
2441 3198 2584 3253 sedis
2595 3206 2812 3262 nostrai,
2840 3199 2897 3253 in
2917 3214 3103 3254 mense
3127 3198 3310 3265 Iunio,
3337 3200 3637 3254 indictione
3657 3215 3725 3253 ιι.

2151 3285 2294 3341 Bene
2319 3286 2511 3341 valete.
2544 3286 2739 3342 Datum
2759 3288 3011 3343 Kalendis
3031 3287 3189 3343 Juliis
3225 3303 3323 3357 per
3342 3304 3572 3343 manum
3597 3290 3726 3343 Ana-

2152 3378 2323 3434 stasiii
2360 3378 2674 3447 primicerii,
2703 3388 2964 3450 regnante
2987 3379 3213 3434 Domino
3241 3380 3355 3434 Deo
3375 3388 3433 3435 et
3461 3380 3725 3435 salvatore

2152 3469 2278 3525 Jesu
2303 3468 2539 3535 Christo,
2578 3485 2701 3525 cum
2718 3470 2827 3524 Deo
2851 3469 3011 3524 Patre
3033 3472 3424 3539 omnipotente,
3449 3479 3508 3524 et
3530 3468 3725 3541 Spiritu

2153 3567 2360 3626 sancto,
2387 3573 2483 3630 per
2509 3558 2716 3613 inﬁnita
2739 3558 2953 3614 saecula.
2981 3557 3156 3623 Anno,
3186 3552 3294 3613 Deo
3325 3559 3586 3629 propitio,
3608 3574 3723 3628 pon-

2154 3655 2388 3710 tiﬁcatus
2445 3654 2647 3711 domini
2682 3653 2854 3709 nostri
2907 3653 2961 3707 in
3018 3652 3311 3723 apostolica
3362 3653 3725 3707 sacratissima

2153 3744 2299 3800 beati
2325 3743 2469 3799 Petri
2502 3745 2629 3800 sede
2643 3759 2734 3808 xv,
2764 3742 3056 3797 indictione
3078 3756 3154 3796 rx.

2691 3830 3027 3887 EPISTOLA
3065 3830 3129 3885 ιι
3139 3829 3197 3883 ν.

2328 3938 2396 3978 ΑΒ
2435 3936 2690 3977 τιιρηιωι
2728 3934 3173 3975 Αιιοιιιειηεεορυκ
3212 3933 3562 3974 Μειεαεει.

2157 4014 2443 4084 Conﬁrmat
2474 4029 2603 4084 novo
2637 4011 2907 4084 priuilegio
2931 4011 3150 4084 antiqua-
3174 4007 3586 4084 juraecclesite

2224 4077 2435 4149 niensis,
2467 4091 2514 4136 et
2543 4081 2607 4134 de
2637 4077 2789 4134 Lullo
2822 4077 3063 4150 episcopo
3094 4077 3411 4149 Moguntina
3439 4078 3732 4148 investigari

2223 4164 2269 4208 et
2292 4153 2360 4207 ad
2387 4169 2441 4207 se
2466 4151 2651 4221 referri
2672 4150 2842 4221 jubet.

2226 4242 2494 4297 Adrianus
2541 4242 2825 4310 episcopus
2872 4252 3060 4293 servus
3103 4251 3385 4291 servorum
3431 4236 3554 4302 Dei,
3586 4248 3732 4291 reve-

2155 4332 2477 4387 rendi‘ssiuto
2517 4338 2573 4385 et
2613 4329 2951 4386 sanctissimo
2985 4326 3243 4383 confratri
3283 4337 3473 4381 nostro
3498 4327 3729 4396 Tilpino,

484 4423 699 4479 abbatis
749 4432 804 4482 et
851 4427 1258 4494 monachorum,
1306 4430 1542 4501 propriis
1577 4446 1767 4488 eorum
1811 4436 2054 4493 manibus

2161 4423 2400 4479 ecclesiae
2424 4420 2716 4477 Rhemensi
2745 4419 3169 4489 archiepiscopo.

488 4512 649 4568 simul
684 4514 957 4572 decretum
989 4518 1352 4588 subscriptum
1395 4519 1592 4585 ferens,
1639 4526 2061 4582 consecrationis

487 4619 651 4658 causa
673 4605 924 4660 adveniat
949 4615 1005 4662 et
1023 4609 1485 4665 consecrationem
1515 4612 1765 4683 accipiat,
1795 4615 1920 4684 quia
1965 4632 2063 4672 no—

487 4691 664 4762 lumus
684 4701 744 4748 ut
764 4694 945 4750 lumen
987 4698 1131 4767 quod
1152 4699 1350 4755 ibidem
1370 4700 1629 4759 hactenus
1650 4711 1798 4761 tanto
1826 4714 2064 4777 tempore

482 4800 586 4863 per
610 4787 980 4858 episcoporum
1010 4790 1445 4858 praedicationem
1477 4794 1691 4859 claruit,
1711 4797 1913 4854 nostris
1933 4806 2066 4854 tem-

486 4877 711 4962 poribus
726 4879 1118 4948 exstinguatur.
1142 4880 1210 4934 Et
1228 4895 1387 4938 nemo
1397 4882 1769 4954 episcoporum
1790 4887 2066 4955 parochia-

493 4969 577 5025 nis
615 4970 669 5024 in
713 4969 937 5040 praefato
984 4971 1333 5038 monasterio,
1384 4971 1440 5027 in
1489 4973 1654 5037 cellis,
1694 4976 1956 5043 ecclesiis,
1983 4978 2066 5033 vel

493 5059 682 5124 titulis,
734 5075 829 5114 seu
863 5060 1113 5124 oraculis,
1159 5061 1259 5117 sub
1296 5061 1500 5119 ditione
1550 5063 1718 5133 ipsius
1758 5067 2067 5123 constitutis

491 5148 861 5212 ordinationes
890 5148 1087 5215 facere,
1109 5150 1226 5206 sive
1247 5164 1347 5220 pro
1383 5151 1675 5209 chrismate
1708 5154 2063 5222 conﬁciendo,

494 5248 556 5294 ut
594 5254 914 5310 quacunque
954 5239 1222 5310 exquisita
1264 5256 1344 5307 re,
1385 5256 1565 5312 agere,
1592 5251 1686 5299 aut
1722 5243 2065 5317 distringere,

498 5328 584 5383 vel
609 5328 677 5385 ad
698 5342 759 5384 se
781 5328 1124 5399 presbyteros
1152 5344 1450 5387 convocare
1477 5343 1791 5402 praesumat.
1821 5333 1927 5390 Sed
1971 5349 2069 5406 per

497 5415 640 5483 hanc
660 5416 1036 5472 auctoritatem
1057 5417 1337 5487 apostolici
1361 5419 1626 5491 privilegii
1649 5422 1838 5488 nostri,
1861 5424 2069 5492 episco-

497 5520 599 5576 pus
636 5520 703 5560 ex
731 5507 848 5575 ipso
876 5505 1171 5562 venerabili
1212 5508 1541 5565 monasterio
1584 5512 1840 5568 canonice
1882 5527 2069 5568 curam

499 5595 825 5665 pastoralem
862 5595 1236 5652 sollicitudinis
1284 5599 1571 5656 ministerii
1609 5601 1712 5668 sui,
1757 5602 1810 5658 in
1837 5603 2071 5674 praelatis

500 5681 709 5771 [Ηανᾴ.
730 5683 991 5763 praelatis]
1012 5684 1382 5772 adiacentibus
1402 5689 1534 5765 locis
1553 5689 1748 5749 habeat
1773 5701 1830 5749 et
1846 5709 2072 5767 quaeque

2228 4512 2363 4580 Quia
2391 4513 2458 4567 ad
2483 4510 2797 4581 petitionem
2827 4510 3084 4580 spiritalis
3110 4508 3205 4563 ﬁlii
3229 4507 3405 4563 nostri
3433 4516 3491 4563 et
3518 4508 3734 4580 gloriosi

2158 4603 2301 4674 regis
2323 4602 2655 4664 Francorum
2682 4599 2879 4666 Caroli,
2906 4600 3178 4669 prmbente
3212 4598 3310 4653 tibi
3340 4599 3549 4653 bonum
3586 4598 3736 4652 testi-

2160 4694 2400 4750 monium
2421 4694 2487 4747 de
2514 4697 2803 4747 sanctitate
2843 4700 2900 4747 et
2921 4691 3166 4747 doctrina
3189 4689 3434 4746 Fulrado
3462 4690 3736 4747 amabilis-

2162 4786 2299 4842 simo
2338 4784 2549 4850 abbate,
2576 4783 2819 4838 Francia:
2863 4782 3353 4853 archipresbytero,
3387 4782 3622 4853 pallium
3655 4796 3736 4836 se-

2163 4878 2397 4933 cundum
2438 4874 2879 4931 consuetudinem
2918 4874 3012 4929 tibi
3056 4873 3426 4929 transmisisse
3463 4889 3595 4937 nos,
3620 4886 3734 4930 cum

2162 4950 2461 5039 privilegio,
2490 4974 2551 5021 ut
2581 4963 2890 5035 metropolis
2924 4963 3154 5020 ecclesia
3183 4963 3514 5019 Rhemensis
3554 4966 3613 5021 in
3646 4976 3737 5019 suo

2166 5065 2311 5111 statu
2352 5062 2613 5118 maneret,
2646 5054 2783 5109 bene
2811 5058 3215 5109 memoramus.”
3243 5053 3358 5108 Tua
3383 5069 3520 5110 vero
3550 5054 3737 5110 frater-

2166 5144 2306 5198 nitas
2352 5144 2506 5199 nobis
2552 5143 2768 5207 retulit,
2829 5143 2957 5213 quia
3002 5140 3234 5199 faciente
3279 5144 3561 5201 discordia
3606 5146 3737 5200 inter

2167 5235 2436 5299 Francos,
2479 5233 2911 5303 archiepiscopus
2944 5233 3284 5300 Rhemensis,
3325 5236 3555 5293 nomine
3582 5236 3736 5305 Rigo-

2166 5327 2370 5390 bertus,
2414 5340 2446 5379 a
2472 5325 2597 5381 sede
2622 5333 2813 5381 contra
2846 5340 3081 5382 canones
3125 5324 3369 5394 deiectus
3404 5336 3465 5381 et
3490 5327 3740 5399 expulsus

2168 5412 2288 5480 fuit,
2323 5414 2439 5469 sine
2481 5413 2591 5468 ullo
2630 5414 2857 5470 crimine
2884 5421 2939 5469 et
2971 5415 3088 5470 sine
3124 5414 3235 5471 ullo
3260 5416 3582 5486 apostolica:
3606 5414 3743 5472 sedis

2170 5522 2438 5564 consensu
2475 5505 2561 5561 vel
2601 5506 3043 5579 interrogatione,
3086 5508 3182 5564 sed
3225 5508 3572 5566 solummodo
3604 5507 3739 5580 quod

2173 5609 2329 5657 antea
2356 5615 2463 5656 non
2486 5600 2762 5656 consensit
2784 5601 2840 5656 in
2868 5608 3023 5673 parte
3044 5601 3188 5658 illius
3212 5601 3305 5671 qui
3325 5609 3519 5671 postea
3538 5613 3740 5672 partem

2174 5692 2322 5751 illam
2337 5690 2405 5750 de
2424 5705 2592 5763 regno
2615 5691 2672 5749 in
2692 5706 2793 5748 sua
2822 5700 3089 5772 potestate
3108 5692 3338 5765 accepit,
3370 5690 3429 5751 in
3452 5707 3563 5764 qua
3596 5699 3740 5762 parte
