3986 6168
307 298 448 354 1215

1719 290 2096 354 EPISTOLAZ.

3393 305 3530 362 1214
3555 365 3560 369 .

301 412 623 470 lihemensis
675 413 866 470 civitas
919 423 1036 481 est;
1100 424 1155 470 et
1204 414 1436 471 donatus
1490 424 1653 484 atque
1698 411 1874 483 magis
1901 407 1950 466 Α
1976 408 2174 465 saeculo
2202 412 2591 467 evocationem.
2641 412 2827 484 Neque
2847 413 3046 484 aliquis
3086 422 3210 471 tuas
3231 416 3537 485 parochias,

299 511 593 573 usurpatas
619 513 805 558 contra
830 504 997 560 Deum
1025 513 1080 561 et
1107 502 1222 573 ejus
1247 505 1623 562 auctoritatem
1653 503 1753 557 fuit
1779 503 1869 557 ille

297 596 642 664 episcopatus
669 594 826 650 simul
852 583 974 650 eum
1001 595 1106 650 alio
1131 596 1443 665 episcopatu
1468 603 1523 650 et
1545 594 1664 649 aliis
1697 594 1870 648 eccle-

297 685 397 740 siis
426 701 458 740 a
483 683 829 741 saecularibus
871 687 1242 754 potestatibus,
1276 686 1455 740 Miloni
1495 685 1707 740 cuidam
1757 685 1870 739 sola

301 784 526 831 tonsura
566 776 781 840 clerico,
827 777 959 831 nihil
1003 777 1229 846 sapienti
1277 778 1343 831 de
1379 777 1566 831 ordine
1608 775 1868 830 ecclesia-

298 868 468 931 stico;
509 874 563 922 et
586 866 675 920 alii
697 867 1038 936 episcopatus
1065 868 1131 922 de
1160 868 1274 937 ipsa
1304 868 1522 922 dioecesi
1553 867 1871 922 Rhemensis

299 956 514 1012 diverso
535 957 693 1010 modo
721 966 901 1010 essent
927 956 1104 1022 divisi,
1134 965 1188 1011 et
1213 957 1377 1026 aliqui
1400 972 1468 1011 ex
1499 971 1695 1026 magna
1719 965 1872 1025 parte

299 1042 418 1096 sine
447 1041 714 1111 episcopis
749 1043 1127 1106 consistentes,
1163 1052 1217 1098 et
1242 1045 1310 1098 ad
1348 1043 1481 1098 alios
1509 1045 1871 1113 metropolita-

299 1148 401 1186 nos
441 1131 673 1201 episcopi
713 1141 767 1185 et
804 1133 988 1188 clerici
1017 1135 1384 1190 ordinationes
1411 1135 1700 1204 aliquando
1729 1136 1872 1191 acci—

299 1222 511 1290 pientes
537 1230 768 1277 erantet
792 1222 999 1292 rel‘ugia
1036 1224 1272 1280 indebita
1303 1225 1591 1289 habebant,
1625 1234 1681 1279 et
1703 1241 1735 1280 a
1759 1226 1873 1280 suis

300 1314 566 1384 episcopis
605 1311 837 1380 jndicari
883 1322 937 1370 et
983 1315 1233 1387 distringi
1282 1331 1388 1372 non
1425 1316 1780 1380 sustinebant,
1818 1323 1874 1370 et

301 1402 504 1466 clerici,
529 1410 582 1455 et
608 1402 934 1466 sacerdotes,
963 1411 1020 1457 et
1042 1405 1312 1470 monachi,
1337 1412 1390 1459 et
1411 1405 1868 1467 sanetimoniales,

302 1495 419 1549 sine
439 1495 556 1564 lege
580 1494 942 1550 ecclesiastica
975 1510 1074 1566 pro
1103 1496 1377 1551 voluntate
1405 1505 1460 1550 et
1482 1495 1697 1550 licentia
1724 1496 1872 1550 vive-

301 1583 450 1637 bant.
502 1582 702 1638 Deinde
746 1591 946 1638 sanctze
971 1586 1251 1640 memoriae
1276 1584 1586 1641 Bonifacius
1608 1585 1873 1654 archiepi-

302 1687 516 1740 scopus,
547 1681 602 1727 et
625 1672 833 1744 legatus
857 1683 1056 1730 sanctae
1078 1674 1331 1733 Romanze
1354 1675 1623 1739 Ecclesiae,
1650 1683 1705 1729 et
1724 1690 1866 1743 prae-

301 1760 447 1816 fatus
485 1763 899 1819 amabilissimus
923 1763 1184 1820 Fulradus
1214 1765 1455 1820 Francize
1496 1765 1872 1835 archipresby-

304 1861 406 1918 ter,
439 1862 676 1922 tempore
717 1862 1121 1908 antecessorum
1169 1862 1479 1910 nostrorum
1507 1855 1782 1909 Zachariae
1820 1863 1875 1909 et

306 1943 565 2014 Stephani
611 1945 937 2000 successoris
985 1945 1147 2011 illius,
1195 1947 1421 2000 multum
1474 1946 1873 2012 laboraverunt,

304 2041 363 2087 ut
383 2035 535 2088 bonae
558 2035 831 2090 memoria:
851 2037 1214 2104 praedecessor
1239 2045 1425 2092 noster
1439 2038 1665 2092 domnus
1679 2035 1880 2090 Zacha-

306 2123 414 2178 rias
449 2123 668 2194 pallium
705 2124 1108 2194 archiepiscopo
1140 2126 1445 2189 Rhemensi,
1479 2125 1614 2180 Abel
1640 2125 1874 2189 nomine,

305 2223 401 2277 per
423 2209 854 2278 deprecationem
888 2211 1239 2280 suprascripti
1261 2211 1518 2266 Bonifacii
1547 2211 1878 2264 transmitte-

307 2308 408 2356 ret.
446 2299 548 2366 Qui
580 2301 646 2355 ab
676 2299 768 2354 illo
795 2301 1116 2356 constitutus
1153 2299 1286 2368 fuit,
1323 2300 1415 2356 sed
1449 2300 1521 2355 ibi
1561 2315 1878 2370 permanere

305 2390 601 2462 permissus
634 2405 741 2444 non
770 2389 896 2454 fuit,
938 2391 1032 2446 sed
1063 2391 1233 2464 magis
1267 2399 1455 2446 contra
1480 2392 1646 2445 Deum
1677 2389 1880 2459 ejectus

307 2491 410 2547 est,
436 2490 490 2537 et
513 2482 830 2539 Rhemcnsis
873 2484 1099 2540 ecclesia
1127 2500 1224 2554 per
1249 2483 1412 2539 multa
1440 2492 1680 2553 tempora
1706 2493 1761 2538 et
1783 2498 1881 2552 per

310 2570 507 2625 multos
542 2587 712 2626 annos
755 2574 871 2627 sine
912 2573 1162 2642 episeopo
1208 2573 1324 2639 fuit,
1357 2583 1412 2628 et
1438 2589 1524 2629 res
1547 2572 1787 2630 ecclesia:
1815 2574 1880 2630 de

311 2656 402 2712 illo
433 2659 740 2730 episcopatu
767 2670 892 2714 sunt
920 2661 1112 2716 ablatre
1140 2670 1194 2717 et
1217 2678 1316 2731 per
1331 2663 1496 2718 laicos
1519 2664 1702 2718 divism
1730 2672 1874 2728 sunt,

311 2748 452 2801 sicut
498 2757 553 2802 et
597 2750 661 2804 de
699 2751 820 2805 aliis
867 2751 1282 2820 episcopatibus,
1332 2754 1564 2807 maxime
1607 2762 1786 2808 autem
1815 2756 1880 2810 de

313 2839 600 2894 Rhemensi
631 2841 1042 2908 metropolitana
1077 2842 1312 2896 civitate.
1355 2843 1421 2897 Et
1451 2852 1540 2898 tua
1567 2844 1879 2903 fraternitas

305 2926 418 2996 jam
445 2945 511 2984 ex
539 2945 727 3000 magna
759 2939 909 2998 parte
934 2945 1021 2985 res
1058 2931 1200 3000 ipsas
1223 2933 1364 3001 apud
1396 2933 1686 3002 gloriosum
1712 2934 1878 2990 ﬁlium

315 3029 557 3074 nostrum
583 3020 853 3086 Carolum,
876 3028 929 3075 et
954 3029 1078 3076 ante
1111 3023 1177 3078 ad
1208 3021 1654 3079 Carolomannum
1687 3025 1881 3096 glorio-

314 3107 584 3162 sissimum
631 3107 853 3164 fratrem
891 3109 1026 3179 ejus,
1066 3112 1378 3182 impetratas
1424 3114 1610 3182 habes,
1642 3123 1696 3170 et
1737 3119 1881 3173 ordi-

314 3291 544 3346 cundum
589 3295 900 3348 canonicam
927 3305 978 3347 ct
1001 3303 1202 3350 sanctae
1230 3296 1372 3350 sedis
1397 3296 1654 3352 Romanae
1696 3309 1882 3352 aucto-

315 3382 530 3436 ritatem
574 3382 839 3439 directum
882 3385 1068 3440 habes.
1113 3385 1407 3457 Propterea
1435 3387 1618 3457 petisti
1661 3404 1692 3442 a
1722 3388 1881 3443 nobis

315 3473 407 3527 tibi
446 3481 499 3528 et
525 3475 764 3531 ecclesia:
798 3484 902 3533 tua:
932 3477 1046 3533 ﬁeri
1072 3480 1412 3551 privilegium
1455 3495 1521 3534 ex
1564 3482 1882 3536 auctoritate

313 3563 457 3618 beati
485 3563 625 3620 Petri
659 3567 916 3638 principis
959 3570 1343 3638 apostolorum,
1385 3577 1440 3625 et
1483 3579 1683 3625 sancta:
1737 3571 1882 3626 sedis

317 3652 596 3720 Romanae,
660 3671 724 3713 ac
772 3665 956 3712 nostra
978 3697 994 3722 ,
1064 3667 1124 3712 ut
1167 3658 1310 3728 quod
1367 3657 1661 3728 perfectum
1717 3659 1883 3714 habes

315 3742 496 3800 inante
538 3743 715 3802 valeat
737 3759 1074 3810 permanere,
1102 3754 1157 3801 et
1184 3747 1329 3816 quod
1369 3748 1544 3802 adhuc
1585 3747 1880 3818 perfectum

313 3847 422 3886 non
465 3833 650 3897 habes,
681 3849 777 3903 per
817 3842 1054 3888 nostram
1088 3837 1467 3892 auctoritatem
1515 3838 1690 3908 possis
1730 3839 1882 3894 auxi-

314 3920 480 3976 liante
506 3920 616 3975 Deo
649 3930 703 3975 et
733 3923 891 3977 beato
915 3923 1076 3979 Petro
1113 3927 1358 4000 apostolo
1402 3930 1470 3982 ad
1495 3926 1882 3997 perfectionem

311 4012 621 4084 perducere.
668 4011 774 4068 Pro
799 4029 906 4083 quo
929 4023 984 4069 et
1011 4031 1110 4071 nos
1138 4017 1346 4071 ardenti
1393 4018 1593 4084 animo,
1621 4025 1676 4071 et
1701 4018 1883 4075 divino

308 4101 579 4172 juvamine
604 4103 1003 4173 apostolicaque
1032 4105 1151 4159 fulti
1193 4106 1534 4172 auctoritate,
1563 4123 1668 4165 non
1707 4107 1880 4163 solum

319 4191 492 4243 vetera
515 4191 807 4246 secundum
845 4208 1026 4249 sacros
1054 4209 1288 4251 canones
1316 4204 1371 4250 et
1392 4196 1700 4266 apostolicae
1725 4196 1882 4266 hujus

313 4287 509 4334 sancta:
533 4279 676 4334 sedis
700 4281 914 4337 decreta
943 4285 1248 4349 statuimus,
1279 4285 1374 4339 sed
1413 4295 1469 4340 et
1495 4301 1628 4340 nova
1659 4286 1756 4341 tibi
1783 4302 1882 4357 pro

1899 1734 1945 1793 B

1905 3071 1957 3135 ϐ

316 3214 436 3252 nem
478 3215 543 3254 ex
569 3200 747 3270 aliqua
775 3209 929 3270 parte
968 3211 1021 3257 et
1058 3203 1112 3257 in
1142 3204 1410 3274 episcopis
1444 3214 1498 3259 et
1538 3206 1592 3260 in
1632 3206 1750 3261 aliis
1798 3222 1883 3262 se-
1927 3223 1933 3230 '

1971 508 2063 554 aut
2090 499 2364 565 ecclesias,
2392 502 2478 556 vel
2501 502 2748 558 civitates
2771 505 3110 569 subtrahere,
3149 519 3323 573 neque
3345 503 3542 562 ditece-

1970 587 2072 641 sim
2099 588 2456 644 Bbemensem
2481 590 2595 645 ullo
2626 606 2864 661 unquam
2893 601 3135 663 tempore
3157 594 3413 658 dividere,
3445 595 3539 650 sed

1972 679 2180 748 integra
2207 688 2422 735 maneat
2441 682 2580 736 sicut
2599 683 2894 752 antiquitus
2913 682 3036 750 fuit,
3064 695 3118 740 et
3140 687 3279 741 sacri
3306 701 3541 742 canones

1971 768 2503 836 etpraideeessorum
2534 781 2841 826 nostrorum
2882 772 3118 827 ﬁrmavit
3145 782 3199 828 et
3221 783 3404 828 nostra
3445 775 3538 829 ﬁr-

1972 865 2083 909 mat
2107 859 2418 913 auctoritas.
2465 860 2530 914 Et
2576 869 2629 916 te
2666 868 2759 914 aut
2801 860 3000 916 futuris
3040 865 3372 932 temporibus
3396 865 3542 920 Rhe-

1973 959 2211 1001 mensem
2258 949 2564 1019 episcopum
2589 958 2644 1004 et
2668 951 2953 1019 primatem
2986 952 3128 1007 illius
3159 953 3407 1009 diceeesis
3434 971 3540 1010 non

1971 1047 2261 1104 praesumat
2281 1054 2456 1108 neque
2473 1040 2647 1095 valeat
2667 1057 2903 1110 unquam
2928 1042 3122 1112 aliquis
3144 1042 3211 1098 de
3230 1043 3540 1113 episcOpatu

1974 1124 2203 1194 dejicere
2245 1129 2361 1182 sine
2406 1131 2664 1186 canonico
2697 1130 2921 1198 judicio,
2954 1141 3010 1186 et
3051 1148 3224 1202 neque
3263 1133 3374 1187 ullo
3399 1133 3543 1202 judi-

1973 1217 2058 1271 cio
2084 1218 2200 1272 sine
2222 1233 2484 1274 consensu
2507 1221 2736 1276 Romani
2763 1223 3053 1292 pontiﬁcis,
3077 1224 3125 1278 si
3153 1225 3220 1278 ad
3247 1225 3387 1278 hanc
3411 1239 3540 1279 san-

1974 1315 2115 1360 ctam
2160 1307 2340 1363 sedem
2366 1309 2685 1375 Romanam,
2726 1328 2846 1381 quae
2877 1324 3036 1380 caput
3064 1329 3183 1368 esse
3211 1314 3545 1384 dignoscitur

1973 1397 2119 1452 orbis
2156 1406 2330 1462 teme,
2360 1399 2708 1468 appellaverit
2739 1402 2792 1455 in
2829 1402 2943 1470 ipso
2963 1401 3188 1470 judicio.
3218 1403 3324 1459 Sed
3351 1405 3404 1459 in
3431 1406 3545 1460 sola

1975 1487 2304 1557 subjectione
2325 1491 2551 1546 Romani
2579 1493 2852 1560 pontiﬁcis
2881 1509 3223 1564 permanens,
3266 1496 3544 1552 direcesim

1974 1586 2029 1631 et
2065 1579 2378 1647 parochiam
2416 1580 2796 1647 Rhemensem,
2850 1582 3134 1651 adjuvante
3192 1584 3438 1650 Domino,
3489 1594 3546 1638 et

1974 1678 2158 1724 nostra
2205 1677 2365 1739 atque
2412 1671 2552 1724 beati
2583 1671 2726 1725 Petri
2772 1671 2938 1727 fultus
2980 1674 3032 1727 in
3067 1675 3170 1729 ista
3201 1685 3386 1729 sancta
3420 1677 3546 1730 sede

1977 1758 2317 1823 auctoritate,
2347 1760 2636 1814 secundum
2659 1771 2874 1816 sanctos
2901 1778 3136 1818 canones
3162 1773 3217 1819 et
3243 1764 3400 1833 hujus
3426 1782 3548 1820 san-

1976 1856 2079 1903 cta:
2112 1848 2253 1903 sedis
2288 1850 2692 1919 praeceptiones,
2727 1851 2820 1904 tibi
2860 1851 3129 1919 subjectas
3174 1855 3250 1907 ita
3289 1862 3465 1908 certes
3495 1863 3550 1909 et

1976 1937 2192 1992 studeas
2241 1939 2562 2008 gubernare,
2614 1948 2674 1993 ut
2718 1939 2862 1994 illam
2908 1940 3318 1998 desiderabilem
3362 1959 3548 1999 vocem

1978 2027 2190 2083 Domini
2234 2028 2406 2083 nostri
2432 2026 2557 2083 Jcsu
2585 2028 2785 2084 Christi
2834 2031 3013 2086 valeas
3050 2048 3171 2086 cum
3221 2034 3407 2088 electis
3435 2034 3552 2102 ejus

1977 2117 2204 2172 audire:
2232 2116 2400 2188 Euge,
2428 2135 2569 2172 serve
2606 2118 2734 2171 bone
2779 2128 2828 2172 et
2865 2119 3038 2187 ﬁdelis
3073 2137 3090 2174 :
3121 2121 3245 2190 quia
3288 2123 3342 2176 in
3381 2139 3552 2191 pauca

1976 2207 2122 2277 fuisti
2169 2205 2362 2276 ﬁdelis,
2411 2224 2571 2276 supra
2621 2207 2786 2260 multa
2841 2218 2890 2261 te
2943 2210 3274 2272 constituam,
3318 2211 3457 2264 intra
3495 2212 3552 2265 in

1977 2297 2226 2368 gaudium
2263 2297 2476 2350 Domini
2521 2299 2598 2351 tui
2639 2298 2854 2369 (Matth.
2879 2298 3027 2370 xxv).
3070 2299 3138 2354 Et
3175 2302 3317 2370 quod
3352 2302 3418 2356 ad
3457 2316 3554 2356 no-

1978 2391 2146 2437 stram
2178 2385 2423 2438 notitiam
2459 2385 2774 2454 perduxisti,
2812 2387 2939 2456 quia
2973 2388 3042 2442 ad
3089 2388 3225 2442 alios
3273 2389 3554 2460 episcopos

1980 2472 2046 2526 de
2118 2472 2232 2541 ipsa
2289 2473 2510 2528 dicecesi
2563 2473 2856 2530 Rhemensi
2934 2477 3154 2546 quidam
3223 2479 3556 2548 accipiebant

1979 2563 2364 2630 ordinationes,
2414 2576 2468 2620 et
2496 2566 2768 2621 habebant
2813 2568 3050 2623 indebita
3100 2569 3328 2638 reingia,
3369 2577 3424 2624 et
3452 2569 3556 2624 hoc

1978 2671 2077 2726 per
2131 2659 2308 2714 omnia
2386 2658 2772 2728 prohibemus;
2851 2661 2945 2715 sed
3000 2661 3141 2714 sicut
3195 2675 3346 2715 sacra
3397 2661 3557 2714 docet

1981 2751 2295 2814 auctoritas,
2321 2759 2375 2805 et
2413 2752 2465 2805 in
2507 2753 2726 2822 synodis
2776 2751 3320 2838 comprovincialibus
3361 2766 3556 2806 convo-

1981 2841 2168 2896 candis
2197 2850 2252 2896 et
2278 2840 2558 2906 faciendis,
2594 2851 2650 2897 et
2684 2843 2738 2896 in
2770 2841 3206 2896 ordinationibus
3255 2857 3320 2896 ac
3362 2839 3558 2910 dijudi-

1983 2931 2305 2995 cationibus,
2358 2931 2677 2987 Rhemensis
2728 2931 2959 2988 ecclesia
3011 2941 3066 2987 et
3120 2931 3557 3001 archiepiscopus

1984 3019 2074 3088 qui
2103 3020 2154 3073 in
2177 3035 2240 3073 ea
2269 3021 2591 3075 constitutus
2621 3019 2784 3076 fuerit
2814 3023 2977 3076 talem
3023 3022 3222 3078 habeat
3265 3023 3562 3077 auctorita-

1988 3118 2113 3174 tem,
2147 3112 2286 3165 sicut
2317 3113 2456 3166 sacri
2501 3129 2735 3169 canones
2781 3122 2837 3169 et
2873 3113 3032 3182 hujus
3075 3123 3274 3170 sancta:
3317 3115 3560 3170 ecclesia:

1983 3198 2394 3255 constitutiones
2426 3200 2637 3256 docent.
2689 3203 2755 3256 Et
2795 3204 2973 3258 nullus
3002 3219 3100 3272 per
3127 3204 3294 3258 ullum
3323 3222 3558 3274 unquam

1983 3294 2194 3357 tempus
2237 3289 2355 3354 tibi,
2393 3289 2474 3343 vel
2501 3289 2791 3343 Rhemensi
2823 3291 3084 3355 ecclesim,
3116 3292 3182 3346 de
3212 3294 3374 3347 rebus
3399 3293 3466 3346 ad
3498 3295 3561 3348 il-

1982 3377 2087 3430 lam
2117 3379 2295 3432 debite
2328 3379 2720 3448 pertinentibus
2765 3379 3086 3434 divisionem
3113 3381 3195 3434 vel
3227 3381 3558 3447 violentiam,

1983 3469 2123 3522 sicut
2170 3474 2328 3520 antea
2372 3466 2573 3521 factum
2621 3466 2743 3534 fuit,
2771 3467 2952 3522 facere
2975 3477 3286 3538 pnesumat.
3315 3470 3450 3540 Nam
3489 3472 3560 3537 si,

1982 3561 2126 3629 quod
2170 3574 2277 3612 non
2316 3559 2604 3624 credimus,
2645 3559 2864 3629 si'quis
2903 3560 2993 3614 ille
3038 3562 3202 3616 fuerit
3227 3564 3319 3632 qui
3370 3572 3559 3618 contra

1982 3651 2124 3704 hanc
2167 3657 2406 3702 nostram
2439 3651 2852 3718 przeceptionem
2883 3652 3171 3705 temerario
3219 3667 3352 3706 ausu
3377 3654 3560 3719 venire

1984 3741 2290 3807 tentaverit,
2330 3741 2431 3795 nisi
2469 3755 2527 3795 se
2555 3743 2664 3796 cito
2692 3750 2748 3797 et
2784 3743 3018 3796 maxime
3043 3753 3165 3811 post
3193 3746 3562 3801 commonitio-

1984 3844 2108 3884 nem
2138 3831 2455 3895 correxerit,
2489 3832 2624 3887 sciat
2659 3847 2718 3887 se
2743 3841 2947 3887 aeterno
2968 3833 3076 3898 Dei
3095 3833 3300 3902 judicio
3337 3836 3549 3891 anat‘he

1985 3923 2146 3978 matis
2173 3923 2386 3979 vinculo
2410 3939 2531 3979 esse
2560 3924 2894 3980 innodatum.
2945 3924 3000 3980 Si
3027 3926 3150 3996 quis
3189 3942 3317 3981 vero
3347 3937 3563 3996 aposto-

1982 4012 2086 4068 lica
2115 4017 2410 4069 servaverit
2435 4023 2726 4085 praecepta,
2754 4024 2809 4071 et
2831 4031 3076 4071 normam
3117 4026 3279 4073 reette
3300 4025 3355 4072 et
3377 4018 3570 4075 orthc.

1983 4102 2135 4158 doxa:
2182 4103 2304 4160 ﬁdei
2344 4103 2506 4159 fuerit
2555 4114 2854 4170 assecutus,
2899 4107 3287 4164 benedictionis
3328 4109 3566 4179 gratiam

1983 4201 2363 4263 consequatur.
2403 4193 2530 4250 Haec
2559 4211 2590 4248 a
2619 4196 2773 4251 nobis
2796 4195 3012 4250 deﬁnita
3041 4212 3139 4265 per
3177 4195 3336 4266 hujus
3361 4208 3572 4268 nostrae.

1983 4283 2406 4340 conﬁrmationis
2449 4286 2700 4354 paginam
2750 4287 2805 4340 in
2857 4294 2947 4341 tua
3008 4287 3234 4342 ecclesia
3286 4289 3570 4357 perpetuis

316 4377 402 4424 tuo
424 4371 565 4426 bono
595 4372 774 4426 studio
814 4373 1176 4440 concedimus,
1205 4385 1365 4445 atque
1392 4379 1712 4434 auctoritate
1735 4380 1878 4434 beati
1909 4406 1964 4466 υ
1986 4373 2317 4442 temporibus
2343 4388 2442 4442 pro
2468 4377 2549 4428 sui
2592 4376 3002 4430 conﬁrmatione
3025 4377 3392 4430 conservanda
3435 4391 3566 4431 esse.

316 4457 454 4511 Petri
499 4460 1176 4532 principis,apostolorum,
1209 4467 1295 4521 cui
1340 4469 1464 4524 data
1489 4481 1573 4526 est
1616 4488 1646 4527 a
1674 4473 1784 4528 Deo
1825 4480 1881 4527 et

311 4547 574 4604 salvatore
622 4560 805 4607 nostro
845 4552 969 4608 Jesu
1017 4553 1231 4611 Christo
1284 4557 1482 4629 ligandi
1531 4563 1882 4631 solvendique

314 4646 544 4706 potestas
572 4649 790 4708 peccata
821 4643 1096 4699 hominum
1135 4647 1189 4700 in
1225 4649 1363 4703 coelo
1389 4659 1444 4704 et
1478 4651 1530 4704 in
1560 4659 1726 4715 terra,
1756 4667 1880 4706 con-

312 4725 586 4782 firmamus
624 4737 784 4799 atque
831 4733 1141 4789 solidamus.
1187 4737 1545 4792 Rhemensem
1593 4740 1878 4796 ecclesiam

311 4817 450 4871 sicut
497 4825 550 4872 et
584 4820 878 4890 antiquitus
917 4823 1020 4880 fuit
1061 4812 1877 4898 metropolim'permansnram,

308 4915 363 4960 et
387 4907 616 4977 primam
647 4927 756 4967 suae
778 4912 1077 4972 dioeceseos
1122 4916 1306 4972 sedem
1329 4934 1475 4983 esse,
1508 4929 1562 4974 et
1599 4928 1666 4985 te,
1692 4924 1800 4992 qui-
1825 4925 1879 4979 in

309 4997 496 5052 eadem
539 5001 664 5056 sede
686 5014 1010 5073 cooperante
1032 5006 1145 5062 Deo
1179 5008 1458 5064 ordinatus
1485 5026 1560 5075 es,
1589 4996 1878 5082 primatem

310 5085 479 5157 ipsius
507 5089 759 5148 dioecesis
784 5109 924 5161 esse,
956 5111 1076 5151 cum
1114 5099 1363 5154 omnibus
1412 5100 1725 5158 civitatibus
1761 5121 1880 5174 quae

305 5174 376 5232 ab
425 5179 646 5249 antiquo
687 5190 927 5254 tempore
964 5184 1257 5242 Rhemensi
1308 5191 1592 5260 metropoli
1636 5194 1880 5251 ecclesia:

306 5267 560 5336 subjectae
588 5270 823 5340 fuerunt,
847 5283 1008 5344 atque
1036 5277 1198 5331 etiam
1226 5282 1502 5349 perpetuis
1544 5286 1878 5355 temporibus

308 5361 401 5416 tibi
437 5370 492 5417 et
530 5369 931 5424 successoribus
976 5371 1082 5426 tuis
1113 5371 1182 5426 sit
1225 5375 1620 5431 conﬁrmatum.
1669 5379 1738 5433 Et
1774 5380 1880 5436 hoc

307 5451 687 5512 interdicentes
721 5466 779 5512 ut
805 5459 982 5515 nullus
1019 5464 1232 5530 audeat,
1261 5465 1414 5534 juxta
1446 5478 1757 5525 sanctorum
1788 5463 1906 5526 ea?

308 5559 504 5600 nonum
529 5548 893 5615 traditionem,
915 5566 982 5606 ex
1005 5553 1110 5607 alio
1139 5556 1448 5626 episcopatu
1473 5560 1672 5616 ibidem
1705 5569 1880 5616 trans-

307 5633 493 5704 latare,
523 5650 616 5697 aut
648 5643 975 5700 constituere
1000 5647 1306 5718 episeOpum
1342 5660 1458 5720 post
1505 5660 1648 5708 tuam
1685 5654 1751 5710 de
1777 5657 1878 5712 hoc

1987 4462 2320 4517 mandamus.
2367 4461 2696 4533 Injungimus
2735 4463 2898 4518 etiam
2954 4463 3275 4519 fraternitati
3323 4475 3447 4529 tuae.
3502 4473 3565 4521 ut

1983 4557 2110 4627 quia
2155 4557 2221 4612 de
2266 4555 2606 4611 ordinatione
2651 4557 2888 4626 episcopi
2933 4558 3150 4612 nomine
3170 4557 3330 4622 Lulli,
3359 4568 3573 4616 sanctas

1983 4646 2307 4717 Moguntina:
2332 4645 2600 4710 ecclesiae,
2639 4647 2707 4701 ad
2753 4662 2851 4701 nos
2884 4649 3128 4716 quaedam
3171 4658 3566 4724 pervenerunt,

1982 4737 2269 4808 assumptis
2321 4745 2496 4791 tecum
2551 4737 2812 4808 Viomago
2869 4737 3077 4811 [Hard.
3124 4739 3197 4794 al.
3251 4739 3564 4812 Wiomado,

1981 4830 2214 4899 episcopo
2240 4825 2555 4898 Treverensi]
2581 4826 2643 4882 et
2665 4827 2981 4884 Possessore
3005 4829 3274 4901 episcopis
3303 4839 3358 4886 et
3380 4831 3568 4898 missis.

1983 4917 2200 4987 gloriosi
2239 4932 2304 4971 ac
2345 4917 2602 4985 spiritalis
2646 4917 2743 4972 ﬁlii
2789 4917 2960 4973 nostri
3004 4918 3186 4976 Caroli
3226 4920 3564 4994 Francorum

1984 5006 2143 5076 regis,
2169 5005 2452 5074 diligenter
2474 5006 2716 5076 inquiras
2740 5009 2918 5062 omnia
2941 5010 3006 5064 de
3034 5009 3176 5066 illius
3200 5011 3560 5088 ordinatione,

1981 5108 2037 5153 et
2069 5097 2229 5153 ﬁdem
2261 5113 2328 5152 ac
2352 5097 2651 5153 doctrinam
2687 5099 2850 5166 illius,
2876 5109 3038 5170 atque
3074 5104 3556 5172 conversationem.

1982 5202 2038 5247 et
2067 5207 2248 5246 mores
2289 5207 2354 5246 ac
2379 5191 2544 5244 vitam
2587 5192 2874 5263 investiges
2903 5207 2920 5246 :
2945 5200 3006 5246 ut
3048 5194 3092 5249 si
3120 5202 3278 5264 aptus
3318 5194 3483 5249 fuerit
3503 5202 3562 5252 et

1984 5283 2175 5352 dignus
2220 5281 2285 5335 ad
2332 5280 2693 5351 episcopalem
2755 5281 3068 5337 cathedram
3131 5283 3561 5360 gnbernandam,‘

1983 5376 2278 5448 expositam
2307 5383 2360 5430 et
2380 5374 2764 5444 conscriptam,
2791 5383 2848 5429 et
2871 5389 3034 5432 manu
3061 5391 3156 5430 sua
3189 5374 3403 5446 propria
3434 5373 3561 5428 sub-

1981 5474 2260 5540 scriptam,
2285 5469 2606 5524 catholicam
2631 5477 2687 5523 et
2708 5469 3061 5524 orthodoxam
3078 5469 3236 5524 ﬁdem
3252 5484 3348 5538 per
3366 5468 3568 5533 missos

1983 5575 2110 5614 suos
2137 5574 2256 5611 cum
2285 5558 2481 5613 litteris
2510 5573 2573 5612 ac
2605 5559 2912 5614 testimonio
2935 5567 3048 5616 tuo.
3073 5575 3165 5615 seu
3196 5559 3421 5614 aliorum
3449 5557 3562 5628 epi-,

1982 5669 2265 5722 scoporntn
2296 5669 2430 5722 quos
2461 5663 2636 5710 tecum
2667 5669 2786 5710 esse
2819 5655 3211 5719 mandavimus,
3249 5653 3316 5710 ad
3355 5669 3452 5726 nos
3483 5651 3566 5711 ἀίει.
