3962 6166
337 386 347 394 .
427 327 568 388 ίξίῧ

1762 326 2043 383 ADRIANI
2082 324 2286 381 ΡᾹΡᾸΒ

3548 323 3697 380 1216

423 439 584 508 rigat,
601 442 663 492 ut
679 435 897 506 pallium
925 436 1001 492 illi
1027 437 1326 496 secundum
1353 435 1798 494 consuetudinem
1829 442 1999 491 trans-
2025 441 2078 500 Α
2104 446 2246 494 tates
2287 438 2392 494 sibi
2436 437 2700 500 subditas,
2759 449 2896 505 quas
2923 435 3116 491 beatus
3143 434 3253 490 Leo
3290 442 3348 490 et
3373 435 3461 490 alii
3484 439 3697 506 prado-

423 529 718 593 mittamns,
738 537 793 582 et
810 526 1204 584 ordinationem
1226 527 1372 582 illius
1411 529 1626 582 ﬁrmam
1669 525 1995 596 Iudicemus,

423 627 480 674 et
516 618 572 673 in
606 619 796 674 eadem
825 626 1011 674 sancta
1045 618 1274 674 ecclesia
1301 617 1609 688 Moguntina
1638 617 2001 686 archiepisco-

423 725 552 780 pum
580 709 928 764 constitutum
954 724 1073 765 esse
1098 709 1382 764 iaciamus.
1414 708 1558 763 Bene
1577 707 1718 763 vale.

963 833 988 861 α
1031 820 1364 876 EPISTOLA
1393 821 1504 876 LV.

495 930 564 968 AD
586 928 930 968 ιιειιτιιειιιυιι
955 927 1282 967 νιεκιιειηεειι
1329 927 1616 969 εριεσοινωι
1666 927 2005 968 κετιιοιιοιιι-

1096 997 1299 1037 TANUII.

432 1068 512 1123 De
549 1068 886 1124 ecclesiarum
915 1077 1080 1133 statu,
1146 1085 1210 1122 ac
1233 1069 1430 1122 honore
1456 1078 1567 1122 tum
1610 1069 2001 1137 episcoporum,

492 1148 605 1194 tum
621 1138 1161 1209 Metropolitanum,
1182 1138 1383 1208 pridem
1399 1138 1454 1190 in
1470 1136 1658 1192 Galliis
1680 1136 1928 1207 neglecto.

496 1227 768 1284 Adrianus
810 1243 998 1284 servus
1034 1243 1315 1284 servorum
1352 1228 1466 1293 Dei,
1523 1228 1804 1282 Bcrtherio
1842 1228 2007 1283 Vien-

428 1318 582 1373 nensi
623 1319 878 1388 episcopo
903 1319 1153 1375 salutem.

498 1429 735 1485 Dilectus
764 1438 820 1485 et
851 1430 1072 1486 illustris
1094 1445 1159 1485 ac
1198 1431 1486 1500 religiosus
1518 1430 1658 1484 ﬁlius
1699 1437 1886 1485 noster
1905 1429 2011 1486 Ca-

430 1518 579 1574 rolus
618 1533 735 1584 rex,
778 1521 1041 1589 patricius
1109 1521 1501 1584 Romanorum,
1566 1520 1793 1575 Romam
1835 1523 2004 1588 venit,

428 1617 485 1663 et
510 1607 713 1664 Pascha
762 1609 973 1665 Domini
1003 1610 1145 1680 apud
1173 1619 1421 1666 sanctum
1458 1611 1678 1665 Petrum
1727 1611 2009 1666 nobiscum

430 1702 566 1772 egit,
598 1703 690 1759 ubi
725 1703 868 1759 inter
895 1703 1000 1758 alia
1044 1720 1170 1759 eum
1216 1705 1523 1758 monuimus
1550 1703 1616 1758 de
1647 1704 2011 1774 metropolita-

2104 544 2351 584 cessores
2405 545 2469 584 ac
2508 542 2858 583 successores
2906 527 3076 597 ipsius
3119 534 3245 598 post
3279 525 3698 583 Chalcedonen-

2104 636 2220 676 sem
2245 619 2508 691 synodum
2537 619 2768 689 singulis
2790 617 3151 689 metropolitis
3175 617 3558 673 distinxerunt.
3578 618 3697 676 Nec

2103 719 2388 782 propterea
2413 710 2522 765 ulla
2551 708 2866 780 metropolis
2905 706 3278 778 praeiudicium
3315 708 3578 778 patiatur,
3638 710 3692 765 si

2102 801 2268 856 alicui
2324 800 2817 871 sull'raganeorum.
2871 808 2964 854 aut
3013 814 3113 854 nos
3163 806 3260 854 aut
3317 799 3698 869 predecessor

2105 899 2311 954 noster,
2337 889 2652 957 rogantibus
2677 888 2783 959 piis
2824 888 3154 943 Francorum
3182 889 3433 952 ducibus,
3461 889 3698 958 pallium

2106 981 2286 1053 largiti
2340 996 2548 1036 sumus.
2589 980 2701 1035 Nec
2744 979 2905 1036 debet
2932 979 3175 1035 Ecclesia
3222 979 3396 1034 ullum
3433 980 3701 1036 damnum

2105 1071 2189 1126 sui
2236 1070 2442 1126 ordinis
2495 1069 2620 1126 inde
2654 1071 2948 1134 sustinere,
2999 1070 3045 1124 si
3072 1084 3171 1142 per
3196 1068 3268 1123 60
3314 1078 3408 1124 aut
3438 1069 3511 1128 80
3547 1080 3607 1125 et
3631 1085 3702 1126 eo

2105 1160 2336 1231 amplius
2365 1175 2555 1224 annos,
2590 1159 2800 1215 incuria
2824 1173 3163 1228 quorumque
3195 1159 3492 1229 prazsulum
3532 1170 3590 1215 et
3611 1177 3702 1216 va-

2106 1249 2339 1305 statione
2366 1249 2745 1313 barbarorum,
2791 1248 3110 1318 dignitatem
3160 1248 3440 1317 antiquam
3485 1257 3540 1303 et
3587 1249 3702 1304 Ro-

2108 1355 2391 1394 manorum
2428 1339 2731 1395 antistitum
2757 1339 3013 1394 ﬁrmitate
3039 1340 3348 1394 roboratam
3378 1341 3617 1410 perdidit
3645 1351 3702 1395 et

2115 1428 2322 1493 amisit,
2375 1429 2596 1499 quando
2624 1428 2926 1483 innumeris
2965 1443 3105 1498 pene
3133 1428 3292 1484 annis
3322 1429 3433 1494 illa,
3485 1429 3702 1500 Spiritu

2115 1522 2212 1580 Dei
2262 1521 2600 1591 disponente,
2639 1527 2738 1575 usa‘
2763 1518 2946 1575 fuerit.
2975 1520 3312 1576 Auctoritate
3350 1522 3516 1593 igitur
3541 1523 3696 1576 beati

2109 1615 2257 1670 Petri
2304 1611 2566 1682 principis
2605 1609 2988 1681 apostolorum,
3048 1611 3279 1681 singulis
3325 1612 3696 1681 metropolitis

2108 1704 2330 1772 antiquo
2353 1715 2504 1756 more
2531 1706 2850 1770 potestatem
2872 1715 3027 1754 suam
3055 1699 3407 1765 reddidimus,
3433 1710 3489 1754 et
3519 1699 3697 1754 ﬁlium

431 1808 622 1848 norum
667 1795 892 1857 honore,
949 1802 1003 1848 et
1030 1793 1097 1849 de
1134 1794 1445 1849 civitatibus
1489 1809 1611 1864 quae
1635 1775 1802 1849 Ilaicis
1828 1796 2004 1849 homi-
2035 1781 2080 1841 Β
2109 1802 2352 1848 nostrum
2373 1791 2667 1864 gloriosum
2691 1799 2748 1845 et
2779 1791 3036 1861 inclytum
3065 1805 3244 1861 regem
3269 1789 3525 1846 Carolum
3567 1801 3700 1846 ante

430 1882 589 1936 nibus
638 1883 850 1937 traditae
885 1891 1061 1946 erant,
1127 1891 1184 1936 et
1231 1883 1357 1952 quia
1391 1882 1716 1953 episcopalis
1763 1884 2007 1955 dignitas

431 1971 544 2028 fere
582 1987 680 2043 per
722 1972 792 2026 80
839 1989 1011 2028 annos
1045 1983 1189 2029 esset
1225 1976 1564 2031 conculcata.
1615 1974 1749 2030 Cum
1799 1977 1915 2031 haec
1949 1983 2006 2032 et

431 2061 536 2118 alia
584 2063 781 2118 similia
827 2063 1094 2135 gloriosus
1130 2080 1224 2119 rex
1275 2066 1532 2131 audisset,
1576 2064 1828 2134 promisit
1877 2073 2010 2120 ante

429 2167 630 2224 corpus
674 2153 820 2210 beati
848 2153 993 2210 Petri
1037 2156 1286 2225 apostoli,
1352 2156 1497 2226 quod
1523 2154 1706 2211 omnia
1741 2155 1808 2210 ad
1829 2171 2012 2212 emen—

431 2245 702 2300 dationem
733 2252 974 2300 nostram
1015 2246 1280 2301 venirent.
1321 2247 1472 2302 Unde
1499 2243 1706 2316 placuit
1741 2248 1898 2303 nobis
1945 2255 2006 2302 ut

431 2336 682 2392 omnibus
737 2337 1154 2410 archiepiscopis
1203 2349 1260 2395 et
1314 2342 1579 2413 episcopis
1627 2345 2004 2400 auctoritatem

435 2434 739 2482 nostrarum
771 2427 1073 2484 litterarum
1103 2431 1459 2499 mitteremus,
1507 2443 1568 2488 ut
1597 2435 1741 2491 sicut
1769 2435 2008 2504 antiquis

434 2516 726 2587 privilegiis
745 2518 970 2589 singula:
988 2522 1584 2591 metrOpolitanteurbes
1605 2525 1840 2580 fundatae
1861 2533 2006 2590 sunt,

435 2606 508 2660 ita
537 2617 817 2676 maneant;
851 2618 911 2664 ut
951 2611 1147 2667 habeat
1173 2628 1506 2684 unaquzeque
1533 2615 1848 2686 metropolis
1871 2615 2007 2670 civi-

2111 1901 2307 1956 corpus
2343 1884 2488 1941 beati
2533 1884 2680 1939 Petri
2709 1883 2834 1938 inde
2869 1883 3179 1953 rogavimus
3212 1891 3273 1936 ut
3297 1883 3580 1952 antiquam
3615 1884 3699 1938 di-

2112 1976 2374 2048 gnitatem
2403 1975 2582 2030 omnis
2629 1972 2944 2044 metmpolis
2966 1972 3209 2027 haberet.
3240 1971 3368 2027 Ideo
3407 1973 3555 2028 hanc
3580 1974 3698 2043 epi-

2114 2067 2308 2123 stolam
2337 2065 2678 2121 auctoritatis
2706 2072 2909 2120 nostra:
2936 2062 3191 2119 omnibus
3211 2061 3487 2127 misimus,
3537 2079 3700 2132 quam

2109 2165 2164 2211 et
2203 2165 2259 2212 tu
2288 2165 2349 2211 ut
2390 2156 2617 2212 haberes
2656 2153 2944 2216 voluimus,
2989 2161 3046 2208 et
3070 2160 3130 2207 ut
3151 2160 3211 2206 tu
3239 2165 3500 2207 nosceres
3521 2153 3698 2207 eccle-

2111 2247 2204 2302 siae
2248 2256 2351 2302 tuae
2370 2245 2736 2317 privilegium,
2793 2243 2939 2313 quod
2984 2258 3016 2297 a
3070 2251 3314 2312 tempore
3353 2243 3506 2297 beati
3554 2258 3702 2314 papa:

2111 2339 2309 2394 Leonis
2337 2338 2545 2404 habuit,
2577 2351 2697 2392 esse
2723 2337 2930 2404 integre
2959 2333 3332 2389 reformatum.
3382 2335 3588 2390 Datum
3609 2335 3701 2390 lia.

2112 2432 2284 2486 lcndis
2321 2429 2584 2494 Januarii,
2625 2429 2925 2498 imperante
2953 2426 3198 2496 piissimo
3255 2426 3510 2497 Augusto
3559 2424 3698 2482 Cou-

2114 2521 2372 2585 stantino,
2418 2527 2690 2574 annuente
2718 2519 2827 2572 Deo
2851 2526 3112 2572 coronato
3139 2516 3386 2587 piissimo
3437 2528 3573 2588 rege
3603 2514 3699 2570 Ca-

2117 2610 2251 2674 rolo,
2279 2624 2419 2664 anno
2440 2609 2616 2679 primo
2646 2609 2965 2679 patriciatus
2993 2605 3131 2675 ejus.

1809 2703 2145 2763 EPISTOLA
2181 2703 2315 2759 LVI.

1551 2814 1616 2855 an
1661 2814 2066 2858 CONSTAN‘I‘INUI
2103 2813 2173 2852 ετ
2213 2811 2410 2850 mesen
2445 2795 2543 2868 (⁸).

437 2881 709 2960 ’Βρμηνεία
734 2892 1049 2966 γραμμάτων
1075 2897 1356 2966 Ῥωμαὶξῶν
1373 2890 1632 2966 ξΑδριανοῦ
1662 2899 1753 2948 τοῦ
1781 2891 2006 2963 ἁγιωτά-

2179 2885 2450 2940 Adrianus
2471 2884 2755 2954 episcopus
2787 2898 2976 2937 servus
3017 2899 3298 2939 servorum
3329 2883 3424 2939 Dei
3475 2884 3702 2940 dominis

717 2958 809 3012 του
839 2958 986 3012 λιι-ἀπα
1012 2967 1102 3018 τῆς
1124 2958 1478 3035 πρεσϐυτέρας
1516 2965 1726 3032 Ῥώμης.

508 3046 796 3107 Δεσπόταις
831 3047 1218 3109 εὐσεϐεστάτας
1248 3052 1331 3102 καὶ
1358 3051 1735 3122 γαληνοτὰτοις,
1765 3059 2013 3116 νικηταῖς,

435 3137 824 3212 τροπαιούχοες,
872 3138 1063 3199 τέκνοις
1121 3142 1465 3210 ἠγαπημένοις
1509 3138 1602 3213 [ἐν]
1651 3149 1726 3215 τῷ
1778 3148 1888 3213 Θεῷ
1931 3144 2014 3196 καὶ

439 3229 600 3301 κυρίῳ
643 3230 782 3300 ἡμῶν
819 3227 988 3286 Ἰησοῦ
1024 3239 1250 3305 Χριστῷ,
1293 3235 1647 3296 κωνσταντίνῳ
1697 3236 1782 3288 καὶ
1828 3234 2014 3310 Εἰρήνῃ

441 3321 751 3393 Αὐγούσταις
771 3320 1031 3396 Ἀδριανὸς
1059 3321 1234 3384 δοῦλος
1261 3332 1361 3380 τῶν
1398 3323 1588 3380 δούλων
1614 3332 1703 3380 τοῦ
1731 3331 1886 3381 Θεοῦ.

511 3421 570 3466 ιο
595 3411 719 3472 Θεὸς
758 3427 778 3462 ε
813 3410 840 3466 ὃ
869 3413 1021 3466 εἰπὼν
1044 3414 1098 3466 ἐκ
1123 3413 1338 3475 σκότους
1361 3422 1469 3487 φῶς
1503 3414 1725 3486 λάμψαι,
1753 3413 1781 3470 ὁ
1821 3415 2018 3490 λυτρωο

443 3505 658 3574 σᾶμενος
683 3505 819 3573 ἡμᾶς
842 3511 934 3563 τῆς
964 3505 1191 3568 ἔξουσίας
1214 3513 1305 3559 τοῦ
1335 3506 1550 3566 σκότους
1583 3525 1600 3556 ι
1635 3503 1718 3561 διὰ
1749 3513 1840 3566 τῆς
1885 3526 2018 3579 σαρ-

444 3596 647 3653 κὼσεως
694 3599 787 3648 τοῦ
835 3593 952 3648 Tim“)
998 3595 1158 3648 αὐτοῦ
1204 3601 1295 3649 τοῦ
1345 3595 1574 3652 ἀληθινοῦ
1619 3597 1809 3667 φωτὸς,
1845 3612 1865 3646 ε
1898 3594 1948 3649 ἐν

439 3681 671 3743 εὐδόκησα
723 3688 826 3740 πᾶν
868 3684 926 3740 τὸ
978 3685 1230 3758 π).ήρωμα
1279 3693 1372 3746 τῆς
1423 3687 1657 3747 θεότητος
1698 3677 2011 3750 ramalia-att,

443 3779 526 3830 nari
579 3774 810 3831 διἀὖτοῦ
863 3777 1034 3830 πάντα
1081 3775 1429 3837 ἆνακαινίσας,
1469 3779 1556 3830 καὶ
1605 3777 1652 3829 ἐν
1704 3777 1842 3845 αὖτῷ
1874 3776 2012 3850 εἰρη-

444 3869 628 3926 δεύσας
668 3865 756 3922 διὰ
801 3873 892 3920 τοῦ
938 3868 1159 3936 αἵματος
1214 3873 1304 3922 τοῦ
1363 3873 1598 3938 σταυροῦ
1652 3867 1811 3921 αὐτοῦ
1854 3869 1920 3920 τά
1971 3865 2020 3919 ἓν

441 3952 515 4028 τῷ
565 3957 756 4026 οὖρανῷ
800 3958 885 4009 καὶ
936 3957 1003 4010 τὰ
1048 3955 1098 4008 ἄν
1130 3963 1192 4030 τῇ
1229 3964 1294 4028 γῇ
1343 3953 1481 4016 ὅντα,
1513 3973 1536 4006 ο
1591 3954 1674 4011 διὰ
1722 3956 1780 4010 τὸ
1830 3955 2018 4014 πλῆθος

442 4053 531 4103 τοῦ
589 4046 814 4100 πλούτου
861 4053 953 4106 tu":
998 4042 1308 4116 ἆγαθότητος
1373 4047 1527 4100 αὑτοῦ
1551 4084 1569 4110 ,
1620 4043 1897 4113 ἐπιϐλέψας
1946 4047 2019 4104 εἰς

513 4168 541 4197 ι
572 4154 734 4210 Fides
765 4153 926 4223 huius
958 4153 1201 4223 epistola:
1225 4166 1514 4222 rerumque
1543 4153 1596 4206 in
1625 4167 1688 4223 ea
1717 4150 2012 4223 descripta-

442 4241 565 4283 rum
606 4219 865 4280 asseritui-
900 4239 967 4279 ex
993 4219 1237 4286 epistolis
1284 4231 1396 4278 tum
1428 4219 1672 4286 'Zozimi,
1727 4219 2009 4285 Bonifacii,

444 4295 662 4360 Leonis,
694 4293 883 4375 Hilarii
920 4290 1340 4375 et_._S_ymmachi,.
1380 4292 1746 4375 Romanorum
1795 4290 2013 4375 pontiﬁ-

444 4383 589 4431 cum,
615 4379 712 4448 pro
727 4359 1080 4432 metropoliti's
1105 4362 1499 4432 provinciarum
1527 4359 1864 4442 Viennensis,
1887 4359 2015 4416 Are-

443 4436 685 4500 latensrs,
708 4433 1126 4496 Ebredunensis,
1154 4443 1314 4502 atque
1338 4431 2011 4502 Narbonensmmdnarum

445 4499 858 4580 distinguendis,
917 4510 1034 4580 tum
1053 4499 1243 4580 .etiam'
1282 4517 1349 4557 ex
1378 4502 1504 4580 aliis
1539 4501 1787 4580 Gregorii
1836 4499 2012 4580 μειδιιί

443 4589 595 4645 papa:
614 4569 699 4628 'ad
742 4571 1025 4645 Syagrium
1053 4571 1356 4627 Eduensem
1378 4580 1450 4645 et
1469 4569 1803 4645 Desiderium
1825 4569 2011 4645 Autis-

445 4638 816 4722 siodorensen'r
839 4638 1136 4722 episcopos,
1163 4657 1261 4722 pro
1308 4641 1454 4711 pallii
1485 4639 1845 4721 concessione.
1874 4638 2013 4722 Rur:

445 4729 538 4769 sus
583 4712 649 4768 de
697 4708 944 4782 neglectu
989 4708 1339 4765 ecclesiarum
1355 4725 1459 4782 seu
1493 4710 1879 4782 episcoporum
1922 4708 2012 4782 vel

445 4777 906 4852 metropolitanum
945 4787 1272 4852 contemptu,
1315 4777 1557 4852 videndae
1577 4777 1730 4852 _sutit
1772 4777 2012 4852 epistola:

447 4847 706 4908 Bonifacii
733 4849 1119 4920 archiepiscopi
1144 4847 1460 4917 Hoguntini,
1489 4847 1698 4972 (quibus
1722 4847 2012 4916 respondet

447 4937 585 4972 uana
613 4921 902 4972 Zacharias
929 4920 985 4972 in
1014 4928 1144 4972 tom.
1193 4919 1213 4972 l
1253 4919 1457 4972 Concil.
1514 4917 1691 4971 >alli:e.
1743 4916 2009 4972 Cancrum

447 4937 585 4992 papa
613 4921 902 4992 Zacharias
918 4916 985 4974 in
1014 4916 1144 4974 toin.
1193 4916 1717 4992 l_’Concil._Gal_|_ire_._
1743 4916 2009 4992 Czeterum

448 4986 778 5048 observanda
830 4997 912 5045 est
944 5003 1054 5044 atra
1086 4988 1403 5058 patriciatus
1444 4986 1879 5058 CaroliMagni,
1922 4987 2008 5041 cui

450 5061 592 5116 hanc
619 5075 806 5117 revera
849 5055 1165 5127 dignitatem
1205 5067 1365 5127 atque
1403 5066 1532 5127 tunc
1571 5055 2015 5127 utilem’conces-

451 5139 658 5197 serunt,
685 5146 828 5186 anno
854 5125 977 5183 774.
1005 5125 1538 5197 Λιιτίειιιιιέροηιίΐθι
1561 5133 1617 5181 et
1645 5126 1881 5197 synodus
1908 5125 2014 5197 llo-

449 5195 730 5266 mana,'ut
783 5200 958 5270 legere
988 5206 1072 5270 est
1119 5195 1435 5270 in‘Decreto
1463 5197 1588 5251 dist.
1637 5195 1730 5270 6.32
1771 5196 2010 5270 ca‘n._22,

452 5286 518 5327 ac
544 5273 598 5327 in
619 5265 747 5325 Vita
771 5265 1010 5338 ejusdem
1033 5267 1232 5338 Caroli.
1286 5266 1470 5334 Qualis
1496 5265 1870 5338 autemluerit
1895 5266 2011 5338 haec

453 5340 704 5422 dignitas,
757 5335 1025 5422 Adrianus
1050 5337 1165 5422 ipse
1191 5337 1524 5422 demonstrat
1558 5350 1625 5391 ex
1662 5335 1805 5416 illius
1833 5350 1933 5422 us‘u
1959 5335 2012 5422 in

451 5403 742 5486 epigraphe
774 5424 840 5464 ac
879 5403 1273 5486 subscriptione
1315 5406 1727 5486 episttolarumn
1748 5403 2015 5486 simulque

456 5473 669 5534 iuni-um
717 5487 990 5535 contextu.
1023 5473 1222 5545 Quanti
1268 5473 1400 5533 vero
1438 5475 1663 5532 Carolus
1703 5473 1911 5539 iecerit,
1968 5473 2016 5528 is

456 5561 669 5618 quoque
703 5547 924 5626 denotat
954 5550 1012 5626 in
1033 5547 1260 5619 epistola
1281 5564 1376 5626 sua
1405 5546 1573 5626 Leoni
1599 5545 1833 5626 lll‘novo
1859 5559 2013 5625 papa:

455 5615 926 5687 congratulatoria.
974 5615 1242 5673 Praeterea
1291 5616 1585 5673 notandum
1612 5622 1696 5670 est
1721 5615 2012 5670 discrimen

2110 2974 2370 3044 piissimis
2391 2981 2446 3026 et
2475 2972 2838 3028 screnissimis
2871 2971 2963 3044 [In
3009 2971 3192 3027 (ἐνωεο
3228 2973 3357 3026 add.
3383 2973 3700 3046 victoribus]

2111 3066 2530 3136 imperatoribus
2551 3080 2615 3119 ac
2639 3064 3144 3134 triumphatoribus,
3171 3065 3296 3119 ﬁliis
3342 3066 3632 3136 diligendis
3654 3067 3703 3120 in

2114 3158 2225 3212 Deo
2255 3165 2310 3212 et
2345 3156 2572 3211 Domino
2594 3163 2780 3211 nostro
2800 3154 2930 3210 Jcsu
2951 3155 3168 3211 Christo
3192 3197 3209 3222 ,
3257 3158 3627 3213 Constantino
3654 3167 3703 3213 et

2114 3247 2284 3301 lrena:
2306 3244 2582 3317 Augustis.

2195 3409 2356 3472 Deus,
2382 3409 2472 3480 qui
2509 3408 2643 3463 dixit
2679 3407 2744 3462 de
2766 3409 2988 3463 tenebris
3030 3408 3199 3463 lucem
3224 3409 3606 3480 splendescere,
3619 3413 3700 3480 qui

2120 3499 2310 3568 eripuit
2340 3515 2432 3552 nos
2462 3499 2526 3552 de
2547 3508 2798 3569 potestate
2822 3499 3152 3552 tenebrarum
3205 3498 3294 3569 (II
3323 3499 3450 3554 Cor.
3486 3501 3566 3568 tv)
3613 3516 3701 3571 per

2123 3589 2549 3644 incarnationem
2593 3587 2714 3642 Filii
2741 3589 2824 3643 sui
2848 3588 2960 3643 veri
2990 3588 3226 3652 luminis,
3255 3591 3311 3642 in
3347 3607 3453 3660 quo
3482 3592 3703 3660 compla-

2121 3672 2227 3734 cuit
2247 3696 2450 3734 onmem
2484 3679 2860 3750 plenitudinem
2885 3680 3094 3734 deitatis
3117 3681 3374 3744 habitare,
3402 3692 3451 3736 et
3476 3699 3574 3751 per
3593 3699 3700 3736 eant

2119 3787 2366 3826 renovare
2395 3771 2570 3824 omnia
2593 3810 2610 3834 ,
2659 3771 2785 3824 etin
2809 3771 2920 3841 ipso
2953 3771 3236 3840 paciﬁcum
3265 3788 3360 3841 per
3396 3775 3699 3843 sanguinem

2117 3863 2286 3916 crucis
2316 3861 2430 3931 ej‘us
2454 3862 2560 3915 sive
2605 3877 2724 3928 qua:
2748 3862 2804 3915 in
2833 3861 2993 3925 caelis,
3021 3863 3125 3916 sive
3144 3879 3262 3932 qua:
3289 3864 3344 3917 in
3392 3867 3555 3920 terris
3590 3875 3700 3920 sunt

2118 3951 2341 4021 (Coloss.
2369 3952 2429 4023 l).
2459 3968 2556 4021 per
2577 3951 2903 4022 multiplices
2937 3952 3425 4011 divitiasbonitatis
3447 3971 3567 4011 sua:
3591 3998 3605 4019 ,
3652 3956 3700 4010 in

2119 4043 2312 4100 faciem
2335 4043 2592 4100 Ecclesiae
2631 4060 2744 4100 sua:
2773 4045 3083 4114 respiciens,
3110 4055 3347 4101 vestram
3397 4051 3700 4117 praescium

2112 4153 2346 4235 aliquod
2387 4153 2528 4209 inter
2559 4155 2924 4235 patriciatum
2965 4154 3156 4235 Caroli
3196 4155 3453 4222 Martelli,
3480 4159 3700 4235 _Pippini

2113 4221 2527 4295 regis,_ej_usquc
2555 4221 2786 4279 ﬁliorum
2829 4224 3044 4280 vivente
3071 4233 3243 4293 patre,
3271 4236 3327 4281 et
3348 4221 3695 4295 patriciatum

2115 4291 2293 4364 Caroli
2338 4291 2514 4364 Magni
2545 4302 2669 4362 post
2715 4301 2945 4348 mortem
3000 4291 3215 4364 quoque
3265 4291 3486 4362 fratris,
3530 4299 3584 4354 in
3634 4312 3698 4353 eo

2116 4363 2259 4431 quod
2284 4363 2566 4437 pontiﬁces
2595 4363 2845 4437 Romani,
2889 4363 3100 4419 merum
3145 4365 3462 4436 nudumque
3488 4365 3700 4437 patricii

2117 4446 2332 4506 nomen,
2372 4441 2428 4506 et
2467 4433 2688 4489 honoris
2725 4448 2886 4488 causa
2917 4441 3144 4506 tantum,
3175 4433 3385 4506 absque
3404 4433 3514 4491 ulla
3537 4438 3700 4506 juris-

2117 4501 2354 4557 dictione
2395 4502 2449 4574 in
2499 4511 2763 4574 senatum,
2794 4503 3169 4574 populumque
3198 4501 3554 4572 Romanum;
3589 4508 3694 4562 illis

2119 4572 2508 4636 concesserint,
2530 4572 2585 4626 in
2610 4572 2863 4627 Carolum
2892 4572 3085 4628 autem'
3097 4573 3294 4640 solum,
3319 4578 3694 4632 omnimodam

2119 4639 2264 4712 illam
2288 4640 2736 4708 iurisdictionem,
2789 4643 3050 4712 prmdicto
3071 4639 3334 4698 duntaxat
3357 4661 3506 4700 anno
3534 4663 3696 4701 causa

2115 4708 2442 4785 donationis
2473 4721 2672 4785 mutua}
2719 4708 3103 4785 contulerunt,
3131 4713 3288 4785 unde
3316 4714 3396 4770 illi
3423 4732 3695 4785 nusquam

2117 4779 2220 4834 hoc
2253 4781 2606 4852 patriciorum
2629 4781 2784 4836 titulo
2811 4781 2864 4836 in
2891 4783 3004 4837 suis
3023 4784 3269 4852 epistolis
3289 4785 3369 4839 usi
3396 4779 3697 4849 sunt,'cono

2125 4857 2209 4934 tra
2233 4865 2364 4904 vero
2391 4850 2616 4906 Carolus
2664 4866 2891 4934 magnus
2933 4850 3069 4934 res,
3103 4853 3248 4908 hunc
3268 4856 3599 4934 patriciatus
3630 4855 3699 4934 _ti-

2127 4919 2598 4992 tulum_nunquam
2625 4919 2809 4975 omisit
2836 4919 3329 4992 inquibuscunque
3355 4925 3524 4980 dictis
3544 4936 3600 4980 et
3626 4925 3698 4978 fa-

2119 4989 2242 5068 ctis,
2269 4989 2468 5068 odonec’
2484 4991 2857 5068 _imperatoris
2883 4989 3204 5068 dignitatem
3240 4989 3419 5048 _l'uerit
3445 4996 3689 5068 adeptus.

2119 5057 2226 5111 imo
2262 5057 2980 5135 jugxitfrequenterhuju's
3018 5070 3200 5135 notam
3223 5079 3347 5135 cum
3386 5057 3694 5135 regni'tem-

2117 5142 2268 5208 pore.
2322 5128 2561 5208 Tandem
2598 5131 2783 5208 honor
2804 5130 2908 5208 iste
2936 5131 3256 5199 patriciatus
3283 5128 3486 5188 Carolo
3509 5135 3694 5208 Magno

2121 5197 2569 5272 irrcfragabiliter
2592 5200 2660 5254 ab
2702 5197 2950 5272 Adriano
2969 5215 3106 5270 papa
3146 5212 3534 5272 conservatur,
3582 5197 3695 5272 qui-

2117 5282 2224 5342 que
2283 5259 2402 5338 plus
2444 5269 2610 5342 etiam
2647 5277 2704 5324 et
2749 5259 2988 5342 amplius
3027 5259 3323 5342 honoriﬁce
3358 5273 3430 5327 ah
3465 5259 3693 5342 ipsomet

2116 5337 2410 5392 honoratur
2435 5337 2664 5409 (scilicet
2691 5353 2804 5408 prae
2827 5338 2986 5462 aliisk
3008 5348 3068 5394 ut
3090 5341 3329 5411 loquitur
3351 5337 3696 5397 idem—Adria-

2118 5422 2220 5462 nus
2260 5406 2328 5462 ad
2359 5409 2608 5462 eumdem
2648 5408 2901 5462 Carolum
2975 5408 3218 5462 lacuum.
3268 5409 3446 5462 Porro
3483 5412 3694 5462 enisa)-

2118 5422 2220 5462 nus
2245 5406 2328 5481 _a_d
2359 5406 2608 5481 eumdem
2635 5406 2901 5481 Carolum
2949 5406 3227 5481 Magnum.
3268 5409 3446 5466 Porro
3483 5412 3694 5481 episco-

2116 5491 2218 5546 pus
2243 5477 2699 5551 ille_Viennensis,
2726 5479 2830 5551 _cui
2871 5477 3063 5551 scribit
3105 5479 3374 5551 Adrianus
3396 5477 3558 5551 papa,
3601 5496 3693 5532 vo-

2118 5556 2272 5620 catur
2303 5547 2382 5620 _ab
2413 5546 2617 5620 _Adone
2667 5548 2832 5620 etiam
2889 5548 3176 5603 Viennensi
3210 5546 3586 5620 _metropolita
3634 5551 3685 5601 in

2118 5616 2386 5672 Chronico
2413 5615 2736 5673 Bcrtericus.
2773 5617 2986 5674 Pramus
3022 5635 3086 5673 ns
3113 5634 3178 5675 LA
3209 5618 3414 5675 Laxos.

3603 5663 3636 5684 .-

519 5729 587 5779 t‘i
611 5730 701 5782 llic
727 5741 822 5780 uno
847 5739 898 5782 et
919 5731 1077 5781 altero
1100 5728 1250 5780 verbo
1273 5742 1478 5779 mouere
1502 5727 1703 5780 sutllciat
1727 5727 1946 5779 ﬁrmum
1968 5738 1996 5775 a
2018 5723 2194 5777 Latino
2215 5737 2443 5778 sermone
2468 5727 2515 5778 iu
2532 5728 2676 5790 epist.
2702 5738 2841 5789 seqq.
2862 5721 3211 5788 aliquantulum
3232 5721 3536 5780 discrepare.
3583 5713 3714 5767 Enn.
