3962 6166
410 214 540 272 ili?

1852 221 2233 282 EPISTOLIE.

3520 238 3654 298 1218

402 339 457 381 et
477 327 910 397 pnedestinatam
945 330 1344 387 serenissimam
1397 342 1452 389 et
1489 334 1820 404 imperialem
1871 336 1954 390 ele

2054 339 2146 394 ιτό
2201 339 2478 416 πρόσωπον
2542 353 2634 407 τῆς
2695 345 2983 411 ’Βικλησίας
3035 351 3222 418 αὐτοῦ,
3268 359 3360 415 τὸν
3408 355 3654 436 ὖμετέραν

397 419 656 474 mentiam
688 421 756 476 ad
780 421 901 476 lldei
937 437 1080 477 nunc
1104 424 1469 495 integritatem
1517 443 1710 483 vocare
1731 429 1980 498 dignatus

395 517 501 575 est,
527 510 600 565 ita
626 520 685 565 ut
712 514 858 567 omni
895 514 1146 571 falsitatis
1173 517 1358 573 nubilo
1398 519 1583 588 procul
1618 521 1838 589 exploso
1883 536 1981 589 per

395 617 494 656 vos
521 602 800 658 victricem
825 605 987 660 faciat
1009 608 1313 663 veritatem.
1339 609 1609 676 Quantum
1629 612 1978 667 relationibus

393 691 517 764 [ϐε.
543 693 697 748 relat.
726 695 1050 769 litterarum]
1075 706 1268 754 vestrae
1292 699 1548 769 piissimae
1569 701 1976 772 tranquillitatis

391 783 463 836 ad
484 798 584 838 nos
610 784 938 839 venientium
961 786 1267 852 didicimus,
1299 787 1462 843 etiam
1505 789 1622 858 ipso
1662 791 1846 846 auditu
1888 791 1974 845 ni-

389 873 498 928 mis
522 883 707 930 noster
727 877 1001 933 exsultans
1030 878 1298 934 relevatus
1327 888 1412 935 est
1431 881 1661 946 animus,
1687 893 1740 936 et
1763 890 1970 937 tantum

382 960 740 1030 iucunditatis
766 966 1017 1033 gaudium
1078 967 1132 1021 in
1165 984 1262 1023 cor
1298 978 1543 1024 nostrum
1592 971 1863 1035 ascendit,
1912 981 1972 1026 ut

388 1053 571 1122 lingua
595 1056 827 1112 humana
852 1059 1123 1128 explicare
1147 1062 1326 1117 nullus
1345 1063 1575 1119 sufficiat
1599 1079 1778 1120 sermo
1802 1081 1816 1118 :
1842 1068 1969 1136 quia

307 1202 316 1208 _
387 1145 646 1199 nimirum
685 1146 855 1214 magis
885 1148 1041 1203 nobis
1077 1148 1260 1204 laatitia
1288 1151 1353 1204 de
1394 1152 1590 1207 vestris
1629 1152 1968 1222 jussionibus

386 1249 532 1290 nunc
555 1245 672 1289 orta
710 1244 794 1290 est
817 1253 980 1307 quam
1006 1238 1204 1294 dudum
1227 1255 1326 1309 pro
1361 1241 1831 1299 schismatieorum
1857 1245 1968 1300 hm-

386 1323 495 1377 resi
527 1339 730 1379 mmror
755 1324 1012 1381 aﬂ'ecerit.
1051 1328 1126 1383 De
1150 1328 1236 1384 his
1261 1330 1524 1400 quippein
1547 1333 1679 1402 ipsis
1699 1350 1964 1390 veneran-

383 1416 470 1469 dis
494 1414 828 1482 jussionibus
852 1418 1051 1475 vestris
1073 1419 1428 1488 referebatur,
1445 1440 1566 1494 qua:
1585 1428 1794 1495 pridem
1825 1427 1964 1484 facta

381 1515 512 1560 sunt
550 1507 603 1561 in
654 1518 832 1564 vestra
889 1512 1055 1582 regali
1093 1514 1311 1571 civitate
1349 1528 1572 1588 propter
1628 1525 1964 1581 venerabiles

379 1597 663 1666 imagines,
703 1601 936 1669 qualiter
980 1604 1072 1673 qui
1117 1615 1242 1661 ante
1287 1623 1380 1664 vos
1426 1624 1825 1682 regnaverunt,
1867 1633 1961 1673 eas

2083 430 2336 486 εὐσέϐειαν
2369 437 2448 488 καί
2485 439 2868 512 προωρεσμένην
2897 441 3213 512 γαληνότητα
3253 453 3345 507 τῆς
3384 430 3654 511 ἐπιεικείας

2079 521 2152 581 εἰς
2200 526 2292 580 τὴν
2352 525 2641 586 τελειότητα
2689 537 2783 590 τῆς
2829 533 3054 593 πίστεως
3124 535 3334 592 καλέσαι
3386 539 3652 608 βασιλικῆς

2078 613 2406 676 κατηξίωσενο
2452 617 2533 671 ἵνα
2587 624 2763 673 πᾶσαν
2812 627 2903 681 τὴν
2962 624 3249 694 φαυλότητα
3296 633 3388 682 τοῦ
3430 628 3688 699 ψεύδους·

2075 697 2298 772 δι’ὐμῶν
2347 705 2569 778 καλύψῃ,
2629 713 2714 763 καί
2767 716 3033 786 φανερώσῃ
3083 721 3172 775 τήν
3233 697 3482 777 ἀλήθειαν.
3544 734 3650 778 Πα-

2073 793 2241 854 θόντες
2289 798 2389 873 γὰρ
2432 800 2496 852 τὰ
2547 803 2688 875 παρά
2749 811 2841 863 τῆς
2889 807 3132 880 ὓμετέρας
3173 809 3506 879 γαληνότητος
3562 817 3650 869 καί

2072 884 2336 947 εὐσεϐείας
2383 893 2800 962 καταπεμφθέντα
2868 895 2984 963 ἡμῖν
3035 898 3336 969 γράμματα,
3391 900 3496 956 λίαν
3552 906 3646 962 ηὑ-

2069 979 2258 1052 φράνθη
2306 983 2337 1038 ἠ
2386 982 2568 1056 καρδία
2622 987 2781 1055 ἡμῶν,
2837 991 2924 1041 καὶ
2975 991 3231 1053 τοσαύτης
3301 995 3643 1065 ἀγαλλιάσεως

2067 1071 2155 1121 καί
2216 1071 2393 1144 χαρᾶς
2457 1074 2826 1140 ἐνεπλήσθημεν
2849 1115 2865 1142 ,
2919 1076 3042 1136 ὅσην
3094 1081 3380 1156 ἀνθρωπίνη
3426 1085 3640 1158 γλῶσσα

2067 1160 2228 1212 εἰπεῖν
2277 1163 2369 1214 οὐκ
2417 1163 2626 1235 εὐπορεῖ
2646 1182 2657 1192 ’
2722 1167 2934 1225 τοιαύτη
3001 1170 3102 1242 γάρ
3173 1173 3321 1247 χαρά
3367 1174 3484 1244 ἡμῖν
3530 1177 3639 1232 ἀνέ-

2065 1249 2193 1303 τειλε
2247 1248 2332 1304 διὰ
2399 1259 2492 1312 τῆς
2544 1253 2798 1328 ὑμετέρας
2863 1257 3172 1325 κελεύσεως,
3217 1259 3322 1314 οἷαν
3371 1266 3491 1340 περὶ
3541 1271 3640 1319 τῶν

2067 1340 2238 1414 πρώην
2299 1344 2614 1413 σχισμάτων
2681 1353 2774 1405 τῆς
2849 1345 3094 1421 αίρέσεως
3175 1349 3350 1415 πλῆξιν
3408 1351 3636 1425 εἴχομεν.

2065 1431 2180 1502 Περί
2226 1427 2280 1483 δέ
2324 1437 2424 1484 τῶν
2472 1432 2520 1484 έν
2572 1440 2635 1506 τῇ
2685 1434 2888 1489 εὐσεϐεῖ
2951 1437 3094 1510 ὑμῶν
3151 1440 3378 1497 κελεύσει
3438 1445 3640 1523 ἐμφερο-

2062 1519 2222 1585 μένων
2259 1527 2359 1574 τῶν
2406 1524 2580 1596 πρώην
2621 1526 2892 1595 γενομένων
2940 1527 2992 1582 ἐν
3031 1537 3094 1601 τῇ
3143 1529 3368 1608 ὑμετέρᾳ
3417 1519 3638 1600 βασιλίδι

2063 1607 2204 1662 πολει
2269 1609 2426 1664 ένεκεν
2488 1619 2590 1665 τῶν
2658 1613 2954 1683 σεϐασμίων
3014 1617 3242 1684 εἰκόνων,
3299 1623 3356 1676 τὸ
3402 1619 3541 1685 ὅπως
3589 1627 3638 1680 οί

377 1667 748 1746 destruxerint
761 1701 814 1748 et
836 1693 888 1746 in
909 1667 1424 1769 iub-onestateatque
1438 1667 1632 1771 iniuria
1657 1667 1954 1774 posuerint.

2069 1695 2583 1770 προϐεϐασιλευκότες
2630 1701 2770 1771 ὑμῶν
3227 1667 3312 1764 καί
3356 1711 3408 1765 έν
3453 1667 3635 1789 ἀτίμίᾳ

377 1781 596 1838 Utinam
622 1799 728 1838 non
764 1785 868 1840 illis
889 1786 1186 1858 imputetur
1209 1804 1225 1843 :
1254 1791 1448 1848 melius
1475 1795 1618 1850 enim
1642 1796 1748 1852 illis
1771 1797 1960 1856 fuisset

374 1889 486 1929 non
509 1875 722 1931 mittere
741 1893 934 1932 manus
960 1895 1147 1935 eorum
1174 1881 1229 1936 in
1257 1883 1585 1953 Eeelesiam;
1614 1897 1669 1942 et
1688 1890 1813 1960 quia
1843 1907 1958 1946 om-

373 1965 464 2019 nis
483 1966 710 2036 populus
731 1968 822 2036 qui
852 1977 936 2023 est
979 1969 1034 2024 in
1057 1972 1410 2030 orientalibus
1453 1978 1698 2044 partibus
1739 1995 1958 2038 errave-

373 2068 524 2123 runt,
555 2067 609 2114 et
633 2074 733 2129 pro
761 2075 857 2116 sua
886 2061 1162 2119 voluntate
1187 2065 1271 2120 usi
1313 2075 1440 2121 sunt
1489 2069 1595 2124 illis
1617 2109 1631 2134 ,
1677 2087 1956 2144 usquequo

373 2150 524 2206 Deus
535 2152 709 2207 erexit
733 2167 830 2208 vos
862 2168 1112 2224 regnare,
1135 2157 1227 2226 qui
1251 2157 1304 2212 in
1329 2160 1559 2217 veritate
1584 2164 1826 2233 quaaritis
1845 2168 1957 2236 glo-

371 2241 512 2296 riam
530 2240 664 2309 ejus,
680 2250 736 2298 et
747 2259 866 2314 qua:
877 2246 1072 2301 tradita
1089 2256 1214 2302 sunt
1227 2265 1256 2304 a
1271 2260 1578 2308 sanctorum
1592 2257 1954 2324 apostolorum

367 2337 430 2385 et
452 2333 689 2387 omnium
718 2335 879 2389 simul
917 2346 1225 2394 sanctorum
1244 2343 1555 2412 magisterio
1577 2354 1783 2403 tenere.
1809 2349 1955 2417 Quas

368 2431 698 2488 reserantes,
726 2432 783 2478 et
829 2428 1164 2485 venerabiles
1188 2431 1450 2503 imagines
1475 2438 1543 2493 ad
1565 2447 1801 2496 vestrum
1825 2443 1955 2512 piis-

365 2510 566 2566 simum
599 2514 883 2582 imperium
919 2517 1260 2576 laudabiliter
1285 2536 1536 2585 exaratas
1581 2510 1911 2601 reperientes
1934 2575 1950 2600 ,

366 2610 532 2670 atque
556 2603 932 2661 hmreticorum
959 2607 1276 2676 abjicientes
1306 2619 1602 2684 vesaniam,
1629 2636 1725 2676 seu
1768 2622 1821 2676 in
1871 2623 1953 2678 di-

366 2691 509 2748 vina:
536 2695 948 2752 examinationis
995 2697 1202 2766 judicio
1240 2704 1582 2775 principum,
1627 2711 1718 2780 qui
1760 2727 1951 2766 manus

364 2782 633 2838 miserunt
658 2785 712 2839 in
733 2787 1045 2854 Eeclesiam,
1075 2789 1311 2859 jaeulum
1349 2797 1687 2866 deputantes,
1710 2812 1947 2859 vestram

364 2888 397 2926 a
422 2872 532 2929 Deo
553 2886 854 2944 promotam
886 2879 939 2934 in
970 2882 1258 2953 triumphis
1292 2886 1623 2956 imperialem
1651 2895 1946 2962 potentiam

365 2961 633 3019 insontem
683 2981 803 3023 esse
826 2970 894 3023 ab
916 2986 1102 3026 eorum
1129 2976 1333 3032 saevitia
1383 2993 1608 3048 prorsus
1631 2961 1945 3042 ‘credimus.
1977 3003 2024 3065 ο

366 3052 524 3108 Unde
552 3056 936 3126 omnipotentis
970 3061 1064 3118 Dei
1104 3063 1444 3124 clementiam
1493 3083 1780 3132 exorantcs
1804 3118 1818 3143 ,
1859 3095 1947 3135 re-

365 3141 593 3199 ferimus
622 3157 803 3216 grates
828 3149 944 3204 sine
971 3150 1112 3215 ﬁne;
1159 3163 1512 3231 tenentesque
1536 3177 1599 3217 ea
1622 3179 1740 3234 qua:
1770 3141 1949 3222 vestra

363 3233 548 3286 sanxit
571 3243 626 3290 et
655 3237 820 3306 coepit
843 3241 1106 3296 serenitas
1126 3244 1406 3314 perficere,
1423 3233 1731 3310 constantes
1754 3265 1946 3313 estote.

363 3323 522 3389 Quod
548 3325 593 3380 si
613 3341 1024 3396 perseverantes
1043 3341 1452 3404 permanseritis
1479 3343 1534 3397 in
1555 3359 1619 3398 ea
1644 3362 1804 3416 quam
1834 3364 1948 3405 em-

364 3414 544 3484 pistis,
568 3417 866 3476 orthodoxa
889 3421 1007 3487 ﬁde,
1039 3433 1094 3479 et
1112 3441 1212 3495 per
1250 3445 1346 3486 vos
1366 3431 1420 3486 in
1447 3414 1691 3502 partibus
1737 3437 1841 3492 illis
1893 3439 1948 3495 in

363 3505 596 3574 pristino
649 3518 788 3564 statu
844 3521 1040 3568 erectae
1076 3513 1277 3571 fuerint
1320 3534 1488 3576 saera:
1527 3538 1591 3578 ac
1630 3529 1950 3583 veneranda:

362 3595 650 3667 imagines,
673 3601 814 3656 sicut
832 3603 934 3672 pia:
954 3606 1229 3661 memoriae
1250 3609 1524 3666 dominum
1537 3612 1948 3674 Constantinum

359 3684 748 3755 imperatorem
777 3699 832 3746 et
852 3692 1066 3748 beatam
1087 3695 1368 3766 Helenam,
1391 3701 1484 3771 qui
1505 3702 1665 3759 fidem
1693 3707 1951 3764 orthodo-

357 3790 493 3830 xam
527 3781 1002 3852 promulgaverunt
1057 3794 1220 3858 atque
1253 3799 1496 3847 sanetam
1531 3795 1855 3854 catholicam
1894 3809 1950 3856 et

357 3867 717 3933 apostolicam
757 3872 1089 3941 spiritualem
1120 3885 1350 3934 matrem
1388 3889 1623 3938 vestram
1648 3885 1945 3945 Romanam

357 3955 662 4013 Ecelesiam
691 3961 1078 4030 exaltaverunt,
1115 3976 1171 4022 et
1215 3982 1336 4024 eum
1379 3975 1590 4031 caeteris
1632 3979 1948 4037 orthodoxis

359 4045 801 4117 imperatoribus,
828 4062 1011 4123 utpote
1037 4066 1197 4127 caput
1214 4059 1456 4116 omnium
1480 4064 1832 4124 ecclesiarum
1854 4087 1946 4127 ve-

362 4137 543 4191 nerati
565 4147 709 4206 sunt,
741 4139 814 4196 ita
841 4151 1081 4200 vestrum
1111 4163 1140 4200 a
1174 4148 1286 4205 Deo
1312 4160 1613 4220 protectum
1640 4157 1946 4217 clementis-

359 4228 563 4282 simum
590 4247 784 4287 nomen
814 4249 1010 4290 novum
1044 4237 1453 4299 Constantinum
1478 4252 1530 4300 et
1555 4262 1748 4304 novam
1780 4249 1940 4308 Hele-

2058 1789 2142 1839 καί
2194 1786 2341 1862 ὕϐρει
2393 1791 2670 1848 κατέθηκαν
2726 1791 2942 1853 έαυτούς
2993 1799 3076 1850 καὶ
3145 1799 3327 1859 αὐτάς.
3397 1798 3506 1857 Εἴθε
3559 1786 3633 1874 μη

2057 1873 2307 1947 λογισθείη
2361 1878 2538 1938 αὐτοῖς
2585 1881 2616 1939 ἠ
2673 1879 2901 1957 ἁμαρτία
2945 1884 3123 1944 έκείνη⁹
3155 1895 3379 1962 κρεῖττον
3427 1887 3529 1965 γὰρ
3564 1873 3632 1953 ἦν

2057 1966 2226 2026 αὐτοῖς
2289 1972 2360 2038 μὴ
2413 1969 2646 2038 ἐμϐαλεῖν
2697 1981 2887 2047 χεῖρας
2957 1978 3128 2032 αὐτῶν
3174 1981 3248 2040 είς
3305 1985 3397 2041 τήν
3437 1981 3632 2044 ἐκκλη-

2056 2055 2191 2111 σίαν·
2271 2056 2346 2113 ότι
2413 2065 2518 2120 πᾶς
2565 2060 2592 2116 ό
2647 2062 2764 2123 λαός
2822 2063 2849 2119 ό
2912 2064 2978 2120 ὢν
3049 2069 3098 2122 ίν
3151 2077 3258 2131 τοῖς
3319 2073 3631 2139 ἀνατολικοίς

2055 2149 2262 2221 μέρεσιν
2313 2149 2685 2216 ἐπλανήθησαν,
2733 2157 2816 2210 καί
2876 2156 2926 2211 έν
2971 2164 3046 2230 τῇ⁸
3083 2157 3185 2234 ἰδίει
3231 2161 3506 2232 βουλήσει,
3559 2169 3632 2230 ὡς

2056 2234 2220 2302 ἔδοξεν
2267 2239 2493 2311 ἑκάστῳ,
2555 2241 2850 2318 έχρόσαντο
2900 2247 3124 2310 αὐταῖς.
3175 2249 3279 2310 ἕως
3327 2247 3388 2305 οὗ
3431 2252 3458 2307 ό
3506 2254 3631 2314 Θεὸς

2053 2324 2250 2402 ἤειρεν
2291 2329 2428 2400 ὑμᾶς
2480 2329 2800 2401 βασιλεύειν,
2835 2336 2956 2396 τοὺς
3006 2337 3058 2390 ἐν
3114 2336 3312 2412 ἀληθεία
3353 2343 3630 2405 ζητοῦντας

2053 2421 2146 2475 τόν
2195 2416 2344 2483 δόξαν
2403 2421 2562 2476 αὐτοῦ
2581 2460 2597 2485 ,
2648 2425 2734 2477 καί
2795 2425 2864 2480 τά
2921 2423 3272 2500 παραδοθέντα
3322 2432 3463 2502 παρά
3525 2440 3628 2488 τῶν

2053 2505 2208 2578 ἁγίων
2274 2509 2573 2564 ἀποστόλων
2625 2513 2708 2564 καί
2765 2512 2967 2568 πάντων
3031 2514 3363 2572 διδασκάλων.
3407 2529 3628 2597 κρατεῖν.

2053 2601 2136 2654 καί
2174 2604 2328 2670 τιμᾷν
2361 2602 2452 2663 τᾶς
2493 2602 2784 2674 σεϐασμίας
2827 2603 3040 2671 εἰκόνας,
3073 2610 3168 2670 τὰς
3216 2607 3301 2664 sui
3340 2619 3433 2672 τῆς
3458 2611 3629 2674 ἀνοίας

2051 2701 2150 2749 τῶν
2208 2697 2469 2772 αίμτικῶν
2537 2701 2946 2770 κατενεχθέίσας.
3020 2702 3234 2776 ’Δρτίως
3285 2702 3340 2760 δέ
3395 2703 3484 2761 διὰ
3534 2716 3628 2769 τῆς

2052 2785 2296 2846 εὐσεϐοῦς
2352 2787 2494 2857 ὑμῶν
2542 2787 2820 2850 κελεύσεως
2876 2790 3110 2864 εὑρόντες
3151 2794 3211 2850 τό
3258 2795 3446 2867 θέλημα
3483 2803 3627 2870 ὑμῶν

2050 2874 2103 2928 έν
2131 2876 2354 2938 τούτοις,
2389 2883 2464 2948 τῷ
2501 2877 2869 2950 παντοδυνάμῳ
2916 2881 3011 2954 θεῷ
3063 2883 3460 2960 ὖπερευξάμενοι
3494 2890 3626 2966 ὑπέρ

2049 2971 2138 3020 τοῦ
2189 2967 2438 3044 ὑμετέρου
2492 2970 2726 3040 κράτους,
2772 2969 2920 3036 δόξαν
2977 2976 3064 3028 καί
3118 2977 3454 3049 εὐχαριστίαν
3513 2979 3630 3034 ἆνε-

2052 3059 2341 3132 πέμψαμεν.
2411 3069 2577 3118 Τοῦτο
2628 3063 2682 3119 δέ
2735 3065 2785 3118 έν
2843 3067 3158 3142 πληροφορίᾳ
3214 3070 3300 3122 καί
3341 3068 3487 3142 πείσῃ
3532 3071 3624 3142 βε-

2051 3149 2263 3205 ϐαιώσει
2318 3150 2452 3208 ἴστω
2501 3151 2668 3209 εἰδυῖα
2714 3157 2744 3212 ἦ
2769 3155 3151 3231 Θεοπρόϐλητος
3189 3157 3332 3226 ὑμῶν
3363 3158 3622 3228 βασιλεία,
3661 3191 3666 3196 -

2047 3238 2126 3295 ὅτι
2171 3241 2232 3296 τό
2275 3243 2406 3313 μέγα
2460 3239 2612 3317 ἔργον
2658 3249 2842 3305 τοῦτο,
2897 3242 2923 3297 ό
2975 3247 3387 3319 ίπεχειρήσατε,
3436 3249 3481 3300 εί
3533 3266 3622 3302 τε·

2047 3332 2222 3404 λειωθῇ
2274 3331 2360 3389 διὰ
2413 3340 2506 3394 τῆς
2552 3336 2814 3402 μεσιτείας
2877 3338 3048 3406 ὑμῶν,
3093 3336 3176 3388 καί
3223 3335 3622 3409 ἀποκατασταθῇ

2047 3426 2078 3482 τό
2129 3425 2335 3498 ἀρχαία
2380 3421 2640 3500 ὀρθοόοξία
2675 3425 2725 3477 έν
2762 3433 2870 3485 τοῖς
2905 3425 3109 3500 μέρεσιν
3153 3425 3344 3489 αὐτοῖς.
3378 3427 3460 3480 καί
3491 3446 3623 3481 στα-

2047 3515 2201 3568 θῶσιν
2263 3515 2313 3568 αὲ
2387 3513 2670 3584 σεϐάσμιαι
2735 3515 2912 3576 εἰκόνες
2968 3513 3020 3569 έν
3071 3523 3136 3588 τῇ
3195 3516 3398 3591 ἀρχαίᾳ
3447 3519 3620 3574 αὐτῶν

2047 3603 2465 3658 ἀποκαταστάσει
2489 3643 2504 3666 ,
2558 3603 2777 3675 μέτοχοι
2829 3607 3098 3676 γενήσεσθε
3151 3611 3244 3660 τοῦ
3295 3606 3343 3659 έν
3391 3608 3498 3681 θεία
3557 3615 3622 3682 τῇ

2046 3694 2180 3759 λήξει
2227 3694 2382 3749 παλαι
2430 3692 2684 3764 βασιλέως
2732 3700 2888 3772 πυροῦ
2942 3695 3312 3751 κωνσταντίνου
3335 3734 3354 3761 ,
3398 3697 3485 3751 καί
3530 3705 3623 3756 τῆς

2047 3791 2211 3861 κυρᾶς
2235 3782 2346 3855 [ιη
2371 3781 2646 3860 μακαρίας]
2674 3786 2887 3851 Ἑλένης,
2912 3793 3011 3844 τῶν
3039 3790 3129 3846 τήν
3161 3784 3416 3857 όρθόδοξον
3448 3789 3624 3843 πίστιν

2046 3877 2410 3953 τρανωσὸιντων
2461 3878 2544 3930 καί
2592 3877 3007 3947 βεϐαιωσάντων,
3059 3879 3140 3933 καί
3195 3879 3281 3933 έπί
3342 3879 3489 3934 πὲέον
3530 3884 3622 3938 τήν

2046 3965 2194 4039 ἀνίαν
2261 3966 2459 4039 μητέρα
2517 3965 2660 4038 ὑμῶν
2722 3968 2978 4026 καθολικὴν
3044 3970 3125 4023 καί
3197 3975 3470 4038 Ῥωμαίκὴν
3537 3972 3622 4024 καί

2045 4061 2390 4128 πνευματικήν
2439 4054 2736 4116 Ἐκκλησίαν
2786 4057 3122 4129 ὗψωσάντων,
3146 4061 3230 4114 καί
3273 4059 3384 4129 μετ’
3405 4061 3622 4121 ἐκείνους

2043 4153 2194 4207 πάλιν
2249 4157 2352 4206 τῶν
2375 4157 2378 4160 ’
2405 4148 2680 4227 ὀρθοδὸεως
2732 4150 3264 4225 προϐεϐασιλευκότων
3333 4152 3476 4223 ὑμῶν
3533 4155 3621 4207 καί

2043 4242 2408 4316 κρατησάντων
2434 4238 2542 4310 [L.,
2572 4243 2653 4294 καί
2688 4243 2779 4298 τήν
2812 4239 2960 4312 ἁγίαν
2987 4241 3247 4299 καθολικὴν
3271 4243 3354 4294 καί
3390 4241 3620 4296 ἀποστο-

362 4335 495 4375 nam
520 4320 799 4390 habentes,
833 4341 932 4395 per
951 4343 1087 4397 quos
1120 4331 1174 4385 in
1210 4334 1520 4402 primordiis
1544 4351 1730 4397 sancta
1758 4345 1944 4400 catho-

2054 4333 2205 4395 λικήν,
2255 4335 2595 4398 πνευματικήν
2645 4330 2784 4399 ὑμῶν
2829 4331 3054 4399 μητέρα,
3099 4326 3371 4398 Ῥωμαϊκόν
3417 4325 3620 4389 Ἐκκλη-

360 4410 472 4465 lica
508 4420 560 4466 et
579 4415 870 4483 apostolica
909 4417 1148 4474 Ecclesia
1175 4423 1341 4479 robur
1370 4424 1494 4481 fidei
1519 4430 1767 4500 sumpsit,
1794 4441 1848 4488 et
1876 4436 1945 4490 ad

363 4515 597 4570 quorum
636 4504 807 4561 instar
847 4508 1247 4569 vibrantissima
1274 4531 1338 4571 ac
1387 4517 1440 4571 in
1468 4527 1583 4575 toto
1607 4523 1739 4578 orbe
1767 4532 1945 4580 terra-

364 4609 488 4649 rum
545 4604 725 4652 vestra
775 4600 1148 4669 opinatissima
1208 4605 1262 4659 in
1315 4608 1602 4679 triumphis
1653 4613 1946 4682 imperialis

361 4683 512 4740 fama
542 4686 882 4746 laudabiliter
917 4691 1242 4763 divulgatur.
1283 4695 1451 4767 Magis
1485 4709 1665 4756 autem
1688 4703 1734 4757 si
1762 4705 1948 4761 ortho-

363 4777 521 4835 doxa:
542 4780 664 4836 ﬁdei
686 4792 973 4852 sequentes
1001 4785 1317 4842 traditiones
1349 4787 1602 4846 Ecclesiae
1627 4793 1768 4848 beati
1799 4793 1946 4852 Petri

364 4871 732 4939 apostolorum
757 4875 1017 4946 principis
1052 4878 1284 4948 amplexi
1307 4879 1518 4936 fueritis
1563 4897 1867 4952 censuram,
1893 4898 1948 4944 et

362 4971 509 5016 sicut
530 4963 829 5034 antiquitus
850 4967 1015 5022 vestri
1061 4969 1486 5037 praedecessores
1520 4975 1691 5029 sancti
1711 4977 1945 5047 impera-

362 5061 516 5110 tores
537 5064 784 5126 egerunt,
808 5057 882 5113 ita
912 5067 967 5113 et
988 5074 1086 5115 vos
1133 5074 1252 5117 eam
1285 5061 1580 5120 honoriﬁce
1605 5078 1944 5136 venerantes,

323 5152 336 5163 '
364 5142 485 5213 eius
507 5145 769 5202 vicarium
790 5163 856 5204 ex
891 5149 1082 5204 intimo
1112 5149 1413 5209 dilexeritis
1452 5155 1634 5221 corde,
1663 5159 1948 5230 potiusque

363 5241 608 5290 vestrum
630 5249 662 5289 a
692 5235 804 5293 Deo
822 5252 1136 5296 concessum
1173 5241 1458 5312 imperium
1483 5259 1672 5302 eorum
1701 5259 1946 5306 secutum

366 5325 533 5382 fuerit
575 5329 932 5386 orthodoxam
955 5369 969 5395 ,
1030 5333 1324 5389 secundum
1379 5343 1622 5392 sanetam
1649 5337 1947 5395 Romanam

366 5432 612 5480 nostram
634 5425 946 5491 Ecclesiam,
972 5425 1151 5482 ﬁdem.
1175 5427 1292 5498 lpse
1312 5430 1562 5501 princeps
1583 5433 1946 5502 apostolorum

367 5516 457 5595 cpi
485 5531 516 5570 a
561 5517 788 5574 Domino
828 5517 939 5574 Deo
992 5518 1191 5589 ligandi
1241 5519 1588 5592 solvendique
1629 5531 1848 5591 peccata
1894 5524 1946 5578 in

369 5609 508 5669 calo
546 5619 596 5668 et
628 5609 683 5666 in
710 5617 859 5691 terra
889 5620 1129 5684 potestas
1155 5609 1280 5669 data
1300 5618 1404 5680 est,
1435 5614 1628 5671 crebro
1645 5613 1800 5672 vobis
1823 5629 1947 5684 pro-

2047 4425 2166 4479 σίαν
2202 4419 2536 4490 ὕψι-»σάντων
2565 4421 2648 4473 καί
2680 4420 2810 4489 μετά
2842 4415 2943 4474 τῶν
2975 4419 3163 4473 λοιπῶν
3207 4415 3480 4492 iava
3522 4419 3622 4490 βα-

2048 4513 2246 4571 σιλέων.
2275 4508 2357 4566 οἶα
2405 4518 2589 4566 πασῶν
2641 4518 2740 4565 τῶν
2786 4509 3059 4568 έκκλησιῶν
3109 4509 3337 4582 κεφαλὴν,
3388 4508 3620 4565 σεϐασαο

2045 4601 2248 4680 μένων]⁶
2295 4607 2381 4659 καί
2428 4603 2590 4664 οὕτως
2643 4599 3070 4673 ἀναδειχθησεται
3123 4603 3210 4656 καί
3263 4601 3322 4656 τό
3376 4601 3619 4676 ὑμέτερον

2045 4695 2417 4751 εὐσεϐέστατον
2471 4697 2558 4749 καί
2609 4691 2930 4766 Θιοδῶρητον
2974 4689 3132 4763 ὄνομα
3173 4693 3288 4748 νέου
3360 4707 3619 4748 ιωνσταν-

2045 4792 2182 4845 τίνου
2233 4791 2321 4843 καί
2360 4789 2477 4848 νίας
2519 4785 2732 4853 Ἑλένης,
2779 4784 2831 4841 ίν
2880 4786 3022 4860 πάσῃ
3065 4792 3130 4861 τῇ
3178 4786 3439 4857 οἰκουμένη
3475 4786 3622 4839 έπειι·

2045 4889 2200 4943 νετῶς
2267 4878 2680 4954 ὂιαφημεζόμενον
2701 4915 2720 4944 ,
2769 4875 2916 4932 δι’ὧν
2979 4877 3011 4934 ἡ
3065 4875 3185 4948 ἁγία
3246 4873 3475 4934 καθολική
3533 4877 3620 4930 καί

2047 4974 2360 5032 ἀποστολικὴ
2393 4971 2656 5030 ἐκκλητία
2704 4970 3082 5032 ἀνακαινίζεται.
3128 4969 3220 5022 ιαί
3253 4965 3479 5038 μάλιστα
3527 4967 3618 5020 ίάν

2045 5075 2110 5136 τῇ
2157 5064 2444 5140 παραδόσει
2493 5071 2584 5124 τῆς
2637 5059 2901 5139 ὀρθοόόξου
2948 5062 3173 5121 πίστεως
3215 5066 3306 5118 τῆς
3330 5057 3618 5120 ’Βκκλησίας

2045 5165 2134 5214 τοῦ
2189 5157 2337 5229 ἁγίου
2383 5154 2571 5229 Πέτρου
2625 5155 2708 5207 καί
2753 5152 2948 5206 Παύλου
3011 5157 3111 5216 τῶν
3151 5149 3436 5224 κορυφαίων
3481 5147 3616 5202 ἄπο-

2045 5249 2235 5304 στόλων
2283 5246 2668 5317 ἐξακολουθήση,
2691 5247 2776 5297 καί
2827 5241 3213 5314 έναοριαλίσηται
3255 5241 3338 5295 τόν
3387 5240 3618 5316 βικέιριον

2046 5342 2235 5406 αὐτῶν,
2267 5337 2428 5396 καθὼς
2471 5337 2558 5388 καί
2607 5333 2655 5387 oi
2697 5334 2750 5398 έξ
2792 5331 2966 5405 ἀρχῆς
3007 5329 3414 5407 προηγησάμενοι
3459 5331 3616 5402 βασι-

2045 5428 2145 5488 λεῖς
2191 5429 2272 5480 καὶ
2319 5426 2568 5494 ἐτίμησαν
2615 5421 2704 5476 τόν
2747 5421 2975 5497 βικάριον
3009 5422 3197 5485 αὐτῶν,
3224 5423 3311 5476 καί
3344 5417 3618 5492 ἠγάπησαν

2046 5521 2099 5584 ίξ
2154 5517 2272 5578 ὅλης
2315 5525 2407 5578 τῆς
2455 5513 2667 5591 καρδίας
2718 5515 2909 5579 αὐτῶν,
2949 5519 3140 5589 τιμήσῃ
3188 5513 3244 5570 δέ
3271 5514 3330 5572 τό
3369 5515 3613 5586 ὑμέτερον

2047 5611 2369 5687 Θεοόὧρητον
2417 5610 2598 5684 κράτος
2633 5611 2726 5668 τόν
2763 5611 3040 5681 Ῥωμαϊκήν
3086 5607 3372 5680 ἁγιωτέιτην
3415 5605 3614 5664 Ἐκκλη-
