4004 6172
497 293 630 352 Ιῖἷθ

1824 290 2110 348 ΑΒΒΙΑΝῙ
2141 292 2340 348 PAPE
2367 294 2390 349 ι

3601 301 3746 357 ιεξο

495 413 614 466 σίαν
659 415 762 466 τῶν
813 407 1092 481 κορυφαίων
1152 403 1444 461 ἀποστόλων
1469 443 1486 469 ,
1537 400 1611 464 οἷς
1663 401 1810 462 mea
1861 404 2064 468 ίξουσία

2169 409 2339 457 tector
2370 403 2632 470 existens,
2653 419 2951 476 omnesque
2969 405 3230 461 barbaras
3251 415 3497 461 nationes
3521 406 3620 461 sub
3646 423 3750 462 ve-

496 499 616 572 παρ⁸
639 501 796 554 αὐτοῦ
831 504 921 555 τοῦ
948 501 1074 550 Θεοῦ
1105 495 1266 568 Λόγου
1296 496 1428 550 λύειν
1448 513 1503 548 τε
1532 496 1619 549 καί
1655 493 1862 564 δεσμεῖν
1891 492 2064 568 ἆμαρ-

497 594 608 650 τίας
659 591 708 643 έν
761 595 834 655 τῷ
887 589 1082 658 οὐρανῷ
1134 589 1222 641 καί
1270 587 1322 640 έν
1366 593 1429 660 τῇ
1480 593 1566 657 γῇ.
1638 587 1728 640 Καί
1772 586 1871 660 γὰρ
1917 585 2067 640 αὐτοὶ

494 679 881 751 unquamne!
917 681 1211 748 γενήσονται
1253 671 1345 732 τοῦ
1400 676 1652 749 ὑμετέρου
1709 679 1950 749 κράτους,
1986 677 2068 730 καί

493 773 662 827 πάντα
707 771 773 826 τὰ
815 770 1052 846 βάρϐαρα
1102 766 1214 825 ἴθνη
1264 775 1378 828 τοῖς
1430 765 1630 837 ἴχνεσιν
1678 768 1818 839 ὑμῶν
1873 767 2066 822 ὑποτα·

491 869 726 936 γήσεταυ
753 866 836 918 καὶ
884 861 1016 917 ὅπου
1065 857 1126 916 ἂν
1171 862 1471 935 πορευθῆτε,
1505 863 1709 921 νικητὰς
1755 861 1892 931 ὑμᾶς
1943 862 2065 914 ἀνα·

495 950 757 1015 δείξουσιν.
789 953 936 1006 Δῦτοί
978 951 1075 1026 γὰρ
1123 950 1168 1003 οἱ
1207 949 1343 1020 ἅγιοι
1377 952 1462 1003 καὶ
1490 958 1752 1023 κορυφαῖοι
1793 957 1893 1004 τῶν
1937 949 2067 1003 ἀπο·

493 1043 702 1110 στόλων,
736 1043 782 1096 οἱ
824 1049 914 1102 τήν
960 1043 1221 1100 καθολικὴν
1266 1046 1351 1098 καί
1392 1041 1656 1114 ὀρθόδοξον
1705 1045 1878 1100 πίστιν
1922 1045 2068 1120 έναρ-

489 1132 714 1202 ξάμενοι,
765 1134 1026 1206 έγγρὸιφως
1071 1133 1466 1202 έθεσμοθέτησαν
1527 1138 1620 1192 τὴν
1677 1135 1844 1188 αὐτῶν
1889 1135 2068 1188 πίστιν

491 1231 698 1300 κρατεῖν
734 1227 932 1286 πάντας
971 1226 1092 1284 τοὺς
1132 1223 1243 1293 μετ’
1261 1226 1445 1284 αὐτοὺς
1487 1223 1770 1294 διαδόχους
1797 1223 2066 1294 μέλλοντας

489 1317 711 1384 γίνεσθαι
755 1324 854 1370 τῶν
907 1317 1094 1390 θρόνων
1149 1318 1311 1372 αὐτῶν
1339 1356 1355 1381 ,
1404 1317 1454 1369 ἒν
1502 1318 1628 1391 αὐτῇ
1673 1314 1920 1385 διαμένειν
1969 1319 2066 1378 ἕως

489 1412 581 1464 τίς
607 1405 914 1464 συντελείας.
946 1407 1035 1459 Καί
1061 1404 1228 1466 οὕτως
1266 1412 1450 1481 κρατεῖ
1472 1407 1504 1463 ἡ
1527 1407 1746 1479 ἡμετέρα
1776 1405 2063 1472 Ἐκκλησία,

490 1496 572 1546 καί
610 1497 736 1565 τιμᾷ
779 1496 898 1554 τοὺς
941 1492 1120 1566 ἁγίους
1160 1502 1496 1571 χαρακτῆρας
1544 1495 1732 1550 αὐτῶν.
1788 1492 1932 1548 Ὀθεν
1982 1499 2064 1552 καί

487 1581 584 1643 ἕως
617 1591 709 1644 τῆς
755 1585 975 1658 σήμερόν
1020 1588 1125 1639 εἰσι
1170 1586 1658 1658 περικεκοσμημέναι
1699 1588 1783 1639 καί
1822 1586 2066 1640 κεκαλλω-

488 1675 728 1743 πισμέναι
779 1675 832 1730 αί
883 1675 1166 1733 Ἐκκλησίαι
1208 1677 1346 1745 ἡμῶν
1395 1676 1449 1730 έκ
1495 1683 1595 1730 τῶν
1642 1676 1938 1748 σεϐασμίων
1992 1681 2065 1732 εί-

489 1760 639 1816 κὸνων
681 1764 846 1819 αὐτῶν
867 1803 884 1829 ,
929 1764 1091 1824 καθὼς
1143 1766 1226 1818 καί
1269 1763 1295 1818 ὅ
1335 1767 1718 1839 μακαριώτατος
1771 1769 1854 1820 καί
1901 1766 2058 1838 ἁγιὼ-
2090 1741 2138 1801 Β

487 1870 645 1910 τατος
710 1851 888 1910 πὰπας
949 1851 1254 1924 Σίλϐεστρος
1323 1861 1582 1929 μαρτυρεῖ
1645 1855 1697 1908 έν
1768 1856 1914 1930 ἀρχῇ
1971 1863 2063 1915 τῆς

489 1939 778 2014 ὀρθοδοξίας
811 1944 950 2014 ἡμῶν
991 1949 1090 1997 τῶν
1131 1951 1477 2015 Χριστιανῶν,
1529 1943 1611 2001 ὅτε
1660 1943 1687 2000 ό
1739 1947 1791 1999 ἓν
1843 1948 1949 2020 θεία

480 2031 622 2095 -λιὸξει
666 2033 824 2087 πάλαι
865 2041 1237 2095 κωνσταντῖνος
1285 2032 1310 2088 ό
1350 2035 1591 2106 βασιλεὺς
1635 2037 1706 2096 εἰς
1755 2041 1845 2095 τήν
1886 2038 2062 2092 πίστιν

485 2123 822 2196 ἐπέστρεψεν.
892 2127 1103 2199 Ἡμέρας
1147 2127 1248 2199 γὰρ
1305 2125 1688 2200 παρελθούσης,
1747 2131 1831 2182 καὶ
1888 2130 2064 2189 νυκτός

479 2213 580 2273 ἤδη
651 2217 948 2288 γενομένης,
990 2216 1236 2290 ὶπέτρεψε
1291 2222 1491 2277 σιωπὴν
1532 2220 1781 2288 γενέσθαι.
1830 2223 1918 2273 καὶ
1960 2241 2066 2274 κοι-

488 2309 722 2380 μωμένου
748 2310 926 2372 αὐτοῦ,
955 2307 1064 2365 ἰδοὺ
1101 2311 1437 2383 παρέστησαν
1484 2308 1619 2383 αὐτῷ
1667 2311 1714 2365 oi
1762 2310 1898 2384 ἅγιοι
1933 2309 2064 2367 ἀπό-

487 2398 681 2464 στολοι,
735 2396 763 2453 ὅ
796 2420 851 2454 τε
900 2401 1087 2474 Πέτρος
1143 2403 1226 2454 καὶ
1278 2400 1469 2461 Παῦλος
1511 2401 1752 2474 λέγοντες·
1815 2421 1832 2450 ι
1861 2402 2063 2462 Ἐπιιδή

487 2487 773 2562 έπέτρεψας
802 2487 948 2560 [Ει.,
978 2490 1068 2543 οὐκ
1097 2488 1568 2564 ίπίστρεψας,δίνθ
1597 2488 1821 2565 ἴγριξας]
1851 2491 2062 2562 βασιλεῦ

486 2581 675 2637 νηπίων
731 2580 1148 2649 αἱματεκχυσίαν
1191 2582 1424 2653 γενέσθαι
1467 2583 1586 2654 περί
1635 2588 1728 2636 τοῦ
1777 2585 2064 2652 νοσήματος

487 2666 544 2723 οὗ
593 2667 763 2738 ἔχεις,
819 2669 926 2725 ἰδοὺ
995 2672 1350 2742 ἀπεστάλημεν
1406 2670 1552 2745 παρᾶ
1606 2680 1830 2746 Χριστοῦ
1886 2672 2066 2728 δοῦναί

490 2779 576 2814 σοι
621 2760 900 2833 σωτηρίαν.
951 2758 1204 2816 ’Ἄκουσον
1257 2768 1380 2833 γοῦν
1432 2770 1524 2822 τῆς
1573 2765 1836 2824 νουθεσίας
1901 2767 2061 2834 ἡμῶν,

489 2855 574 2906 καί
617 2854 826 2909 ποίησον
869 2851 1038 2907 πέντα
1081 2850 1183 2907 ὅσα
1229 2852 1546 2922 ἐντελλόμεθὰ
1591 2875 1694 2908 σοι.
1730 2859 1830 2909 Καὶ
1853 2857 2065 2927 πέμψας

489 2939 827 3010 μετακάλεσον
871 2940 1163 3010 Σίλϐεστρςν
1207 2941 1294 2996 τόν
1331 2944 1624 3004 ἆπίσκοπον,
1657 2945 1740 2999 τὸν
1787 2946 2064 3019 ἐκφυγόντα

488 3030 542 3083 in
584 3036 680 3083 σοῦ
725 3027 810 3085 διὰ
847 3032 936 3086 τόν
971 3029 1188 3103 διωγμὸν
1236 3029 1290 3087 όν
1337 3031 1510 3102 ἔχεις,
1553 3037 1641 3088 καί
1687 3040 1912 3109 σήμερον
1946 3035 2065 3096 ὄντα

489 3119 540 3172 ίν
581 3123 656 3188 τῷ
713 3116 820 3192 ὄρει
871 3120 1120 3193 Σωράκτεε
1177 3124 1514 3196 κεκρυμμένον
1562 3125 1610 3177 έν
1663 3127 1932 3188 σπηλαίοις
1978 3150 2065 3184 πε·

426 3244 431 3249 -
488 3213 618 3282 τρῶν
652 3209 781 3276 μετά
816 3214 906 3264 τοῦ
946 3210 1128 3284 κλήρου
1154 3212 1331 3267 αὐτοῦ.
1362 3213 1522 3273 Αὐτός
1551 3235 1635 3269 σοι
1676 3222 2064 3293 παρασκευάσει

489 3295 838 3370 κολυμϐήθραν
895 3299 1177 3364 εὐσεϐείας,
1226 3301 1275 3355 έν
1317 3297 1348 3375 ᾖ
1385 3301 1626 3373 βαπτίσει
1674 3325 1756 3373 σε,
1802 3310 1886 3361 καὶ
1926 3313 2065 3379 γενήο

493 3406 643 3443 σεται
671 3389 721 3443 έν
751 3391 836 3443 σοί
873 3386 1007 3450 ἴασις
1046 3398 1140 3451 τῆς
1177 3391 1368 3467 λέπρας
1407 3395 1491 3449 καί
1537 3395 1738 3452 πάντων
1772 3403 1872 3452 τῶν
1913 3418 2062 3458 νοση-

489 3477 680 3548 μάτων.
731 3479 828 3532 Καὶ
893 3479 1078 3533 τούτου
1136 3486 1228 3536 τοῦ
1278 3483 1468 3554 ἀγαθοῦ
1529 3485 1796 3556 γενομένου
1841 3490 1913 3548 εἰς
1959 3491 2020 3542 σί
2043 3529 2060 3554 ,

487 3567 668 3626 εὐθέως
713 3565 986 3641 ἐπίτρεψον
1038 3572 1167 3625 κατά
1215 3573 1403 3634 παντὸς
1455 3574 1618 3630 τόπου
1663 3584 1764 3632 τῶν
1814 3583 2062 3650 Ῥωμαίων

489 3652 769 3719 ἐκκλησίας
827 3660 1248 3720 ἁνακαινισθήναι.
1316 3664 1381 3717 Σὺ
1436 3661 1492 3719 δὲ
1541 3665 1721 3720 έαυτόν
1770 3669 2057 3742 καθάρισον,

469 3748 790 3818 νάποθίμενος
855 3755 1032 3806 πᾶσαν
1088 3755 1179 3810 τήν
1243 3757 1340 3806 τῶν
1395 3751 1610 3809 εἰδώλων
1659 3754 1930 3830 λατρείαν,
1977 3761 2064 3813 καί

487 3845 596 3909 Θεῷ
659 3839 793 3908 μόνῳ
853 3848 926 3911 τῷ
983 3841 1198 3914 ἀληθινῷ
1260 3844 1645 3918 προσκύνησον,
1687 3849 1770 3900 καὶ
1829 3849 1961 3903 κατὰ
2002 3851 2062 3906 τὸ

488 3929 677 3998 θέλημα
703 3930 859 3984 αὐτοῦ
888 3933 1132 4003 πορεύου.
1160 3951 1181 3983 ι
1227 3935 1503 4007 Διεγερθείς
1550 3933 1604 3991 δέ
1657 3935 1710 3991 έκ
1755 3944 1848 3992 τοῦ
1903 3939 2061 3995 ὕπνου

466 4027 784 4094 -πσραχῆμα
823 4024 1004 4087 obviis
1056 4025 1248 4085 πάντας
1282 4027 1406 4084 τοὺς
1449 4031 1544 4081 τοῦ
1587 4027 1831 4084 παλατίου
1877 4033 2060 4099 αὐτοῦ,

465 4115 573 4166 -καῖ
621 4113 705 4168 τόν
767 4115 957 4169 σκοπόν
1007 4120 1102 4171 τοῦ
1147 4117 1381 4171 ἐνυπνίου
1430 4119 1592 4174 αὐτοῦ
1636 4121 1917 4192 ἐξηγήσατο
1967 4124 2062 4178 αὖ·

463 4251 469 4253 ..
485 4211 615 4270 τοῖς,
650 4208 733 4261 καί
776 4207 959 4268 ευθέως
991 4208 1286 4263 ἀπέστειλεν
1333 4211 1385 4264 έν
1427 4217 1503 4282 τῷ
1545 4207 1647 4288 ὄρει
1695 4213 1970 4284 Σωράκτει,
2013 4214 2062 4268 ἐν

487 4295 527 4372 ᾧ
565 4295 623 4358 ἦν
663 4297 689 4353 ὁ
729 4297 872 4371 ἅγιος
911 4299 1210 4374 Σίλϐεστρος
1257 4301 1591 4376 κεκρυμμένος
1631 4303 1766 4372 μετὰ
1806 4309 1898 4359 τοῦ
1945 4304 2060 4364 κλή·

486 4409 580 4464 ρου
627 4391 807 4456 αὐτοῦ,
841 4389 1118 4492 σχολάζων
1151 4391 1212 4492 ἂν
1256 4391 1537 4492 ἀναγνώσει
1582 4391 1790 4492 βίϐλων.
1821 4395 1911 4448 Καὶ
1944 4391 2062 4448 ίόὠν
2084 4431 2138 4492 D

486 4480 728 4536 κὺκλωθεν
759 4480 980 4556 στρατόν
1024 4477 1330 4546 ἐπιστάντα,
1369 4477 1478 4537 εἶπε
1531 4490 1604 4556 τῷ
1657 4482 1823 4559 κλήρῳ
1876 4484 2056 4540 αὐτοῦ·

461 4589 512 4622 ηε
543 4571 654 4626 ἰδοὺ
698 4579 786 4626 νῦν
839 4573 1010 4646 καιρὸς
1041 4571 1426 4648 εὐπρόσδεκτος,
1453 4571 1562 4629 ίδού
1610 4580 1695 4628 νῦν
1746 4576 1911 4650 ἡμέρα
1957 4599 2061 4632 σω·

486 4664 687 4736 τηρίας.
722 4681 738 4712 ι
774 4664 874 4715 Καί
901 4663 1334 4737 ἐξελθόντι
1360 4664 1496 4733 αὐτῷ
1516 4667 1660 4736 παρὰ
1686 4673 1786 4719 τῶν
1814 4687 2064 4741 στρατιω-

485 4759 585 4807 τῶν
605 4789 620 4814 ,
659 4754 778 4825 περί
843 4747 902 4806 οὗ
958 4757 1184 4816 ζητεῖται
1247 4754 1514 4826 κεφαλαίου
1537 4769 1552 4785 '
1594 4759 1678 4810 καί
1722 4756 1869 4812 έλθών
1931 4760 2060 4834 πρὸς

484 4843 572 4897 τόν
617 4841 830 4911 βασιλέα
880 4844 1010 4914 μετά
1058 4850 1212 4914 τριῶν
1259 4845 1628 4919 πρεσϐυτέρων
1675 4851 1760 4902 καὶ
1804 4846 1897 4903 δύο
1949 4847 2060 4905 dca-

485 4933 659 4998 κόνων,
710 4933 793 4987 καί
837 4930 952 4986 ίόὡν
1001 4934 1151 4988 αὐτὸν
1205 4928 1363 4989 εἶπεν·
1427 4951 1446 4985 ε
1479 4939 1656 5012 Εἰρήνη
1696 4957 1800 4999 σοι,
1832 4934 1872 4991 ὧ
1899 4939 2061 5010 βασι-

484 5021 593 5084 λεῦ,
623 5024 674 5078 ἐκ
700 5030 791 5078 τοῦ
837 5025 1047 5100 οὐρανοῦ
1095 5020 1298 5089 ἄνωθεν,
1347 5027 1426 5081 καί
1463 5029 1590 5087 νίκη.
1626 5046 1644 5077 ι
1673 5027 1732 5081 ’0
1780 5023 1870 5084 οὖν
1911 5030 2064 5102 βασιο

485 5114 600 5174 ὶεὺς
646 5111 806 5188 ίλαρῷ
856 5112 1049 5187 ὄμματι
1107 5118 1193 5171 καί
1242 5115 1380 5189 ἁπλῇ
1437 5126 1501 5193 τῇ
1550 5115 1735 5193 καρδίᾳ
1797 5117 2062 5189 δεξάμενος

485 5207 602 5264 τοὺς
646 5205 824 5277 λόγους
874 5207 1055 5271 αὐτοῦ,
1086 5206 1259 5262 πάντα
1298 5205 1395 5262 ὅσα
1435 5207 1853 5278 ἀπεκαλύφθησαν
1897 5210 2059 5281 αὐτῷ,

485 5295 768 5374 ἔξηξνῆσατο
813 5303 886 5366 τῷ
929 5295 1058 5368 ἁγίῳ
1099 5297 1401 5373 Σιλϐέστρῳ.
1463 5298 1601 5352 Μετά
1643 5303 1765 5368 γοῦν
1814 5302 1902 5355 τήν
1958 5300 2064 5361 ἐξή-

484 5402 632 5452 γησιν
660 5389 920 5459 ἠρώτησεν
970 5386 1126 5440 αὐτὸν
1170 5385 1197 5440 ὁ
1242 5386 1476 5458 βασιλεὺς
1521 5385 1702 5456 λέγων·
1739 5403 1755 5433 ι
1789 5385 1888 5446 Οὺς
1940 5383 2065 5441 sima

487 5471 669 5546 Πέτρον
718 5480 802 5532 καί
845 5477 1070 5541 Παῦλον,
1122 5484 1262 5534 ποῖοι
1305 5481 1408 5532 θεοί
1453 5479 1619 5542 tiara;
1652 5497 1669 5528 ι
1702 5488 1757 5532 '0
1801 5475 1855 5532 δὲ
1911 5477 2064 5551 ἁγιώ-

489 5584 636 5626 τατος
680 5568 974 5643 Σίλϐεστρος
1022 5570 1311 5644 ἀποκριθεὶς
1365 5565 1499 5624 εἶπεν
1547 5571 1702 5643 αὐτῷ·
1749 5589 1765 5619 ι
1797 5567 1948 5626 Οὗτοι
1975 5573 2064 5642 μέν

488 5653 587 5707 θεοί
630 5657 720 5710 οὐκ
758 5659 876 5724 εἰσί,
908 5657 1078 5714 δοῦλοι
1113 5655 1168 5713 δέ
1213 5662 1298 5715 καὶ
1345 5662 1568 5728 μαθηταὶ
1611 5663 1942 5732 τυγχάνουσι
1971 5667 2060 5718 τοῦ

2165 491 2295 546 stris
2319 501 2666 560 prosternens
2689 494 2935 564 pedibus,
2971 496 3172 565 ubique
3193 511 3290 550 vos
3310 496 3543 550 victores
3559 503 3748 551 osten-

2166 581 2275 636 dat.
2303 581 2510 636 Etenim
2565 582 2682 652 ejus
2740 583 2970 655 insignia
3020 585 3299 654 dignitatis
3343 599 3498 638 sacra
3545 586 3748 654 pandat

2166 673 2491 736 auctoritas,
2523 682 2829 743 quantaque
2877 675 3154 730 veneratio
3201 673 3315 744 ejus
3362 689 3588 729 summa:
3631 674 3750 730 sedi

2165 761 2468 817 exhibenda
2495 763 2565 818 sit
2591 780 2623 818 a
2665 765 2913 820 ﬁdelibus
2953 765 3162 821 cunctis
3190 781 3287 836 per
3310 767 3519 820 orbem.
3568 766 3749 821 Domi-

2165 865 2268 904 nus
2291 852 2435 906 enim
2469 855 2715 909 eumdem
2745 853 3070 924 clavigerum
3128 854 3280 925 regni
3305 853 3569 909 caelorum
3620 870 3750 909 cun-

2165 940 2270 995 ctis
2287 944 2577 1012 praeposuit
2596 944 2915 1014 principem,
2949 953 3004 1001 et
3037 946 3141 1001 hoc
3178 947 3248 1001 ab
3293 947 3409 1016 ipso
3449 945 3753 1000 honoratur

2166 1031 2446 1101 privilegio
2467 1049 2575 1102 quo
2602 1034 2652 1088 ei
2678 1033 2857 1089 claves
2882 1035 3090 1090 collatae
3131 1045 3257 1092 sunt
3283 1037 3437 1106 regni
3465 1037 3750 1091 catlorum.

2165 1120 2271 1175 Iste
2300 1120 2483 1190 itaque
2507 1130 2616 1176 tam
2645 1123 2902 1191 prtecelso
2923 1124 3177 1192 prmlatus
3206 1126 3416 1180 honore
3448 1125 3755 1195 promeruit

2169 1209 2414 1265 conﬁteri
2441 1211 2600 1265 [idem
2629 1229 2790 1283 supra
2827 1229 2990 1282 quam
3029 1212 3287 1270 fundatur
3324 1215 3569 1270 Ecclesia
3595 1215 3756 1270 Chri-

2166 1300 2256 1354 sti.
2286 1301 2504 1354 Beatam
2546 1300 2941 1357 confessionem
2973 1303 3250 1358 beatitudo
3285 1313 3472 1358 secuta
3501 1314 3589 1360 est
3614 1321 3758 1374 psm—

2166 1391 2416 1456 miorum,
2445 1389 2599 1460 cujus
2637 1392 3017 1461 praedicatione
3046 1401 3232 1448 sancta
3265 1395 3589 1449 universalis
3633 1395 3757 1448 illu-

2167 1490 2335 1536 strata
2357 1489 2440 1536 est
2462 1482 2723 1545 Ecclesia,
2747 1491 2803 1537 et
2823 1498 2892 1538 ex
2911 1498 2973 1538 ea
2999 1492 3210 1539 αξιοι-ω
3239 1485 3335 1540 Dei
3359 1486 3606 1541 ecclesiae
3627 1486 3755 1540 ﬁdei

2167 1574 2486 1629 documenta
2521 1583 2883 1645 sumpserunt.
2915 1575 3050 1630 Nam
3076 1576 3190 1646 ipse
3208 1577 3463 1646 princeps
3488 1576 3757 1645 apostolo-

2169 1680 2287 1718 rum
2312 1667 2502 1720 beatus
2523 1665 2734 1731 Petrus,
2757 1666 2850 1737 qui
2871 1667 3178 1736 apostolicae
3206 1667 3593 1737 sediprimitus
3614 1683 3757 1736 prab—

2167 1758 2324 1824 sedit,
2348 1758 2432 1813 sui
2453 1758 2783 1828 apostolatus
2815 1759 3178 1828 principatum
3203 1775 3270 1814 ac
3294 1760 3589 1830 pastoralis
3608 1775 3753 1815 cura:

2165 1847 2567 1900 successoribus
2592 1847 2723 1911 suis,
2753 1847 2846 1916 qui
2889 1847 2944 1901 in
2971 1846 3089 1916 ejus
3116 1849 3486 1903 sacratissima
3508 1849 3639 1903 sede
3659 1864 3754 1918 pe-

2165 1938 2404 1993 renniter
2430 1939 2630 1994 sessuri
2654 1947 2799 2003 sunt,
2823 1939 3129 2008 dereliquit,
3154 1940 3350 2009 quibus
3373 1948 3429 1994 et
3456 1942 3755 1996 auctorita—

2167 2028 2237 2082 tis
2270 2037 2589 2097 potestatem
2613 2069 2630 2095 ,
2684 2029 3137 2100 quemadmodum
3177 2046 3207 2083 a
3254 2030 3541 2085 Salvatore
3571 2041 3755 2087 nostro

2165 2119 2393 2175 Domino
2421 2122 2530 2176 Deo
2551 2122 2600 2177 ei
2625 2137 2880 2178 concessa
2907 2132 3009 2190 est,
3026 2131 3080 2179 et
3102 2124 3216 2193 ipse
3242 2139 3459 2194 quoque
3486 2125 3608 2179 suis
3633 2142 3754 2184 con-

2164 2213 2286 2267 tulit
2318 2229 2381 2267 ac
2426 2213 2648 2269 tradidit
2678 2215 2860 2270 divino
2903 2214 3057 2284 jussu
3097 2217 3504 2270 successoribus
3541 2217 3755 2284 pontiﬁ-

2165 2304 2345 2368 cibus,
2390 2319 2621 2374 quorum
2684 2305 2974 2361 traditione
3015 2305 3216 2362 Christi
3258 2323 3474 2362 sacram
3527 2306 3751 2377 etiigiem

2165 2404 2472 2466 sanctasque
2515 2395 2631 2465 ejus
2657 2397 2969 2463 Geuitricis,
2995 2398 3475 2467 apostolorumquc
3520 2399 3608 2453 vel
3649 2415 3753 2453 om-

2165 2484 2313 2538 nium
2340 2494 2651 2541 sanctorum
2685 2502 3008 2542 veneramur
3051 2489 3335 2558 imagines.
3378 2489 3460 2542 Ex
3506 2505 3576 2544 eo
3615 2489 3749 2542 enim

2165 2589 2270 2645 quo
2293 2574 2491 2630 Christi
2508 2576 2601 2631 Dei
2627 2577 2796 2632 nostri
2822 2577 3075 2633 Ecclesiae
3095 2578 3291 2648 quietis
3305 2587 3358 2634 et
3382 2579 3540 2647 pacis
3559 2587 3751 2648 aperta:

2165 2673 2290 2718 sunt
2313 2664 2476 2731 fores,
2511 2667 2881 2737 hactenusque
2904 2667 3129 2738 depicta:
3151 2669 3394 2723 ecclesia:
3431 2669 3754 2737 imaginibus

2167 2761 2292 2808 sunt
2315 2762 2542 2820 ornatae,
2569 2756 2728 2810 beato
2751 2765 2914 2826 atque
2939 2757 3282 2812 sanctissimo
3301 2772 3448 2827 papa
3492 2757 3754 2813 Silvestre

2166 2853 2415 2899 testante.
2454 2846 2510 2900 lu
2547 2845 2678 2916 ipsis
2697 2847 2844 2900 enim
2870 2847 3111 2902 exordiis
3149 2847 3612 2911 Christianorum,
3636 2863 3751 2904 cum

2167 2935 2235 2989 ad
2262 2933 2419 2989 tidem
2443 2945 2848 2991 converteretur
2867 2937 2988 3006 pius
3013 2938 3306 3008 imperator
3335 2939 3747 3002 Constantinus,

2169 3023 2247 3078 sic
2284 3023 2498 3094 legitur.
2533 3025 2829 3080 Transacta
2857 3027 2962 3093 die,
2991 3037 3256 3083 nocturno
3283 3030 3397 3098 regi
3424 3028 3574 3085 facto
3602 3030 3750 3084 silen-

2171 3116 2264 3179 tio,
2294 3117 2467 3172 somni
2505 3127 2714 3186 tempus
2740 3119 2977 3184 advenit,
2995 3129 3050 3173 et
3073 3133 3198 3174 ecce
3219 3123 3416 3175 adsunt
3438 3123 3616 3176 sancti
3635 3137 3748 3197 apo-

2164 3207 2286 3261 stoli
2343 3207 2534 3264 Petrus
2577 3219 2629 3265 et
2685 3209 2884 3266 Paulus
2927 3211 3198 3268 dicentes:
3231 3213 3499 3280 Quoniam
3539 3214 3747 3283 ﬂagitiis

2165 3297 2272 3352 tuis
2291 3299 2517 3367 posuisti
2560 3300 2848 3355 terminum
2871 3341 2886 3366 ,
2936 3309 2992 3357 et
3028 3301 3344 3357 effusionem
3402 3304 3744 3358 innocentum

2164 3388 2441 3458 sanguinis
2470 3389 2728 3445 horruisti
2753 3430 2769 3455 ,
2806 3390 2960 3446 missi
2987 3408 3174 3446 sumus
3201 3408 3234 3446 a
3254 3392 3473 3448 Christo
3492 3392 3627 3448 Jesu
3653 3394 3745 3449 Do-

2165 3477 2310 3532 mino
2367 3479 2496 3532 dare
2551 3478 2647 3534 tibi
2702 3480 2950 3535 sanitatis
3011 3483 3393 3552 recuperandae
3441 3483 3742 3538 consilium.

2164 3565 2300 3622 Audi
2331 3585 2458 3639 ergo
2487 3570 2687 3624 monita
2725 3579 2932 3637 nostra,
2963 3580 3019 3625 et
3063 3574 3147 3627 fac
3183 3573 3368 3628 omnia
3413 3587 3744 3643 quacunque

2166 3657 2523 3713 indicabimus
2556 3660 2669 3714 tibi.
2730 3659 2988 3716 Silvester
3032 3661 3318 3731 episcopus
3364 3663 3609 3718 civitatis
3647 3663 3743 3716 Ro-

2165 3763 2338 3803 mana:
2360 3748 2428 3802 ad
2473 3758 2709 3805 montem
2739 3749 3017 3806 Soractem
3066 3751 3474 3820 persecutiones
3517 3763 3639 3807 tuas
3670 3752 3744 3806 fu-

2165 3839 2318 3911 giens
2349 3839 2403 3894 in
2424 3841 2670 3896 cavernis
2690 3849 2966 3910 petrarum
2995 3857 3118 3897 cum
3147 3841 3259 3896 suis
3272 3841 3489 3897 clericis
3518 3842 3745 3897 latebras

2168 3929 2334 3986 fovet.
2379 3931 2532 3987 Hunc
2555 3948 2678 3987 cum
2702 3932 2772 3987 ad
2803 3940 2855 3988 te
2877 3931 3190 3996 adduxeris,
3216 3933 3330 4002 ipse
3363 3934 3462 3988 tibi
3485 3935 3743 4004 piscinam

2168 4025 2432 4090 ostendet,
2464 4026 2518 4080 in
2552 4041 2716 4096 quam
2738 4025 2866 4080 dum
2894 4026 3053 4080 tertio
3075 4027 3345 4090 merserit,
3371 4027 3559 4082 omnis
3583 4038 3635 4082 te
3657 4043 3744 4080 va-

2163 4113 2345 4170 letudo
2383 4115 2592 4171 deseret
2613 4115 2794 4186 leprze.
2826 4114 2978 4182 Quod
3011 4117 3136 4172 dum
3166 4115 3366 4172 factum
3396 4115 3592 4183 fuerit,
3618 4119 3746 4172 hanc

2164 4204 2589 4260 vicissitudinem
2613 4205 2868 4260 salvatori
2883 4213 2976 4261 tuo
2994 4221 3282 4276 compensa
3299 4216 3359 4260 ut
3384 4223 3584 4262 omnes
3599 4207 3746 4276 jussu

2164 4301 2258 4350 tuo
2281 4310 2379 4364 per
2405 4296 2591 4350 orbem
2619 4303 2791 4351 totum
2814 4296 3115 4352 Romanum
3140 4297 3382 4353 ecclesia:
3433 4309 3743 4354 restauran-

2165 4393 2271 4439 tur.
2299 4384 2378 4440 Tu
2395 4393 2574 4440 autem
2597 4386 2651 4441 in
2674 4387 2774 4442 hac
2797 4397 2951 4457 parte
2975 4387 3198 4458 puriﬁca
3218 4397 3288 4453 te,
3316 4397 3377 4443 ut
3397 4389 3593 4446 relicta
3605 4390 3744 4445 omni

2165 4475 2542 4544 superstitione
2575 4475 2863 4542 idolorum,
2895 4478 3064 4532 Deum
3114 4495 3277 4533 unum
3301 4520 3322 4544 ,
3367 4481 3463 4549 qui
3492 4495 3655 4535 verus
3694 4489 3744 4534 et

2162 4565 2308 4621 solus
2333 4575 2434 4631 cst,
2459 4567 2650 4622 adores
2690 4574 2746 4622 et
2790 4567 3024 4631 excolas,
3051 4577 3107 4623 et
3152 4567 3220 4622 ad
3255 4567 3375 4637 ejus
3411 4571 3742 4626 voluntatem

2162 4657 2414 4726 attingas.
2448 4657 2756 4728 Exsurgens
2783 4660 2963 4728 itaque
2987 4676 3014 4714 ο
3045 4675 3234 4715 somno
3270 4663 3458 4716 statim
3488 4670 3747 4717 convocat

2163 4762 2256 4803 eos
2293 4749 2384 4818 qui
2415 4749 2772 4808 observabant
2795 4751 3076 4819 palatium,
3102 4761 3157 4806 et
3180 4754 3481 4808 secundum
3505 4765 3742 4811 tenorem

2163 4841 2336 4894 somni
2367 4841 2449 4895 sui
2477 4842 2623 4896 misit
2645 4843 2714 4897 ad
2759 4850 2996 4896 montem
3019 4843 3298 4898 Soractem
3323 4885 3337 4908 ,
3391 4847 3489 4901 ubi
3528 4856 3744 4902 sanctus

2165 4929 2424 4985 Silvester
2447 4932 2500 4986 in
2539 4932 2815 5002 cujusdam
2853 4932 3146 4988 Christiani
3187 4949 3320 5006 agro
3353 4941 3745 5006 persecutionis

2164 5037 2325 5077 causa
2355 5037 2476 5076 cum
2500 5023 2612 5077 suis
2649 5023 2860 5079 clericis
2905 5035 3166 5094 receptus,
3196 5025 3524 5084 lectionibus
3545 5041 3606 5083 et
3632 5044 3744 5084 ora-

2166 5113 2399 5170 tionibus
2427 5113 2728 5170 insistebat.
2758 5113 2829 5170 At
2853 5116 2942 5172 ubi
2967 5132 2999 5170 a
3028 5116 3289 5172 militibus
3339 5133 3397 5174 se
3423 5130 3740 5176 conventum

2165 5205 2318 5270 vidit,
2347 5206 2573 5260 credidit
2599 5222 2660 5262 se
2685 5207 2753 5261 ad
2797 5209 3042 5279 martyrii
3093 5225 3352 5266 coronam
3395 5215 3649 5278 evocari;
3694 5222 3739 5264 et

2165 5311 2454 5358 conversus
2481 5297 2549 5351 ad
2575 5297 2773 5370 clerum
2798 5315 3012 5355 omnem
3034 5302 3126 5371 qui
3153 5317 3276 5356 cum
3301 5318 3368 5358 eo
3402 5313 3540 5369 erat,
3574 5304 3701 5359 dixit
3724 5315 3738 5354 :

2165 5384 2300 5441 Ecce
2328 5405 2463 5442 nunc
2493 5399 2691 5459 tempus
2721 5390 3061 5461 accrptabile,
3089 5407 3204 5446 ecce
3236 5409 3373 5447 nunc
3401 5394 3516 5448 dies
3542 5394 3737 5448 salutis.

2165 5479 2443 5536 Profectus
2468 5480 2670 5550 itaque,
2701 5489 2757 5535 ut
2785 5481 2987 5539 dictum
3033 5491 3136 5546 est,
3164 5484 3412 5551 pervenit
3439 5485 3510 5539 ad
3544 5477 3736 5555 regem.

2163 5574 2250 5629 cui
2290 5575 2566 5631 nuntiatus
2596 5591 2719 5632 cum
2749 5578 2918 5632 tribus
2946 5579 3276 5648 presbyteris
3304 5586 3361 5632 et
3397 5577 3611 5633 duobus
3634 5576 3733 5632 dia-

2165 5666 2314 5721 conis
2341 5665 2605 5722 introivit.
2629 5667 2906 5740 Ingressus
2951 5669 3113 5724 dixit:
3153 5667 3262 5722 Pax
3287 5668 3389 5723 tibi
3419 5679 3478 5723 et
3507 5666 3736 5725 victoria-
