4004 6172
300 318 422 374 liii

1741 309 2116 369 EPISTOLIE.

3409 309 3546 367 1229

288 436 357 494 de
383 432 518 489 cado
543 431 934 486 ministrentur.
964 423 1132 493 Quem
1149 442 1270 481 cum
1297 442 1393 482 rex
1422 427 1585 482 alacri
1603 427 1787 480 animo
1811 435 1866 480 et

1974 428 2147 501 κυρίου
2198 428 2338 494 ἡμῶν
2381 425 2555 485 Ἰησοῦ
2620 431 2846 499 Χριστοῦ
2868 466 2882 491 ,
2925 425 3016 488 οὓς
3064 427 3316 493 ἰξελίξατο
3367 431 3440 490 εἰς
3484 432 3546 487 τὸ

287 522 438 576 vultu
487 518 852 591 placidissimo
886 516 1239 585 suscepisset,
1274 517 1453 571 omnia
1504 517 1577 570 illi
1625 531 1747 585 quae
1794 515 1869 569 fa-

284 620 373 667 cta
389 652 406 676 ,
438 627 560 682 qua:
589 609 733 664 dicta
763 615 908 672 sunt,
926 621 1045 676 quae
1067 606 1229 659 etiam
1253 604 1486 659 relevata
1509 612 1654 668 sunt,
1679 619 1872 658 secun-

283 699 415 754 dum
438 705 642 753 textum
679 694 928 763 superius
954 693 1402 762 comprehensum
1443 692 1712 762 exposuit.
1742 691 1872 746 Post

282 789 452 843 ﬁnem
475 802 606 842 vero
637 785 964 841 narrationis
996 799 1106 839 suae
1144 785 1619 852 percunctabatur,
1645 784 1736 853 qui
1783 797 1873 837 es-

281 887 409 934 sent
436 879 524 934 isti
552 879 625 933 dii
647 879 838 933 Petrus
859 884 912 932 et
934 875 1150 941 Paulus,
1178 875 1268 944 qui
1315 874 1466 930 illum
1489 876 1777 930 ‘visitarent
1800 875 1871 930 ob

281 983 507 1023 causam
533 967 721 1022 salutis
742 981 874 1030 suae,
905 974 959 1021 et
979 964 1094 1034 ejus
1117 965 1351 1020 latebras
1385 966 1732 1021 detexissent.
1765 964 1872 1018 Sil-

281 1067 467 1114 vester
485 1059 760 1127 respondit
785 1075 797 1110 :
827 1056 893 1110 Hi
931 1055 1148 1126 quidem
1169 1054 1241 1109 dii
1264 1071 1369 1109 non
1390 1064 1534 1119 sunt,
1559 1057 1653 1110 sed
1690 1055 1870 1110 idonei

281 1151 430 1205 servi
452 1148 673 1214 Christi,
703 1154 757 1204 et
782 1147 1011 1217 apostoli
1031 1146 1191 1201 electi
1241 1147 1309 1201 ab
1331 1162 1412 1211 eo,
1437 1156 1492 1202 et
1519 1147 1668 1201 missi
1699 1148 1766 1201 ad
1791 1147 1873 1200 in-

281 1241 598 1298 vitationem
612 1239 871 1309 gentium,
897 1245 959 1291 ut
980 1235 1262 1292 credentes
1287 1237 1513 1292 salutem
1537 1253 1872 1306 consequan-

283 1341 396 1386 tur.
423 1330 664 1399 Cumque
701 1328 818 1382 haec
864 1334 918 1381 et
960 1327 1045 1381 bis
1103 1326 1352 1381 similiter
1397 1326 1640 1395 Augusto
1668 1327 1870 1382 diceret

280 1437 442 1493 papa,
472 1419 809 1487 interrogare
853 1417 1018 1487 coepit
1043 1416 1349 1486 Augustus,
1391 1425 1700 1472 utrumnam
1737 1417 1869 1472 istos

281 1513 555 1586 apostolos
581 1513 808 1567 haberet
840 1510 1019 1580 aliqua
1052 1509 1228 1580 imago
1265 1524 1570 1580 expressos,
1597 1519 1659 1564 ut
1685 1524 1752 1564 ex
1782 1510 1868 1580 pi-

281 1612 439 1659 ctura
463 1602 694 1658 disceret
714 1600 814 1656 hos
845 1614 966 1655 esse
990 1615 1127 1670 quos
1147 1599 1406 1656 revelatio
1424 1601 1700 1656 docuerat.
1718 1599 1868 1655 Tunc

279 1701 504 1748 sanctus
531 1691 789 1746 Silvester
816 1691 981 1745 misso
1009 1689 1236 1746 diacone
1266 1690 1555 1760 imaginem
1594 1691 1866 1762 apostolo-

1970 515 2274 590 ἐπιστρέψαι
2314 517 2483 570 πάντα
2521 517 2587 570 τά
2631 513 2742 574 ἔθνη
2769 519 3028 572 πιστεύειν
3058 521 3130 578 εἰς
3151 519 3324 574 αὐτόν.
3357 537 3376 569 ι
3410 530 3466 574 '0
3487 519 3545 575 δῦ

1969 604 2189 664 ἀκούσας
2229 611 2398 659 ταῦτα
2424 644 2440 670 ,
2478 604 2626 658 πάλιν
2667 607 2928 678 ἠρώτησεν
2984 603 3158 670 αὐτὸν,
3202 611 3245 661 εἰ
3300 605 3402 681 ἆρα
3449 611 3548 667 εἰσί

1968 694 2067 748 πού
2117 714 2242 748 ποτε
2291 694 2344 747 αἰ
2394 694 2618 767 ἱστορίαι
2647 691 2832 749 αὐτῶν.
2868 695 2988 749 τότε
3019 695 3045 749 6
3069 696 3214 768 ἅγιος
3247 699 3548 772 Σίλϐεστρος

1970 783 2278 843 ἀποστείλας
2321 781 2566 846 διάκονον,
2598 783 2874 855 ἐπέτρεψεν
2919 786 3055 853 αὐτῷ
3092 787 3286 856 ὲνίγκαι
3323 789 3418 848 τάς
3445 794 3548 843 τῶν

1969 875 2123 946 ἁγίων
2158 875 2451 929 ἀποστόλων
2488 872 2700 934 εἰκόνας’
2741 873 2801 934 άς
2830 873 2946 929 ἰδὼν
2975 875 3000 930 6
3043 878 3282 948 βασιλεὺς
3314 881 3546 950 μεγάλως

1970 965 2312 1039 ἐκραύγασεν
2365 962 2515 1018 Οὗτοί
2565 966 2691 1020 εἰσιν
2743 963 2832 1024 οῦς
2874 962 3002 1020 εἶδον
3053 969 3102 1020 ἔν
3159 967 3400 1042 ὁράματι,
3458 973 3544 1025 καί

1969 1056 2130 1109 οὐκέτι
2180 1053 2475 1125 δυσπιστῷ·
2518 1057 2734 1129 γενέσθω
2781 1056 3102 1129 κολυμϐήθρα
3152 1066 3243 1118 τῆς
3289 1061 3544 1133 σωτηρίας

1968 1167 2085 1218 μου,
2132 1150 2215 1201 καί
2260 1149 2524 1217 γενομένης
2571 1146 2939 1221 κολυμϐήθρας,
2981 1148 3281 1212 ἐϐαπτίσθη,
3314 1152 3398 1202 καί
3445 1171 3546 1204 πα·

1968 1247 2220 1314 ραχρῆμα
2246 1241 2375 1298 ἰάθη.
2401 1243 2500 1293 Καί
2537 1241 2866 1310 ἀναμνησθείς
2887 1245 2976 1294 τοῦ
3005 1241 3214 1311 ἀγαθοῦ,
3249 1236 3308 1294 οὗ
3334 1239 3540 1305 ἔπαθεν,

1969 1334 2230 1406 ἀπήρξατο
2283 1335 2512 1405 κᾴκεῖνος
2555 1339 2717 1385 ποιεῖν
2766 1331 3056 1393 Ἐκκλησίας
3074 1371 3089 1395 ,
3140 1333 3434 1389 ἀναστηλῶν
3495 1332 3544 1385 ἕν

1969 1422 2147 1480 αὑταῖς
2197 1421 2288 1481 τάς
2336 1422 2493 1480 αὐτάς
2540 1413 2831 1492 σεϐασμίας
2869 1420 3080 1482 εἰκόνας,
3131 1421 3203 1480 εἰς
3252 1420 3408 1481 σέϐας
3459 1423 3543 1475 καί

1969 1513 2249 1581 ἀνάμνησιν
2287 1518 2378 1567 τοῦ
2431 1511 2905 1586 ἕνανθρωπὴσαντος
2958 1516 3136 1589 Κυρίου
3183 1516 3320 1584 ἡμῶν
3369 1511 3540 1571 Ἰησοῦ

1968 1610 2213 1678 Χριστοῦ,
2235 1607 2320 1658 καί
2345 1605 2548 1659 πάντων
2583 1612 2680 1658 τῶν
2719 1604 2892 1676 ἁγίων·
2943 1607 3078 1661 ὥστε
3117 1605 3423 1679 ἐπιστρέψαι
3454 1606 3542 1660 τόν

1971 1696 2366 1766 χριστιανισμὸν
2414 1697 2483 1756 εἰς
2531 1701 2635 1768 φῶς
2675 1692 2761 1766 [Ιλ.
2807 1698 2880 1755 εἰς
2923 1695 3010 1751 τὸν
3049 1716 3311 1770 χριστιαν.
3345 1699 3433 1749 καί
3469 1698 3543 1756 εἰς

280 1799 405 1839 rum
448 1782 550 1838 sibi
593 1781 836 1837 exhiberi
883 1781 1158 1851 pmcipit:
1197 1796 1360 1851 quam
1397 1771 1691 1851 imperator
1725 1781 1867 1850 aspi-

1974 1791 2087 1856 φῶς,
2135 1793 2240 1838 etc.
2291 1784 2440 1855 lat],
2493 1788 2576 1840 καί
2630 1786 2858 1842 ἀληθειαν
2911 1788 2998 1839 καί
3037 1786 3188 1840 πόθον
3232 1791 3324 1840 τοῦ
3379 1788 3542 1839 θεϊκοῦ

277 1874 452 1939 ciens,
480 1871 684 1943 ingenti
715 1870 952 1926 clamore
987 1870 1152 1941 cmpit
1187 1869 1389 1935 dicere,
1415 1871 1565 1940 ipsos
1585 1884 1705 1925 esse
1729 1886 1866 1940 quos

279 1964 628 2028 viderat,nec
655 1961 848 2016 debere
866 1958 979 2029 jam
1001 1958 1188 2014 diﬁ‘ere
1207 1976 1304 2030 per
1332 1959 1592 2028 Spiritum
1618 1967 1864 2014 sanctum

277 2053 481 2107 factam
514 2051 879 2107 ostensionem
915 2049 1136 2121 piscina:
1159 2065 1322 2120 quam
1372 2049 1507 2103 istos
1551 2049 1865 2119 promisisse

278 2157 394 2198 sum
414 2142 571 2197 saluti
593 2141 946 2196 memorabat.
979 2140 1138 2205 Ecce,
1163 2148 1222 2193 ut
1243 2140 1578 2209 praemissum
1606 2148 1709 2205 est,
1742 2155 1865 2195 san-

280 2241 497 2288 ctorum
529 2232 715 2302 ﬁgura:
743 2232 810 2286 ab
833 2230 963 2300 ipsis
985 2231 1185 2285 sanctis
1211 2229 1334 2285 ﬁdei
1364 2238 1562 2286 nostra:
1590 2231 1861 2286 rudimen~

281 2323 353 2378 tis
377 2323 516 2393 apud
541 2337 730 2378 omnes
754 2319 971 2375 fuerunt
993 2319 1327 2375 Christianos
1355 2327 1518 2390 atque
1547 2319 1601 2373 in
1620 2319 1865 2374 ecclesiis

283 2421 590 2469 sanctorum
613 2427 782 2466 sacrae
794 2409 979 2482 ﬁgurae
989 2423 1259 2478 expressae
1270 2416 1429 2477 atque
1443 2409 1666 2478 depictas
1680 2409 1864 2462 hacte—

282 2517 387 2556 nus
417 2499 652 2564 fuerunt,
671 2509 936 2569 quatenus
959 2499 1227 2570 gentilitas
1251 2514 1602 2569 paganorum,
1637 2513 1864 2566 conspe-

283 2603 370 2648 cta
404 2594 594 2649 divinae
625 2592 920 2662 Scripturre
947 2591 1158 2661 depicta
1197 2590 1452 2655 historia,
1490 2591 1558 2645 ab
1593 2589 1861 2645 idolorum

284 2685 492 2740 cultura
517 2684 818 2739 daemonum
844 2681 1147 2736 simulacris
1172 2682 1240 2736 ad
1277 2697 1464 2735 verum
1485 2680 1863 2735 Christianita-

283 2780 354 2834 tis
381 2779 557 2832 lumen
583 2785 746 2847 atque
771 2776 974 2831 amoris
995 2775 1091 2828 Dei
1129 2773 1397 2828 culturam
1425 2772 1561 2827 verti
1601 2772 1820 2826 deberet
1845 2810 1860 2836 ,

283 2870 424 2924 sicut
449 2875 503 2922 et
536 2867 836 2936 praecipuus
874 2874 1029 2934 pater
1056 2872 1218 2932 atque
1265 2861 1490 2917 idoneus
1542 2859 1864 2930 praedicator

281 2961 478 3013 beatus
498 2955 792 3027 Gregorius
805 2953 963 3023 hujus
975 2953 1282 3023 apostolica:
1303 2951 1446 3007 sedis
1459 2949 1652 3020 praesul
1683 2950 1777 3015 ait,
1803 2956 1864 3004 ut

282 3048 338 3103 hi
388 3047 481 3117 qui
522 3045 732 3101 litteras
788 3045 1065 3108 nesciunt,
1116 3043 1306 3098 saltem
1349 3042 1404 3096 in
1453 3041 1750 3111 parietibus
1789 3041 1864 3096 vi-

1968 1875 2335 1947 σεϐάσματος,
2392 1879 2473 1930 καί
2542 1877 2885 1948 ἀπαλλαγῆναι
2948 1877 3142 1937 πάντας
3189 1877 3243 1930 ἐκ
3291 1885 3384 1936 τῆς
3439 1884 3543 1932 τῶν

1966 1967 2111 2020 ἐθνῶν
2162 1966 2577 2042 εἰδωλσιλατρείας
2626 1971 2712 2022 καί
2759 1967 3006 2039 δαιμόνων
3046 1969 3257 2028 πλάνης*
3301 1970 3462 2028 καθὼς
3513 1965 3541 2022 6

1967 2055 2109 2127 ἅγιος
2149 2060 2423 2132 Γρηγὸριος
2463 2056 2488 2111 6
2535 2054 2778 2128 διάδοχος
2823 2064 2924 2112 τῶν
2971 2059 3267 2113 ἀποστόλων
3309 2059 3540 2130 ἕκηρυξε,

1965 2155 2056 2201 τοῦ
2085 2147 2285 2208 πάντας
2323 2151 2621 2223 ἀνθρώπους
2649 2151 3108 2221 ἀγραμματὶστους
3151 2152 3235 2202 καί
3275 2154 3343 2218 μή
3380 2148 3539 2203 δυνα-

1965 2239 2146 2308 μένους
2190 2240 2499 2311 άναγνῶναι,
2530 2239 2733 2312 θεωρεῖν
2777 2232 2870 2297 τάς
2919 2239 3240 2310 εὐαγγελικὸα·
3287 2239 3537 2313 ἱστορίας,

1966 2330 2051 2378 καί
2098 2324 2336 2381 διἀὐτῶν
2390 2325 2666 2394 ἀνάγεσθαι
2713 2327 2842 2399 πρὸς
2910 2323 3058 2390 δόξαν
3122 2329 3208 2380 καί
3264 2327 3542 2396 ἀνάμνησιν

1964 2423 2056 2475 τῆς
2105 2417 2345 2488 ἔνσάρκου
2398 2417 2680 2484 οἰκονομίας
2752 2420 2844 2468 τοῦ
2909 2419 3090 2489 ιυρίου
3144 2418 3227 2470 καί
3280 2416 3538 2470 Δεσπότου

1966 2509 2105 2576 ἡμῶν
2145 2506 2314 2564 Ἰησοῦ
2366 2511 2589 2581 Χριστοῦ
2614 2520 2626 2533 ·
2675 2509 2762 2560 καί
2809 2507 2998 2565 πάντες
3045 2507 3092 2560 οί
3139 2504 3395 2575 ὀρθόδοξοι
3453 2509 3542 2562 καί

1967 2601 2449 2671 χριστιανικώτατοι
2494 2598 2725 2670 βασιλεῖς
2771 2600 2866 2651 σύν
2908 2602 3041 2652 πᾶσι
3078 2605 3187 2658 τοῖς
3235 2598 3428 2672 ίερεῦσε
3455 2599 3544 2653 καί

1966 2687 2180 2755 irrigat;
2244 2683 2462 2760 ἀνδράσι
2532 2693 2640 2744 τοῖς
2711 2686 3080 2757 θεραπεύουσι
3111 2687 3197 2740 τὸν
3254 2687 3376 2740 Θεόν
3437 2685 3544 2751 ἅμα

1967 2779 2118 2830 παντί
2152 2783 2226 2845 τῷ
2274 2777 2754 2849 χριστιανικωτάτῳ
2802 2775 2932 2844 λαῷ,
2989 2777 3118 2831 κατὰ
3168 2781 3258 2834 τήν
3311 2777 3544 2851 ἀρχαίαν

1965 2863 2246 2937 παράδοσιν
2309 2872 2408 2919 τῶν
2474 2864 2630 2934 ἁγίων
2698 2867 2930 2938 Πατίρων
2993 2870 3080 2920 καί
3141 2865 3372 2930 ἐδίξαντο
3392 2906 3405 2930 ,
3458 2866 3546 2921 καί

1966 2959 2272 3033 ἐκράτησαν,
2305 2961 2389 3012 καί
2439 2957 2638 3028 ἔχουσι
2681 2960 2778 3018 τὰς
2827 2959 2983 3019 αὑτάς
3019 2957 3308 3032 σεϐασμίας
3351 2959 3544 3017 εἰκόνας

1967 3051 2039 3108 εἰς
2078 3050 2354 3117 ἀνάμνησιν
2399 3050 2484 3100 καί
2528 3049 2797 3112 κατάνυξιν
2848 3047 3085 3122 καρδίας,
3113 3051 3198 3103 καί
3255 3050 3419 3122 μέχρι
3445 3053 3545 3102 τοῦ

283 3138 461 3193 dendo
484 3137 663 3206 legant
686 3151 805 3205 quae
827 3136 1003 3206 legere
1030 3136 1083 3189 in
1111 3134 1386 3189 codicibus
1412 3149 1518 3188 non
1546 3132 1746 3188 valent.
1783 3132 1864 3188 0b

1974 3138 2214 3216 παρόντος
2272 3137 2514 3192 σέϐονται
2584 3139 2784 3203 αὐτάς,
2836 3141 2921 3192 καί
2986 3139 3036 3190 ἰν
3093 3145 3207 3198 τοῖς
3257 3138 3438 3210 μέρεσι
3486 3136 3542 3191 δί

283 3227 391 3282 hoc
429 3227 623 3297 quippe
657 3227 827 3280 sancti
874 3225 1240 3295 probatissimi
1271 3224 1460 3279 Patres
1493 3224 1638 3294 ipsas
1677 3223 1868 3292 imagi-

285 3333 386 3375 nes
414 3327 575 3388 atque
595 3319 836 3388 picturas
861 3318 1054 3372 divina:
1088 3316 1378 3386 Scriptura:
1398 3324 1453 3372 et
1478 3325 1627 3387 gesta
1653 3323 1869 3372 sancto-

286 3425 410 3464 rum
436 3409 490 3463 in
514 3409 758 3464 ecclesiis
781 3407 993 3478 depingi
1033 3416 1358 3474 statuerunt,
1386 3416 1442 3463 et
1469 3408 1649 3463 cuncti
1682 3408 1870 3463 ortho-

287 3500 417 3556 doxi
465 3509 624 3570 atque
656 3497 1103 3555 Christianissimi
1152 3498 1539 3567 imperatores,
1588 3506 1643 3550 et
1679 3511 1869 3552 omnes

288 3591 596 3648 sacerdotes
643 3607 706 3647 ac
735 3591 971 3662 religiosi
997 3591 1092 3645 Dei
1121 3589 1334 3652 famuli,
1388 3598 1552 3658 atque
1585 3587 1870 3642 universus

286 3681 720 3738 Christianorum
739 3687 930 3743 coetus,
960 3679 1100 3735 sicut
1120 3693 1150 3731 a
1183 3676 1482 3747 primordio
1527 3676 1869 3730 traditionem

288 3793 322 3832 a
348 3777 551 3832 sanctis
570 3775 820 3830 Patribus
839 3781 1212 3842 susceperunt,
1239 3773 1457 3827 easdem
1504 3771 1766 3840 imagines
1791 3779 1872 3824 at-

288 3886 399 3941 que
420 3868 656 3937 picturas
691 3869 760 3923 ob
787 3867 1104 3922 memoriam
1127 3866 1228 3936 piae
1259 3865 1689 3936 compunctionis
1712 3877 1873 3919 vene-

291 3970 481 4016 rantes
506 3962 944 4024 observaverunt,
976 3968 1030 4014 et
1071 3959 1124 4012 in
1153 3959 1398 4028 partibus
1447 3957 1554 4012 illis
1605 3971 1773 4026 usque
1806 3957 1873 4012 ad

288 4061 540 4121 tempora
583 4050 771 4120 proavi
801 4049 1108 4105 serenitatis
1136 4056 1332 4104 vestrae
1370 4047 1667 4104 orthodoxe
1694 4047 1875 4102 colue-

285 4153 448 4200 runt.
476 4142 580 4198 Sed
605 4143 719 4212 ipse
747 4150 929 4198 vester
963 4157 1222 4213 proavus,
1251 4155 1351 4210 per
1374 4139 1729 4210 quorumdam
1775 4140 1874 4193 im-

287 4236 510 4307 piorum
533 4234 911 4298 immissiones,
929 4233 1165 4307 easdem
1203 4233 1449 4302 deposuit
1479 4247 1663 4287 sacras
1688 4232 1877 4301 imagi-

291 4341 415 4390 nes,
448 4335 502 4381 et
533 4341 597 4380 ex
643 4327 745 4381 hoc
778 4341 931 4380 error
966 4341 1192 4397 magnus
1219 4326 1274 4379 in
1314 4326 1480 4394 ipsius
1500 4325 1722 4379 θητεῖαι
1751 4339 1876 4392 par-

292 4418 446 4471 tibus
476 4417 709 4473 accrevit
736 4457 752 4482 ,
791 4425 846 4470 et
872 4412 1057 4487 ingens
1099 4414 1410 4471 scandalum
1462 4415 1517 4468 in
1565 4413 1874 4468 universum

1970 3235 2142 3291 αὐτοῖς
2184 3232 2279 3290 ἕως
2335 3236 2428 3284 τοῦ
2481 3234 2799 3302 προπάππου
2839 3231 2982 3298 ὑμῶν
3032 3227 3304 3304 ὀρθοδόξως
3356 3227 3541 3283 ἐσεϐά-

1967 3322 2178 3380 σθησαν.
2223 3320 2516 3378 ’Δλλάὐτός
2554 3319 2581 3374 6
2627 3320 2952 3394 πρόπαππος
2996 3320 3138 3388 ὐμῶν
3186 3319 3238 3382 ἐξ
3287 3318 3544 3377 ὑποϐολῆς

1969 3429 2114 3468 τινων
2165 3412 2365 3466 ἀσεϐῶν
2417 3414 2714 3482 κατήνεγκεν
2776 3411 2826 3462 ἐν
2879 3417 2987 3469 τοῖς
3034 3409 3204 3464 αὐτόθι
3256 3411 3350 3468 τάς
3405 3409 3546 3482 ίιράς

1970 3503 2190 3564 εἰκόνας·
2242 3506 2324 3557 καὶ
2372 3501 2544 3557 ἔκτοτε
2613 3501 2778 3560 πλάνη
2832 3503 3027 3574 μεγάλη
3095 3505 3147 3556 ἐν
3209 3512 3317 3562 τοῖς
3369 3505 3547 3562 αὐτοῖς

1971 3595 2150 3672 μέρεσι
2196 3602 2283 3654 τῆς
2335 3596 2573 3670 Γραικίας
2625 3595 2868 3658 ηὐξήνθη,
2918 3596 3001 3647 καί
3066 3594 3195 3666 μίγα
3271 3591 3547 3647 σκάνδαλον

1972 3689 2023 3741 ἐν
2075 3685 2174 3756 ὅλῳ
2223 3693 2295 3758 τῷ
2351 3686 2522 3757 κόσμῳ
2567 3685 2757 3758 γέγονε.
2803 3681 2925 3739 Ἀλλ’
2943 3685 3053 3738 οὐαὶ
3103 3684 3320 3745 ἐκείνοις,
3375 3680 3548 3743 δεόὐς

1974 3780 2038 3834 τά
2083 3775 2335 3832 σκάνδαλα
2380 3779 2452 3836 εἰς
2506 3777 2594 3831 τόν
2639 3775 2823 3846 κόσμον
2871 3775 3084 3841 εἰσῆλθε,
3133 3775 3294 3836 καθὼς
3339 3775 3465 3833 αὐτὴ
3516 3776 3548 3833 ἡ

1973 3869 2190 3929 Ἀλήθεια
2233 3879 2508 3945 μαρτυρεῖ.
2559 3867 2706 3923 Ὀθεν
2758 3869 2806 3921 ἰν
2858 3868 3047 3942 μεγάλη
3099 3867 3257 3938 θλίψει
3315 3867 3550 3939 γεγόνασι

1974 3962 2244 4036 Γρηγόριος
2294 3964 2379 4016 καί
2427 3959 2701 4036 Γρηγόριος
2753 3960 2799 4014 οἶ
2845 3961 3230 4030 μακαριώτατοι
3284 3963 3551 4032 ἀρχιερεῖς

1973 4058 2065 4106 τοῦ
2114 4051 2222 4106 καθ’
2241 4053 2375 4121 ἡμᾶς
2422 4056 2695 4121 Ῥωμαϊκοῦ
2747 4051 2943 4123 θρόνου,
2966 4052 3141 4109 οἵτινες
3188 4049 3237 4102 ἐν
3281 4057 3387 4108 τοῖς
3433 4069 3549 4102 και·

1976 4149 2084 4214 ροῖς
2134 4143 2337 4202 ἐκείνοις
2379 4138 2526 4204 ἦσαν,
2553 4144 2640 4194 καί
2686 4142 2927 4200 πολλάκις
2965 4143 3052 4195 τόν
3101 4141 3418 4213 πρόπαππον
3462 4147 3554 4198 τῆς

1978 4233 2229 4304 ὑμετέρας
2263 4233 2504 4292 εὐσεϐοῦς
2542 4232 2762 4304 γαλήνης
2802 4229 3162 4309 ἐδυσώπησαν,
3191 4233 3273 4283 ἶνα
3320 4231 3372 4283 αἰ
3402 4231 3550 4284 αὐταί

1978 4319 2261 4391 σεϐάσμιαι
2328 4324 2508 4381 εἰκόνες
2569 4323 2618 4375 ἰν
2673 4329 2736 4392 τῇ
2787 4321 2892 4394 ἰδίᾳ
2945 4324 3130 4375 στάσει
3189 4322 3554 4372 ἀποκαταστα·

1979 4411 2154 4464 θῶσιν.
2188 4411 2310 4463 ’Δλλ’
2329 4410 2565 4481 οὐδαμῶς
2603 4413 2673 4466 εἰς·
2713 4413 2810 4469 τάς
2855 4413 3025 4464 αὐτῶν
3068 4407 3407 4481 σωτηριὼδεις
3436 4405 3555 4464 δεή-

293 4509 560 4562 mundum
584 4508 815 4562 devenit.
843 4506 949 4561 Sed
977 4521 1056 4560 vze
1103 4506 1176 4560 illi
1206 4521 1304 4575 per
1328 4519 1488 4575 quem
1519 4502 1770 4558 scandala
1824 4501 1873 4554 in

1983 4523 2091 4562 σεις
2117 4499 2253 4574 [Ἃλ.
2287 4497 2541 4569 αἰτήσεις]
2577 4500 2760 4557 ἰκλίθη.
2808 4503 2896 4552 Καὶ
2938 4501 3067 4569 μετά
3102 4503 3269 4553 ταῦτα
3314 4495 3338 4549 6
3381 4497 3557 4565 κύριος

294 4598 613 4653 universum
652 4598 910 4652 mundum
939 4598 1229 4651 venerunt!
1261 4596 1401 4650 sicut
1421 4595 1534 4663 ipsa
1561 4594 1780 4650 Veritas
1807 4601 1882 4646 te—

296 4697 496 4748 Statur.
523 4689 676 4744 Unde
704 4703 896 4758 magno
931 4685 1115 4742 dolore
1148 4685 1429 4740 constricti
1473 4684 1720 4738 dominus
1748 4681 1884 4736 Gre-

298 4782 487 4854 gorius
511 4790 669 4852 atque
697 4781 825 4835 item
846 4779 1138 4850 Gregorius
1162 4776 1459 4832 beatissimi
1484 4775 1768 4844 pontiﬁces
1791 4774 1885 4844 qui

297 4874 398 4928 illo
435 4881 678 4943 tempore
705 4870 1025 4934 existebant,
1056 4867 1303 4923 eumdem
1326 4873 1522 4920 vestrze
1545 4863 1878 4935 tranquillis-

300 4964 457 5019 sima;
479 4962 699 5033 pietatis
725 4974 986 5031 proavum
1011 4957 1124 5013 suis
1171 4955 1480 5026 apostolicis
1505 4955 1883 5010 exarationum

301 5053 552 5122 apicibus
577 5050 852 5122 deprecati
883 5056 1027 5112 sunt,
1045 5054 1105 5100 ut
1129 5046 1197 5101 ab
1222 5045 1410 5100 eadem
1437 5059 1589 5099 nova:
1627 5058 1888 5114 praesum-

304 5143 509 5210 ptionis
539 5142 847 5197 temeritate
873 5138 1236 5208 resipisceret,
1269 5135 1593 5204 easdemque
1629 5134 1890 5204 imagines

306 5236 364 5288 in
390 5233 616 5304 pristino
658 5240 799 5288 statu
828 5229 1154 5286 restitueret.
1183 5226 1289 5282 Sed
1316 5225 1461 5281 nullo
1502 5225 1663 5280 modo
1703 5240 1888 5280 eorum

308 5326 683 5381 saluberrimis
712 5323 1179 5394 deprecationibus
1209 5320 1498 5376 inclinatus
1532 5330 1633 5376 est.
1663 5320 1728 5374 Et
1752 5328 1893 5389 post-

311 5417 532 5473 modum
551 5419 799 5475 dominus
824 5416 1133 5480 Zacharias,
1148 5422 1203 5470 et
1231 5412 1556 5483 Stephanus,
1572 5421 1734 5483 atque
1754 5411 1892 5466 Pau-

315 5510 418 5576 lus,
448 5518 504 5566 et
528 5510 655 5566 item
682 5509 1002 5580 Stephanus,
1032 5508 1457 5578 praedecessores
1500 5506 1670 5560 nostri
1719 5505 1894 5560 sancti

313 5601 615 5670 pontiﬁces,
656 5602 850 5672 saepius
878 5614 1034 5654 avum
1055 5606 1110 5653 et
1129 5597 1424 5668 genitorem
1445 5606 1640 5652 vestra:
1660 5597 1893 5651 serenis—

319 5694 469 5748 simae
500 5694 902 5764 tranquillitatis
943 5707 1044 5762 pro
1089 5689 1390 5744 statuendis
1419 5690 1549 5758 ipsis
1573 5689 1894 5759 imaginibus

1985 4597 2273 4666 Ζαχαρίας,
2315 4597 2398 4647 καί
2443 4594 2698 4663 Στέφανος,
2748 4595 2831 4644 καὶ
2878 4591 3087 4652 Παῦλος,
3117 4592 3197 4643 καί
3237 4589 3409 4660 ἔτερος
3447 4587 3561 4640 Στί-

1985 4703 2164 4754 φανος,
2210 4682 2256 4736 οί
2305 4681 2715 4757 προηγησάμενοι
2761 4681 2901 4751 ἡμῶν
2946 4678 3220 4752 ἁγιώτατοι
3268 4679 3554 4750 ἀρχιερεῖς,

1985 4773 2070 4826 τόν
2111 4772 2320 4825 πάππον
2365 4773 2450 4824 καί
2494 4770 2579 4824 τόν
2624 4769 2823 4838 πατέρα
2875 4777 2966 4828 τῆς
3017 4769 3264 4842 ὑμετέρας
3308 4767 3554 4825 εὐσεϐοῦς

1988 4861 2253 4935 βασιλείας
2287 4863 2404 4937 περὶ
2437 4867 2530 4922 τῆς
2565 4860 3040 4918 ἀποκαταστάσεως
3081 4865 3180 4913 τῶν
3223 4858 3389 4911 αὐτῶν
3416 4857 3564 4928 ἱερῶν

1992 4952 2186 5006 εἰκόνων
2246 4950 2601 5015 ἰδυσῶπησαν,
2663 4949 2846 5020 ὁμοίως
2898 4949 2952 5005 δί
2995 4952 3082 5002 καί
3135 4948 3166 5006 ἡ
3215 4947 3433 5022 ἡμετέρα
3480 4947 3565 4999 εὐ-

1992 5044 2155 5098 τέλεια
2207 5045 2336 5113 μετά
2381 5043 2599 5116 μεγάλης
2663 5040 3118 5116 ταπεινοφροσύνης
3166 5042 3257 5096 τήν
3319 5039 3565 5110 ὑμετέραν

1994 5136 2250 5206 βασιλείαν
2299 5133 2548 5199 δυσωπεῖ,
2572 5136 2656 5187 ἶνα
2700 5135 2862 5192 καθὼς
2896 5133 2950 5186 ἐκ
2994 5137 3094 5185 τῶν
3139 5129 3436 5200 ἁγιωτάτων
3463 5132 3564 5181 τῶν

1992 5226 2424 5298 προηγησαμίνων
2497 5225 2634 5293 ἡμῶν
2699 5226 2785 5277 καί
2855 5220 3212 5292 δοκιμωτάτων
3281 5219 3566 5294 ἀρχιερέων

1998 5315 2288 5387 ἐδεξάμεθα,
2318 5317 2366 5368 ίν
2418 5321 2533 5374 ταῖς
2589 5314 2870 5374 ἐκκλησίαις
2923 5311 3007 5367 διά
3055 5315 3250 5382 μνήμην
3293 5310 3384 5369 τάς
3428 5309 3570 5362 ίστο·

1995 5410 2111 5483 ρίας
2147 5406 2604 5474 ἀναστηλὼσωμεν,
2628 5406 2709 5458 καί
2753 5408 2843 5461 τήν
2889 5403 3028 5477 ίεράν
3062 5403 3226 5456 εἰκόνα
3260 5405 3348 5456 τοῦ
3385 5401 3565 5474 κυρίου

1996 5502 2134 5570 ἡμῶν
2171 5499 2363 5558 Ἰησοῦ
2390 5505 2608 5573 Χριστοῦ
2668 5500 2795 5554 κατὰ
2837 5503 2925 5557 τήν
2972 5497 3231 5572 σάρκωσιν
3275 5503 3366 5556 τῆς
3409 5496 3565 5550 αὐτοῦ

1997 5594 2446 5665 ἀνθρωπομορρίας
2489 5592 2537 5643 ἐν
2569 5597 2632 5663 τῇ
2671 5590 2798 5666 αὐλῇ
2830 5594 2920 5643 τοῦ
2967 5594 3096 5642 Θεοῦ
3143 5592 3564 5657 καταστήσωμεν,

1999 5684 2107 5754 ἅμα
2146 5685 2231 5737 καὶ
2277 5691 2367 5742 τῆς
2405 5680 2553 5755 ἁγίας
2591 5678 2749 5738 αὐτοῦ
2785 5681 2996 5751 μητρός,
3029 5681 3111 5732 καί
3152 5684 3248 5733 τῶν
3294 5678 3446 5748 ἁγίων
3485 5679 3568 5729 καί
