4004 6172
467 406 600 465 1231

1809 398 2085 456 ADRIANI
2120 398 2321 454 ΡΑΡᾸΞ
2362 399 2381 453 l

3521 395 3632 452 12⁸51

467 522 555 576 ούκ
604 519 849 591 ὀφείλομεν
882 520 1229 591 προσκυνῆσαι
1263 514 1381 575 τούς
1415 511 1591 587 ἁγίους
1625 518 1716 569 τοῦ
1746 518 1877 568 Θεοῦ
1914 510 2034 566 3mi-

2151 517 2446 563 sanctorum
2478 524 2489 561 :
2542 506 2617 561 De
2663 504 2987 576 imaginibus
3022 519 3149 558 vero
3186 512 3464 560 sanctorum
3500 509 3632 563 conli-

463 611 607 675 λους,
629 611 715 662 καί
754 609 826 669 εἰς
857 604 1175 678 μνημόσυνον
1213 601 1380 659 αὑτῶν
1420 611 1682 662 συστῆσαι
1715 606 1800 659 καί
1840 604 2040 675 ἰγεῖραι

464 703 563 763 τὰς
615 698 808 760 εἰκόνας
854 697 1043 762 αὐτῶν,
1071 698 1161 751 ἵνα
1324 695 1732 771 ληθαργοθῶσινς
1765 695 1907 752 ’Δλὶὰ
1958 696 2041 748 λέ·

465 811 593 860 γεις,
622 787 698 846 ὅτι
730 786 931 849 αὐτόςὸ
960 787 1080 847 Θεός
1119 790 1507 859 προσκυνεῖσθαι
1532 790 1875 860 χειροποίητα
1909 788 2042 844 ἀπη-

464 877 732 953 γόρευσεν.
785 880 928 941 εἰπὲ,
960 872 999 929 ὦ
1024 872 1262 940 ἰουδαῑε,
1288 879 1339 931 τί
1377 876 1488 931 ἐστι
1518 878 1578 930 τό
1612 874 1783 929 ἐπάνω
1817 883 1908 935 τῆς
1947 884 2035 944 γῆς

466 975 535 1037 μή
571 970 629 1023 ού
673 968 1029 1041 χειροποίητον
1070 969 1199 1035 μετά
1234 966 1292 1021 τό
1337 969 1593 1025 ποιηθῆναι
1632 966 1735 1021 ύπό
1762 973 1851 1021 τοῦ
1879 972 2040 1030 Θεοῦς

466 1061 525 1111 Τί
565 1056 774 1121 lacinia;
819 1054 872 1109 Ἠ
920 1054 1134 1115 κιϐωτός
1185 1062 1275 1109 τοῦ
1311 1057 1439 1110 Θεοῦ
1481 1056 1512 1112 ri
1560 1050 1615 1108 ίκ
1661 1062 1753 1114 τῆς
1790 1052 1910 1113 ὕλης
1955 1063 2041 1106 Σε-

466 1149 575 1217 θεζμ
628 1145 896 1199 κτισθεῖσα
937 1147 1024 1198 καί
1073 1144 1584 1207 κατασκευασθεῖσα,
1629 1143 1714 1195 οὐκ
1763 1139 1883 1196 ἔστι
1931 1163 2045 1211 χει-

468 1235 763 1308 ροποίητος;
813 1236 904 1286 Καί
949 1234 1006 1287 τό
1054 1233 1439 1310 θυσιαστήριον,
1495 1236 1579 1286 καὶ
1627 1233 1683 1287 τό
1729 1233 2038 1306 ἱλαστήριον,

468 1330 553 1379 καί
598 1327 628 1384 ri
673 1323 894 1396 στάμνος
949 1322 1080 1378 ὅπου
1135 1319 1192 1381 ἦν
1236 1325 1293 1377 τό
1341 1324 1536 1394 μάννα,
1581 1327 1667 1376 καί
1715 1325 1745 1381 ἡ
1788 1325 2036 1399 τράπεζα,

467 1417 551 1469 καί
592 1417 623 1474 ἡ
674 1413 884 1485 λυχνία,
911 1416 994 1467 καί
1052 1414 1111 1468 τό
1167 1415 1411 1482 σκήνωμα
1445 1412 1504 1467 τό
1550 1411 1804 1487 ἐνδότερον
1861 1413 1944 1466 καί
1982 1412 2041 1466 τό

468 1507 707 1584 ἐξώτερον
732 1545 748 1569 ,
802 1506 891 1557 οῦκ
961 1506 1088 1558 εἰσὶν
1160 1504 1210 1567 ἐξ
1260 1500 1419 1577 ἔργων
1484 1509 1674 1577 χειρῶν
1740 1501 2037 1571 ἀνθρώπων,

472 1594 604 1669 ἅπερ
653 1596 876 1667 Σολομὼν
937 1595 1171 1659 incinat;
1219 1596 1306 1648 Καὶ
1347 1595 1430 1648 ἶνα
1474 1597 1525 1649 τί
1571 1590 1695 1662 ἅγια
1736 1597 1836 1647 τῶν
1883 1591 2038 1664 ἁγίων

468 1684 759 1749 καλοῦνται,
791 1684 1099 1761 ὑπάρχοντα
1146 1685 1509 1759 χειροποίητα;
1545 1680 1607 1735 Τί
1649 1679 1784 1756 γάρ;
1831 1682 1895 1736 τά
1941 1701 2044 1751 χε-

469 1772 682 1849 ρουϐὶμ,
711 1775 798 1827 καί
836 1771 1150 1846 ἔξαπτίρυγα
1206 1769 1370 1843 κύκλῳ
1412 1774 1503 1824 τοῦ
1542 1770 1907 1843 θυσιαστηρίου
1959 1771 2045 1823 οὐκ

470 1845 604 1918 ἦσαν
650 1863 757 1924 ζῶα
825 1860 911 1913 καί
974 1859 1160 1919 εἰκόνες
1208 1865 1309 1912 τῶν
1368 1858 1625 1930 ἀγγέλων,
1664 1855 1791 1933 ἔργα
1850 1866 2041 1936 χειρῶν
2078 1845 2120 1907 Β

469 1949 770 2024 ἀνθρώπωνς
814 1951 898 2004 καί
941 1956 1053 2009 πῶς
1099 1950 1186 2002 οὐκ
1237 1947 1563 2014 bieimann;
1616 1945 1696 2004 ὅτι
1744 1947 1830 2004 διὰ
1875 1970 2043 2024 προσ-

468 2044 724 2115 τάγματος
770 2047 900 2097 Θεοῦ
960 2040 1139 2102 εἰκόνες
1187 2042 1412 2111 ίγένοντο
1450 2049 1552 2097 τῶν
1612 2041 1850 2115 ἀγγέλων,
1903 2040 2044 2115 ἁγιαί

472 2133 597 2196 εἰσι,
641 2132 731 2186 καί
769 2134 930 2186 ταῦτα
982 2133 1085 2193 ζῶα
1128 2125 1278 2188 ἦσαν.
1335 2132 1421 2184 Ital
1465 2129 1563 2204 γὰρ
1614 2131 1681 2186 τά
1719 2128 1903 2185 εἴδωλα
1946 2137 2048 2185 τῶν

470 2222 643 2287 ἰθνῶν,
690 2218 769 2277 ὅτι
825 2219 1007 2283 εἰκόνες
1057 2218 1309 2291 δαιμόνων
1346 2218 1476 2280 ἦσαν
1496 2261 1512 2286 ,
1556 2220 1582 2277 ό
1622 2223 1744 2282 Θεός
1797 2223 2045 2277 κατέϐαλε

474 2313 557 2363 καί
603 2310 886 2388 κατ-ἔκρινεν
919 2310 1067 2365 αὐτὰ.
1113 2307 1285 2380 Ἦμεῐς
1329 2307 1384 2364 δί
1418 2311 1548 2384 πρός
1592 2311 1906 2381 μνημόσυνον
1947 2318 2048 2366 τῶν

472 2399 626 2472 ἁγίων
679 2400 868 2461 εἰκόνας
922 2406 1195 2473 ποιοῦμεν,
1251 2398 1406 2473 ἤγουν
1454 2399 1720 2477 ’Δϐραςὶμ,
1776 2402 2003 2462 Μωσέως
2027 2442 2042 2465 ,

471 2489 655 2554 ἰιλίου,
685 2492 917 2557 Ἠσαίου,
948 2493 1233 2569 Ζαχαρίου,
1258 2495 1342 2549 καί
1381 2497 1481 2550 τῶν
1518 2493 1705 2548 λοιπῶν
1754 2501 2043 2568 προφητῶν,

475 2582 768 2637 ἀποστόλων
818 2586 906 2638 καί
953 2580 1228 2659 μαρτύρων
1267 2582 1424 2658 ἁγίων
1466 2589 1566 2638 τῶν
1610 2580 1696 2638 διὰ
1743 2584 1830 2640 τόν
1876 2586 2049 2658 κύριον

473 2672 867 2744 συντριϐέντων,
919 2675 1003 2729 ἶνα
1057 2678 1160 2735 πᾶς
1208 2672 1235 2729 ό
1290 2677 1484 2747 θεωρῶν
1541 2675 1727 2736 αὐτούς
1788 2675 1837 2729 ἰν
1903 2675 2050 2730 εἰκόνι

475 2766 818 2831 μιμνήσκηται
860 2766 1040 2827 αὐτῶν,
1090 2769 1178 2821 καί
1227 2763 1410 2840 δοξάζῃ
1457 2767 1544 2822 τόν
1590 2769 1779 2843 Κύριον
1831 2768 1917 2822 τόν
1960 2765 2048 2823 δσ-

474 2856 701 2919 ξάσαντα
730 2856 933 2917 αὐτούς.
985 2857 1171 2932 Πρέπει
1197 2858 1295 2931 γὰρ
1325 2860 1496 2920 αὐτοῖς
1522 2863 1643 2928 τιμή
1689 2860 1772 2914 καί
1810 2856 2049 2934 προσκύ-

473 2964 636 3003 νησις.
666 2946 750 2998 καί
787 2946 1104 3000 ἀνατίθεσθαι
1148 2948 1216 3002 τά
1261 2948 1484 3021 ἡμέτερα
1531 2949 1662 3021 πρός
1700 2949 1881 3009 αὐτούς
1918 2950 2050 3004 κοιτά

474 3041 567 3095 τήν
613 3033 936 3095 δικαιοσύνην
999 3038 1185 3093 αὐτῶν
1237 3036 1320 3092 ἶνα
1380 3040 1570 3100 πάντες
1631 3039 1678 3094 οἱ
1743 3039 2049 3113 θεωροῦντες

475 3130 661 3190 αύτούς
713 3129 990 3184 σπεύσωσι
1056 3131 1140 3183 γαί
1197 3130 1345 3185 αύτοί
1404 3131 1622 3203 μιμηταί
1682 3131 1914 3205 γενέσθαι
1959 3138 2051 3193 τῆς

476 3222 710 3296 πράξεως
753 3222 936 3277 αὐτῶν.
984 3224 1105 3283 Ποία
1145 3223 1243 3297 γάρ
1274 3222 1412 3278 ἰστιν
1448 3223 1479 3281 ri
1514 3230 1605 3283 τῆς
1653 3226 2051 3299 προσκυνήσεως

474 3316 630 3383 τιμή,
675 3313 721 3367 εἰ
781 3317 854 3384 μή
915 3312 1063 3386 μόνον
1124 3314 1286 3374 καθὼς
1335 3315 1422 3369 καί
1469 3314 1615 3383 ἡμεῖς
1663 3314 1708 3368 οἱ
1760 3313 2053 3387 ἁμαρτωλοί

476 3409 853 3478 προσκυνοῦμεν
899 3406 985 3458 καί
1039 3403 1370 3473 ἀσπαζόμεθα
1433 3404 1674 3465 ἀλλήλους
1726 3405 1854 3460 κατά
1902 3402 2050 3475 τιμῆν

475 3496 557 3548 καί
597 3492 889 3566 ἀγάπησιν;
921 3494 1071 3551 οὕτω
1107 3497 1207 3569 γάρ
1238 3495 1324 3551 τόν
1355 3497 1532 3572 κύριον
1575 3498 1714 3567 ἡμῶν
1757 3496 1849 3550 οῦκ
1892 3492 2052 3558 ἄλλως

476 3595 885 3663 προσκυνοῦμεν,
920 3587 1209 3655 δοξάζοντες
1255 3591 1427 3660 με’ντοι
1468 3592 1557 3645 καί
1593 3591 1872 3667 τρίμομιν’
1905 3592 2045 3643 εἰκὼν

476 3676 533 3732 δί
576 3678 713 3734 ἔστιν
762 3678 1048 3751 ὁμοιώσεως
1089 3681 1273 3746 αὐτοῦ,
1302 3678 1379 3734 ὅτι
1414 3680 1461 3734 ἐν
1497 3682 1623 3756 αὐτῇ
1665 3681 1873 3755 ἰγράφῃ.
1901 3678 2051 3734 ’Δσεο

480 3771 585 3830 εεῖς
628 3768 682 3825 δί
715 3771 760 3825 οἰ
780 3771 839 3826 τό
884 3772 1067 3846 ἀγαθόν
1104 3776 1173 3843 μή
1223 3773 1567 3848 πράττοντες,
1593 3776 1719 3843 μήτε
1761 3779 1859 3828 τῶν
1896 3771 2051 3844 ἁγίων

477 3856 867 3928 μνημονεύοντες
890 3901 908 3927 ,
961 3863 1033 3931 μή
1076 3860 1407 3917 κωλυέτωσαν
1466 3863 1587 3921 τούς
1633 3862 2047 3926 καλοποιοῦντας,

476 3945 604 4018 μηδί
671 3946 1146 4013 σκανδαλιζίτωσαν
1210 3953 1332 4012 τούς
1391 3959 1646 4022 τιμῶντας
1701 3954 1822 4014 τοῦς
1871 3952 2052 4025 ἁγίους

478 4038 562 4091 καί
630 4033 841 4100 δούλους
902 4044 996 4093 τοῦ
1058 4046 1183 4094 Θεοῦ
1204 4082 1220 4107 ,
1269 4042 1345 4093 καί
1408 4042 1803 4111 μνημονεύοντας
1858 4043 2048 4097 αὐτῶν.

480 4126 673 4197 Μισθόνλ
709 4129 809 4203 γὰρ
856 4128 1042 4200 ἀγαθόν
1082 4136 1174 4189 τῆς
1226 4128 1376 4189 καλῆς
1420 4131 1649 4203 πράξεως
1708 4130 1767 4189 λή
1781 4129 1970 4200 {matur
2005 4131 2055 4185 οἱ

479 4216 534 4274 δί
584 4218 815 4285 ἀσεϐεῖς,
866 4222 1027 4280 καθώς
1072 4217 1433 4293 διελογίσαντο,
1481 4221 1648 4285 ἕξουσι
1693 4226 1781 4281 τὴν
1833 4222 2053 4277 κατάλυ-

479 4329 563 4363 σιν
607 4316 699 4373 τῆς
745 4311 969 4383 ἀτιμίας,
1014 4310 1178 4371 καθὼς
1226 4315 1320 4366 τοῦ
1363 4308 1561 4365 δικαίου
1607 4311 1885 4382 ἠμέλησαν,
1916 4314 2050 4367 ἀπο-

480 4402 697 4463 στάντες
738 4403 843 4459 ἀπό
893 4399 985 4458 τοῦ
1013 4457 1016 4460 ,
1046 4409 1193 4459 Θεοῦ.
1242 4405 1332 4459 Διά
1373 4402 1426 4460 δὲ
1478 4405 1537 4460 τό
1581 4405 1906 4477 μνημόσυνον
1952 4413 2054 4461 τῶν

479 4492 636 4567 ἁγίων
684 4494 863 4557 εἰκόνες
915 4497 1220 4572 γράφονται,
1260 4499 1344 4552 καί
1384 4504 1646 4570 τιμῶνται,
1691 4500 1775 4553 καί
1824 4519 2048 4573 προσκυ-
2088 4532 2135 4591 D

438 4646 441 4668 ί
477 4588 702 4649 νοῦνται,
751 4586 820 4647 ὥς
871 4583 1060 4641 δούλων
1113 4592 1203 4642 τοῦ
1244 4593 1372 4643 Θεοῦ
1397 4630 1413 4657 ,
1468 4590 1551 4643 καί
1597 4588 1729 4665 ύπίρ
1770 4590 1912 4661 ἡμῶν
1962 4594 2055 4649 τήν

479 4675 692 4735 θεότητα
754 4675 1107 4734 λιτωευόντων
1159 4680 1245 4732 καί
1310 4675 1702 4737 δυσωπούντων.
1772 4676 1937 4745 ’Ἄξιον
1992 4678 2049 4736 δέ

433 4829 439 4836 ,
478 4769 594 4823 ἔστι
643 4767 967 4839 μνημονεύειν
1012 4773 1110 4823 τῶν
1158 4768 1440 4840 ἧγουμίνων
1486 4769 1658 4841 ἡμῶν,
1707 4772 1795 4824 καί
1842 4771 2056 4845 εὐχαρι-

428 4858 435 4909 i
478 4860 630 4921 στίας
682 4860 987 4936 προσφέρειν
1031 4866 1102 4930 τῷ
1155 4867 1284 4931 Θεῷ.
1331 4859 1420 4914 Ἐκ
1476 4866 1566 4916 τοῦ
1620 4858 1771 4934 λόγου
1820 4868 1909 4916 τοῦ
1955 4883 2051 4932 μα·

478 4952 653 5025 καρίου
687 4948 991 5025 Ἱερωνύμου
1024 4950 1375 5026 πρεσϐυτέρου
1421 4949 1797 5026 Ἰεροσολύμων·
1831 4955 1919 5007 καί
1945 4955 2048 5028 γάρ

479 5041 549 5100 ὡς
615 5042 981 5113 συνεχώρησεν
1027 5038 1054 5095 ό
1111 5040 1236 5101 Θεὸς
1292 5048 1587 5116 προσκυνεῖν
1638 5046 1742 5097 πᾶν
1792 5038 1929 5102 ἔθνος
1981 5044 2046 5098 τὰ

481 5129 818 5204 χειροποίητα
846 5168 860 5191 ,
909 5126 1166 5189 Ἰουδαίοις
1217 5126 1271 5184 δί
1310 5130 1401 5190 τάς
1449 5129 1642 5190 πλάκας
1688 5131 1875 5192 ἐκείνας
1922 5129 2054 5187 εὐδό-

480 5241 654 5286 κησεν,
687 5220 749 5283 ἃς
778 5220 1079 5292 ἐλατόμησεν
1106 5225 1131 5272 ὁ
1160 5229 1404 5288 Μωΰσῆς,
1437 5225 1524 5276 καί
1560 5222 1623 5275 τὰ
1659 5219 1754 5277 δύο
1788 5223 2048 5296 χερουϐίμ

478 5311 544 5363 τά
596 5315 800 5386 χρυσοῖο
847 5311 982 5365 οὕτω
1027 5313 1109 5364 καί
1161 5313 1282 5383 ἡμῖν
1330 5319 1440 5372 τοῖς
1491 5319 1814 5388 Χριστιανοῖς
1865 5310 2054 5381 ίδωρή-

480 5418 608 5453 σατο
654 5401 738 5455 τόν
782 5402 1001 5475 σταυρὸν
1036 5403 1119 5454 καί
1153 5407 1252 5454 τῶν
1282 5402 1477 5474 ἀγαθῶν
1520 5400 1688 5479 ἔργων
1722 5404 1816 5464 τάς
1862 5404 2056 5465 εἰκόνας

479 5488 809 5560 γράφεινααί
853 5498 1195 5567 προσκυνεῖν,
1247 5495 1333 5547 καί
1374 5490 1536 5558 δεῖξαι
1588 5496 1645 5549 τό
1694 5492 1838 5570 ἔργον
1896 5499 2055 5568 ἡμῶν.

480 5580 664 5635 Λοιπὸν
708 5579 899 5644 ταύτας
954 5583 1143 5643 αὐτὰς,
1199 5585 1554 5642 εὖσεϐέστὰτοι
1607 5590 1685 5643 καί
1727 5590 2057 5661 γαλονὸτατοι

551 5700 578 5731 ε
601 5687 660 5772 in
680 5687 887 5754 Graeco,
913 5688 942 5743 Ι
946 5688 1071 5757 mpii
1095 5707 1229 5756 vero,
1245 5693 1334 5761 qui
1355 5692 1543 5772 bonum
1564 5713 1667 5772 non
1688 5708 2049 5772 agtuumalue

478 5769 780 5816 sanctorum
808 5774 1057 5813 memores
1079 5772 1216 5824 sun‘,
1238 5778 1299 5813 ue
1322 5763 1623 5831 prohibeant
1650 5763 2042 5838 benefacienies,

2140 607 2314 653 temur
2351 598 2606 668 quoniam
2639 611 2799 652 omne
2832 610 2968 665 opus
3005 594 3147 664 quod
3174 593 3307 649 litin
3341 595 3426 649 Dei
3460 599 3634 652 nomine

2138 692 2336 745 bonum
2380 699 2463 745 est
2504 698 2559 743 et
2600 697 2887 744 sanctum:
2935 685 3082 742 aliud
3125 686 3263 740 enim
3304 695 3381 740 est
3417 686 3564 757 imago
3597 698 3637 741 et

2139 782 2285 836 aliud
2313 780 2679 846 simulacrum,
2704 780 2760 834 id
2794 786 2898 845 est,
2921 775 3266 842 statuncnlus.
3309 775 3508 843 Quando
3527 779 3638 830 enim

2140 873 2280 927 Deus
2317 872 2487 928 Adam
2531 870 2847 942 plasmavit,
2886 867 2943 923 id
2985 877 3102 933 est,
3144 866 3397 935 condidit,
3436 869 3639 923 dicebat:

2142 959 2428 1014 Faciamus
2471 960 2734 1014 hominem
2782 957 2852 1011 ad
2900 957 3178 1026 imaginem
3223 966 3271 1010 et
3314 956 3645 1011 similitudinem

2142 1062 2373 1106 nostram
2411 1049 2563 1123 (Gen.
2590 1049 2657 1120 ι).
2724 1049 2792 1103 Ει
2837 1047 2964 1103 fecit
3004 1047 3272 1102 hominem
3312 1049 3376 1101 ad
3413 1048 3646 1117 imaginem

2143 1141 2258 1196 Dei.
2306 1138 2557 1209 Nunquid
2582 1138 2727 1193 enim
2765 1137 2893 1207 quia
2924 1136 3100 1206 imago
3124 1135 3217 1190 Dei
3259 1143 3337 1190 est
3376 1135 3533 1200 homo,
3556 1135 3650 1188 ideo

2143 1232 2523 1295 simulacrum,
2570 1231 2624 1285 id
2664 1239 2785 1295 est,
2832 1229 3097 1286 idolorum
3144 1229 3345 1284 cultura
3385 1238 3537 1284 estet
3570 1229 3647 1283 im-

2145 1320 2361 1391 pietas?
2421 1319 2771 1390 Nequaquam
2829 1318 2941 1373 fiat.
3010 1318 3067 1372 Si
3125 1318 3269 1373 enim
3310 1317 3465 1372 Adam
3513 1318 3650 1387 imago

2142 1412 2446 1468 daamonum
2484 1420 2663 1477 esset,
2707 1409 2955 1479 abiectus
2990 1410 3177 1479 utique
3219 1418 3285 1482 et,
3314 1410 3652 1478 inacccptabilis

2143 1513 2306 1558 esset.
2354 1502 2459 1558 Sed
2499 1502 2624 1571 quia
2664 1502 2843 1573 imago
2881 1502 2978 1557 Dei
3019 1511 3127 1567 est,
3170 1502 3481 1557 honorabilis
3511 1510 3555 1557 et
3584 1518 3652 1555 ac-

2143 1581 2423 1662 ceptabilis
2447 1599 2550 1648 est.
2585 1591 2772 1649 Omnis
2792 1596 2937 1647 enim
2964 1592 3141 1663 imago
3166 1591 3221 1646 in
3246 1591 3447 1647 nomine
3468 1591 3650 1649 Domini.

2144 1694 2238 1740 aut
2270 1683 2604 1752 angelorum,
2638 1691 2733 1738 aut
2763 1683 3171 1753 prophetarum,
3211 1692 3301 1738 aut
3333 1682 3652 1751 apostolorum,

2146 1784 2238 1829 aut
2273 1773 2546 1843 iustorum
2585 1773 2759 1840 facta,
2804 1780 2991 1828 sancta
3030 1780 3135 1828 est.
3179 1772 3293 1829 Non
3333 1774 3462 1828 enim
3497 1773 3656 1841 lignum

2147 1864 2422 1927 aduratur,
2465 1862 2559 1918 sed
2597 1863 2652 1918 id
2693 1864 2838 1934 quod
2877 1864 2933 1918 in
2969 1862 3115 1933 ligno
3152 1864 3465 1933 conspicitur
3496 1873 3541 1918 et
3576 1876 3658 1915 me-

2146 1961 2407 2017 moratur,
2435 1953 2843 2009 bonorillcatur.
2889 1952 3091 2010 Omnes
3129 1953 3275 2009 enim
3299 1969 3400 2011 nos
3429 1954 3662 2007 adoramus

2146 2044 2417 2114 principes
2459 2052 2514 2097 et
2555 2043 2874 2109 salutamus,
2914 2042 3043 2098 licet
3083 2052 3391 2114 peceatores
3431 2044 3541 2099 sint.
3578 2041 3661 2095 Car

2146 2150 2276 2206 ergo
2321 2149 2427 2189 non
2471 2134 2731 2190 debemus
2770 2132 2998 2188 adorare
3039 2142 3260 2189 sanctos
3297 2133 3385 2189 Dei
3422 2146 3594 2193 SCl'tOs,
3625 2139 3663 2181 et

2148 2229 2203 2283 in
2245 2227 2561 2283 memoriam
2602 2240 2791 2282 eorum
2835 2224 3174 2281 constituere
3217 2224 3463 2293 imagines
3497 2236 3662 2281 eorum,

2148 2333 2217 2375 ne
2255 2318 2512 2374 oblivioni
2559 2316 2880 2371 tradantur?
2924 2316 3033 2371 Sed
3070 2316 3212 2372 dicis
3261 2316 3382 2386 quia
3427 2314 3528 2385 ipse
3559 2313 3666 2367 Deus

2148 2409 2423 2465 interdicit
2463 2407 2690 2463 adorare
2731 2406 3059 2462 manufacta.
3104 2407 3206 2462 Dic
3241 2407 3430 2476 itaque,
3454 2402 3664 2463 oludme,

2149 2499 2277 2571 quid
2319 2507 2403 2554 est
2445 2512 2610 2568 super
2652 2505 2856 2552 terram
2897 2499 3042 2567 quod
3078 2511 3195 2553 non
3233 2496 3304 2551 sit
3341 2492 3663 2550 manufactum.

2148 2603 2272 2643 cum
2320 2602 2351 2641 a
2394 2586 2505 2642 Deo
2549 2586 2623 2641 sit
2664 2585 2912 2641 factum?
2959 2585 3222 2656 Nunquid
3264 2601 3385 2641 arca
3423 2584 3537 2646 Dei,
3578 2595 3667 2650 qua:

2082 2732 2085 2735 .
2149 2696 2217 2736 ex
2264 2679 2425 2751 lignis
2468 2678 2677 2734 Sethim
2720 2677 2985 2734 fabricata
3027 2688 3198 2751 atque
3238 2685 3524 2736 constructa
3561 2675 3665 2735 fuit,

2077 3184 2123 3246 Ο

2151 2766 2457 2823 manufacta
2497 2783 2605 2823 non
2647 2768 2769 2822 est?
2813 2767 2882 2822 Et
2923 2767 3115 2835 altare,
3162 2778 3217 2826 et
3261 2769 3667 2841 propitiatorimn.

2149 2867 2205 2914 et
2247 2873 2382 2912 urna
2422 2858 2476 2911 in
2520 2871 2627 2927 qua
2671 2864 2790 2912 erat
2830 2873 3047 2925 manna,
3089 2870 3153 2915 et
3191 2876 3390 2927 mensa,
3430 2867 3479 2913 et
3513 2856 3660 2913 cande-

2151 2949 2382 3013 labrum,
2409 2955 2465 3002 et
2505 2946 2915 3003 tabernaculum
2957 2948 3194 3006 interius
3232 2959 3287 3006 et
3325 2949 3555 3010 exterius,
3590 2961 3670 3000 nou

2152 3037 2370 3093 fuerunt
2410 3052 2479 3091 ex
2520 3036 2800 3092 hominum
2844 3037 3101 3108 operibus
3143 3055 3416 3104 manuum,
3457 3052 3558 3108 quae
3593 3036 3669 3088 Sa-

2152 3128 2336 3184 lomon
2376 3124 2549 3182 fecit?
2610 3126 2679 3182 Et
2723 3143 2822 3182 cur
2862 3135 3048 3182 sancta
3099 3111 3409 3186 sanctorum
3445 3134 3671 3187 vocantur,

2155 3217 2462 3274 manufacta
2497 3217 2829 3274 existentia?
2876 3218 3136 3290 Nunquid
3177 3222 3447 3278 cherubim
3480 3229 3527 3275 et
3555 3233 3673 3274 sena-

2155 3326 2275 3366 rum
2315 3309 2524 3364 alarum
2559 3309 2833 3376 animalia,
2858 3326 2979 3380 qua:
3007 3313 3062 3366 in
3090 3314 3324 3369 circuitu
3348 3312 3518 3367 altaris
3538 3314 3672 3371 erant.

2134 3412 2262 3459 'non
2310 3401 2529 3457 fuerunt
2581 3403 2844 3473 imagines
2896 3411 3216 3476 angelorum
3240 3447 3256 3472 ,
3305 3423 3431 3479 opus
3469 3414 3671 3459 manuum

2155 3495 2475 3551 hominum?
2518 3502 2574 3550 et
2609 3497 2878 3565 quomodo
2910 3513 3017 3552 non
3052 3497 3420 3568 alijiciuntur?
3450 3496 3559 3567 quia
3580 3506 3675 3547 vero

2154 3600 2250 3656 per
2269 3594 2597 3655 praeceptum
2638 3585 2735 3641 Dei
2774 3585 3036 3658 imagines
3068 3586 3232 3644 facta:
3262 3568 3674 3655 sunfangelorum.

2155 3687 2354 3734 sanctae
2393 3687 2548 3744 sunt;
2597 3686 2653 3735 et
2691 3681 2809 3736 hanc
2840 3681 3095 3737 animalia
3142 3692 3318 3739 erant.
3361 3681 3550 3738 Etenim
3573 3673 3676 3731 idola

2155 3771 2425 3842 gentium,
2468 3771 2594 3840 quia
2641 3771 2903 3841 imagines
2947 3772 3172 3830 luerunt
3217 3777 3524 3836 daemonum,
3569 3769 3678 3823 Deus

2156 3861 2401 3931 deposuit
2440 3869 2496 3917 et
2533 3861 2913 3917 condemnavit
2952 3879 3037 3919 ea.
3082 3864 3199 3922 Nos
3223 3874 3397 3921 autem
3429 3861 3492 3918 ad
3519 3868 3677 3915 memo-

2157 3953 2293 4007 riam
2334 3960 2644 4009 sanctorum
2693 3953 2954 4024 imagines
2997 3954 3252 4018 facimus,
3295 3956 3510 4012 Abrahm
3533 3947 3676 4004 rideli'

2156 4052 2262 4109 cet,
2304 4044 2494 4115 Moysi,
2537 4043 2687 4111 Elim,
2734 4043 2911 4111 lsaite,
2957 4047 3264 4113 Zachariae,
3314 4056 3367 4103 et
3406 4044 3676 4112 reliquorum

2155 4136 2558 4205 prophetarum,
2585 4137 2970 4207 apostolorum,
2994 4148 3050 4194 et
3072 4148 3372 4211 martyrum
3402 4143 3675 4193 sanctorum.

2156 4227 2248 4298 qui
2288 4236 2508 4299 propter
2551 4228 2835 4284 Dominum
2881 4229 3191 4302 interempti
3237 4237 3395 4295 sunt-,
3438 4235 3493 4281 ut
3531 4231 3677 4279 omnes

2156 4319 2250 4388 qui
2275 4319 2458 4374 rident
2498 4333 2591 4375 eos
2608 4305 2683 4373 ‘in
2729 4319 2985 4389 imagine,
3029 4329 3401 4377 memorentur
3433 4328 3611 4373 corum,
3637 4314 3677 4360 ιι

2157 4410 2458 4480 gloriﬁcent
2479 4409 2764 4466 Dominum
2790 4411 2882 4481 qui
2908 4410 3233 4482 gloriﬁcarit
3255 4425 3364 4466 eos.
3400 4409 3549 4463 Docet
3569 4398 3675 4456 enim

2157 4514 2251 4557 eos
2288 4500 2461 4556 honor
2501 4507 2557 4555 et
2597 4500 2860 4567 adoratio,
2904 4506 2964 4557 'et
3002 4501 3400 4557 commendatio
3442 4503 3681 4554 nostrase-

2159 4594 2393 4650 cundum
2420 4592 2689 4663 justitiam
2728 4609 2936 4659 eorum,
2965 4602 3025 4649 ut
3063 4608 3256 4649 omnes
3295 4591 3385 4662 qui
3411 4588 3677 4643 ι’ἰιιεηιροε,

2156 4681 2416 4738 festinent
2461 4690 2516 4738 et
2564 4682 2665 4753 ipsi
2715 4682 3016 4738 imitatores
3063 4681 3205 4738 eliici
3252 4679 3474 4738 actionis
3514 4683 3679 4731 eorum.

2155 4776 2341 4844 Qualis
2375 4777 2521 4832 enim
2559 4784 2645 4832 est
2682 4775 3014 4832 adorationis
3051 4774 3358 4840 honoratio,
3384 4770 3483 4826 nisi
3516 4772 3680 4821 tantum

2162 4866 2615 4936 quemadmodum
2656 4874 2711 4920 et
2755 4882 2853 4921 nos
2891 4875 3206 4935 peccatores
3241 4863 3513 4921 adoramus
3546 4864 3592 4912 et
3620 4865 3683 4907 sa-

2163 4957 2398 5012 lutamus
2441 4956 2758 5013 alterutrum
2808 4972 2902 5027 per
2946 4957 3210 5014 honorem
3254 4963 3309 5012 et
3350 4938 3682 5010 dilectionem?

2162 5044 2239 5100 ita
2273 5053 2328 5100 et
2357 5045 2647 5118 imaginem
2673 5046 2886 5103 Domini
2923 5047 3096 5103 nostri
3135 5063 3248 5103 non
3280 5046 3432 5102 aliter
3449 5042 3680 5098 adoramus

2160 5142 2217 5189 et
2260 5134 2625 5205 gloriﬁcamus
2665 5145 2720 5191 et
2759 5136 3246 5201 contremiscimus,
3271 5137 3394 5206 quia
3434 5134 3589 5199 imago
3618 5128 3678 5176 es!

2162 5228 2529 5284 similitudinis
2549 5229 2683 5299 ejus,
2712 5239 2768 5285 et
2804 5230 2858 5284 in
2896 5247 2962 5286 ea
2989 5231 3103 5300 ipse
3127 5230 3371 5300 depictus
3400 5234 3493 5282 est.
3531 5235 3553 5263 α
3573 5218 3679 5286 Ετεο

2167 5320 2473 5390 quicunque
2517 5320 2593 5391 pii
2633 5328 2789 5385 sunt,
2838 5328 2895 5375 et
2933 5320 3136 5377 bonum
3176 5320 3390 5390 quidem
3426 5320 3601 5385 agunt,
3639 5310 3676 5357 cl

2167 5420 2478 5469 sanctorum
2516 5426 2785 5467 memores
2828 5420 2989 5477 sunt,
3039 5426 3144 5467 nec
3187 5409 3465 5481 prohibent
3501 5393 3668 5458 bene”

2166 5504 2388 5568 cientes,
2437 5520 2535 5559 nec
2579 5502 2944 5558 scandalizant
2980 5517 3071 5559 cos
3099 5503 3194 5571 qui
3218 5503 3477 5557 honorant
3507 5494 3674 5548 sach

2167 5606 2222 5649 ct
2264 5610 2451 5650 servos
2490 5593 2626 5657 Dei,
2688 5594 2817 5663 quin
2869 5594 3044 5664 potius
3099 5597 3459 5648 memorantur
3491 5589 3673 5638 comm.

2160 5721 2251 5759 nec
2264 5702 2616 5758 scandalizent
2633 5720 2719 5758 eos
2733 5706 2822 5773 qui
2833 5705 3085 5759 honorant
3103 5714 3311 5756 sanctos
3325 5709 3368 5755 et
3381 5688 3673 5773 unus

2159 5774 2497 5827 iaceniinertmt
2508 5790 2565 5826 eo
2574 5790 2705 5827 rum.
2720 5760 2856 5829 Nam
2870 5776 2923 5828 Ιιὶ
2936 5773 3218 5829 mercedem
3231 5760 3656 5836 bonam,etc.ll.t82
