  <div class='ocr_page' id='page_1' title='image "/cluster/home/n/w/nwhite01/storage/ocr_20150623/96/hvd.32044052819901/622.png"; bbox 0 0 4004 6172; ppageno 0'>
   <div class='ocr_carea' id='block_1_1' title="bbox 375 314 513 368">
    <p class='ocr_par' dir='ltr' id='par_1_1' title="bbox 375 314 513 368">
     <span class='ocr_line' id='line_1_1' title="bbox 375 314 513 368; baseline -0.022 0"><span class='ocrx_word' id='word_1_1' title='bbox 375 314 513 368; x_wconf 61' lang='lat'><strong>{2&#39;33</strong></span> 
     </span>
    </p>
   </div>
   <div class='ocr_carea' id='block_1_2' title="bbox 1814 308 2197 367">
    <p class='ocr_par' dir='ltr' id='par_1_2' title="bbox 1814 308 2197 367">
     <span class='ocr_line' id='line_1_2' title="bbox 1814 308 2197 367; baseline -0.008 0"><span class='ocrx_word' id='word_1_2' title='bbox 1814 308 2173 367; x_wconf 55' lang='lat' dir='ltr'><strong>EPISTOLE</strong></span> <span class='ocrx_word' id='word_1_3' title='bbox 2183 348 2197 364; x_wconf 92' lang='lat'><strong>.</strong></span> 
     </span>
    </p>
   </div>
   <div class='ocr_carea' id='block_1_3' title="bbox 3486 310 3623 367">
    <p class='ocr_par' dir='ltr' id='par_1_3' title="bbox 3486 310 3623 367">
     <span class='ocr_line' id='line_1_3' title="bbox 3486 310 3623 367; baseline 0.007 -1"><span class='ocrx_word' id='word_1_4' title='bbox 3486 310 3623 367; x_wconf 63' lang='grc' dir='ltr'><strong>ιιδι</strong></span> 
     </span>
    </p>
   </div>
   <div class='ocr_carea' id='block_1_4' title="bbox 362 423 1952 498">
    <p class='ocr_par' dir='ltr' id='par_1_4' title="bbox 362 426 1935 498">
     <span class='ocr_line' id='line_1_4' title="bbox 362 426 1935 498; baseline -0.003 -14"><span class='ocrx_word' id='word_1_5' title='bbox 362 428 670 485; x_wconf 82' lang='lat' dir='ltr'><strong>mercedem</strong></span> <span class='ocrx_word' id='word_1_6' title='bbox 714 429 910 483; x_wconf 86' lang='lat' dir='ltr'><strong>bonam</strong></span> <span class='ocrx_word' id='word_1_7' title='bbox 956 443 1022 484; x_wconf 76' lang='lat' dir='ltr'><strong>ex</strong></span> <span class='ocrx_word' id='word_1_8' title='bbox 1072 429 1212 485; x_wconf 88' lang='lat' dir='ltr'><strong>bona</strong></span> <span class='ocrx_word' id='word_1_9' title='bbox 1260 427 1575 498; x_wconf 70' lang='lat' dir='ltr'><strong>operatione</strong></span> <span class='ocrx_word' id='word_1_10' title='bbox 1618 426 1935 498; x_wconf 87' lang='lat' dir='ltr'><strong>percipient.</strong></span> 
     </span>
    </p>
   </div>
   <div class='ocr_carea' id='block_1_5' title="bbox 2057 423 3627 498">
    <p class='ocr_par' dir='ltr' id='par_1_5' title="bbox 2057 423 3627 498">
     <span class='ocr_line' id='line_1_5' title="bbox 2057 423 3627 498; baseline -0.001 -16"><span class='ocrx_word' id='word_1_11' title='bbox 2057 425 2289 482; x_wconf 70' lang='lat' dir='ltr'><strong>iccm&#39;mu</strong></span> <span class='ocrx_word' id='word_1_12' title='bbox 2336 425 2417 480; x_wconf 81' lang='grc' dir='ltr'><strong>καὶ</strong></span> <span class='ocrx_word' id='word_1_13' title='bbox 2467 424 2644 489; x_wconf 80' lang='grc' dir='ltr'><strong>τέκνα,</strong></span> <span class='ocrx_word' id='word_1_14' title='bbox 2693 423 2803 485; x_wconf 70' lang='grc' dir='ltr'><strong>τάς</strong></span> <span class='ocrx_word' id='word_1_15' title='bbox 2840 423 3211 498; x_wconf 78' lang='grc' dir='ltr'><strong>προειρημένας</strong></span> <span class='ocrx_word' id='word_1_16' title='bbox 3259 427 3479 496; x_wconf 73' lang='grc' dir='ltr'><strong>χρήσεις</strong></span> <span class='ocrx_word' id='word_1_17' title='bbox 3530 435 3627 481; x_wconf 82' lang='grc' dir='ltr'><strong>τῶν</strong></span> 
     </span>
    </p>
   </div>
   <div class='ocr_carea' id='block_1_6' title="bbox 365 517 1941 590">
    <p class='ocr_par' dir='ltr' id='par_1_6' title="bbox 365 517 1941 590">
     <span class='ocr_line' id='line_1_6' title="bbox 365 517 1941 590; baseline -0.001 -17"><span class='ocrx_word' id='word_1_18' title='bbox 365 519 516 588; x_wconf 64' lang='lat' dir='ltr'><strong>[mpii</strong></span> <span class='ocrx_word' id='word_1_19' title='bbox 561 533 690 574; x_wconf 85' lang='lat' dir='ltr'><strong>vero</strong></span> <span class='ocrx_word' id='word_1_20' title='bbox 730 519 1024 574; x_wconf 88' lang='lat' dir='ltr'><strong>secundum</strong></span> <span class='ocrx_word' id='word_1_21' title='bbox 1063 520 1207 590; x_wconf 89' lang='lat' dir='ltr'><strong>quod</strong></span> <span class='ocrx_word' id='word_1_22' title='bbox 1247 519 1638 589; x_wconf 84' lang='lat' dir='ltr'><strong>cogitaverunt,</strong></span> <span class='ocrx_word' id='word_1_23' title='bbox 1666 517 1941 573; x_wconf 87' lang='lat' dir='ltr'><strong>habebunt</strong></span> 
     </span>
    </p>
   </div>
   <div class='ocr_carea' id='block_1_7' title="bbox 364 607 1941 679">
    <p class='ocr_par' dir='ltr' id='par_1_7' title="bbox 364 607 1941 679">
     <span class='ocr_line' id='line_1_7' title="bbox 364 607 1941 679; baseline 0.001 -16"><span class='ocrx_word' id='word_1_24' title='bbox 364 607 750 663; x_wconf 86' lang='lat' dir='ltr'><strong>desolationem</strong></span> <span class='ocrx_word' id='word_1_25' title='bbox 789 607 1236 673; x_wconf 89' lang='lat' dir='ltr'><strong>inhonorationis,</strong></span> <span class='ocrx_word' id='word_1_26' title='bbox 1261 624 1361 679; x_wconf 90' lang='lat' dir='ltr'><strong>pro</strong></span> <span class='ocrx_word' id='word_1_27' title='bbox 1389 623 1455 664; x_wconf 91' lang='lat' dir='ltr'><strong>eo</strong></span> <span class='ocrx_word' id='word_1_28' title='bbox 1480 608 1623 679; x_wconf 90' lang='lat' dir='ltr'><strong>quod</strong></span> <span class='ocrx_word' id='word_1_29' title='bbox 1646 608 1778 664; x_wconf 90' lang='lat' dir='ltr'><strong>illud</strong></span> <span class='ocrx_word' id='word_1_30' title='bbox 1797 608 1941 676; x_wconf 89' lang='lat' dir='ltr'><strong>quod</strong></span> 
     </span>
    </p>
   </div>
   <div class='ocr_carea' id='block_1_8' title="bbox 361 696 1938 769">
    <p class='ocr_par' dir='ltr' id='par_1_8' title="bbox 361 696 1938 769">
     <span class='ocr_line' id='line_1_8' title="bbox 361 696 1938 769; baseline -0.001 -16"><span class='ocrx_word' id='word_1_31' title='bbox 361 706 483 753; x_wconf 86' lang='lat' dir='ltr'><strong>erat</strong></span> <span class='ocrx_word' id='word_1_32' title='bbox 532 696 741 765; x_wconf 81' lang='lat' dir='ltr'><strong>justum</strong></span> <span class='ocrx_word' id='word_1_33' title='bbox 806 698 1142 769; x_wconf 68' lang='lat' dir='ltr'><strong>neglexerint</strong></span> <span class='ocrx_word' id='word_1_34' title='bbox 1203 707 1261 754; x_wconf 90' lang='lat' dir='ltr'><strong>et</strong></span> <span class='ocrx_word' id='word_1_35' title='bbox 1324 715 1356 753; x_wconf 90' lang='lat' dir='ltr'><strong>a</strong></span> <span class='ocrx_word' id='word_1_36' title='bbox 1421 700 1531 754; x_wconf 89' lang='lat' dir='ltr'><strong>Deo</strong></span> <span class='ocrx_word' id='word_1_37' title='bbox 1597 698 1938 754; x_wconf 78' lang='lat' dir='ltr'><strong>recesserint.</strong></span> 
     </span>
    </p>
   </div>
   <div class='ocr_carea' id='block_1_9' title="bbox 364 788 1941 862">
    <p class='ocr_par' dir='ltr' id='par_1_9' title="bbox 364 788 1941 862">
     <span class='ocr_line' id='line_1_9' title="bbox 364 788 1941 862; baseline 0.001 -20"><span class='ocrx_word' id='word_1_38' title='bbox 364 788 591 858; x_wconf 81' lang='lat' dir='ltr'><strong>Propter</strong></span> <span class='ocrx_word' id='word_1_39' title='bbox 632 790 946 845; x_wconf 79' lang='lat' dir='ltr'><strong>memoriam</strong></span> <span class='ocrx_word' id='word_1_40' title='bbox 989 791 1136 846; x_wconf 91' lang='lat' dir='ltr'><strong>enim</strong></span> <span class='ocrx_word' id='word_1_41' title='bbox 1176 803 1487 846; x_wconf 87' lang='lat' dir='ltr'><strong>sanctorum</strong></span> <span class='ocrx_word' id='word_1_42' title='bbox 1530 791 1793 862; x_wconf 80' lang='lat' dir='ltr'><strong>imagines</strong></span> <span class='ocrx_word' id='word_1_43' title='bbox 1818 790 1941 862; x_wconf 88' lang='lat' dir='ltr'><strong>pin-</strong></span> 
     </span>
    </p>
   </div>
   <div class='ocr_carea' id='block_1_10' title="bbox 362 882 1939 952">
    <p class='ocr_par' dir='ltr' id='par_1_10' title="bbox 362 882 1939 952">
     <span class='ocr_line' id='line_1_10' title="bbox 362 882 1939 952; baseline 0.001 -16"><span class='ocrx_word' id='word_1_44' title='bbox 362 889 586 952; x_wconf 85' lang='lat' dir='ltr'><strong>guntur,</strong></span> <span class='ocrx_word' id='word_1_45' title='bbox 637 882 932 937; x_wconf 87' lang='lat' dir='ltr'><strong>adorantur</strong></span> <span class='ocrx_word' id='word_1_46' title='bbox 975 890 1030 938; x_wconf 91' lang='lat' dir='ltr'><strong>et</strong></span> <span class='ocrx_word' id='word_1_47' title='bbox 1069 883 1425 948; x_wconf 84' lang='lat' dir='ltr'><strong>honorantur,</strong></span> <span class='ocrx_word' id='word_1_48' title='bbox 1472 884 1614 939; x_wconf 86' lang='lat' dir='ltr'><strong>sicut</strong></span> <span class='ocrx_word' id='word_1_49' title='bbox 1661 898 1939 940; x_wconf 83' lang='lat' dir='ltr'><strong>servorum</strong></span> 
     </span>
    </p>
   </div>
   <div class='ocr_carea' id='block_1_11' title="bbox 366 972 1943 1046">
    <p class='ocr_par' dir='ltr' id='par_1_11' title="bbox 366 972 1943 1046">
     <span class='ocr_line' id='line_1_11' title="bbox 366 972 1943 1046; baseline 0.002 -18"><span class='ocrx_word' id='word_1_50' title='bbox 366 973 460 1028; x_wconf 90' lang='lat' dir='ltr'><strong>Dei</strong></span> <span class='ocrx_word' id='word_1_51' title='bbox 488 981 546 1027; x_wconf 88' lang='lat' dir='ltr'><strong>et</strong></span> <span class='ocrx_word' id='word_1_52' title='bbox 573 988 674 1044; x_wconf 89' lang='lat' dir='ltr'><strong>pro</strong></span> <span class='ocrx_word' id='word_1_53' title='bbox 701 974 860 1029; x_wconf 89' lang='lat' dir='ltr'><strong>nobis</strong></span> <span class='ocrx_word' id='word_1_54' title='bbox 879 972 1216 1029; x_wconf 80' lang='lat' dir='ltr'><strong>divinitatem</strong></span> <span class='ocrx_word' id='word_1_55' title='bbox 1247 975 1669 1044; x_wconf 86' lang='lat' dir='ltr'><strong>deprecantium.</strong></span> <span class='ocrx_word' id='word_1_56' title='bbox 1712 976 1943 1046; x_wconf 89' lang='lat' dir='ltr'><strong>Dignum</strong></span> 
     </span>
    </p>
   </div>
   <div class='ocr_carea' id='block_1_12' title="bbox 359 1063 1938 1135">
    <p class='ocr_par' dir='ltr' id='par_1_12' title="bbox 359 1063 1938 1135">
     <span class='ocr_line' id='line_1_12' title="bbox 359 1063 1938 1135; baseline 0.002 -18"><span class='ocrx_word' id='word_1_57' title='bbox 359 1063 506 1118; x_wconf 83' lang='lat' dir='ltr'><strong>enim</strong></span> <span class='ocrx_word' id='word_1_58' title='bbox 550 1070 636 1119; x_wconf 87' lang='lat' dir='ltr'><strong>est</strong></span> <span class='ocrx_word' id='word_1_59' title='bbox 674 1064 1089 1119; x_wconf 87' lang='lat' dir='ltr'><strong>commemorari</strong></span> <span class='ocrx_word' id='word_1_60' title='bbox 1132 1065 1544 1135; x_wconf 72' lang='lat' dir='ltr'><strong>prmpositorum</strong></span> <span class='ocrx_word' id='word_1_61' title='bbox 1589 1075 1897 1121; x_wconf 84' lang='lat' dir='ltr'><strong>nostrorum</strong></span> <span class='ocrx_word' id='word_1_62' title='bbox 1925 1107 1938 1129; x_wconf 93' lang='lat'><strong>,</strong></span> 
     </span>
    </p>
   </div>
   <div class='ocr_carea' id='block_1_13' title="bbox 363 1151 1941 1225">
    <p class='ocr_par' dir='ltr' id='par_1_13' title="bbox 363 1151 1941 1225">
     <span class='ocr_line' id='line_1_13' title="bbox 363 1151 1941 1225; baseline 0.001 -18"><span class='ocrx_word' id='word_1_63' title='bbox 363 1163 419 1208; x_wconf 86' lang='lat' dir='ltr'><strong>et</strong></span> <span class='ocrx_word' id='word_1_64' title='bbox 452 1153 657 1222; x_wconf 79' lang='lat' dir='ltr'><strong>gratias</strong></span> <span class='ocrx_word' id='word_1_65' title='bbox 678 1151 883 1209; x_wconf 79' lang='lat' dir='ltr'><strong>referre</strong></span> <span class='ocrx_word' id='word_1_66' title='bbox 905 1154 1037 1209; x_wconf 88' lang='lat' dir='ltr'><strong>Deo.</strong></span> <span class='ocrx_word' id='word_1_67' title='bbox 1082 1153 1160 1209; x_wconf 89' lang='lat' dir='ltr'><strong>De</strong></span> <span class='ocrx_word' id='word_1_68' title='bbox 1191 1169 1439 1210; x_wconf 83' lang='lat' dir='ltr'><strong>sermone</strong></span> <span class='ocrx_word' id='word_1_69' title='bbox 1461 1156 1606 1211; x_wconf 84' lang='lat' dir='ltr'><strong>beati</strong></span> <span class='ocrx_word' id='word_1_70' title='bbox 1628 1155 1941 1225; x_wconf 86' lang='lat' dir='ltr'><strong>Hieronymi</strong></span> 
     </span>
    </p>
   </div>
   <div class='ocr_carea' id='block_1_14' title="bbox 364 1241 1946 1315">
    <p class='ocr_par' dir='ltr' id='par_1_14' title="bbox 364 1241 1946 1315">
     <span class='ocr_line' id='line_1_14' title="bbox 364 1241 1946 1315; baseline 0.001 -18"><span class='ocrx_word' id='word_1_71' title='bbox 364 1243 663 1314; x_wconf 82' lang='lat' dir='ltr'><strong>presbyteri</strong></span> <span class='ocrx_word' id='word_1_72' title='bbox 714 1241 1193 1315; x_wconf 79' lang='lat' dir='ltr'><strong>Jerosolymitaui:</strong></span> <span class='ocrx_word' id='word_1_73' title='bbox 1239 1243 1452 1299; x_wconf 85' lang='lat' dir='ltr'><strong>Etenim</strong></span> <span class='ocrx_word' id='word_1_74' title='bbox 1507 1245 1649 1299; x_wconf 87' lang='lat' dir='ltr'><strong>sicut</strong></span> <span class='ocrx_word' id='word_1_75' title='bbox 1698 1244 1946 1315; x_wconf 87' lang='lat' dir='ltr'><strong>permisit</strong></span> 
     </span>
    </p>
   </div>
   <div class='ocr_carea' id='block_1_15' title="bbox 366 1331 1945 1405">
    <p class='ocr_par' dir='ltr' id='par_1_15' title="bbox 366 1331 1945 1405">
     <span class='ocr_line' id='line_1_15' title="bbox 366 1331 1945 1405; baseline 0.001 -18"><span class='ocrx_word' id='word_1_76' title='bbox 366 1335 505 1388; x_wconf 75' lang='lat' dir='ltr'><strong>Deus</strong></span> <span class='ocrx_word' id='word_1_77' title='bbox 550 1333 777 1389; x_wconf 86' lang='lat' dir='ltr'><strong>adorare</strong></span> <span class='ocrx_word' id='word_1_78' title='bbox 818 1348 1035 1389; x_wconf 87' lang='lat' dir='ltr'><strong>omnem</strong></span> <span class='ocrx_word' id='word_1_79' title='bbox 1083 1342 1296 1405; x_wconf 80' lang='lat' dir='ltr'><strong>gentem</strong></span> <span class='ocrx_word' id='word_1_80' title='bbox 1342 1331 1680 1398; x_wconf 82' lang='lat' dir='ltr'><strong>manufacta,</strong></span> <span class='ocrx_word' id='word_1_81' title='bbox 1730 1332 1945 1389; x_wconf 72' lang='lat' dir='ltr'><strong>Judzeos</strong></span> 
     </span>
    </p>
   </div>
   <div class='ocr_carea' id='block_1_16' title="bbox 363 1422 1943 1495">
    <p class='ocr_par' dir='ltr' id='par_1_16' title="bbox 363 1422 1943 1495">
     <span class='ocr_line' id='line_1_16' title="bbox 363 1422 1943 1495; baseline 0.002 -18"><span class='ocrx_word' id='word_1_82' title='bbox 363 1434 542 1477; x_wconf 66' lang='lat' dir='ltr'><strong>autem</strong></span> <span class='ocrx_word' id='word_1_83' title='bbox 566 1422 684 1494; x_wconf 83' lang='lat' dir='ltr'><strong>(Gr.</strong></span> <span class='ocrx_word' id='word_1_84' title='bbox 709 1423 836 1479; x_wconf 84' lang='lat' dir='ltr'><strong>add.</strong></span> <span class='ocrx_word' id='word_1_85' title='bbox 860 1424 1050 1495; x_wconf 87' lang='lat' dir='ltr'><strong>voluit)</strong></span> <span class='ocrx_word' id='word_1_86' title='bbox 1075 1425 1305 1491; x_wconf 87' lang='lat' dir='ltr'><strong>tabulas,</strong></span> <span class='ocrx_word' id='word_1_87' title='bbox 1331 1438 1467 1495; x_wconf 83' lang='lat' dir='ltr'><strong>quas</strong></span> <span class='ocrx_word' id='word_1_88' title='bbox 1488 1425 1692 1482; x_wconf 80' lang='lat' dir='ltr'><strong>dolavit</strong></span> <span class='ocrx_word' id='word_1_89' title='bbox 1712 1424 1943 1495; x_wconf 83' lang='lat' dir='ltr'><strong>Moyses,</strong></span> 
     </span>
    </p>
   </div>
   <div class='ocr_carea' id='block_1_17' title="bbox 360 1513 1946 1577">
    <p class='ocr_par' dir='ltr' id='par_1_17' title="bbox 360 1513 1946 1577">
     <span class='ocr_line' id='line_1_17' title="bbox 360 1513 1946 1577; baseline 0.002 -11"><span class='ocrx_word' id='word_1_90' title='bbox 360 1523 418 1567; x_wconf 83' lang='lat' dir='ltr'><strong>et</strong></span> <span class='ocrx_word' id='word_1_91' title='bbox 457 1514 595 1569; x_wconf 90' lang='lat' dir='ltr'><strong>duos</strong></span> <span class='ocrx_word' id='word_1_92' title='bbox 636 1513 918 1570; x_wconf 77' lang='lat' dir='ltr'><strong>cherubim</strong></span> <span class='ocrx_word' id='word_1_93' title='bbox 961 1530 1172 1577; x_wconf 84' lang='lat' dir='ltr'><strong>aureos,</strong></span> <span class='ocrx_word' id='word_1_94' title='bbox 1218 1515 1300 1570; x_wconf 91' lang='lat' dir='ltr'><strong>sic</strong></span> <span class='ocrx_word' id='word_1_95' title='bbox 1334 1522 1392 1569; x_wconf 93' lang='lat' dir='ltr'><strong>et</strong></span> <span class='ocrx_word' id='word_1_96' title='bbox 1434 1515 1591 1569; x_wconf 86' lang='lat' dir='ltr'><strong>nobis</strong></span> <span class='ocrx_word' id='word_1_97' title='bbox 1624 1513 1946 1569; x_wconf 86' lang='lat' dir='ltr'><strong>Christianis</strong></span> 
     </span>
    </p>
   </div>
   <div class='ocr_carea' id='block_1_18' title="bbox 355 1603 1947 1675">
    <p class='ocr_par' dir='ltr' id='par_1_18' title="bbox 355 1603 1947 1675">
     <span class='ocr_line' id='line_1_18' title="bbox 355 1603 1947 1675; baseline -0.001 -17"><span class='ocrx_word' id='word_1_98' title='bbox 355 1604 583 1658; x_wconf 57' lang='lat' dir='ltr'><strong>vlunavit</strong></span> <span class='ocrx_word' id='word_1_99' title='bbox 619 1619 835 1660; x_wconf 89' lang='lat' dir='ltr'><strong>crucem</strong></span> <span class='ocrx_word' id='word_1_100' title='bbox 882 1612 937 1659; x_wconf 93' lang='lat' dir='ltr'><strong>et</strong></span> <span class='ocrx_word' id='word_1_101' title='bbox 977 1606 1241 1660; x_wconf 86' lang='lat' dir='ltr'><strong>bonarum</strong></span> <span class='ocrx_word' id='word_1_102' title='bbox 1277 1604 1649 1675; x_wconf 79' lang='lat' dir='ltr'><strong>Operationum</strong></span> <span class='ocrx_word' id='word_1_103' title='bbox 1685 1603 1947 1673; x_wconf 80' lang='lat' dir='ltr'><strong>imagines</strong></span> 
     </span>
    </p>
   </div>
   <div class='ocr_carea' id='block_1_19' title="bbox 363 1693 1947 1762">
    <p class='ocr_par' dir='ltr' id='par_1_19' title="bbox 363 1693 1947 1762">
     <span class='ocr_line' id='line_1_19' title="bbox 363 1693 1947 1762; baseline 0 -16"><span class='ocrx_word' id='word_1_104' title='bbox 363 1695 587 1762; x_wconf 80' lang='lat' dir='ltr'><strong>pingere</strong></span> <span class='ocrx_word' id='word_1_105' title='bbox 624 1701 681 1748; x_wconf 91' lang='lat' dir='ltr'><strong>et</strong></span> <span class='ocrx_word' id='word_1_106' title='bbox 722 1693 969 1758; x_wconf 86' lang='lat' dir='ltr'><strong>adorare,</strong></span> <span class='ocrx_word' id='word_1_107' title='bbox 1013 1693 1280 1759; x_wconf 86' lang='lat' dir='ltr'><strong>venerari,</strong></span> <span class='ocrx_word' id='word_1_108' title='bbox 1320 1703 1377 1748; x_wconf 89' lang='lat' dir='ltr'><strong>et</strong></span> <span class='ocrx_word' id='word_1_109' title='bbox 1414 1694 1787 1749; x_wconf 89' lang='lat' dir='ltr'><strong>demonstrare</strong></span> <span class='ocrx_word' id='word_1_110' title='bbox 1810 1706 1947 1761; x_wconf 89' lang='lat' dir='ltr'><strong>opus</strong></span> 
     </span>
    </p>
   </div>
   <div class='ocr_carea' id='block_1_20' title="bbox 2041 512 3627 592">
    <p class='ocr_par' dir='ltr' id='par_1_20' title="bbox 2041 512 3627 592">
     <span class='ocr_line' id='line_1_20' title="bbox 2041 512 3627 592; baseline 0.002 -22"><span class='ocrx_word' id='word_1_111' title='bbox 2041 516 2195 589; x_wconf 81' lang='grc' dir='ltr'><strong>ἁγίων</strong></span> <span class='ocrx_word' id='word_1_112' title='bbox 2240 516 2475 592; x_wconf 84' lang='grc' dir='ltr'><strong>Πατέρων</strong></span> <span class='ocrx_word' id='word_1_113' title='bbox 2509 512 2843 588; x_wconf 72' lang='grc' dir='ltr'><strong>περιήλθομεν</strong></span> <span class='ocrx_word' id='word_1_114' title='bbox 2893 512 3155 589; x_wconf 75' lang='grc' dir='ltr'><strong>βραχέως.</strong></span> <span class='ocrx_word' id='word_1_115' title='bbox 3200 512 3349 569; x_wconf 80' lang='grc' dir='ltr'><strong>Ἀλλά</strong></span> <span class='ocrx_word' id='word_1_116' title='bbox 3402 516 3490 569; x_wconf 82' lang='grc' dir='ltr'><strong>καί</strong></span> <span class='ocrx_word' id='word_1_117' title='bbox 3535 524 3627 577; x_wconf 77' lang='grc' dir='ltr'><strong>τῆς</strong></span> 
     </span>
    </p>
   </div>
   <div class='ocr_carea' id='block_1_21' title="bbox 2040 603 3619 681">
    <p class='ocr_par' dir='ltr' id='par_1_21' title="bbox 2040 603 3619 681">
     <span class='ocr_line' id='line_1_21' title="bbox 2040 603 3619 681; baseline 0 -21"><span class='ocrx_word' id='word_1_118' title='bbox 2040 608 2183 667; x_wconf 82' lang='grc' dir='ltr'><strong>θείας</strong></span> <span class='ocrx_word' id='word_1_119' title='bbox 2209 611 2409 681; x_wconf 72' lang='grc' dir='ltr'><strong>Γραφῆς</strong></span> <span class='ocrx_word' id='word_1_120' title='bbox 2439 613 2533 666; x_wconf 81' lang='grc' dir='ltr'><strong>τῆς</strong></span> <span class='ocrx_word' id='word_1_121' title='bbox 2569 604 2795 663; x_wconf 65' lang='grc' dir='ltr'><strong>Παλαιὸωί</strong></span> <span class='ocrx_word' id='word_1_122' title='bbox 2839 607 2922 657; x_wconf 82' lang='grc' dir='ltr'><strong>καὶ</strong></span> <span class='ocrx_word' id='word_1_123' title='bbox 2963 604 3088 661; x_wconf 80' lang='grc' dir='ltr'><strong>Νέας</strong></span> <span class='ocrx_word' id='word_1_124' title='bbox 3141 603 3381 664; x_wconf 58' lang='lat' dir='ltr'><strong>Amatam:</strong></span> <span class='ocrx_word' id='word_1_125' title='bbox 3418 606 3448 662; x_wconf 76' lang='grc' dir='ltr'>ἡ</span> <span class='ocrx_word' id='word_1_126' title='bbox 3477 604 3619 660; x_wconf 85' lang='grc' dir='ltr'><strong>ίστο-</strong></span> 
     </span>
    </p>
   </div>
   <div class='ocr_carea' id='block_1_22' title="bbox 2039 696 3628 776">
    <p class='ocr_par' dir='ltr' id='par_1_22' title="bbox 2039 696 3628 776">
     <span class='ocr_line' id='line_1_22' title="bbox 2039 696 3628 776; baseline 0.001 -23"><span class='ocrx_word' id='word_1_127' title='bbox 2039 702 2128 776; x_wconf 87' lang='grc' dir='ltr'><strong>ρία</strong></span> <span class='ocrx_word' id='word_1_128' title='bbox 2180 706 2437 774; x_wconf 83' lang='grc' dir='ltr'><strong>μαρτυρεῖ</strong></span> <span class='ocrx_word' id='word_1_129' title='bbox 2486 700 2606 774; x_wconf 87' lang='grc' dir='ltr'><strong>περί</strong></span> <span class='ocrx_word' id='word_1_130' title='bbox 2652 705 2746 758; x_wconf 75' lang='grc' dir='ltr'><strong>τῆς</strong></span> <span class='ocrx_word' id='word_1_131' title='bbox 2794 696 3164 772; x_wconf 80' lang='grc' dir='ltr'><strong>παραφυλακῆς</strong></span> <span class='ocrx_word' id='word_1_132' title='bbox 3223 703 3318 753; x_wconf 86' lang='grc' dir='ltr'><strong>τοῦ</strong></span> <span class='ocrx_word' id='word_1_133' title='bbox 3355 699 3489 754; x_wconf 84' lang='grc' dir='ltr'><strong>θείου</strong></span> <span class='ocrx_word' id='word_1_134' title='bbox 3541 721 3628 755; x_wconf 85' lang='grc' dir='ltr'><strong>σε·</strong></span> 
     </span>
    </p>
   </div>
   <div class='ocr_carea' id='block_1_23' title="bbox 2044 785 3629 861">
    <p class='ocr_par' dir='ltr' id='par_1_23' title="bbox 2044 785 3629 861">
     <span class='ocr_line' id='line_1_23' title="bbox 2044 785 3629 861; baseline 0.002 -18"><span class='ocrx_word' id='word_1_135' title='bbox 2044 789 2305 858; x_wconf 79' lang='grc' dir='ltr'><strong>ϐάσματος</strong></span> <span class='ocrx_word' id='word_1_136' title='bbox 2328 829 2345 855; x_wconf 95' lang='grc'><strong>,</strong></span> <span class='ocrx_word' id='word_1_137' title='bbox 2404 786 2487 845; x_wconf 82' lang='grc' dir='ltr'><strong>ὅτι</strong></span> <span class='ocrx_word' id='word_1_138' title='bbox 2538 790 2606 845; x_wconf 85' lang='grc' dir='ltr'><strong>τά</strong></span> <span class='ocrx_word' id='word_1_139' title='bbox 2649 788 2782 861; x_wconf 83' lang='grc' dir='ltr'><strong>πρός</strong></span> <span class='ocrx_word' id='word_1_140' title='bbox 2823 785 3027 842; x_wconf 69' lang='grc' dir='ltr'><strong>ἔπαινον</strong></span> <span class='ocrx_word' id='word_1_141' title='bbox 3077 793 3168 843; x_wconf 86' lang='grc' dir='ltr'><strong>τοῦ</strong></span> <span class='ocrx_word' id='word_1_142' title='bbox 3231 785 3361 843; x_wconf 71' lang='grc' dir='ltr'><strong>Θεοῦ</strong></span> <span class='ocrx_word' id='word_1_143' title='bbox 3409 791 3461 844; x_wconf 82' lang='grc' dir='ltr'><strong>έν</strong></span> <span class='ocrx_word' id='word_1_144' title='bbox 3507 799 3629 852; x_wconf 86' lang='grc' dir='ltr'><strong>ταῖς</strong></span> 
     </span>
    </p>
   </div>
   <div class='ocr_carea' id='block_1_24' title="bbox 2043 875 3630 954">
    <p class='ocr_par' dir='ltr' id='par_1_24' title="bbox 2043 875 3630 954">
     <span class='ocr_line' id='line_1_24' title="bbox 2043 875 3630 954; baseline 0.003 -21"><span class='ocrx_word' id='word_1_145' title='bbox 2043 880 2323 940; x_wconf 83' lang='grc' dir='ltr'><strong>έκκλησίαις</strong></span> <span class='ocrx_word' id='word_1_146' title='bbox 2355 880 2427 939; x_wconf 85' lang='grc' dir='ltr'><strong>είς</strong></span> <span class='ocrx_word' id='word_1_147' title='bbox 2472 875 2791 948; x_wconf 83' lang='grc' dir='ltr'><strong>μνημόσυνον</strong></span> <span class='ocrx_word' id='word_1_148' title='bbox 2829 885 2918 938; x_wconf 75' lang='grc' dir='ltr'><strong>τῆς</strong></span> <span class='ocrx_word' id='word_1_149' title='bbox 2968 878 3217 939; x_wconf 44' lang='grc' dir='ltr'><strong>εὒλσεϐοῦς</strong></span> <span class='ocrx_word' id='word_1_150' title='bbox 3269 881 3518 954; x_wconf 71' lang='grc' dir='ltr'><strong>ἐργασίας</strong></span> <span class='ocrx_word' id='word_1_151' title='bbox 3566 890 3630 953; x_wconf 72' lang='grc' dir='ltr'><strong>τῇ</strong></span> 
     </span>
    </p>
   </div>
   <div class='ocr_carea' id='block_1_25' title="bbox 2041 967 3624 1047">
    <p class='ocr_par' dir='ltr' id='par_1_25' title="bbox 2041 967 3624 1047">
     <span class='ocr_line' id='line_1_25' title="bbox 2041 967 3624 1047; baseline 0 -22"><span class='ocrx_word' id='word_1_152' title='bbox 2041 976 2134 1025; x_wconf 90' lang='grc' dir='ltr'><strong>τοῦ</strong></span> <span class='ocrx_word' id='word_1_153' title='bbox 2173 974 2301 1025; x_wconf 88' lang='grc' dir='ltr'><strong>Θεοῦ</strong></span> <span class='ocrx_word' id='word_1_154' title='bbox 2337 969 2605 1024; x_wconf 78' lang='grc' dir='ltr'><strong>ἔπινεὺσει-</strong></span> <span class='ocrx_word' id='word_1_155' title='bbox 2622 967 2982 1039; x_wconf 81' lang='grc' dir='ltr'><strong>καθιστάμενα,</strong></span> <span class='ocrx_word' id='word_1_156' title='bbox 3012 969 3276 1023; x_wconf 68' lang='grc' dir='ltr'><strong>εἰσὶηκατά</strong></span> <span class='ocrx_word' id='word_1_157' title='bbox 3324 974 3415 1029; x_wconf 72' lang='grc' dir='ltr'><strong>τήν</strong></span> <span class='ocrx_word' id='word_1_158' title='bbox 3455 975 3624 1047; x_wconf 84' lang='grc' dir='ltr'><strong>παρά·</strong></span> 
     </span>
    </p>
   </div>
   <div class='ocr_carea' id='block_1_26' title="bbox 2042 1059 3628 1136">
    <p class='ocr_par' dir='ltr' id='par_1_26' title="bbox 2042 1059 3628 1136">
     <span class='ocr_line' id='line_1_26' title="bbox 2042 1059 3628 1136; baseline -0.003 -20"><span class='ocrx_word' id='word_1_159' title='bbox 2042 1059 2184 1117; x_wconf 73' lang='grc' dir='ltr'><strong>δοσιν</strong></span> <span class='ocrx_word' id='word_1_160' title='bbox 2219 1067 2322 1116; x_wconf 78' lang='grc' dir='ltr'><strong>τῶν</strong></span> <span class='ocrx_word' id='word_1_161' title='bbox 2366 1059 2522 1131; x_wconf 76' lang='grc' dir='ltr'><strong>ἁγίων</strong></span> <span class='ocrx_word' id='word_1_162' title='bbox 2562 1059 2800 1135; x_wconf 81' lang='grc' dir='ltr'><strong>Πατέρων</strong></span> <span class='ocrx_word' id='word_1_163' title='bbox 2844 1059 2965 1131; x_wconf 81' lang='grc' dir='ltr'><strong>περί</strong></span> <span class='ocrx_word' id='word_1_164' title='bbox 3011 1061 3317 1121; x_wconf 76' lang='grc' dir='ltr'><strong>συστάσεως</strong></span> <span class='ocrx_word' id='word_1_165' title='bbox 3350 1068 3449 1115; x_wconf 83' lang='grc' dir='ltr'><strong>τῶν</strong></span> <span class='ocrx_word' id='word_1_166' title='bbox 3482 1063 3628 1136; x_wconf 77' lang='grc' dir='ltr'><strong>ἱερῶν</strong></span> 
     </span>
    </p>
   </div>
   <div class='ocr_carea' id='block_1_27' title="bbox 2043 1148 3632 1226">
    <p class='ocr_par' dir='ltr' id='par_1_27' title="bbox 2043 1148 3632 1226">
     <span class='ocr_line' id='line_1_27' title="bbox 2043 1148 3632 1226; baseline -0.001 -21"><span class='ocrx_word' id='word_1_167' title='bbox 2043 1152 2264 1214; x_wconf 79' lang='grc' dir='ltr'><strong>εἰκόνων,</strong></span> <span class='ocrx_word' id='word_1_168' title='bbox 2315 1154 2526 1211; x_wconf 54' lang='lat' dir='ltr'><strong>nutri:</strong></span> <span class='ocrx_word' id='word_1_169' title='bbox 2550 1151 2687 1209; x_wconf 87' lang='grc' dir='ltr'><strong>θείας</strong></span> <span class='ocrx_word' id='word_1_170' title='bbox 2723 1148 2807 1220; x_wconf 81' lang='grc' dir='ltr'><strong>[Θ.</strong></span> <span class='ocrx_word' id='word_1_171' title='bbox 2857 1153 2976 1226; x_wconf 76' lang='grc' dir='ltr'><strong>περὶ</strong></span> <span class='ocrx_word' id='word_1_172' title='bbox 3028 1157 3121 1209; x_wconf 78' lang='grc' dir='ltr'><strong>τῆς</strong></span> <span class='ocrx_word' id='word_1_173' title='bbox 3152 1152 3375 1207; x_wconf 85' lang='grc' dir='ltr'><strong>συστάσ.</strong></span> <span class='ocrx_word' id='word_1_174' title='bbox 3403 1175 3455 1208; x_wconf 90' lang='grc' dir='ltr'><strong>τ.</strong></span> <span class='ocrx_word' id='word_1_175' title='bbox 3503 1173 3546 1206; x_wconf 92' lang='grc' dir='ltr'><strong>ε.</strong></span> <span class='ocrx_word' id='word_1_176' title='bbox 3588 1156 3632 1207; x_wconf 82' lang='grc' dir='ltr'><strong>εἰ</strong></span> 
     </span>
    </p>
   </div>
   <div class='ocr_carea' id='block_1_28' title="bbox 2044 1239 3632 1317">
    <p class='ocr_par' dir='ltr' id='par_1_28' title="bbox 2044 1239 3632 1317">
     <span class='ocr_line' id='line_1_28' title="bbox 2044 1239 3632 1317; baseline 0.001 -22"><span class='ocrx_word' id='word_1_177' title='bbox 2044 1244 2130 1296; x_wconf 88' lang='grc' dir='ltr'><strong>καί</strong></span> <span class='ocrx_word' id='word_1_178' title='bbox 2183 1242 2325 1316; x_wconf 88' lang='grc' dir='ltr'><strong>παρά</strong></span> <span class='ocrx_word' id='word_1_179' title='bbox 2366 1249 2459 1301; x_wconf 71' lang='grc' dir='ltr'><strong>τῆς</strong></span> <span class='ocrx_word' id='word_1_180' title='bbox 2498 1239 2652 1307; x_wconf 68' lang='grc' dir='ltr'><strong>θείας-1</strong></span> <span class='ocrx_word' id='word_1_181' title='bbox 2688 1248 2889 1314; x_wconf 79' lang='grc' dir='ltr'><strong>Γραφῆς</strong></span> <span class='ocrx_word' id='word_1_182' title='bbox 2942 1241 2993 1293; x_wconf 85' lang='grc' dir='ltr'><strong>ἒν</strong></span> <span class='ocrx_word' id='word_1_183' title='bbox 3048 1243 3305 1315; x_wconf 74' lang='grc' dir='ltr'><strong>ζωγραφίᾳ</strong></span> <span class='ocrx_word' id='word_1_184' title='bbox 3352 1242 3632 1317; x_wconf 78' lang='grc' dir='ltr'><strong>ὑπαρχου-</strong></span> 
     </span>
    </p>
   </div>
   <div class='ocr_carea' id='block_1_29' title="bbox 2043 1330 3634 1405">
    <p class='ocr_par' dir='ltr' id='par_1_29' title="bbox 2043 1330 3634 1405">
     <span class='ocr_line' id='line_1_29' title="bbox 2043 1330 3634 1405; baseline -0.011 -14"><span class='ocrx_word' id='word_1_185' title='bbox 2043 1351 2170 1396; x_wconf 81' lang='grc' dir='ltr'><strong>σης,</strong></span> <span class='ocrx_word' id='word_1_186' title='bbox 2205 1333 2367 1393; x_wconf 77' lang='grc' dir='ltr'><strong>καθὼς</strong></span> <span class='ocrx_word' id='word_1_187' title='bbox 2411 1332 2461 1385; x_wconf 83' lang='grc' dir='ltr'><strong>έν</strong></span> <span class='ocrx_word' id='word_1_188' title='bbox 2503 1331 2633 1405; x_wconf 79' lang='grc' dir='ltr'><strong>αὑτῇ</strong></span> <span class='ocrx_word' id='word_1_189' title='bbox 2669 1336 2731 1401; x_wconf 78' lang='grc' dir='ltr'><strong>τῇ</strong></span> <span class='ocrx_word' id='word_1_190' title='bbox 2777 1330 3088 1403; x_wconf 75' lang='grc' dir='ltr'><strong>ἀποστολικῇ</strong></span> <span class='ocrx_word' id='word_1_191' title='bbox 3140 1331 3367 1405; x_wconf 75' lang='grc' dir='ltr'><strong>ἀναφορᾲ</strong></span> <span class='ocrx_word' id='word_1_192' title='bbox 3413 1340 3474 1405; x_wconf 71' lang='grc' dir='ltr'><strong>τῇ</strong></span> <span class='ocrx_word' id='word_1_193' title='bbox 3513 1340 3634 1388; x_wconf 61' lang='lat' dir='ltr'><strong>em.</strong></span> 
     </span>
    </p>
   </div>
   <div class='ocr_carea' id='block_1_30' title="bbox 2043 1418 3630 1496">
    <p class='ocr_par' dir='ltr' id='par_1_30' title="bbox 2043 1418 3630 1496">
     <span class='ocr_line' id='line_1_30' title="bbox 2043 1418 3630 1496; baseline 0.001 -20"><span class='ocrx_word' id='word_1_194' title='bbox 2043 1423 2256 1496; x_wconf 78' lang='grc' dir='ltr'><strong>κυρῶτῳ</strong></span> <span class='ocrx_word' id='word_1_195' title='bbox 2299 1420 2486 1492; x_wconf 75' lang='grc' dir='ltr'><strong>γαλήνῃ</strong></span> <span class='ocrx_word' id='word_1_196' title='bbox 2521 1428 2613 1481; x_wconf 82' lang='grc' dir='ltr'><strong>τῆς</strong></span> <span class='ocrx_word' id='word_1_197' title='bbox 2649 1420 2903 1494; x_wconf 73' lang='grc' dir='ltr'><strong>ὑμετέρας</strong></span> <span class='ocrx_word' id='word_1_198' title='bbox 2936 1418 3240 1481; x_wconf 78' lang='grc' dir='ltr'><strong>δυναστείας</strong></span> <span class='ocrx_word' id='word_1_199' title='bbox 3280 1425 3421 1489; x_wconf 68' lang='grc' dir='ltr'><strong>μετά</strong></span> <span class='ocrx_word' id='word_1_200' title='bbox 3452 1426 3630 1487; x_wconf 73' lang='grc' dir='ltr'><strong>πάσης</strong></span> 
     </span>
    </p>
   </div>
   <div class='ocr_carea' id='block_1_31' title="bbox 2043 1507 3633 1585">
    <p class='ocr_par' dir='ltr' id='par_1_31' title="bbox 2043 1507 3633 1585">
     <span class='ocr_line' id='line_1_31' title="bbox 2043 1507 3633 1585; baseline 0.001 -17"><span class='ocrx_word' id='word_1_201' title='bbox 2043 1514 2400 1572; x_wconf 78' lang='grc' dir='ltr'><strong>ταπεινώσεως</strong></span> <span class='ocrx_word' id='word_1_202' title='bbox 2450 1512 2552 1565; x_wconf 77' lang='grc' dir='ltr'><strong>καί</strong></span> <span class='ocrx_word' id='word_1_203' title='bbox 2587 1511 2881 1585; x_wconf 67' lang='grc' dir='ltr'><strong>εἰλικρινιῦς</strong></span> <span class='ocrx_word' id='word_1_204' title='bbox 2933 1507 3149 1585; x_wconf 78' lang='grc' dir='ltr'><strong>καρδίας</strong></span> <span class='ocrx_word' id='word_1_205' title='bbox 3216 1510 3633 1582; x_wconf 80' lang='grc' dir='ltr'><strong>έπετηδεὺσαμεν</strong></span> 
     </span>
    </p>
   </div>
   <div class='ocr_carea' id='block_1_32' title="bbox 2045 1602 3633 1679">
    <p class='ocr_par' dir='ltr' id='par_1_32' title="bbox 2045 1602 3633 1679">
     <span class='ocr_line' id='line_1_32' title="bbox 2045 1602 3633 1679; baseline -0.001 -18"><span class='ocrx_word' id='word_1_206' title='bbox 2045 1608 2339 1679; x_wconf 72' lang='grc' dir='ltr'><strong>ἀναγαγεῖν.</strong></span> <span class='ocrx_word' id='word_1_207' title='bbox 2359 1602 2507 1659; x_wconf 83' lang='grc' dir='ltr'><strong>Ὀθεν</strong></span> <span class='ocrx_word' id='word_1_208' title='bbox 2550 1606 2635 1658; x_wconf 89' lang='grc' dir='ltr'><strong>καί</strong></span> <span class='ocrx_word' id='word_1_209' title='bbox 2676 1606 2771 1664; x_wconf 86' lang='grc' dir='ltr'><strong>τάς</strong></span> <span class='ocrx_word' id='word_1_210' title='bbox 2820 1604 2874 1658; x_wconf 83' lang='grc' dir='ltr'><strong>έκ</strong></span> <span class='ocrx_word' id='word_1_211' title='bbox 2916 1602 3173 1678; x_wconf 70' lang='grc' dir='ltr'><strong>διαφόρων</strong></span> <span class='ocrx_word' id='word_1_212' title='bbox 3232 1607 3327 1659; x_wconf 74' lang='grc' dir='ltr'><strong>καί</strong></span> <span class='ocrx_word' id='word_1_213' title='bbox 3362 1603 3633 1676; x_wconf 76' lang='grc' dir='ltr'><strong>εὐδοκιμω-</strong></span> 
     </span>
    </p>
   </div>
   <div class='ocr_carea' id='block_1_33' title="bbox 2045 1695 3637 1772">
    <p class='ocr_par' dir='ltr' id='par_1_33' title="bbox 2045 1695 3637 1772">
     <span class='ocr_line' id='line_1_33' title="bbox 2045 1695 3637 1772; baseline -0.002 -18"><span class='ocrx_word' id='word_1_214' title='bbox 2045 1701 2210 1754; x_wconf 85' lang='grc' dir='ltr'><strong>τάτων</strong></span> <span class='ocrx_word' id='word_1_215' title='bbox 2257 1698 2489 1771; x_wconf 87' lang='grc' dir='ltr'><strong>πατέρων</strong></span> <span class='ocrx_word' id='word_1_216' title='bbox 2532 1695 2855 1772; x_wconf 60' lang='grc' dir='ltr'><strong>λεπτομερεῖς</strong></span> <span class='ocrx_word' id='word_1_217' title='bbox 2898 1696 3219 1769; x_wconf 83' lang='grc' dir='ltr'><strong>μαρτυρίας,</strong></span> <span class='ocrx_word' id='word_1_218' title='bbox 3271 1701 3371 1751; x_wconf 84' lang='grc' dir='ltr'><strong>τῶν</strong></span> <span class='ocrx_word' id='word_1_219' title='bbox 3404 1698 3507 1757; x_wconf 68' lang='grc' dir='ltr'><strong>τὰς</strong></span> <span class='ocrx_word' id='word_1_220' title='bbox 3544 1698 3637 1751; x_wconf 88' lang='grc' dir='ltr'><strong>αὑ·-</strong></span> 
     </span>
    </p>
   </div>
   <div class='ocr_carea' id='block_1_34' title="bbox 363 1761 1952 1865">
    <p class='ocr_par' dir='ltr' id='par_1_34' title="bbox 363 1761 1947 1857">
     <span class='ocr_line' id='line_1_34' title="bbox 363 1761 1947 1857; baseline 0.002 -21"><span class='ocrx_word' id='word_1_221' title='bbox 363 1761 629 1837; x_wconf 80' lang='lat' dir='ltr'><strong>nostrum.</strong></span> <span class='ocrx_word' id='word_1_222' title='bbox 676 1782 862 1852; x_wconf 80' lang='lat' dir='ltr'><strong>itaque</strong></span> <span class='ocrx_word' id='word_1_223' title='bbox 907 1785 1022 1840; x_wconf 69' lang='lat' dir='ltr'><strong>hzec</strong></span> <span class='ocrx_word' id='word_1_224' title='bbox 1057 1785 1193 1857; x_wconf 84' lang='lat' dir='ltr'><strong>ipsa,</strong></span> <span class='ocrx_word' id='word_1_225' title='bbox 1230 1785 1463 1856; x_wconf 87' lang='lat' dir='ltr'><strong>piissimi</strong></span> <span class='ocrx_word' id='word_1_226' title='bbox 1506 1800 1572 1840; x_wconf 92' lang='lat' dir='ltr'><strong>ac</strong></span> <span class='ocrx_word' id='word_1_227' title='bbox 1613 1784 1947 1855; x_wconf 88' lang='lat' dir='ltr'><strong>tranquillis-</strong></span> 
     </span>
    </p>
   </div>
   <div class='ocr_carea' id='block_1_35' title="bbox 2057 1761 3636 1865">
    <p class='ocr_par' dir='ltr' id='par_1_35' title="bbox 2057 1787 3636 1865">
     <span class='ocr_line' id='line_1_35' title="bbox 2057 1787 3636 1865; baseline -0.002 -20"><span class='ocrx_word' id='word_1_228' title='bbox 2057 1793 2152 1851; x_wconf 81' lang='grc' dir='ltr'><strong>τάς</strong></span> <span class='ocrx_word' id='word_1_229' title='bbox 2192 1791 2335 1865; x_wconf 78' lang='grc' dir='ltr'><strong>ἱεράς</strong></span> <span class='ocrx_word' id='word_1_230' title='bbox 2377 1789 2568 1849; x_wconf 77' lang='grc' dir='ltr'><strong>εἰκόνας</strong></span> <span class='ocrx_word' id='word_1_231' title='bbox 2615 1789 3007 1851; x_wconf 79' lang='grc' dir='ltr'><strong>συστησάντων,</strong></span> <span class='ocrx_word' id='word_1_232' title='bbox 3033 1788 3278 1863; x_wconf 73' lang='grc' dir='ltr'><strong>τηρητέον</strong></span> <span class='ocrx_word' id='word_1_233' title='bbox 3313 1787 3445 1854; x_wconf 82' lang='grc' dir='ltr'><strong>έστί,</strong></span> <span class='ocrx_word' id='word_1_234' title='bbox 3474 1792 3636 1849; x_wconf 81' lang='grc' dir='ltr'><strong>καθὼς</strong></span> 
     </span>
    </p>
   </div>
   <div class='ocr_carea' id='block_1_36' title="bbox 364 1873 1948 1946">
    <p class='ocr_par' dir='ltr' id='par_1_36' title="bbox 364 1873 1948 1946">
     <span class='ocr_line' id='line_1_36' title="bbox 364 1873 1948 1946; baseline 0.001 -19"><span class='ocrx_word' id='word_1_235' title='bbox 364 1873 487 1928; x_wconf 86' lang='lat' dir='ltr'><strong>simi</strong></span> <span class='ocrx_word' id='word_1_236' title='bbox 521 1873 723 1929; x_wconf 88' lang='lat' dir='ltr'><strong>domini</strong></span> <span class='ocrx_word' id='word_1_237' title='bbox 758 1881 814 1929; x_wconf 91' lang='lat' dir='ltr'><strong>et</strong></span> <span class='ocrx_word' id='word_1_238' title='bbox 846 1874 961 1938; x_wconf 81' lang='lat' dir='ltr'><strong>ﬁlii,</strong></span> <span class='ocrx_word' id='word_1_239' title='bbox 1002 1876 1260 1946; x_wconf 78' lang='lat' dir='ltr'><strong>praedicta</strong></span> <span class='ocrx_word' id='word_1_240' title='bbox 1298 1874 1604 1931; x_wconf 88' lang='lat' dir='ltr'><strong>testimonia</strong></span> <span class='ocrx_word' id='word_1_241' title='bbox 1637 1883 1948 1930; x_wconf 88' lang='lat' dir='ltr'><strong>sanctorum</strong></span> 
     </span>
    </p>
   </div>
   <div class='ocr_carea' id='block_1_37' title="bbox 364 1964 1951 2033">
    <p class='ocr_par' dir='ltr' id='par_1_37' title="bbox 364 1964 1951 2033">
     <span class='ocr_line' id='line_1_37' title="bbox 364 1964 1951 2033; baseline 0.001 -15"><span class='ocrx_word' id='word_1_242' title='bbox 364 1964 586 2018; x_wconf 65' lang='lat' dir='ltr'><strong>Patrum</strong></span> <span class='ocrx_word' id='word_1_243' title='bbox 624 1965 975 2021; x_wconf 83' lang='lat' dir='ltr'><strong>transivimus</strong></span> <span class='ocrx_word' id='word_1_244' title='bbox 1013 1966 1285 2033; x_wconf 84' lang='lat' dir='ltr'><strong>breviter;</strong></span> <span class='ocrx_word' id='word_1_245' title='bbox 1341 1965 1436 2021; x_wconf 89' lang='lat' dir='ltr'><strong>sed</strong></span> <span class='ocrx_word' id='word_1_246' title='bbox 1474 1975 1529 2022; x_wconf 89' lang='lat' dir='ltr'><strong>et</strong></span> <span class='ocrx_word' id='word_1_247' title='bbox 1569 1966 1765 2021; x_wconf 79' lang='lat' dir='ltr'><strong>diviuze</strong></span> <span class='ocrx_word' id='word_1_248' title='bbox 1804 1965 1951 2021; x_wconf 87' lang='lat' dir='ltr'><strong>Scri-</strong></span> 
     </span>
    </p>
   </div>
   <div class='ocr_carea' id='block_1_38' title="bbox 364 2051 1949 2125">
    <p class='ocr_par' dir='ltr' id='par_1_38' title="bbox 364 2051 1949 2125">
     <span class='ocr_line' id='line_1_38' title="bbox 364 2051 1949 2125; baseline 0.001 -17"><span class='ocrx_word' id='word_1_249' title='bbox 364 2061 538 2123; x_wconf 79' lang='lat' dir='ltr'><strong>pturae</strong></span> <span class='ocrx_word' id='word_1_250' title='bbox 574 2051 708 2109; x_wconf 86' lang='lat' dir='ltr'><strong>Novi</strong></span> <span class='ocrx_word' id='word_1_251' title='bbox 734 2054 1051 2125; x_wconf 83' lang='lat' dir='ltr'><strong>Veterisque</strong></span> <span class='ocrx_word' id='word_1_252' title='bbox 1079 2055 1412 2110; x_wconf 88' lang='lat' dir='ltr'><strong>Testamenti</strong></span> <span class='ocrx_word' id='word_1_253' title='bbox 1458 2062 1691 2111; x_wconf 88' lang='lat' dir='ltr'><strong>testatur</strong></span> <span class='ocrx_word' id='word_1_254' title='bbox 1722 2055 1949 2110; x_wconf 85' lang='lat' dir='ltr'><strong>historia</strong></span> 
     </span>
    </p>
   </div>
   <div class='ocr_carea' id='block_1_39' title="bbox 366 2143 1950 2224">
    <p class='ocr_par' dir='ltr' id='par_1_39' title="bbox 366 2143 1950 2224">
     <span class='ocr_line' id='line_1_39' title="bbox 366 2143 1950 2224; baseline 0.003 -28"><span class='ocrx_word' id='word_1_255' title='bbox 366 2143 432 2197; x_wconf 87' lang='lat' dir='ltr'><strong>de</strong></span> <span class='ocrx_word' id='word_1_256' title='bbox 472 2143 637 2199; x_wconf 86' lang='lat' dir='ltr'><strong>divini</strong></span> <span class='ocrx_word' id='word_1_257' title='bbox 680 2145 857 2202; x_wconf 91' lang='lat' dir='ltr'><strong>cultus</strong></span> <span class='ocrx_word' id='word_1_258' title='bbox 897 2148 1296 2211; x_wconf 82' lang='lat' dir='ltr'><strong>observatione,</strong></span> <span class='ocrx_word' id='word_1_259' title='bbox 1330 2147 1475 2224; x_wconf 74' lang='lat' dir='ltr'><strong>quod</strong></span> <span class='ocrx_word' id='word_1_260' title='bbox 1509 2147 1578 2202; x_wconf 86' lang='lat' dir='ltr'><strong>ad</strong></span> <span class='ocrx_word' id='word_1_261' title='bbox 1611 2146 1824 2202; x_wconf 89' lang='lat' dir='ltr'><strong>laudem</strong></span> <span class='ocrx_word' id='word_1_262' title='bbox 1855 2146 1950 2201; x_wconf 87' lang='lat' dir='ltr'><strong>Dei</strong></span> 
     </span>
    </p>
   </div>
   <div class='ocr_carea' id='block_1_40' title="bbox 361 2234 1950 2309">
    <p class='ocr_par' dir='ltr' id='par_1_40' title="bbox 361 2234 1950 2309">
     <span class='ocr_line' id='line_1_40' title="bbox 361 2234 1950 2309; baseline 0.003 -22"><span class='ocrx_word' id='word_1_263' title='bbox 361 2234 419 2288; x_wconf 90' lang='lat' dir='ltr'><strong>in</strong></span> <span class='ocrx_word' id='word_1_264' title='bbox 457 2234 702 2291; x_wconf 89' lang='lat' dir='ltr'><strong>ecclesiis</strong></span> <span class='ocrx_word' id='word_1_265' title='bbox 734 2236 788 2293; x_wconf 89' lang='lat' dir='ltr'><strong>in</strong></span> <span class='ocrx_word' id='word_1_266' title='bbox 825 2238 1145 2301; x_wconf 76' lang='lat' dir='ltr'><strong>memoriam</strong></span> <span class='ocrx_word' id='word_1_267' title='bbox 1183 2239 1287 2309; x_wconf 77' lang='lat' dir='ltr'><strong>piae</strong></span> <span class='ocrx_word' id='word_1_268' title='bbox 1326 2238 1656 2308; x_wconf 86' lang='lat' dir='ltr'><strong>operationis</strong></span> <span class='ocrx_word' id='word_1_269' title='bbox 1695 2238 1792 2292; x_wconf 87' lang='lat' dir='ltr'><strong>Dei</strong></span> <span class='ocrx_word' id='word_1_270' title='bbox 1818 2244 1950 2292; x_wconf 94' lang='lat' dir='ltr'><strong>nutu</strong></span> 
     </span>
    </p>
   </div>
   <div class='ocr_carea' id='block_1_41' title="bbox 361 2325 1948 2384">
    <p class='ocr_par' dir='ltr' id='par_1_41' title="bbox 361 2325 1948 2384">
     <span class='ocr_line' id='line_1_41' title="bbox 361 2325 1948 2384; baseline 0.001 -5"><span class='ocrx_word' id='word_1_271' title='bbox 361 2325 661 2382; x_wconf 88' lang='lat' dir='ltr'><strong>constituta</strong></span> <span class='ocrx_word' id='word_1_272' title='bbox 719 2335 845 2382; x_wconf 86' lang='lat' dir='ltr'><strong>sunt</strong></span> <span class='ocrx_word' id='word_1_273' title='bbox 888 2327 1186 2383; x_wconf 86' lang='lat' dir='ltr'><strong>secundum</strong></span> <span class='ocrx_word' id='word_1_274' title='bbox 1240 2327 1586 2384; x_wconf 89' lang='lat' dir='ltr'><strong>traditionem</strong></span> <span class='ocrx_word' id='word_1_275' title='bbox 1639 2336 1948 2383; x_wconf 88' lang='lat' dir='ltr'><strong>sanctorum</strong></span> 
     </span>
    </p>
   </div>
   <div class='ocr_carea' id='block_1_42' title="bbox 363 2416 1948 2491">
    <p class='ocr_par' dir='ltr' id='par_1_42' title="bbox 363 2416 1948 2491">
     <span class='ocr_line' id='line_1_42' title="bbox 363 2416 1948 2491; baseline -0.003 -16"><span class='ocrx_word' id='word_1_276' title='bbox 363 2416 619 2483; x_wconf 80' lang='lat' dir='ltr'><strong>Patrum;</strong></span> <span class='ocrx_word' id='word_1_277' title='bbox 660 2419 755 2474; x_wconf 90' lang='lat' dir='ltr'><strong>sed</strong></span> <span class='ocrx_word' id='word_1_278' title='bbox 780 2429 836 2474; x_wconf 85' lang='lat' dir='ltr'><strong>et</strong></span> <span class='ocrx_word' id='word_1_279' title='bbox 870 2420 935 2476; x_wconf 89' lang='lat' dir='ltr'><strong>de</strong></span> <span class='ocrx_word' id='word_1_280' title='bbox 971 2427 1120 2475; x_wconf 90' lang='lat' dir='ltr'><strong>statu</strong></span> <span class='ocrx_word' id='word_1_281' title='bbox 1153 2434 1431 2476; x_wconf 87' lang='lat' dir='ltr'><strong>sacrarum</strong></span> <span class='ocrx_word' id='word_1_282' title='bbox 1465 2418 1761 2491; x_wconf 75' lang='lat' dir='ltr'><strong>imaginum</strong></span> <span class='ocrx_word' id='word_1_283' title='bbox 1787 2418 1948 2472; x_wconf 89' lang='lat' dir='ltr'><strong>etiam</strong></span> 
     </span>
    </p>
   </div>
   <div class='ocr_carea' id='block_1_43' title="bbox 363 2505 1950 2580">
    <p class='ocr_par' dir='ltr' id='par_1_43' title="bbox 363 2505 1950 2580">
     <span class='ocr_line' id='line_1_43' title="bbox 363 2505 1950 2580; baseline 0.001 -20"><span class='ocrx_word' id='word_1_284' title='bbox 363 2523 397 2560; x_wconf 72' lang='grc' dir='ltr'><strong>τι</strong></span> <span class='ocrx_word' id='word_1_285' title='bbox 433 2505 629 2562; x_wconf 67' lang='grc' dir='ltr'><strong>ἀίγίιιτι)</strong></span> <span class='ocrx_word' id='word_1_286' title='bbox 672 2507 967 2578; x_wconf 72' lang='lat' dir='ltr'><strong>Scriptum</strong></span> <span class='ocrx_word' id='word_1_287' title='bbox 1005 2510 1234 2567; x_wconf 84' lang='lat' dir='ltr'><strong>historia</strong></span> <span class='ocrx_word' id='word_1_288' title='bbox 1269 2511 1402 2565; x_wconf 87' lang='lat' dir='ltr'><strong>satis</strong></span> <span class='ocrx_word' id='word_1_289' title='bbox 1439 2509 1776 2580; x_wconf 78' lang='lat' dir='ltr'><strong>promulgata</strong></span> <span class='ocrx_word' id='word_1_290' title='bbox 1801 2516 1950 2575; x_wconf 89' lang='lat' dir='ltr'><strong>sunt,</strong></span> 
     </span>
    </p>
   </div>
   <div class='ocr_carea' id='block_1_44' title="bbox 363 2597 1952 2672">
    <p class='ocr_par' dir='ltr' id='par_1_44' title="bbox 363 2597 1952 2672">
     <span class='ocr_line' id='line_1_44' title="bbox 363 2597 1952 2672; baseline 0.003 -22"><span class='ocrx_word' id='word_1_291' title='bbox 363 2597 818 2666; x_wconf 80' lang='lat' dir='ltr'><strong>quemadmodum</strong></span> <span class='ocrx_word' id='word_1_292' title='bbox 851 2600 907 2655; x_wconf 92' lang='lat' dir='ltr'><strong>in</strong></span> <span class='ocrx_word' id='word_1_293' title='bbox 943 2599 1102 2670; x_wconf 83' lang='lat' dir='ltr'><strong>hujus</strong></span> <span class='ocrx_word' id='word_1_294' title='bbox 1143 2601 1456 2672; x_wconf 63' lang='lat' dir='ltr'><strong>apostolicae</strong></span> <span class='ocrx_word' id='word_1_295' title='bbox 1482 2601 1842 2672; x_wconf 83' lang='lat' dir='ltr'><strong>suggestionis</strong></span> <span class='ocrx_word' id='word_1_296' title='bbox 1864 2613 1952 2655; x_wconf 88' lang='lat' dir='ltr'><strong>se-</strong></span> 
     </span>
    </p>
   </div>
   <div class='ocr_carea' id='block_1_45' title="bbox 366 2688 1954 2762">
    <p class='ocr_par' dir='ltr' id='par_1_45' title="bbox 366 2688 1954 2762">
     <span class='ocr_line' id='line_1_45' title="bbox 366 2688 1954 2762; baseline 0.001 -20"><span class='ocrx_word' id='word_1_297' title='bbox 366 2688 447 2743; x_wconf 88' lang='lat' dir='ltr'><strong>rie</strong></span> <span class='ocrx_word' id='word_1_298' title='bbox 493 2704 524 2742; x_wconf 91' lang='lat' dir='ltr'><strong>a</strong></span> <span class='ocrx_word' id='word_1_299' title='bbox 572 2689 683 2744; x_wconf 86' lang='lat' dir='ltr'><strong>Deo</strong></span> <span class='ocrx_word' id='word_1_300' title='bbox 727 2692 1093 2747; x_wconf 76' lang='lat' dir='ltr'><strong>corroborata:</strong></span> <span class='ocrx_word' id='word_1_301' title='bbox 1137 2693 1415 2748; x_wconf 86' lang='lat' dir='ltr'><strong>serenitati</strong></span> <span class='ocrx_word' id='word_1_302' title='bbox 1460 2701 1655 2747; x_wconf 68' lang='lat' dir='ltr'><strong>vestra:</strong></span> <span class='ocrx_word' id='word_1_303' title='bbox 1698 2690 1954 2762; x_wconf 68' lang='lat' dir='ltr'><strong>potentiae</strong></span> 
     </span>
    </p>
   </div>
   <div class='ocr_carea' id='block_1_46' title="bbox 367 2781 1953 2839">
    <p class='ocr_par' dir='ltr' id='par_1_46' title="bbox 367 2781 1953 2839">
     <span class='ocr_line' id='line_1_46' title="bbox 367 2781 1953 2839; baseline 0.002 -6"><span class='ocrx_word' id='word_1_304' title='bbox 367 2796 491 2834; x_wconf 86' lang='lat' dir='ltr'><strong>cum</strong></span> <span class='ocrx_word' id='word_1_305' title='bbox 533 2782 680 2836; x_wconf 89' lang='lat' dir='ltr'><strong>omni</strong></span> <span class='ocrx_word' id='word_1_306' title='bbox 721 2783 1030 2839; x_wconf 87' lang='lat' dir='ltr'><strong>humilitate</strong></span> <span class='ocrx_word' id='word_1_307' title='bbox 1070 2792 1125 2839; x_wconf 93' lang='lat' dir='ltr'><strong>et</strong></span> <span class='ocrx_word' id='word_1_308' title='bbox 1162 2784 1479 2839; x_wconf 87' lang='lat' dir='ltr'><strong>sinceritate</strong></span> <span class='ocrx_word' id='word_1_309' title='bbox 1518 2783 1699 2839; x_wconf 89' lang='lat' dir='ltr'><strong>cordis</strong></span> <span class='ocrx_word' id='word_1_310' title='bbox 1741 2781 1953 2838; x_wconf 90' lang='lat' dir='ltr'><strong>studui-</strong></span> 
     </span>
    </p>
   </div>
   <div class='ocr_carea' id='block_1_47' title="bbox 367 2875 1955 2947">
    <p class='ocr_par' dir='ltr' id='par_1_47' title="bbox 367 2875 1955 2947">
     <span class='ocr_line' id='line_1_47' title="bbox 367 2875 1955 2947; baseline -0.001 -18"><span class='ocrx_word' id='word_1_311' title='bbox 367 2890 489 2930; x_wconf 85' lang='lat' dir='ltr'><strong>mus</strong></span> <span class='ocrx_word' id='word_1_312' title='bbox 526 2875 794 2931; x_wconf 86' lang='lat' dir='ltr'><strong>intimare.</strong></span> <span class='ocrx_word' id='word_1_313' title='bbox 845 2875 998 2932; x_wconf 88' lang='lat' dir='ltr'><strong>Unde</strong></span> <span class='ocrx_word' id='word_1_314' title='bbox 1034 2885 1089 2930; x_wconf 90' lang='lat' dir='ltr'><strong>ct</strong></span> <span class='ocrx_word' id='word_1_315' title='bbox 1126 2877 1270 2947; x_wconf 85' lang='lat' dir='ltr'><strong>quod</strong></span> <span class='ocrx_word' id='word_1_316' title='bbox 1308 2876 1362 2930; x_wconf 92' lang='lat' dir='ltr'><strong>in</strong></span> <span class='ocrx_word' id='word_1_317' title='bbox 1400 2875 1631 2932; x_wconf 78' lang='lat' dir='ltr'><strong>diversis</strong></span> <span class='ocrx_word' id='word_1_318' title='bbox 1667 2883 1723 2930; x_wconf 91' lang='lat' dir='ltr'><strong>et</strong></span> <span class='ocrx_word' id='word_1_319' title='bbox 1760 2875 1955 2946; x_wconf 86' lang='lat' dir='ltr'><strong>proba-</strong></span> 
     </span>
    </p>
   </div>
   <div class='ocr_carea' id='block_1_48' title="bbox 2051 1878 3638 1953">
    <p class='ocr_par' dir='ltr' id='par_1_48' title="bbox 2051 1878 3638 1953">
     <span class='ocr_line' id='line_1_48' title="bbox 2051 1878 3638 1953; baseline -0.002 -18"><span class='ocrx_word' id='word_1_320' title='bbox 2051 1882 2102 1935; x_wconf 86' lang='grc' dir='ltr'><strong>έν</strong></span> <span class='ocrx_word' id='word_1_321' title='bbox 2145 1888 2258 1941; x_wconf 76' lang='grc' dir='ltr'><strong>ταῖς</strong></span> <span class='ocrx_word' id='word_1_322' title='bbox 2302 1879 2498 1949; x_wconf 79' lang='grc' dir='ltr'><strong>βίϐλοις</strong></span> <span class='ocrx_word' id='word_1_323' title='bbox 2554 1879 2723 1933; x_wconf 83' lang='grc' dir='ltr'><strong>αὑτῶν</strong></span> <span class='ocrx_word' id='word_1_324' title='bbox 2775 1878 3110 1951; x_wconf 80' lang='grc' dir='ltr'><strong>εὑρίσκομεν,</strong></span> <span class='ocrx_word' id='word_1_325' title='bbox 3156 1880 3259 1932; x_wconf 65' lang='grc' dir='ltr'><strong>καί</strong></span> <span class='ocrx_word' id='word_1_326' title='bbox 3294 1885 3358 1953; x_wconf 72' lang='grc' dir='ltr'><strong>τῇ</strong></span> <span class='ocrx_word' id='word_1_327' title='bbox 3412 1879 3638 1953; x_wconf 76' lang='grc' dir='ltr'><strong>ὑμετέρᾳ</strong></span> 
     </span>
    </p>
   </div>
   <div class='ocr_carea' id='block_1_49' title="bbox 2051 1966 3640 2043">
    <p class='ocr_par' dir='ltr' id='par_1_49' title="bbox 2051 1966 3640 2043">
     <span class='ocr_line' id='line_1_49' title="bbox 2051 1966 3640 2043; baseline 0.001 -19"><span class='ocrx_word' id='word_1_328' title='bbox 2051 1970 2401 2042; x_wconf 76' lang='grc' dir='ltr'><strong>έπιεικεστάτῃ</strong></span> <span class='ocrx_word' id='word_1_329' title='bbox 2440 1970 2676 2043; x_wconf 75' lang='grc' dir='ltr'><strong>βασιλείᾳ</strong></span> <span class='ocrx_word' id='word_1_330' title='bbox 2706 1966 3116 2043; x_wconf 82' lang='grc' dir='ltr'><strong>έπετηδεὺσαμεν</strong></span> <span class='ocrx_word' id='word_1_331' title='bbox 3157 1969 3471 2042; x_wconf 62' lang='grc' dir='ltr'><strong>ἀναγαγείιν-</strong></span> <span class='ocrx_word' id='word_1_332' title='bbox 3514 1967 3640 2025; x_wconf 81' lang='grc' dir='ltr'><strong>δυσ⁶</strong></span> 
     </span>
    </p>
   </div>
   <div class='ocr_carea' id='block_1_50' title="bbox 2054 2055 3641 2134">
    <p class='ocr_par' dir='ltr' id='par_1_50' title="bbox 2054 2055 3641 2134">
     <span class='ocr_line' id='line_1_50' title="bbox 2054 2055 3641 2134; baseline 0 -20"><span class='ocrx_word' id='word_1_333' title='bbox 2054 2067 2177 2115; x_wconf 87' lang='grc' dir='ltr'><strong>ωπῶ</strong></span> <span class='ocrx_word' id='word_1_334' title='bbox 2223 2058 2281 2114; x_wconf 77' lang='grc' dir='ltr'><strong>δέ</strong></span> <span class='ocrx_word' id='word_1_335' title='bbox 2331 2062 2462 2130; x_wconf 86' lang='grc' dir='ltr'><strong>μετά</strong></span> <span class='ocrx_word' id='word_1_336' title='bbox 2521 2057 2740 2131; x_wconf 86' lang='grc' dir='ltr'><strong>μεγάλου</strong></span> <span class='ocrx_word' id='word_1_337' title='bbox 2789 2057 2940 2113; x_wconf 72' lang='grc' dir='ltr'><strong>πόθου</strong></span> <span class='ocrx_word' id='word_1_338' title='bbox 2985 2055 3195 2133; x_wconf 68' lang='grc' dir='ltr'><strong>καρδίας</strong></span> <span class='ocrx_word' id='word_1_339' title='bbox 3236 2064 3327 2119; x_wconf 73' lang='grc' dir='ltr'><strong>τήν</strong></span> <span class='ocrx_word' id='word_1_340' title='bbox 3391 2058 3641 2134; x_wconf 74' lang='grc' dir='ltr'><strong>ὑμετέραν</strong></span> 
     </span>
    </p>
   </div>
   <div class='ocr_carea' id='block_1_51' title="bbox 2052 2134 3642 2227">
    <p class='ocr_par' dir='ltr' id='par_1_51' title="bbox 2052 2134 3642 2227">
     <span class='ocr_line' id='line_1_51' title="bbox 2052 2134 3642 2227; baseline -0.004 -21"><span class='ocrx_word' id='word_1_341' title='bbox 2052 2151 2337 2227; x_wconf 76' lang='grc' dir='ltr'><strong>πρᾳότητα,</strong></span> <span class='ocrx_word' id='word_1_342' title='bbox 2386 2153 2476 2205; x_wconf 86' lang='grc' dir='ltr'><strong>καί</strong></span> <span class='ocrx_word' id='word_1_343' title='bbox 2524 2152 2594 2209; x_wconf 80' lang='grc' dir='ltr'><strong>ὡς</strong></span> <span class='ocrx_word' id='word_1_344' title='bbox 2634 2151 2815 2224; x_wconf 78' lang='grc' dir='ltr'><strong>παρών</strong></span> <span class='ocrx_word' id='word_1_345' title='bbox 2866 2153 3179 2220; x_wconf 86' lang='grc' dir='ltr'><strong>γονυπετῶν,</strong></span> <span class='ocrx_word' id='word_1_346' title='bbox 3222 2151 3309 2203; x_wconf 81' lang='grc' dir='ltr'><strong>καί</strong></span> <span class='ocrx_word' id='word_1_347' title='bbox 3352 2154 3460 2208; x_wconf 80' lang='grc' dir='ltr'><strong>τοῖς</strong></span> <span class='ocrx_word' id='word_1_348' title='bbox 3514 2134 3642 2217; x_wconf 75' lang='grc' dir='ltr'><strong>ὑμε-</strong></span> 
     </span>
    </p>
   </div>
   <div class='ocr_carea' id='block_1_52' title="bbox 2052 2237 3639 2317">
    <p class='ocr_par' dir='ltr' id='par_1_52' title="bbox 2052 2237 3639 2317">
     <span class='ocr_line' id='line_1_52' title="bbox 2052 2237 3639 2317; baseline -0.005 -20"><span class='ocrx_word' id='word_1_349' title='bbox 2052 2243 2218 2317; x_wconf 80' lang='grc' dir='ltr'><strong>τέροις</strong></span> <span class='ocrx_word' id='word_1_350' title='bbox 2262 2239 2438 2311; x_wconf 77' lang='grc' dir='ltr'><strong>ἴχνεσι</strong></span> <span class='ocrx_word' id='word_1_351' title='bbox 2479 2238 2858 2309; x_wconf 76' lang='grc' dir='ltr'><strong>κυλινδούμενος</strong></span> <span class='ocrx_word' id='word_1_352' title='bbox 2901 2237 3128 2303; x_wconf 77' lang='grc' dir='ltr'><strong>ῒκετεὺω,</strong></span> <span class='ocrx_word' id='word_1_353' title='bbox 3164 2239 3267 2292; x_wconf 71' lang='grc' dir='ltr'><strong>καί⁸</strong></span> <span class='ocrx_word' id='word_1_354' title='bbox 3299 2238 3517 2292; x_wconf 77' lang='grc' dir='ltr'><strong>ένώπιον</strong></span> <span class='ocrx_word' id='word_1_355' title='bbox 3548 2242 3639 2291; x_wconf 84' lang='grc' dir='ltr'><strong>τοῦ</strong></span> 
     </span>
    </p>
   </div>
   <div class='ocr_carea' id='block_1_53' title="bbox 2053 2325 3641 2405">
    <p class='ocr_par' dir='ltr' id='par_1_53' title="bbox 2053 2325 3641 2405">
     <span class='ocr_line' id='line_1_53' title="bbox 2053 2325 3641 2405; baseline -0.003 -19"><span class='ocrx_word' id='word_1_356' title='bbox 2053 2337 2180 2387; x_wconf 84' lang='grc' dir='ltr'><strong>Θεοῦ</strong></span> <span class='ocrx_word' id='word_1_357' title='bbox 2217 2331 2494 2405; x_wconf 81' lang='grc' dir='ltr'><strong>παρακαλῶ</strong></span> <span class='ocrx_word' id='word_1_358' title='bbox 2544 2333 2630 2385; x_wconf 84' lang='grc' dir='ltr'><strong>καί</strong></span> <span class='ocrx_word' id='word_1_359' title='bbox 2678 2329 2886 2403; x_wconf 73' lang='grc' dir='ltr'><strong>ὁρκίζω,</strong></span> <span class='ocrx_word' id='word_1_360' title='bbox 2924 2329 3016 2388; x_wconf 88' lang='grc' dir='ltr'><strong>τάς</strong></span> <span class='ocrx_word' id='word_1_361' title='bbox 3059 2328 3218 2387; x_wconf 84' lang='grc' dir='ltr'><strong>αὑτάς</strong></span> <span class='ocrx_word' id='word_1_362' title='bbox 3264 2327 3404 2402; x_wconf 79' lang='grc' dir='ltr'><strong>ίεράς</strong></span> <span class='ocrx_word' id='word_1_363' title='bbox 3451 2325 3641 2386; x_wconf 77' lang='grc' dir='ltr'><strong>εἰκόνας</strong></span> 
     </span>
    </p>
   </div>
   <div class='ocr_carea' id='block_1_54' title="bbox 2054 2414 3642 2497">
    <p class='ocr_par' dir='ltr' id='par_1_54' title="bbox 2054 2414 3642 2497">
     <span class='ocr_line' id='line_1_54' title="bbox 2054 2414 3642 2497; baseline -0.005 -22"><span class='ocrx_word' id='word_1_364' title='bbox 2054 2423 2105 2475; x_wconf 80' lang='grc' dir='ltr'><strong>έν</strong></span> <span class='ocrx_word' id='word_1_365' title='bbox 2327 2429 2391 2495; x_wconf 75' lang='grc' dir='ltr'><strong>τῇ</strong></span> <span class='ocrx_word' id='word_1_366' title='bbox 2441 2420 2769 2494; x_wconf 72' lang='grc' dir='ltr'><strong>Θεοφυλάκτῳ</strong></span> <span class='ocrx_word' id='word_1_367' title='bbox 2815 2421 2902 2473; x_wconf 84' lang='grc' dir='ltr'><strong>καί</strong></span> <span class='ocrx_word' id='word_1_368' title='bbox 2938 2414 3164 2489; x_wconf 75' lang='grc' dir='ltr'><strong>βασιλίδι</strong></span> <span class='ocrx_word' id='word_1_369' title='bbox 3215 2415 3362 2471; x_wconf 84' lang='grc' dir='ltr'><strong>πόλει</strong></span> <span class='ocrx_word' id='word_1_370' title='bbox 3387 2454 3404 2479; x_wconf 95' lang='grc'><strong>,</strong></span> <span class='ocrx_word' id='word_1_371' title='bbox 3455 2417 3541 2470; x_wconf 82' lang='grc' dir='ltr'><strong>καί</strong></span> <span class='ocrx_word' id='word_1_372' title='bbox 3592 2415 3642 2468; x_wconf 84' lang='grc' dir='ltr'><strong>έν</strong></span> 
     </span>
    </p>
   </div>
   <div class='ocr_carea' id='block_1_55' title="bbox 2053 2505 3648 2586">
    <p class='ocr_par' dir='ltr' id='par_1_55' title="bbox 2053 2505 3648 2586">
     <span class='ocr_line' id='line_1_55' title="bbox 2053 2505 3648 2586; baseline -0.005 -20"><span class='ocrx_word' id='word_1_373' title='bbox 2053 2519 2162 2572; x_wconf 82' lang='grc' dir='ltr'><strong>τοῖς</strong></span> <span class='ocrx_word' id='word_1_374' title='bbox 2207 2513 2510 2586; x_wconf 68' lang='grc' dir='ltr'><strong>ἀμφοτέροις</strong></span> <span class='ocrx_word' id='word_1_375' title='bbox 2542 2512 2725 2585; x_wconf 88' lang='grc' dir='ltr'><strong>μέρεσι</strong></span> <span class='ocrx_word' id='word_1_376' title='bbox 2755 2517 2848 2571; x_wconf 81' lang='grc' dir='ltr'><strong>τῆς</strong></span> <span class='ocrx_word' id='word_1_377' title='bbox 2883 2508 3143 2584; x_wconf 80' lang='grc' dir='ltr'><strong>Γραικίας.</strong></span> <span class='ocrx_word' id='word_1_378' title='bbox 3175 2508 3247 2568; x_wconf 84' lang='grc' dir='ltr'><strong>εἰς</strong></span> <span class='ocrx_word' id='word_1_379' title='bbox 3277 2510 3369 2564; x_wconf 69' lang='grc' dir='ltr'><strong>τήν</strong></span> <span class='ocrx_word' id='word_1_380' title='bbox 3405 2505 3648 2579; x_wconf 75' lang='grc' dir='ltr'><strong>ἀρχαίαν</strong></span> 
     </span>
    </p>
   </div>
   <div class='ocr_carea' id='block_1_56' title="bbox 2054 2599 3645 2678">
    <p class='ocr_par' dir='ltr' id='par_1_56' title="bbox 2054 2599 3645 2678">
     <span class='ocr_line' id='line_1_56' title="bbox 2054 2599 3645 2678; baseline -0.003 -17"><span class='ocrx_word' id='word_1_381' title='bbox 2054 2606 2215 2678; x_wconf 82' lang='grc' dir='ltr'><strong>βάσιν</strong></span> <span class='ocrx_word' id='word_1_382' title='bbox 2246 2612 2513 2664; x_wconf 80' lang='grc' dir='ltr'><strong>συστῆσαι</strong></span> <span class='ocrx_word' id='word_1_383' title='bbox 2541 2606 2626 2660; x_wconf 90' lang='grc' dir='ltr'><strong>καί</strong></span> <span class='ocrx_word' id='word_1_384' title='bbox 2647 2604 2884 2678; x_wconf 79' lang='grc' dir='ltr'><strong>στηρίξαι</strong></span> <span class='ocrx_word' id='word_1_385' title='bbox 2901 2599 3536 2672; x_wconf 73' lang='grc' dir='ltr'><strong>κελεύσατε,φυλάττοντες</strong></span> <span class='ocrx_word' id='word_1_386' title='bbox 3554 2601 3645 2656; x_wconf 67' lang='grc' dir='ltr'><strong>τήν</strong></span> 
     </span>
    </p>
   </div>
   <div class='ocr_carea' id='block_1_57' title="bbox 2054 2688 3651 2774">
    <p class='ocr_par' dir='ltr' id='par_1_57' title="bbox 2054 2688 3651 2774">
     <span class='ocr_line' id='line_1_57' title="bbox 2054 2688 3651 2774; baseline -0.008 -20"><span class='ocrx_word' id='word_1_387' title='bbox 2054 2697 2341 2774; x_wconf 83' lang='grc' dir='ltr'><strong>παράδοσιν</strong></span> <span class='ocrx_word' id='word_1_388' title='bbox 2360 2699 2552 2757; x_wconf 74' lang='grc' dir='ltr'><strong>ταύτης</strong></span> <span class='ocrx_word' id='word_1_389' title='bbox 2566 2704 2659 2757; x_wconf 73' lang='grc' dir='ltr'><strong>τῆς</strong></span> <span class='ocrx_word' id='word_1_390' title='bbox 2678 2690 2929 2770; x_wconf 71' lang='grc' dir='ltr'><strong>ἡμετέρας</strong></span> <span class='ocrx_word' id='word_1_391' title='bbox 2950 2693 3231 2768; x_wconf 74' lang='grc' dir='ltr'><strong>ἱερωτάτης</strong></span> <span class='ocrx_word' id='word_1_392' title='bbox 3250 2692 3334 2749; x_wconf 77' lang='grc' dir='ltr'><strong>καί</strong></span> <span class='ocrx_word' id='word_1_393' title='bbox 3355 2688 3651 2760; x_wconf 70' lang='grc' dir='ltr'><strong>ἁγιωτάτης</strong></span> 
     </span>
    </p>
   </div>
   <div class='ocr_carea' id='block_1_58' title="bbox 2055 2779 3644 2861">
    <p class='ocr_par' dir='ltr' id='par_1_58' title="bbox 2055 2779 3644 2861">
     <span class='ocr_line' id='line_1_58' title="bbox 2055 2779 3644 2861; baseline -0.009 -17"><span class='ocrx_word' id='word_1_394' title='bbox 2055 2788 2366 2852; x_wconf 65' lang='grc' dir='ltr'><strong>Ἐκιὰησίας,</strong></span> <span class='ocrx_word' id='word_1_395' title='bbox 2413 2790 2501 2844; x_wconf 84' lang='grc' dir='ltr'><strong>καί</strong></span> <span class='ocrx_word' id='word_1_396' title='bbox 2547 2787 2954 2861; x_wconf 78' lang='grc' dir='ltr'><strong>ἀπορῥίπτοντες</strong></span> <span class='ocrx_word' id='word_1_397' title='bbox 2993 2787 3078 2838; x_wconf 76' lang='grc' dir='ltr'><strong>καί</strong></span> <span class='ocrx_word' id='word_1_398' title='bbox 3111 2779 3504 2855; x_wconf 80' lang='grc' dir='ltr'><strong>βδελυσσόμενοι</strong></span> <span class='ocrx_word' id='word_1_399' title='bbox 3543 2785 3644 2833; x_wconf 85' lang='grc' dir='ltr'><strong>τῶν</strong></span> 
     </span>
    </p>
   </div>
   <div class='ocr_carea' id='block_1_59' title="bbox 2054 2872 3654 2953">
    <p class='ocr_par' dir='ltr' id='par_1_59' title="bbox 2054 2872 3654 2953">
     <span class='ocr_line' id='line_1_59' title="bbox 2054 2872 3654 2953; baseline -0.004 -17"><span class='ocrx_word' id='word_1_400' title='bbox 2054 2877 2256 2936; x_wconf 72' lang='grc' dir='ltr'><strong>ἀσεϐῶν</strong></span> <span class='ocrx_word' id='word_1_401' title='bbox 2279 2881 2548 2953; x_wconf 76' lang='grc' dir='ltr'><strong>αἱρετικῶν</strong></span> <span class='ocrx_word' id='word_1_402' title='bbox 2562 2883 2651 2937; x_wconf 72' lang='grc' dir='ltr'><strong>τήν</strong></span> <span class='ocrx_word' id='word_1_403' title='bbox 2672 2876 2951 2939; x_wconf 82' lang='grc' dir='ltr'><strong>δεινότητα,</strong></span> <span class='ocrx_word' id='word_1_404' title='bbox 2965 2876 3050 2930; x_wconf 84' lang='grc' dir='ltr'><strong>’ίνα</strong></span> <span class='ocrx_word' id='word_1_405' title='bbox 3071 2878 3266 2934; x_wconf 57' lang='lat' dir='ltr'><strong>eadem</strong></span> <span class='ocrx_word' id='word_1_406' title='bbox 3291 2877 3382 2932; x_wconf 74' lang='grc' dir='ltr'><strong>τήν</strong></span> <span class='ocrx_word' id='word_1_407' title='bbox 3400 2872 3654 2946; x_wconf 76' lang='grc' dir='ltr'><strong>ἡμετέραν,</strong></span> 
     </span>
    </p>
   </div>
   <div class='ocr_carea' id='block_1_60' title="bbox 365 2959 1952 3044">
    <p class='ocr_par' dir='ltr' id='par_1_60' title="bbox 365 2961 1952 3035">
     <span class='ocr_line' id='line_1_60' title="bbox 365 2961 1952 3035; baseline 0.001 -19"><span class='ocrx_word' id='word_1_408' title='bbox 365 2961 566 3017; x_wconf 87' lang='lat' dir='ltr'><strong>bilihus</strong></span> <span class='ocrx_word' id='word_1_409' title='bbox 583 2962 803 3019; x_wconf 88' lang='lat' dir='ltr'><strong>Patrum</strong></span> <span class='ocrx_word' id='word_1_410' title='bbox 828 2965 1152 3020; x_wconf 88' lang='lat' dir='ltr'><strong>testimoniis</strong></span> <span class='ocrx_word' id='word_1_411' title='bbox 1176 2965 1267 3035; x_wconf 89' lang='lat' dir='ltr'><strong>qui</strong></span> <span class='ocrx_word' id='word_1_412' title='bbox 1291 2965 1437 3035; x_wconf 89' lang='lat' dir='ltr'><strong>ipsas</strong></span> <span class='ocrx_word' id='word_1_413' title='bbox 1468 2980 1654 3020; x_wconf 87' lang='lat' dir='ltr'><strong>sacras</strong></span> <span class='ocrx_word' id='word_1_414' title='bbox 1685 2963 1952 3035; x_wconf 82' lang='lat' dir='ltr'><strong>imagines</strong></span> 
     </span>
    </p>
   </div>
   <div class='ocr_carea' id='block_1_61' title="bbox 2057 2959 3645 3044">
    <p class='ocr_par' dir='ltr' id='par_1_61' title="bbox 2057 2959 3645 3044">
     <span class='ocr_line' id='line_1_61' title="bbox 2057 2959 3645 3044; baseline -0.008 -17"><span class='ocrx_word' id='word_1_415' title='bbox 2057 2971 2205 3044; x_wconf 88' lang='grc' dir='ltr'><strong>ἀγίαν</strong></span> <span class='ocrx_word' id='word_1_416' title='bbox 2248 2971 2507 3030; x_wconf 74' lang='grc' dir='ltr'><strong>καθολικὴν</strong></span> <span class='ocrx_word' id='word_1_417' title='bbox 2540 2970 2624 3024; x_wconf 77' lang='grc' dir='ltr'><strong>καί</strong></span> <span class='ocrx_word' id='word_1_418' title='bbox 2658 2966 2997 3025; x_wconf 76' lang='grc' dir='ltr'><strong>ἀποστολικῆν</strong></span> <span class='ocrx_word' id='word_1_419' title='bbox 3047 2968 3324 3036; x_wconf 74' lang='grc' dir='ltr'><strong>Ῥωμαϊκήν</strong></span> <span class='ocrx_word' id='word_1_420' title='bbox 3350 2959 3645 3020; x_wconf 77' lang='grc' dir='ltr'><strong>Ἐκκλησίαν</strong></span> 
     </span>
    </p>
   </div>
   <div class='ocr_carea' id='block_1_62' title="bbox 365 3047 1952 3131">
    <p class='ocr_par' dir='ltr' id='par_1_62' title="bbox 365 3053 1948 3125">
     <span class='ocr_line' id='line_1_62' title="bbox 365 3053 1948 3125; baseline 0.002 -21"><span class='ocrx_word' id='word_1_421' title='bbox 365 3057 693 3117; x_wconf 85' lang='lat' dir='ltr'><strong>statuerunt,</strong></span> <span class='ocrx_word' id='word_1_422' title='bbox 736 3053 1012 3109; x_wconf 88' lang='lat' dir='ltr'><strong>subtiliter</strong></span> <span class='ocrx_word' id='word_1_423' title='bbox 1049 3054 1220 3110; x_wconf 89' lang='lat' dir='ltr'><strong>videri</strong></span> <span class='ocrx_word' id='word_1_424' title='bbox 1263 3063 1459 3125; x_wconf 90' lang='lat' dir='ltr'><strong>potest,</strong></span> <span class='ocrx_word' id='word_1_425' title='bbox 1494 3055 1636 3110; x_wconf 91' lang='lat' dir='ltr'><strong>sicut</strong></span> <span class='ocrx_word' id='word_1_426' title='bbox 1672 3054 1724 3108; x_wconf 90' lang='lat' dir='ltr'><strong>in</strong></span> <span class='ocrx_word' id='word_1_427' title='bbox 1760 3068 1948 3108; x_wconf 88' lang='lat' dir='ltr'><strong>eorum</strong></span> 
     </span>
    </p>
   </div>
   <div class='ocr_carea' id='block_1_63' title="bbox 2057 3047 3644 3131">
    <p class='ocr_par' dir='ltr' id='par_1_63' title="bbox 2057 3047 3644 3131">
     <span class='ocr_line' id='line_1_63' title="bbox 2057 3047 3644 3131; baseline -0.008 -16"><span class='ocrx_word' id='word_1_428' title='bbox 2057 3065 2147 3119; x_wconf 76' lang='grc' dir='ltr'><strong>τήν</strong></span> <span class='ocrx_word' id='word_1_429' title='bbox 2168 3058 2524 3118; x_wconf 84' lang='grc' dir='ltr'><strong>ἀκατάληπτον</strong></span> <span class='ocrx_word' id='word_1_430' title='bbox 2547 3057 2632 3131; x_wconf 71' lang='grc' dir='ltr'><strong>[[ι.</strong></span> <span class='ocrx_word' id='word_1_431' title='bbox 2662 3051 3021 3125; x_wconf 73' lang='grc' dir='ltr'><strong>ἀνεπίληπτον]</strong></span> <span class='ocrx_word' id='word_1_432' title='bbox 3037 3050 3420 3126; x_wconf 76' lang='grc' dir='ltr'><strong>ίναγκαλίσησθε</strong></span> <span class='ocrx_word' id='word_1_433' title='bbox 3443 3047 3538 3121; x_wconf 76' lang='grc' dir='ltr'><strong>[ι.</strong></span> <span class='ocrx_word' id='word_1_434' title='bbox 3560 3048 3644 3103; x_wconf 81' lang='grc' dir='ltr'><strong>ἵνα</strong></span> 
     </span>
    </p>
   </div>
   <div class='ocr_carea' id='block_1_64' title="bbox 367 3123 1952 3224">
    <p class='ocr_par' dir='ltr' id='par_1_64' title="bbox 367 3123 1951 3214">
     <span class='ocr_line' id='line_1_64' title="bbox 367 3123 1951 3214; baseline 0.003 -23"><span class='ocrx_word' id='word_1_435' title='bbox 367 3138 522 3194; x_wconf 89' lang='lat' dir='ltr'><strong>libris</strong></span> <span class='ocrx_word' id='word_1_436' title='bbox 575 3142 875 3211; x_wconf 82' lang='lat' dir='ltr'><strong>reperimus</strong></span> <span class='ocrx_word' id='word_1_437' title='bbox 897 3182 914 3208; x_wconf 95' lang='lat'><strong>,</strong></span> <span class='ocrx_word' id='word_1_438' title='bbox 959 3153 1154 3199; x_wconf 66' lang='lat' dir='ltr'><strong>vestrae</strong></span> <span class='ocrx_word' id='word_1_439' title='bbox 1208 3123 1643 3200; x_wconf 78' lang='lat' dir='ltr'><strong>clementissima:</strong></span> <span class='ocrx_word' id='word_1_440' title='bbox 1698 3143 1951 3214; x_wconf 72' lang='lat' dir='ltr'><strong>potentiue</strong></span> 
     </span>
    </p>
   </div>
   <div class='ocr_carea' id='block_1_65' title="bbox 2057 3123 3661 3224">
    <p class='ocr_par' dir='ltr' id='par_1_65' title="bbox 2057 3123 3661 3224">
     <span class='ocr_line' id='line_1_65' title="bbox 2057 3123 3661 3224; baseline -0.006 -19"><span class='ocrx_word' id='word_1_441' title='bbox 2057 3150 2194 3220; x_wconf 84' lang='grc' dir='ltr'><strong>ὑμᾶς</strong></span> <span class='ocrx_word' id='word_1_442' title='bbox 2214 3152 2370 3207; x_wconf 79' lang='grc' dir='ltr'><strong>αὑτοὺ</strong></span> <span class='ocrx_word' id='word_1_443' title='bbox 2398 3151 2430 3208; x_wconf 77' lang='grc' dir='ltr'><em>ἦ</em></span> <span class='ocrx_word' id='word_1_444' title='bbox 2458 3123 2680 3224; x_wconf 53' lang='grc' dir='ltr'><strong>ἡμετέρα</strong></span> <span class='ocrx_word' id='word_1_445' title='bbox 2864 3123 3034 3200; x_wconf 79' lang='grc' dir='ltr'><strong>καθολ.</strong></span> <span class='ocrx_word' id='word_1_446' title='bbox 3064 3123 3152 3198; x_wconf 73' lang='grc' dir='ltr'><strong>καί</strong></span> <span class='ocrx_word' id='word_1_447' title='bbox 3174 3144 3365 3197; x_wconf 80' lang='grc' dir='ltr'><strong>ἀποστ-</strong></span> <span class='ocrx_word' id='word_1_448' title='bbox 3395 3137 3661 3209; x_wconf 69' lang='grc' dir='ltr'><strong>Ῥωμαῑκῆ,</strong></span> 
     </span>
    </p>
   </div>
   <div class='ocr_carea' id='block_1_66' title="bbox 365 3228 1952 3311">
    <p class='ocr_par' dir='ltr' id='par_1_66' title="bbox 365 3228 1950 3303">
     <span class='ocr_line' id='line_1_66' title="bbox 365 3228 1950 3303; baseline 0.001 -18"><span class='ocrx_word' id='word_1_449' title='bbox 365 3228 483 3285; x_wconf 75' lang='lat' dir='ltr'><strong>fore</strong></span> <span class='ocrx_word' id='word_1_450' title='bbox 503 3228 807 3287; x_wconf 90' lang='lat' dir='ltr'><strong>studuimus</strong></span> <span class='ocrx_word' id='word_1_451' title='bbox 831 3232 1207 3299; x_wconf 89' lang='lat' dir='ltr'><strong>intimandum,</strong></span> <span class='ocrx_word' id='word_1_452' title='bbox 1232 3233 1585 3303; x_wconf 85' lang='lat' dir='ltr'><strong>deprecantes</strong></span> <span class='ocrx_word' id='word_1_453' title='bbox 1607 3249 1730 3288; x_wconf 91' lang='lat' dir='ltr'><strong>cum</strong></span> <span class='ocrx_word' id='word_1_454' title='bbox 1759 3248 1950 3303; x_wconf 82' lang='lat' dir='ltr'><strong>magna</strong></span> 
     </span>
    </p>
   </div>
   <div class='ocr_carea' id='block_1_67' title="bbox 2057 3228 3231 3311">
    <p class='ocr_par' dir='ltr' id='par_1_67' title="bbox 2057 3229 3231 3311">
     <span class='ocr_line' id='line_1_67' title="bbox 2057 3229 3231 3311; baseline -0.009 -13"><span class='ocrx_word' id='word_1_455' title='bbox 2057 3241 2322 3303; x_wconf 73' lang='grc' dir='ltr'><strong>Ἐκκλησία</strong></span> <span class='ocrx_word' id='word_1_456' title='bbox 2353 3244 2385 3301; x_wconf 72' lang='grc' dir='ltr'><em>ἦ</em></span> <span class='ocrx_word' id='word_1_457' title='bbox 2421 3241 2764 3298; x_wconf 82' lang='grc' dir='ltr'><strong>ἀνεπίληπτος</strong></span> <span class='ocrx_word' id='word_1_458' title='bbox 2791 3229 3231 3311; x_wconf 71' lang='grc' dir='ltr'><strong>έναγκαλήσηταιῙ,</strong></span> 
     </span>
    </p>
   </div>
   <div class='ocr_carea' id='block_1_68' title="bbox 366 3320 1957 3381">
    <p class='ocr_par' dir='ltr' id='par_1_68' title="bbox 366 3320 1957 3381">
     <span class='ocr_line' id='line_1_68' title="bbox 366 3320 1957 3381; baseline 0.002 -6"><span class='ocrx_word' id='word_1_459' title='bbox 366 3320 549 3376; x_wconf 90' lang='lat' dir='ltr'><strong>cordis</strong></span> <span class='ocrx_word' id='word_1_460' title='bbox 585 3320 872 3379; x_wconf 86' lang='lat' dir='ltr'><strong>dilectione</strong></span> <span class='ocrx_word' id='word_1_461' title='bbox 909 3325 1401 3381; x_wconf 86' lang='lat' dir='ltr'><strong>mansuetissimam</strong></span> <span class='ocrx_word' id='word_1_462' title='bbox 1438 3332 1679 3380; x_wconf 88' lang='lat' dir='ltr'><strong>vestram</strong></span> <span class='ocrx_word' id='word_1_463' title='bbox 1716 3323 1957 3379; x_wconf 75' lang='lat' dir='ltr'><strong>clemen—</strong></span> 
     </span>
    </p>
   </div>
   <div class='ocr_carea' id='block_1_69' title="bbox 368 3409 1954 3485">
    <p class='ocr_par' dir='ltr' id='par_1_69' title="bbox 368 3409 1954 3485">
     <span class='ocr_line' id='line_1_69' title="bbox 368 3409 1954 3485; baseline 0.004 -23"><span class='ocrx_word' id='word_1_464' title='bbox 368 3409 536 3476; x_wconf 91' lang='lat' dir='ltr'><strong>tiam,</strong></span> <span class='ocrx_word' id='word_1_465' title='bbox 560 3419 617 3465; x_wconf 92' lang='lat' dir='ltr'><strong>et</strong></span> <span class='ocrx_word' id='word_1_466' title='bbox 659 3419 917 3481; x_wconf 83' lang='lat' dir='ltr'><strong>tanquam</strong></span> <span class='ocrx_word' id='word_1_467' title='bbox 960 3414 1376 3484; x_wconf 62' lang='lat' dir='ltr'><strong>praesentialiter</strong></span> <span class='ocrx_word' id='word_1_468' title='bbox 1419 3415 1587 3470; x_wconf 85' lang='lat' dir='ltr'><strong>humo</strong></span> <span class='ocrx_word' id='word_1_469' title='bbox 1626 3422 1954 3485; x_wconf 87' lang='lat' dir='ltr'><strong>prostratus,</strong></span> 
     </span>
    </p>
   </div>
   <div class='ocr_carea' id='block_1_70' title="bbox 364 3479 1952 3575">
    <p class='ocr_par' dir='ltr' id='par_1_70' title="bbox 364 3479 1951 3575">
     <span class='ocr_line' id='line_1_70' title="bbox 364 3479 1951 3575; baseline 0.002 -21"><span class='ocrx_word' id='word_1_470' title='bbox 364 3509 423 3555; x_wconf 89' lang='lat' dir='ltr'><strong>ct</strong></span> <span class='ocrx_word' id='word_1_471' title='bbox 463 3501 659 3558; x_wconf 76' lang='lat' dir='ltr'><strong>vestris</strong></span> <span class='ocrx_word' id='word_1_472' title='bbox 855 3479 1076 3560; x_wconf 75' lang='lat' dir='ltr'><strong>directis</strong></span> <span class='ocrx_word' id='word_1_473' title='bbox 1110 3504 1351 3575; x_wconf 78' lang='lat' dir='ltr'><strong>vestigiis</strong></span> <span class='ocrx_word' id='word_1_474' title='bbox 1393 3479 1727 3574; x_wconf 70' lang='lat' dir='ltr'><strong>provolutus,</strong></span> <span class='ocrx_word' id='word_1_475' title='bbox 1768 3517 1951 3572; x_wconf 63' lang='lat' dir='ltr'><strong>quaeso</strong></span> 
     </span>
    </p>
   </div>
   <div class='ocr_carea' id='block_1_71' title="bbox 2057 3479 3644 3575">
    <p class='ocr_par' dir='ltr' id='par_1_71' title="bbox 2088 3479 3644 3559">
     <span class='ocr_line' id='line_1_71' title="bbox 2088 3479 3644 3559; baseline -0.013 -6"><span class='ocrx_word' id='word_1_476' title='bbox 2088 3509 2274 3554; x_wconf 88' lang='lat' dir='ltr'><strong>coram</strong></span> <span class='ocrx_word' id='word_1_477' title='bbox 2315 3492 2428 3546; x_wconf 89' lang='lat' dir='ltr'><strong>Deo</strong></span> <span class='ocrx_word' id='word_1_478' title='bbox 2472 3488 2705 3559; x_wconf 87' lang='lat' dir='ltr'><strong>deposco</strong></span> <span class='ocrx_word' id='word_1_479' title='bbox 2742 3493 2799 3541; x_wconf 92' lang='lat' dir='ltr'><strong>et</strong></span> <span class='ocrx_word' id='word_1_480' title='bbox 2842 3482 3063 3553; x_wconf 72' lang='lat' dir='ltr'><strong>adiuro,</strong></span> <span class='ocrx_word' id='word_1_481' title='bbox 3090 3488 3154 3537; x_wconf 83' lang='lat' dir='ltr'><strong>ut</strong></span> <span class='ocrx_word' id='word_1_482' title='bbox 3195 3479 3415 3537; x_wconf 85' lang='lat' dir='ltr'><strong>easdem</strong></span> <span class='ocrx_word' id='word_1_483' title='bbox 3457 3492 3644 3534; x_wconf 82' lang='lat' dir='ltr'><strong>sacra-</strong></span> 
     </span>
    </p>
   </div>
   <div class='ocr_carea' id='block_1_72' title="bbox 367 3574 3653 3669">
    <p class='ocr_par' dir='ltr' id='par_1_72' title="bbox 367 3574 3653 3669">
     <span class='ocr_line' id='line_1_72' title="bbox 367 3574 3653 3669; baseline -0.005 -26"><span class='ocrx_word' id='word_1_484' title='bbox 367 3590 609 3647; x_wconf 87' lang='lat' dir='ltr'><strong>tissimas</strong></span> <span class='ocrx_word' id='word_1_485' title='bbox 642 3594 901 3664; x_wconf 84' lang='lat' dir='ltr'><strong>imagines</strong></span> <span class='ocrx_word' id='word_1_486' title='bbox 935 3596 989 3651; x_wconf 91' lang='lat' dir='ltr'><strong>in</strong></span> <span class='ocrx_word' id='word_1_487' title='bbox 1041 3597 1155 3667; x_wconf 89' lang='lat' dir='ltr'><strong>ipsa</strong></span> <span class='ocrx_word' id='word_1_488' title='bbox 1191 3613 1223 3652; x_wconf 83' lang='lat' dir='ltr'><strong>a</strong></span> <span class='ocrx_word' id='word_1_489' title='bbox 1248 3574 1358 3653; x_wconf 87' lang='lat' dir='ltr'><strong>Deo</strong></span> <span class='ocrx_word' id='word_1_490' title='bbox 1394 3606 1711 3653; x_wconf 88' lang='lat' dir='ltr'><strong>conservata</strong></span> <span class='ocrx_word' id='word_1_491' title='bbox 1751 3596 1897 3668; x_wconf 84' lang='lat' dir='ltr'><strong>regia</strong></span> <span class='ocrx_word' id='word_1_492' title='bbox 1950 3595 2083 3650; x_wconf 90' lang='lat' dir='ltr'><strong>urbe</strong></span> <span class='ocrx_word' id='word_1_493' title='bbox 2121 3598 2179 3647; x_wconf 91' lang='lat' dir='ltr'><strong>et</strong></span> <span class='ocrx_word' id='word_1_494' title='bbox 2213 3586 2427 3645; x_wconf 73' lang='lat' dir='ltr'><strong>caeteris</strong></span> <span class='ocrx_word' id='word_1_495' title='bbox 2464 3582 2687 3641; x_wconf 69' lang='lat' dir='ltr'><strong>Graecize</strong></span> <span class='ocrx_word' id='word_1_496' title='bbox 2725 3579 2973 3669; x_wconf 85' lang='lat' dir='ltr'><strong>partibus</strong></span> <span class='ocrx_word' id='word_1_497' title='bbox 3013 3574 3405 3669; x_wconf 36' lang='lat' dir='ltr'><strong>inApristinum</strong></span> <span class='ocrx_word' id='word_1_498' title='bbox 3436 3581 3653 3669; x_wconf 81' lang='lat' dir='ltr'><strong>statum-</strong></span> 
     </span>
    </p>
   </div>
   <div class='ocr_carea' id='block_1_73' title="bbox 369 3664 3634 3757">
    <p class='ocr_par' dir='ltr' id='par_1_73' title="bbox 369 3664 3634 3757">
     <span class='ocr_line' id='line_1_73' title="bbox 369 3664 3634 3757; baseline -0.005 -23"><span class='ocrx_word' id='word_1_499' title='bbox 369 3682 658 3739; x_wconf 84' lang='lat' dir='ltr'><strong>restituere</strong></span> <span class='ocrx_word' id='word_1_500' title='bbox 697 3692 754 3740; x_wconf 89' lang='lat' dir='ltr'><strong>et</strong></span> <span class='ocrx_word' id='word_1_501' title='bbox 785 3664 1110 3743; x_wconf 74' lang='lat' dir='ltr'><strong>conﬁrmare</strong></span> <span class='ocrx_word' id='word_1_502' title='bbox 1142 3687 1407 3757; x_wconf 69' lang='lat' dir='ltr'><strong>iubeatis,</strong></span> <span class='ocrx_word' id='word_1_503' title='bbox 1443 3689 1795 3743; x_wconf 86' lang='lat' dir='ltr'><strong>observantes</strong></span> <span class='ocrx_word' id='word_1_504' title='bbox 1816 3664 2178 3740; x_wconf 58' lang='lat' dir='ltr'><strong>traditionem</strong></span> <span class='ocrx_word' id='word_1_505' title='bbox 2215 3675 2375 3745; x_wconf 82' lang='lat' dir='ltr'><strong>hujus</strong></span> <span class='ocrx_word' id='word_1_506' title='bbox 2424 3680 2786 3744; x_wconf 65' lang='lat' dir='ltr'><strong>sacrosanctae</strong></span> <span class='ocrx_word' id='word_1_507' title='bbox 2826 3665 3025 3725; x_wconf 55' lang='lat' dir='ltr'><strong>nostrae</strong></span> <span class='ocrx_word' id='word_1_508' title='bbox 3066 3667 3324 3723; x_wconf 81' lang='lat' dir='ltr'><strong>Romanae</strong></span> <span class='ocrx_word' id='word_1_509' title='bbox 3352 3664 3634 3729; x_wconf 55' lang='lat' dir='ltr'><strong>Ecclesia,</strong></span> 
     </span>
    </p>
   </div>
   <div class='ocr_carea' id='block_1_74' title="bbox 354 3759 3655 3849">
    <p class='ocr_par' dir='ltr' id='par_1_74' title="bbox 354 3759 3655 3849">
     <span class='ocr_line' id='line_1_74' title="bbox 354 3759 3655 3849; baseline -0.004 -23"><span class='ocrx_word' id='word_1_510' title='bbox 354 3770 687 3839; x_wconf 79' lang='lat' dir='ltr'><strong>&#39;abjicientes</strong></span> <span class='ocrx_word' id='word_1_511' title='bbox 727 3791 791 3831; x_wconf 90' lang='lat' dir='ltr'><strong>ac</strong></span> <span class='ocrx_word' id='word_1_512' title='bbox 837 3787 1155 3848; x_wconf 90' lang='lat' dir='ltr'><strong>respuentes</strong></span> <span class='ocrx_word' id='word_1_513' title='bbox 1189 3778 1494 3849; x_wconf 89' lang='lat' dir='ltr'><strong>iniquorum</strong></span> <span class='ocrx_word' id='word_1_514' title='bbox 1534 3785 1696 3847; x_wconf 88' lang='lat' dir='ltr'><strong>atque</strong></span> <span class='ocrx_word' id='word_1_515' title='bbox 1738 3776 2116 3833; x_wconf 66' lang='lat' dir='ltr'><strong>haereticorum</strong></span> <span class='ocrx_word' id='word_1_516' title='bbox 2141 3769 2493 3834; x_wconf 82' lang='lat' dir='ltr'><strong>calliditates,</strong></span> <span class='ocrx_word' id='word_1_517' title='bbox 2537 3772 2599 3821; x_wconf 88' lang='lat' dir='ltr'><strong>ut</strong></span> <span class='ocrx_word' id='word_1_518' title='bbox 2625 3764 2678 3819; x_wconf 93' lang='lat' dir='ltr'><strong>in</strong></span> <span class='ocrx_word' id='word_1_519' title='bbox 2706 3762 2865 3832; x_wconf 87' lang='lat' dir='ltr'><strong>hujus</strong></span> <span class='ocrx_word' id='word_1_520' title='bbox 2903 3769 3104 3817; x_wconf 62' lang='lat' dir='ltr'><strong>nostra:</strong></span> <span class='ocrx_word' id='word_1_521' title='bbox 3129 3766 3330 3817; x_wconf 70' lang='lat' dir='ltr'><strong>sancta:</strong></span> <span class='ocrx_word' id='word_1_522' title='bbox 3362 3759 3655 3816; x_wconf 66' lang='lat' dir='ltr'><strong>catholicae</strong></span> 
     </span>
    </p>
   </div>
   <div class='ocr_carea' id='block_1_75' title="bbox 364 3861 2520 3941">
    <p class='ocr_par' dir='ltr' id='par_1_75' title="bbox 364 3861 2520 3941">
     <span class='ocr_line' id='line_1_75' title="bbox 364 3861 2520 3941; baseline -0.001 -23"><span class='ocrx_word' id='word_1_523' title='bbox 364 3871 423 3918; x_wconf 91' lang='lat' dir='ltr'><strong>et</strong></span> <span class='ocrx_word' id='word_1_524' title='bbox 446 3865 759 3937; x_wconf 73' lang='lat' dir='ltr'><strong>apostolicae</strong></span> <span class='ocrx_word' id='word_1_525' title='bbox 781 3883 847 3924; x_wconf 89' lang='lat' dir='ltr'><strong>ac</strong></span> <span class='ocrx_word' id='word_1_526' title='bbox 869 3868 1358 3941; x_wconf 86' lang='lat' dir='ltr'><strong>irreprehensibilis</strong></span> <span class='ocrx_word' id='word_1_527' title='bbox 1398 3871 1653 3927; x_wconf 59' lang='lat' dir='ltr'><strong>Romanae</strong></span> <span class='ocrx_word' id='word_1_528' title='bbox 1680 3869 1935 3926; x_wconf 75' lang='lat' dir='ltr'><strong>Ecclesize</strong></span> <span class='ocrx_word' id='word_1_529' title='bbox 1962 3867 2106 3922; x_wconf 89' lang='lat' dir='ltr'><strong>ulnis</strong></span> <span class='ocrx_word' id='word_1_530' title='bbox 2128 3861 2520 3934; x_wconf 85' lang='lat' dir='ltr'><strong>suscipiamini.</strong></span> 
     </span>
    </p>
   </div>
   <div class='ocr_carea' id='block_1_76' title="bbox 1744 3980 2285 4041">
    <p class='ocr_par' dir='ltr' id='par_1_76' title="bbox 1744 3980 2285 4041">
     <span class='ocr_line' id='line_1_76' title="bbox 1744 3980 2285 4041; baseline -0.013 0"><span class='ocrx_word' id='word_1_531' title='bbox 1744 3982 2086 4041; x_wconf 81' lang='lat' dir='ltr'><strong>EPISTOLA</strong></span> <span class='ocrx_word' id='word_1_532' title='bbox 2122 3980 2285 4039; x_wconf 80' lang='lat' dir='ltr'><strong>LVII.</strong></span> 
     </span>
    </p>
   </div>
   <div class='ocr_carea' id='block_1_77' title="bbox 1599 4087 2421 4134">
    <p class='ocr_par' dir='ltr' id='par_1_77' title="bbox 1599 4087 2421 4134">
     <span class='ocr_line' id='line_1_77' title="bbox 1599 4087 2421 4134; baseline -0.011 0"><span class='ocrx_word' id='word_1_533' title='bbox 1599 4095 1668 4134; x_wconf 73' lang='lat' dir='ltr'><strong>AD</strong></span> <span class='ocrx_word' id='word_1_534' title='bbox 1708 4093 1978 4134; x_wconf 68' lang='lat' dir='ltr'><strong>TABASIUM</strong></span> <span class='ocrx_word' id='word_1_535' title='bbox 2016 4087 2421 4132; x_wconf 66' lang='lat' dir='ltr'><strong>PATRIARCBAI.</strong></span> 
     </span>
    </p>
   </div>
   <div class='ocr_carea' id='block_1_78' title="bbox 2061 4164 3650 4244">
    <p class='ocr_par' dir='ltr' id='par_1_78' title="bbox 2061 4164 3650 4244">
     <span class='ocr_line' id='line_1_78' title="bbox 2061 4164 3650 4244; baseline -0.004 -18"><span class='ocrx_word' id='word_1_536' title='bbox 2061 4169 2337 4244; x_wconf 72' lang='grc' dir='ltr'><strong>Ἐπιστολή</strong></span> <span class='ocrx_word' id='word_1_537' title='bbox 2374 4164 2639 4244; x_wconf 67' lang='grc' dir='ltr'><strong>’ᾼδριανοῦ</strong></span> <span class='ocrx_word' id='word_1_538' title='bbox 2678 4174 2767 4223; x_wconf 75' lang='grc' dir='ltr'><strong>τοῦ</strong></span> <span class='ocrx_word' id='word_1_539' title='bbox 2795 4165 3085 4244; x_wconf 65' lang='grc' dir='ltr'><strong>ἀγιωτάτρυ</strong></span> <span class='ocrx_word' id='word_1_540' title='bbox 3130 4167 3278 4244; x_wconf 85' lang='grc' dir='ltr'><strong>πάπα</strong></span> <span class='ocrx_word' id='word_1_541' title='bbox 3293 4172 3394 4244; x_wconf 57' lang='grc' dir='ltr'><strong>τῆς</strong></span> <span class='ocrx_word' id='word_1_542' title='bbox 3421 4165 3650 4239; x_wconf 70' lang='grc' dir='ltr'><strong>πρεσϐυ-</strong></span> 
     </span>
    </p>
   </div>
   <div class='ocr_carea' id='block_1_79' title="bbox 2130 4237 3652 4312">
    <p class='ocr_par' dir='ltr' id='par_1_79' title="bbox 2130 4237 3652 4312">
     <span class='ocr_line' id='line_1_79' title="bbox 2130 4237 3652 4312; baseline -0.003 -20"><span class='ocrx_word' id='word_1_543' title='bbox 2130 4240 2281 4312; x_wconf 63' lang='grc' dir='ltr'><strong>τέρας</strong></span> <span class='ocrx_word' id='word_1_544' title='bbox 2335 4237 2544 4312; x_wconf 78' lang='grc' dir='ltr'><strong>Ῥώμης,</strong></span> <span class='ocrx_word' id='word_1_545' title='bbox 2572 4237 2966 4312; x_wconf 12' lang='grc' dir='ltr'><strong>γέρμηνευθεῖσα</strong></span> <span class='ocrx_word' id='word_1_546' title='bbox 3003 4237 3065 4312; x_wconf 22' lang='grc' dir='ltr'><strong>μέκ</strong></span> <span class='ocrx_word' id='word_1_547' title='bbox 3108 4243 3201 4294; x_wconf 78' lang='grc' dir='ltr'><strong>τῆς</strong></span> <span class='ocrx_word' id='word_1_548' title='bbox 3249 4241 3349 4289; x_wconf 87' lang='grc' dir='ltr'><strong>τῶν</strong></span> <span class='ocrx_word' id='word_1_549' title='bbox 3396 4237 3652 4303; x_wconf 63' lang='grc' dir='ltr'><strong>Ῥωμαιων</strong></span> 
     </span>
    </p>
   </div>
   <div class='ocr_carea' id='block_1_80' title="bbox 2133 4303 3062 4376">
    <p class='ocr_par' dir='ltr' id='par_1_80' title="bbox 2133 4303 3062 4376">
     <span class='ocr_line' id='line_1_80' title="bbox 2133 4303 3062 4376; baseline -0.008 -11"><span class='ocrx_word' id='word_1_550' title='bbox 2133 4303 2396 4365; x_wconf 68' lang='grc' dir='ltr'><strong>διαλέκτου</strong></span> <span class='ocrx_word' id='word_1_551' title='bbox 2424 4303 2497 4366; x_wconf 78' lang='grc' dir='ltr'><strong>εἰς</strong></span> <span class='ocrx_word' id='word_1_552' title='bbox 2521 4303 2848 4366; x_wconf 69' lang='grc' dir='ltr'><strong>τῆν’Ἒλλάδα</strong></span> <span class='ocrx_word' id='word_1_553' title='bbox 2877 4309 3062 4376; x_wconf 76' lang='grc' dir='ltr'><strong>φωνήν.</strong></span> 
     </span>
    </p>
   </div>
   <div class='ocr_carea' id='block_1_81' title="bbox 448 4363 1952 4474">
    <p class='ocr_par' dir='ltr' id='par_1_81' title="bbox 448 4394 1952 4467">
     <span class='ocr_line' id='line_1_81' title="bbox 448 4394 1952 4467; baseline -0.003 -13"><span class='ocrx_word' id='word_1_554' title='bbox 448 4399 653 4455; x_wconf 87' lang='lat' dir='ltr'><strong>Dilecto</strong></span> <span class='ocrx_word' id='word_1_555' title='bbox 685 4397 838 4452; x_wconf 85' lang='lat' dir='ltr'><strong>fratri</strong></span> <span class='ocrx_word' id='word_1_556' title='bbox 891 4397 1115 4452; x_wconf 88' lang='lat' dir='ltr'><strong>Tarasio</strong></span> <span class='ocrx_word' id='word_1_557' title='bbox 1162 4396 1483 4467; x_wconf 76' lang='lat' dir='ltr'><strong>patriarclne</strong></span> <span class='ocrx_word' id='word_1_558' title='bbox 1526 4395 1797 4452; x_wconf 81' lang='lat' dir='ltr'><strong>Adrianus</strong></span> <span class='ocrx_word' id='word_1_559' title='bbox 1847 4394 1952 4465; x_wconf 89' lang='lat' dir='ltr'><strong>epi-</strong></span> 
     </span>
    </p>
   </div>
   <div class='ocr_carea' id='block_1_82' title="bbox 2057 4363 3650 4474">
    <p class='ocr_par' dir='ltr' id='par_1_82' title="bbox 2135 4363 3650 4474">
     <span class='ocr_line' id='line_1_82' title="bbox 2135 4363 3650 4474; baseline -0.004 -19"><span class='ocrx_word' id='word_1_560' title='bbox 2135 4363 2219 4474; x_wconf 62' lang='lat' dir='ltr'><strong>&#39;l‘€i</strong></span> <span class='ocrx_word' id='word_1_561' title='bbox 2244 4363 2552 4472; x_wconf 72' lang='grc' dir='ltr'><strong>ἠγαπημένῳ</strong></span> <span class='ocrx_word' id='word_1_562' title='bbox 2572 4363 2783 4469; x_wconf 17' lang='grc' dir='ltr'><strong>*ἀδελφῷ</strong></span> <span class='ocrx_word' id='word_1_563' title='bbox 2817 4363 3063 4469; x_wconf 69' lang='grc' dir='ltr'><strong>Ταρασίῳ</strong></span> <span class='ocrx_word' id='word_1_564' title='bbox 3090 4395 3420 4471; x_wconf 74' lang='grc' dir='ltr'><strong>πατριάρχῃ,</strong></span> <span class='ocrx_word' id='word_1_565' title='bbox 3447 4363 3650 4467; x_wconf 72' lang='grc' dir='ltr'><strong>Ἀδρια-</strong></span> 
     </span>
    </p>
   </div>
   <div class='ocr_carea' id='block_1_83' title="bbox 370 4488 1247 4561">
    <p class='ocr_par' dir='ltr' id='par_1_83' title="bbox 370 4488 1247 4561">
     <span class='ocr_line' id='line_1_83' title="bbox 370 4488 1247 4561; baseline -0.008 -12"><span class='ocrx_word' id='word_1_566' title='bbox 370 4506 571 4561; x_wconf 76' lang='lat' dir='ltr'><strong>8copus</strong></span> <span class='ocrx_word' id='word_1_567' title='bbox 593 4505 785 4544; x_wconf 85' lang='lat' dir='ltr'><strong>servus</strong></span> <span class='ocrx_word' id='word_1_568' title='bbox 818 4504 1097 4544; x_wconf 86' lang='lat' dir='ltr'><strong>servorum</strong></span> <span class='ocrx_word' id='word_1_569' title='bbox 1133 4488 1247 4543; x_wconf 92' lang='lat' dir='ltr'><strong>Dei.</strong></span> 
     </span>
    </p>
   </div>
   <div class='ocr_carea' id='block_1_84' title="bbox 449 4584 1964 4656">
    <p class='ocr_par' dir='ltr' id='par_1_84' title="bbox 449 4584 1964 4656">
     <span class='ocr_line' id='line_1_84' title="bbox 449 4584 1964 4656; baseline 0 -19"><span class='ocrx_word' id='word_1_570' title='bbox 449 4584 816 4640; x_wconf 85' lang='lat' dir='ltr'><strong>l‘astoralihus</strong></span> <span class='ocrx_word' id='word_1_571' title='bbox 838 4584 984 4639; x_wconf 90' lang='lat' dir='ltr'><strong>curis</strong></span> <span class='ocrx_word' id='word_1_572' title='bbox 1004 4584 1198 4653; x_wconf 90' lang='lat' dir='ltr'><strong>quibus</strong></span> <span class='ocrx_word' id='word_1_573' title='bbox 1224 4584 1473 4640; x_wconf 82' lang='lat' dir='ltr'><strong>convenit</strong></span> <span class='ocrx_word' id='word_1_574' title='bbox 1493 4600 1593 4641; x_wconf 89' lang='lat' dir='ltr'><strong>nos</strong></span> <span class='ocrx_word' id='word_1_575' title='bbox 1617 4598 1840 4656; x_wconf 87' lang='lat' dir='ltr'><strong>pascere</strong></span> <span class='ocrx_word' id='word_1_576' title='bbox 1866 4597 1964 4653; x_wconf 79' lang='lat' dir='ltr'><strong>po-</strong></span> 
     </span>
    </p>
   </div>
   <div class='ocr_carea' id='block_1_85' title="bbox 372 4674 1964 4748">
    <p class='ocr_par' dir='ltr' id='par_1_85' title="bbox 372 4674 1964 4748">
     <span class='ocr_line' id='line_1_85' title="bbox 372 4674 1964 4748; baseline -0.002 -20"><span class='ocrx_word' id='word_1_577' title='bbox 372 4675 557 4748; x_wconf 85' lang='lat' dir='ltr'><strong>pulum</strong></span> <span class='ocrx_word' id='word_1_578' title='bbox 594 4674 709 4739; x_wconf 90' lang='lat' dir='ltr'><strong>Dei,</strong></span> <span class='ocrx_word' id='word_1_579' title='bbox 759 4681 814 4729; x_wconf 89' lang='lat' dir='ltr'><strong>et</strong></span> <span class='ocrx_word' id='word_1_580' title='bbox 858 4674 1223 4729; x_wconf 79' lang='lat' dir='ltr'><strong>subtilissimis</strong></span> <span class='ocrx_word' id='word_1_581' title='bbox 1267 4674 1685 4745; x_wconf 83' lang='lat' dir='ltr'><strong>cogitationibus</strong></span> <span class='ocrx_word' id='word_1_582' title='bbox 1733 4687 1964 4743; x_wconf 87' lang='lat' dir='ltr'><strong>perpen-</strong></span> 
     </span>
    </p>
   </div>
   <div class='ocr_carea' id='block_1_86' title="bbox 373 4762 1966 4833">
    <p class='ocr_par' dir='ltr' id='par_1_86' title="bbox 373 4762 1966 4833">
     <span class='ocr_line' id='line_1_86' title="bbox 373 4762 1966 4833; baseline 0 -17"><span class='ocrx_word' id='word_1_583' title='bbox 373 4765 565 4819; x_wconf 76' lang='lat' dir='ltr'><strong>dentes</strong></span> <span class='ocrx_word' id='word_1_584' title='bbox 591 4762 1041 4833; x_wconf 84' lang='lat' dir='ltr'><strong>quemadmodum</strong></span> <span class='ocrx_word' id='word_1_585' title='bbox 1067 4763 1467 4833; x_wconf 66' lang='lat' dir='ltr'><strong>praedicationis</strong></span> <span class='ocrx_word' id='word_1_586' title='bbox 1493 4778 1593 4818; x_wconf 73' lang='lat' dir='ltr'><strong>vox</strong></span> <span class='ocrx_word' id='word_1_587' title='bbox 1620 4778 1750 4818; x_wconf 88' lang='lat' dir='ltr'><strong>sana</strong></span> <span class='ocrx_word' id='word_1_588' title='bbox 1774 4778 1804 4817; x_wconf 89' lang='lat' dir='ltr'><strong>a</strong></span> <span class='ocrx_word' id='word_1_589' title='bbox 1830 4778 1966 4833; x_wconf 75' lang='lat' dir='ltr'><strong>pne-</strong></span> 
     </span>
    </p>
   </div>
   <div class='ocr_carea' id='block_1_87' title="bbox 373 4853 1966 4926">
    <p class='ocr_par' dir='ltr' id='par_1_87' title="bbox 373 4853 1966 4926">
     <span class='ocr_line' id='line_1_87' title="bbox 373 4853 1966 4926; baseline -0.003 -14"><span class='ocrx_word' id='word_1_590' title='bbox 373 4872 512 4912; x_wconf 83' lang='lat' dir='ltr'><strong>cone</strong></span> <span class='ocrx_word' id='word_1_591' title='bbox 542 4856 598 4910; x_wconf 91' lang='lat' dir='ltr'><strong>in</strong></span> <span class='ocrx_word' id='word_1_592' title='bbox 625 4856 770 4911; x_wconf 90' lang='lat' dir='ltr'><strong>omni</strong></span> <span class='ocrx_word' id='word_1_593' title='bbox 801 4862 1038 4923; x_wconf 90' lang='lat' dir='ltr'><strong>tempore</strong></span> <span class='ocrx_word' id='word_1_594' title='bbox 1063 4856 1254 4911; x_wconf 85' lang='lat' dir='ltr'><strong>debeat</strong></span> <span class='ocrx_word' id='word_1_595' title='bbox 1282 4854 1589 4924; x_wconf 67' lang='lat' dir='ltr'><strong>praedicari,</strong></span> <span class='ocrx_word' id='word_1_596' title='bbox 1629 4861 1684 4911; x_wconf 92' lang='lat' dir='ltr'><strong>et</strong></span> <span class='ocrx_word' id='word_1_597' title='bbox 1707 4853 1884 4926; x_wconf 87' lang='lat' dir='ltr'><strong>qualis</strong></span> <span class='ocrx_word' id='word_1_598' title='bbox 1910 4854 1966 4908; x_wconf 89' lang='lat' dir='ltr'><strong>in</strong></span> 
     </span>
    </p>
   </div>
   <div class='ocr_carea' id='block_1_88' title="bbox 373 4945 1966 5023">
    <p class='ocr_par' dir='ltr' id='par_1_88' title="bbox 373 4945 1966 5023">
     <span class='ocr_line' id='line_1_88' title="bbox 373 4945 1966 5023; baseline -0.003 -20"><span class='ocrx_word' id='word_1_599' title='bbox 373 4946 787 5003; x_wconf 84' lang='lat' dir='ltr'><strong>conversatione</strong></span> <span class='ocrx_word' id='word_1_600' title='bbox 843 4946 1036 5002; x_wconf 86' lang='lat' dir='ltr'><strong>debeat</strong></span> <span class='ocrx_word' id='word_1_601' title='bbox 1089 4961 1209 5001; x_wconf 90' lang='lat' dir='ltr'><strong>esse</strong></span> <span class='ocrx_word' id='word_1_602' title='bbox 1265 4953 1326 5000; x_wconf 93' lang='lat' dir='ltr'><strong>ut</strong></span> <span class='ocrx_word' id='word_1_603' title='bbox 1375 4945 1626 5000; x_wconf 88' lang='lat' dir='ltr'><strong>omnibus</strong></span> <span class='ocrx_word' id='word_1_604' title='bbox 1682 4945 1966 5023; x_wconf 80' lang='lat' dir='ltr'><strong>proximus</strong></span> 
     </span>
    </p>
   </div>
   <div class='ocr_carea' id='block_1_89' title="bbox 375 5036 1962 5108">
    <p class='ocr_par' dir='ltr' id='par_1_89' title="bbox 375 5036 1962 5108">
     <span class='ocr_line' id='line_1_89' title="bbox 375 5036 1962 5108; baseline -0.001 -14"><span class='ocrx_word' id='word_1_605' title='bbox 375 5038 748 5107; x_wconf 86' lang='lat' dir='ltr'><strong>compassione</strong></span> <span class='ocrx_word' id='word_1_606' title='bbox 786 5037 878 5091; x_wconf 85' lang='lat' dir='ltr'><strong>ﬁat</strong></span> <span class='ocrx_word' id='word_1_607' title='bbox 900 5045 955 5092; x_wconf 90' lang='lat' dir='ltr'><strong>et</strong></span> <span class='ocrx_word' id='word_1_608' title='bbox 1001 5037 1213 5093; x_wconf 89' lang='lat' dir='ltr'><strong>cunctis</strong></span> <span class='ocrx_word' id='word_1_609' title='bbox 1255 5036 1665 5093; x_wconf 85' lang='lat' dir='ltr'><strong>conversatione</strong></span> <span class='ocrx_word' id='word_1_610' title='bbox 1710 5036 1962 5108; x_wconf 84' lang='lat' dir='ltr'><strong>insignis,</strong></span> 
     </span>
    </p>
   </div>
   <div class='ocr_carea' id='block_1_90' title="bbox 373 5126 1965 5199">
    <p class='ocr_par' dir='ltr' id='par_1_90' title="bbox 373 5126 1965 5199">
     <span class='ocr_line' id='line_1_90' title="bbox 373 5126 1965 5199; baseline -0.002 -15"><span class='ocrx_word' id='word_1_611' title='bbox 373 5136 645 5199; x_wconf 89' lang='lat' dir='ltr'><strong>quatenus</strong></span> <span class='ocrx_word' id='word_1_612' title='bbox 684 5136 740 5183; x_wconf 89' lang='lat' dir='ltr'><strong>et</strong></span> <span class='ocrx_word' id='word_1_613' title='bbox 770 5143 868 5198; x_wconf 90' lang='lat' dir='ltr'><strong>per</strong></span> <span class='ocrx_word' id='word_1_614' title='bbox 903 5127 1048 5198; x_wconf 89' lang='lat' dir='ltr'><strong>piam</strong></span> <span class='ocrx_word' id='word_1_615' title='bbox 1090 5127 1493 5183; x_wconf 89' lang='lat' dir='ltr'><strong>miserationem</strong></span> <span class='ocrx_word' id='word_1_616' title='bbox 1536 5126 1603 5181; x_wconf 88' lang='lat' dir='ltr'><strong>ad</strong></span> <span class='ocrx_word' id='word_1_617' title='bbox 1633 5141 1693 5182; x_wconf 88' lang='lat' dir='ltr'><strong>se</strong></span> <span class='ocrx_word' id='word_1_618' title='bbox 1721 5127 1965 5182; x_wconf 88' lang='lat' dir='ltr'><strong>omnium</strong></span> 
     </span>
    </p>
   </div>
   <div class='ocr_carea' id='block_1_91' title="bbox 376 5217 1964 5289">
    <p class='ocr_par' dir='ltr' id='par_1_91' title="bbox 376 5217 1964 5289">
     <span class='ocr_line' id='line_1_91' title="bbox 376 5217 1964 5289; baseline -0.003 -12"><span class='ocrx_word' id='word_1_619' title='bbox 376 5220 725 5278; x_wconf 79' lang='lat' dir='ltr'><strong>inﬁrmitates</strong></span> <span class='ocrx_word' id='word_1_620' title='bbox 748 5217 1058 5283; x_wconf 72' lang='lat' dir='ltr'><strong>transferat,</strong></span> <span class='ocrx_word' id='word_1_621' title='bbox 1105 5226 1161 5273; x_wconf 89' lang='lat' dir='ltr'><strong>et</strong></span> <span class='ocrx_word' id='word_1_622' title='bbox 1195 5218 1307 5288; x_wconf 86' lang='lat' dir='ltr'><strong>ipse</strong></span> <span class='ocrx_word' id='word_1_623' title='bbox 1332 5231 1432 5289; x_wconf 89' lang='lat' dir='ltr'><strong>per</strong></span> <span class='ocrx_word' id='word_1_624' title='bbox 1473 5232 1743 5273; x_wconf 89' lang='lat' dir='ltr'><strong>summum</strong></span> <span class='ocrx_word' id='word_1_625' title='bbox 1777 5231 1964 5287; x_wconf 88' lang='lat' dir='ltr'><strong>respe-</strong></span> 
     </span>
    </p>
   </div>
   <div class='ocr_carea' id='block_1_92' title="bbox 377 5308 1964 5374">
    <p class='ocr_par' dir='ltr' id='par_1_92' title="bbox 377 5308 1964 5374">
     <span class='ocr_line' id='line_1_92' title="bbox 377 5308 1964 5374; baseline -0.003 -8"><span class='ocrx_word' id='word_1_626' title='bbox 377 5321 527 5366; x_wconf 88' lang='lat' dir='ltr'><strong>ctum</strong></span> <span class='ocrx_word' id='word_1_627' title='bbox 552 5311 634 5366; x_wconf 91' lang='lat' dir='ltr'><strong>sui</strong></span> <span class='ocrx_word' id='word_1_628' title='bbox 674 5311 742 5365; x_wconf 85' lang='lat' dir='ltr'><strong>ad</strong></span> <span class='ocrx_word' id='word_1_629' title='bbox 765 5309 947 5364; x_wconf 85' lang='lat' dir='ltr'><strong>divina</strong></span> <span class='ocrx_word' id='word_1_630' title='bbox 973 5310 1339 5374; x_wconf 88' lang='lat' dir='ltr'><strong>transcendat,</strong></span> <span class='ocrx_word' id='word_1_631' title='bbox 1379 5308 1843 5365; x_wconf 84' lang='lat' dir='ltr'><strong>consideravimus</strong></span> <span class='ocrx_word' id='word_1_632' title='bbox 1867 5321 1964 5362; x_wconf 86' lang='lat' dir='ltr'><strong>ve-</strong></span> 
     </span>
    </p>
   </div>
   <div class='ocr_carea' id='block_1_93' title="bbox 339 5381 1966 5455">
    <p class='ocr_par' dir='ltr' id='par_1_93' title="bbox 339 5381 1966 5455">
     <span class='ocr_line' id='line_1_93' title="bbox 339 5381 1966 5455; baseline -0.004 0"><span class='ocrx_word' id='word_1_633' title='bbox 339 5381 347 5401; x_wconf 72' lang='grc'><em>’</em></span> <span class='ocrx_word' id='word_1_634' title='bbox 377 5409 509 5455; x_wconf 71' lang='lat' dir='ltr'><strong>stne</strong></span> <span class='ocrx_word' id='word_1_635' title='bbox 542 5400 751 5455; x_wconf 65' lang='lat' dir='ltr'><strong>dilectae</strong></span> <span class='ocrx_word' id='word_1_636' title='bbox 775 5398 1050 5455; x_wconf 90' lang='lat' dir='ltr'><strong>sanctitati</strong></span> <span class='ocrx_word' id='word_1_637' title='bbox 1081 5414 1233 5455; x_wconf 89' lang='lat' dir='ltr'><strong>sacra</strong></span> <span class='ocrx_word' id='word_1_638' title='bbox 1263 5397 1415 5453; x_wconf 81' lang='lat' dir='ltr'><strong>affari</strong></span> <span class='ocrx_word' id='word_1_639' title='bbox 1444 5397 1730 5455; x_wconf 68' lang='lat' dir='ltr'><strong>concordia</strong></span> <span class='ocrx_word' id='word_1_640' title='bbox 1761 5404 1816 5453; x_wconf 91' lang='lat' dir='ltr'><strong>et</strong></span> <span class='ocrx_word' id='word_1_641' title='bbox 1840 5397 1966 5451; x_wconf 81' lang='lat' dir='ltr'><strong>sub-</strong></span> 
     </span>
    </p>
   </div>
   <div class='ocr_carea' id='block_1_94' title="bbox 379 5487 1967 5561">
    <p class='ocr_par' dir='ltr' id='par_1_94' title="bbox 379 5487 1967 5561">
     <span class='ocr_line' id='line_1_94' title="bbox 379 5487 1967 5561; baseline -0.004 -14"><span class='ocrx_word' id='word_1_642' title='bbox 379 5492 549 5548; x_wconf 88' lang='lat' dir='ltr'><strong>tiliter</strong></span> <span class='ocrx_word' id='word_1_643' title='bbox 584 5493 806 5547; x_wconf 88' lang='lat' dir='ltr'><strong>verbum</strong></span> <span class='ocrx_word' id='word_1_644' title='bbox 837 5488 1200 5546; x_wconf 81' lang='lat' dir='ltr'><strong>manifestare.</strong></span> <span class='ocrx_word' id='word_1_645' title='bbox 1255 5489 1313 5544; x_wconf 90' lang='lat' dir='ltr'><strong>ln</strong></span> <span class='ocrx_word' id='word_1_646' title='bbox 1355 5489 1631 5561; x_wconf 84' lang='lat' dir='ltr'><strong>synodicis</strong></span> <span class='ocrx_word' id='word_1_647' title='bbox 1666 5487 1967 5545; x_wconf 82' lang='lat' dir='ltr'><strong>confessio-</strong></span> 
     </span>
    </p>
   </div>
   <div class='ocr_carea' id='block_1_95' title="bbox 379 5578 1964 5650">
    <p class='ocr_par' dir='ltr' id='par_1_95' title="bbox 379 5578 1964 5650">
     <span class='ocr_line' id='line_1_95' title="bbox 379 5578 1964 5650; baseline -0.004 -12"><span class='ocrx_word' id='word_1_648' title='bbox 379 5583 470 5638; x_wconf 86' lang='lat' dir='ltr'><strong>nis</strong></span> <span class='ocrx_word' id='word_1_649' title='bbox 496 5588 690 5635; x_wconf 71' lang='lat' dir='ltr'><strong>vcstrze</strong></span> <span class='ocrx_word' id='word_1_650' title='bbox 719 5580 864 5645; x_wconf 79' lang='lat' dir='ltr'><strong>ﬁdei,</strong></span> <span class='ocrx_word' id='word_1_651' title='bbox 899 5595 1020 5649; x_wconf 66' lang='lat' dir='ltr'><strong>quae</strong></span> <span class='ocrx_word' id='word_1_652' title='bbox 1044 5580 1353 5650; x_wconf 76' lang='lat' dir='ltr'><strong>apostolica:</strong></span> <span class='ocrx_word' id='word_1_653' title='bbox 1385 5579 1501 5635; x_wconf 91' lang='lat' dir='ltr'><strong>sedi</strong></span> <span class='ocrx_word' id='word_1_654' title='bbox 1538 5586 1736 5634; x_wconf 64' lang='lat' dir='ltr'><strong>nostrae</strong></span> <span class='ocrx_word' id='word_1_655' title='bbox 1760 5578 1964 5633; x_wconf 87' lang='lat' dir='ltr'><strong>directa</strong></span> 
     </span>
    </p>
   </div>
   <div class='ocr_carea' id='block_1_96' title="bbox 383 5670 1967 5743">
    <p class='ocr_par' dir='ltr' id='par_1_96' title="bbox 383 5670 1967 5743">
     <span class='ocr_line' id='line_1_96' title="bbox 383 5670 1967 5743; baseline -0.001 -17"><span class='ocrx_word' id='word_1_656' title='bbox 383 5679 513 5730; x_wconf 80' lang='lat' dir='ltr'><strong>sunt</strong></span> <span class='ocrx_word' id='word_1_657' title='bbox 535 5688 630 5741; x_wconf 77' lang='lat' dir='ltr'><strong>per</strong></span> <span class='ocrx_word' id='word_1_658' title='bbox 674 5672 906 5729; x_wconf 79' lang='lat' dir='ltr'><strong>Leonem</strong></span> <span class='ocrx_word' id='word_1_659' title='bbox 936 5672 1441 5727; x_wconf 80' lang='lat' dir='ltr'><strong>revercndissimum</strong></span> <span class='ocrx_word' id='word_1_660' title='bbox 1470 5670 1843 5743; x_wconf 77' lang='lat' dir='ltr'><strong>presbyterum</strong></span> <span class='ocrx_word' id='word_1_661' title='bbox 1874 5683 1967 5724; x_wconf 87' lang='lat' dir='ltr'><strong>ve-</strong></span> 
     </span>
    </p>
   </div>
   <div class='ocr_carea' id='block_1_97' title="bbox 2063 4486 3007 4553">
    <p class='ocr_par' dir='ltr' id='par_1_97' title="bbox 2063 4486 3007 4553">
     <span class='ocr_line' id='line_1_97' title="bbox 2063 4486 3007 4553; baseline -0.004 -8"><span class='ocrx_word' id='word_1_662' title='bbox 2063 4492 2145 4553; x_wconf 81' lang='grc' dir='ltr'><strong>νὸς</strong></span> <span class='ocrx_word' id='word_1_663' title='bbox 2179 4489 2357 4553; x_wconf 81' lang='grc' dir='ltr'><strong>δοῦλος</strong></span> <span class='ocrx_word' id='word_1_664' title='bbox 2390 4497 2489 4545; x_wconf 86' lang='grc' dir='ltr'><strong>τῶν</strong></span> <span class='ocrx_word' id='word_1_665' title='bbox 2517 4486 2708 4545; x_wconf 81' lang='grc' dir='ltr'><strong>δοὺλων</strong></span> <span class='ocrx_word' id='word_1_666' title='bbox 2737 4494 2827 4542; x_wconf 87' lang='grc' dir='ltr'><strong>τοῦ</strong></span> <span class='ocrx_word' id='word_1_667' title='bbox 2858 4492 3007 4543; x_wconf 84' lang='grc' dir='ltr'><strong>Θεοῦ.</strong></span> 
     </span>
    </p>
   </div>
   <div class='ocr_carea' id='block_1_98' title="bbox 2135 4574 3652 4657">
    <p class='ocr_par' dir='ltr' id='par_1_98' title="bbox 2135 4574 3652 4657">
     <span class='ocr_line' id='line_1_98' title="bbox 2135 4574 3652 4657; baseline -0.003 -19"><span class='ocrx_word' id='word_1_668' title='bbox 2135 4588 2490 4650; x_wconf 81' lang='grc' dir='ltr'><strong>Ποιμαντικαῖς</strong></span> <span class='ocrx_word' id='word_1_669' title='bbox 2545 4582 2798 4657; x_wconf 75' lang='grc' dir='ltr'><strong>φροντίσιν</strong></span> <span class='ocrx_word' id='word_1_670' title='bbox 2818 4615 2835 4643; x_wconf 83' lang='grc'><strong>,</strong></span> <span class='ocrx_word' id='word_1_671' title='bbox 2883 4578 2933 4632; x_wconf 84' lang='grc' dir='ltr'><strong>έν</strong></span> <span class='ocrx_word' id='word_1_672' title='bbox 2989 4574 3071 4639; x_wconf 81' lang='grc' dir='ltr'><strong>αἷς</strong></span> <span class='ocrx_word' id='word_1_673' title='bbox 3115 4577 3325 4653; x_wconf 77' lang='grc' dir='ltr'><strong>ἁρμόζει</strong></span> <span class='ocrx_word' id='word_1_674' title='bbox 3368 4578 3652 4649; x_wconf 84' lang='grc' dir='ltr'><strong>ποιμαίνειν</strong></span> 
     </span>
    </p>
   </div>
   <div class='ocr_carea' id='block_1_99' title="bbox 2064 4667 3652 4741">
    <p class='ocr_par' dir='ltr' id='par_1_99' title="bbox 2064 4667 3652 4741">
     <span class='ocr_line' id='line_1_99' title="bbox 2064 4667 3652 4741; baseline -0.004 -12"><span class='ocrx_word' id='word_1_675' title='bbox 2064 4674 2148 4729; x_wconf 81' lang='grc' dir='ltr'><strong>τόν</strong></span> <span class='ocrx_word' id='word_1_676' title='bbox 2208 4673 2327 4728; x_wconf 86' lang='grc' dir='ltr'><strong>λαόν</strong></span> <span class='ocrx_word' id='word_1_677' title='bbox 2373 4678 2462 4726; x_wconf 86' lang='grc' dir='ltr'><strong>τοῦ</strong></span> <span class='ocrx_word' id='word_1_678' title='bbox 2519 4676 2646 4726; x_wconf 84' lang='grc' dir='ltr'><strong>Θεοῦ</strong></span> <span class='ocrx_word' id='word_1_679' title='bbox 2663 4710 2679 4734; x_wconf 85' lang='grc'><strong>.</strong></span> <span class='ocrx_word' id='word_1_680' title='bbox 2734 4671 2820 4724; x_wconf 85' lang='grc' dir='ltr'><strong>καί</strong></span> <span class='ocrx_word' id='word_1_681' title='bbox 2874 4668 3166 4737; x_wconf 71' lang='grc' dir='ltr'><strong>λεπτοτάτῳ</strong></span> <span class='ocrx_word' id='word_1_682' title='bbox 3215 4667 3441 4741; x_wconf 81' lang='grc' dir='ltr'><strong>λογισμῷ</strong></span> <span class='ocrx_word' id='word_1_683' title='bbox 3491 4688 3652 4723; x_wconf 83' lang='grc' dir='ltr'><strong>κατα-</strong></span> 
     </span>
    </p>
   </div>
   <div class='ocr_carea' id='block_1_100' title="bbox 2064 4760 3650 4839">
    <p class='ocr_par' dir='ltr' id='par_1_100' title="bbox 2064 4760 3650 4839">
     <span class='ocr_line' id='line_1_100' title="bbox 2064 4760 3650 4839; baseline -0.006 -15"><span class='ocrx_word' id='word_1_684' title='bbox 2064 4773 2290 4827; x_wconf 80' lang='grc' dir='ltr'><strong>νοοῦντες</strong></span> <span class='ocrx_word' id='word_1_685' title='bbox 2310 4807 2326 4831; x_wconf 86' lang='grc'><strong>,</strong></span> <span class='ocrx_word' id='word_1_686' title='bbox 2384 4763 2437 4821; x_wconf 78' lang='grc' dir='ltr'><strong>όν</strong></span> <span class='ocrx_word' id='word_1_687' title='bbox 2477 4765 2665 4837; x_wconf 85' lang='grc' dir='ltr'><strong>τρόπον</strong></span> <span class='ocrx_word' id='word_1_688' title='bbox 2712 4765 2743 4823; x_wconf 77' lang='lat' dir='ltr'><strong>ri</strong></span> <span class='ocrx_word' id='word_1_689' title='bbox 2785 4769 2879 4820; x_wconf 89' lang='grc' dir='ltr'><strong>τοῦ</strong></span> <span class='ocrx_word' id='word_1_690' title='bbox 2929 4764 3255 4839; x_wconf 75' lang='grc' dir='ltr'><strong>κηρύγματος</strong></span> <span class='ocrx_word' id='word_1_691' title='bbox 3314 4766 3448 4834; x_wconf 77' lang='grc' dir='ltr'><strong>φωνή</strong></span> <span class='ocrx_word' id='word_1_692' title='bbox 3502 4760 3650 4832; x_wconf 69' lang='grc' dir='ltr'><strong>ὑγιὴς</strong></span> 
     </span>
    </p>
   </div>
   <div class='ocr_carea' id='block_1_101' title="bbox 2066 4849 3652 4933">
    <p class='ocr_par' dir='ltr' id='par_1_101' title="bbox 2066 4849 3652 4933">
     <span class='ocr_line' id='line_1_101' title="bbox 2066 4849 3652 4933; baseline -0.006 -20"><span class='ocrx_word' id='word_1_693' title='bbox 2066 4858 2168 4914; x_wconf 84' lang='grc' dir='ltr'><strong>ὑπὸ</strong></span> <span class='ocrx_word' id='word_1_694' title='bbox 2214 4861 2429 4933; x_wconf 76' lang='grc' dir='ltr'><strong>κήρυκος</strong></span> <span class='ocrx_word' id='word_1_695' title='bbox 2461 4857 2511 4911; x_wconf 88' lang='grc' dir='ltr'><strong>έν</strong></span> <span class='ocrx_word' id='word_1_696' title='bbox 2544 4857 2705 4911; x_wconf 78' lang='grc' dir='ltr'><strong>παντί</strong></span> <span class='ocrx_word' id='word_1_697' title='bbox 2733 4861 2893 4930; x_wconf 77' lang='grc' dir='ltr'><strong>καιρῷ</strong></span> <span class='ocrx_word' id='word_1_698' title='bbox 2943 4853 3123 4928; x_wconf 73' lang='grc' dir='ltr'><strong>ὀφείλει</strong></span> <span class='ocrx_word' id='word_1_699' title='bbox 3174 4849 3535 4928; x_wconf 73' lang='grc' dir='ltr'><strong>κηρύττεσθαι,</strong></span> <span class='ocrx_word' id='word_1_700' title='bbox 3570 4852 3652 4905; x_wconf 81' lang='grc' dir='ltr'><strong>καί</strong></span> 
     </span>
    </p>
   </div>
   <div class='ocr_carea' id='block_1_102' title="bbox 2067 4942 3650 5020">
    <p class='ocr_par' dir='ltr' id='par_1_102' title="bbox 2067 4942 3650 5020">
     <span class='ocr_line' id='line_1_102' title="bbox 2067 4942 3650 5020; baseline -0.005 -16"><span class='ocrx_word' id='word_1_701' title='bbox 2067 4947 2243 5009; x_wconf 83' lang='grc' dir='ltr'><strong>ὁποῖος</strong></span> <span class='ocrx_word' id='word_1_702' title='bbox 2269 4945 2295 5002; x_wconf 88' lang='grc' dir='ltr'><strong>ό</strong></span> <span class='ocrx_word' id='word_1_703' title='bbox 2322 4951 2511 5018; x_wconf 78' lang='grc' dir='ltr'><strong>ποιμήν</strong></span> <span class='ocrx_word' id='word_1_704' title='bbox 2544 4946 2594 5001; x_wconf 76' lang='grc' dir='ltr'><strong>έν</strong></span> <span class='ocrx_word' id='word_1_705' title='bbox 2628 4947 2936 5020; x_wconf 78' lang='grc' dir='ltr'><strong>συμπαθείᾳ.</strong></span> <span class='ocrx_word' id='word_1_706' title='bbox 2969 4948 3050 5000; x_wconf 77' lang='grc' dir='ltr'><strong>καί</strong></span> <span class='ocrx_word' id='word_1_707' title='bbox 3078 4944 3251 5005; x_wconf 83' lang='grc' dir='ltr'><strong>ὁποῖος</strong></span> <span class='ocrx_word' id='word_1_708' title='bbox 3284 4942 3333 4997; x_wconf 85' lang='grc' dir='ltr'><strong>έν</strong></span> <span class='ocrx_word' id='word_1_709' title='bbox 3360 4943 3650 5018; x_wconf 65' lang='grc' dir='ltr'><strong>ἀναστροφῇ</strong></span> 
     </span>
    </p>
   </div>
   <div class='ocr_carea' id='block_1_103' title="bbox 2069 5030 3648 5108">
    <p class='ocr_par' dir='ltr' id='par_1_103' title="bbox 2069 5030 3648 5108">
     <span class='ocr_line' id='line_1_103' title="bbox 2069 5030 3648 5108; baseline -0.008 -14"><span class='ocrx_word' id='word_1_710' title='bbox 2069 5037 2249 5108; x_wconf 42' lang='grc' dir='ltr'><strong>ὀξείλει</strong></span> <span class='ocrx_word' id='word_1_711' title='bbox 2287 5032 2432 5101; x_wconf 79' lang='grc' dir='ltr'><strong>εἶναι,</strong></span> <span class='ocrx_word' id='word_1_712' title='bbox 2477 5036 2560 5090; x_wconf 82' lang='grc' dir='ltr'><strong>ἶνα</strong></span> <span class='ocrx_word' id='word_1_713' title='bbox 2587 5043 2696 5097; x_wconf 83' lang='grc' dir='ltr'><strong>τοῖς</strong></span> <span class='ocrx_word' id='word_1_714' title='bbox 2734 5039 2870 5089; x_wconf 86' lang='grc' dir='ltr'><strong>πᾶσι</strong></span> <span class='ocrx_word' id='word_1_715' title='bbox 2904 5034 3115 5092; x_wconf 82' lang='grc' dir='ltr'><strong>πλησίον</strong></span> <span class='ocrx_word' id='word_1_716' title='bbox 3140 5040 3202 5105; x_wconf 77' lang='grc' dir='ltr'><strong>τῇ</strong></span> <span class='ocrx_word' id='word_1_717' title='bbox 3236 5030 3528 5105; x_wconf 81' lang='grc' dir='ltr'><strong>συμπαθείᾳ</strong></span> <span class='ocrx_word' id='word_1_718' title='bbox 3562 5030 3648 5102; x_wconf 86' lang='grc' dir='ltr'><strong>γέ-</strong></span> 
     </span>
    </p>
   </div>
   <div class='ocr_carea' id='block_1_104' title="bbox 2066 5120 3651 5199">
    <p class='ocr_par' dir='ltr' id='par_1_104' title="bbox 2066 5120 3651 5199">
     <span class='ocr_line' id='line_1_104' title="bbox 2066 5120 3651 5199; baseline -0.005 -18"><span class='ocrx_word' id='word_1_719' title='bbox 2066 5148 2211 5186; x_wconf 85' lang='grc' dir='ltr'><strong>νηται</strong></span> <span class='ocrx_word' id='word_1_720' title='bbox 2233 5165 2251 5191; x_wconf 85' lang='grc'><strong>.</strong></span> <span class='ocrx_word' id='word_1_721' title='bbox 2302 5128 2386 5181; x_wconf 74' lang='grc' dir='ltr'><strong>καί</strong></span> <span class='ocrx_word' id='word_1_722' title='bbox 2426 5134 2536 5186; x_wconf 82' lang='grc' dir='ltr'><strong>τοῖς</strong></span> <span class='ocrx_word' id='word_1_723' title='bbox 2600 5124 2738 5186; x_wconf 81' lang='grc' dir='ltr'><strong>ὅλοις</strong></span> <span class='ocrx_word' id='word_1_724' title='bbox 2787 5131 2851 5199; x_wconf 72' lang='grc' dir='ltr'><strong>τῇ</strong></span> <span class='ocrx_word' id='word_1_725' title='bbox 2898 5124 3188 5197; x_wconf 75' lang='grc' dir='ltr'><strong>ἀναστροφῇ</strong></span> <span class='ocrx_word' id='word_1_726' title='bbox 3240 5122 3515 5191; x_wconf 78' lang='grc' dir='ltr'><strong>έπίσημος’</strong></span> <span class='ocrx_word' id='word_1_727' title='bbox 3567 5120 3651 5173; x_wconf 78' lang='grc' dir='ltr'><strong>καί</strong></span> 
     </span>
    </p>
   </div>
   <div class='ocr_carea' id='block_1_105' title="bbox 2070 5210 3653 5292">
    <p class='ocr_par' dir='ltr' id='par_1_105' title="bbox 2070 5210 3653 5292">
     <span class='ocr_line' id='line_1_105' title="bbox 2070 5210 3653 5292; baseline -0.008 -19"><span class='ocrx_word' id='word_1_728' title='bbox 2070 5215 2215 5278; x_wconf 79' lang='grc' dir='ltr'><strong>ὅπως</strong></span> <span class='ocrx_word' id='word_1_729' title='bbox 2262 5210 2322 5270; x_wconf 85' lang='grc' dir='ltr'><strong>ἂν</strong></span> <span class='ocrx_word' id='word_1_730' title='bbox 2346 5216 2476 5292; x_wconf 83' lang='grc' dir='ltr'><strong>πρὸς</strong></span> <span class='ocrx_word' id='word_1_731' title='bbox 2518 5216 2698 5271; x_wconf 78' lang='grc' dir='ltr'><strong>έαυτόν</strong></span> <span class='ocrx_word' id='word_1_732' title='bbox 2734 5212 2820 5271; x_wconf 81' lang='grc' dir='ltr'><strong>διά</strong></span> <span class='ocrx_word' id='word_1_733' title='bbox 2858 5221 2950 5274; x_wconf 77' lang='grc' dir='ltr'><strong>τῆς</strong></span> <span class='ocrx_word' id='word_1_734' title='bbox 2991 5212 3233 5273; x_wconf 73' lang='grc' dir='ltr'><strong>εὐσεϐοῦς</strong></span> <span class='ocrx_word' id='word_1_735' title='bbox 3269 5210 3653 5282; x_wconf 84' lang='grc' dir='ltr'><strong>εὑσπλαγχνίας</strong></span> 
     </span>
    </p>
   </div>
   <div class='ocr_carea' id='block_1_106' title="bbox 2068 5298 3651 5382">
    <p class='ocr_par' dir='ltr' id='par_1_106' title="bbox 2068 5298 3651 5382">
     <span class='ocr_line' id='line_1_106' title="bbox 2068 5298 3651 5382; baseline -0.008 -16"><span class='ocrx_word' id='word_1_736' title='bbox 2068 5311 2160 5371; x_wconf 82' lang='grc' dir='ltr'><strong>τάς</strong></span> <span class='ocrx_word' id='word_1_737' title='bbox 2219 5316 2320 5364; x_wconf 79' lang='grc' dir='ltr'><strong>τῶν</strong></span> <span class='ocrx_word' id='word_1_738' title='bbox 2370 5308 2608 5365; x_wconf 77' lang='grc' dir='ltr'><strong>ἁπάντων</strong></span> <span class='ocrx_word' id='word_1_739' title='bbox 2671 5307 2964 5382; x_wconf 76' lang='grc' dir='ltr'><strong>άρρωστέας</strong></span> <span class='ocrx_word' id='word_1_740' title='bbox 3013 5306 3302 5377; x_wconf 72' lang='grc' dir='ltr'><strong>μετενέγκῃ,</strong></span> <span class='ocrx_word' id='word_1_741' title='bbox 3350 5301 3382 5363; x_wconf 76' lang='grc' dir='ltr'><strong>ἦ</strong></span> <span class='ocrx_word' id='word_1_742' title='bbox 3431 5304 3515 5356; x_wconf 81' lang='grc' dir='ltr'><strong>καὶ</strong></span> <span class='ocrx_word' id='word_1_743' title='bbox 3567 5298 3651 5357; x_wconf 83' lang='grc' dir='ltr'><strong>διά</strong></span> 
     </span>
    </p>
   </div>
   <div class='ocr_carea' id='block_1_107' title="bbox 2068 5390 3652 5469">
    <p class='ocr_par' dir='ltr' id='par_1_107' title="bbox 2068 5390 3652 5469">
     <span class='ocr_line' id='line_1_107' title="bbox 2068 5390 3652 5469; baseline -0.006 -12"><span class='ocrx_word' id='word_1_744' title='bbox 2068 5406 2159 5460; x_wconf 75' lang='grc' dir='ltr'><strong>τῆς</strong></span> <span class='ocrx_word' id='word_1_745' title='bbox 2221 5398 2547 5469; x_wconf 66' lang='grc' dir='ltr'><strong>ὑψηλοτάτης</strong></span> <span class='ocrx_word' id='word_1_746' title='bbox 2605 5396 2914 5468; x_wconf 57' lang='grc' dir='ltr'><strong>ίπεϐλέψεως</strong></span> <span class='ocrx_word' id='word_1_747' title='bbox 2979 5395 3165 5450; x_wconf 80' lang='grc' dir='ltr'><strong>έαυτοῦ</strong></span> <span class='ocrx_word' id='word_1_748' title='bbox 3217 5390 3513 5464; x_wconf 84' lang='grc' dir='ltr'><strong>αίτοὺμενος</strong></span> <span class='ocrx_word' id='word_1_749' title='bbox 3576 5396 3652 5452; x_wconf 83' lang='grc' dir='ltr'><strong>εἰς</strong></span> 
     </span>
    </p>
   </div>
   <div class='ocr_carea' id='block_1_108' title="bbox 2066 5484 3651 5562">
    <p class='ocr_par' dir='ltr' id='par_1_108' title="bbox 2066 5484 3651 5562">
     <span class='ocr_line' id='line_1_108' title="bbox 2066 5484 3651 5562; baseline -0.004 -16"><span class='ocrx_word' id='word_1_750' title='bbox 2066 5491 2134 5546; x_wconf 81' lang='grc' dir='ltr'><strong>τά</strong></span> <span class='ocrx_word' id='word_1_751' title='bbox 2168 5493 2275 5545; x_wconf 86' lang='grc' dir='ltr'><strong>θεῖα</strong></span> <span class='ocrx_word' id='word_1_752' title='bbox 2325 5493 2522 5552; x_wconf 80' lang='grc' dir='ltr'><strong>πάντας</strong></span> <span class='ocrx_word' id='word_1_753' title='bbox 2570 5488 2893 5562; x_wconf 73' lang='grc' dir='ltr'><strong>μεταϐιϐάσῃ</strong></span> <span class='ocrx_word' id='word_1_754' title='bbox 2931 5486 3017 5561; x_wconf 67' lang='grc' dir='ltr'><strong>[Ιι.</strong></span> <span class='ocrx_word' id='word_1_755' title='bbox 3066 5487 3245 5542; x_wconf 72' lang='grc' dir='ltr'><strong>εαυτοῦ</strong></span> <span class='ocrx_word' id='word_1_756' title='bbox 3299 5485 3383 5541; x_wconf 83' lang='grc' dir='ltr'><strong>έπί</strong></span> <span class='ocrx_word' id='word_1_757' title='bbox 3426 5486 3494 5541; x_wconf 86' lang='grc' dir='ltr'><strong>τά</strong></span> <span class='ocrx_word' id='word_1_758' title='bbox 3535 5484 3651 5539; x_wconf 88' lang='grc' dir='ltr'><strong>θεῖα</strong></span> 
     </span>
    </p>
   </div>
   <div class='ocr_carea' id='block_1_109' title="bbox 2069 5576 3653 5656">
    <p class='ocr_par' dir='ltr' id='par_1_109' title="bbox 2069 5576 3653 5656">
     <span class='ocr_line' id='line_1_109' title="bbox 2069 5576 3653 5656; baseline -0.002 -22"><span class='ocrx_word' id='word_1_759' title='bbox 2069 5576 2347 5652; x_wconf 52' lang='grc' dir='ltr'><strong>διαϐαίνῃᾞ</strong></span> <span class='ocrx_word' id='word_1_760' title='bbox 2390 5584 2511 5656; x_wconf 89' lang='grc' dir='ltr'><strong>περί</strong></span> <span class='ocrx_word' id='word_1_761' title='bbox 2549 5581 2744 5637; x_wconf 78' lang='grc' dir='ltr'><strong>τούτων</strong></span> <span class='ocrx_word' id='word_1_762' title='bbox 2773 5581 2978 5637; x_wconf 86' lang='grc' dir='ltr'><strong>πάντων</strong></span> <span class='ocrx_word' id='word_1_763' title='bbox 3001 5576 3296 5651; x_wconf 85' lang='grc' dir='ltr'><strong>συνείόομεν</strong></span> <span class='ocrx_word' id='word_1_764' title='bbox 3333 5584 3398 5652; x_wconf 73' lang='grc' dir='ltr'><strong>τῇ</strong></span> <span class='ocrx_word' id='word_1_765' title='bbox 3430 5577 3653 5651; x_wconf 65' lang='grc' dir='ltr'><strong>ὑμετέρα</strong></span> 
     </span>
    </p>
   </div>
   <div class='ocr_carea' id='block_1_110' title="bbox 2073 5663 3651 5746">
    <p class='ocr_par' dir='ltr' id='par_1_110' title="bbox 2073 5663 3651 5746">
     <span class='ocr_line' id='line_1_110' title="bbox 2073 5663 3651 5746; baseline -0.004 -20"><span class='ocrx_word' id='word_1_766' title='bbox 2073 5669 2367 5741; x_wconf 75' lang='grc' dir='ltr'><strong>ἠγαπημένη</strong></span> <span class='ocrx_word' id='word_1_767' title='bbox 2420 5668 2675 5743; x_wconf 76' lang='grc' dir='ltr'><strong>ἁγιωσύνῃ</strong></span> <span class='ocrx_word' id='word_1_768' title='bbox 2724 5671 2806 5724; x_wconf 87' lang='grc' dir='ltr'><strong>καί</strong></span> <span class='ocrx_word' id='word_1_769' title='bbox 2864 5668 3085 5746; x_wconf 68' lang='grc' dir='ltr'><strong>ἱερατικῇ</strong></span> <span class='ocrx_word' id='word_1_770' title='bbox 3131 5666 3330 5741; x_wconf 61' lang='grc' dir='ltr'><strong>ὁμονοίᾳ</strong></span> <span class='ocrx_word' id='word_1_771' title='bbox 3366 5663 3651 5740; x_wconf 70' lang='grc' dir='ltr'><strong>προσφθέγ-</strong></span> 
     </span>
    </p>
   </div>
  </div>
