  <div class='ocr_page' id='page_1' title='image "/cluster/home/n/w/nwhite01/storage/ocr_20150623/96/hvd.32044052819901/624.png"; bbox 0 0 4004 6172; ppageno 0'>
   <div class='ocr_carea' id='block_1_1' title="bbox 247 352 387 409">
    <p class='ocr_par' dir='ltr' id='par_1_1' title="bbox 247 352 387 409">
     <span class='ocr_line' id='line_1_1' title="bbox 247 352 387 409; baseline 0.007 -2"><span class='ocrx_word' id='word_1_1' title='bbox 247 352 387 409; x_wconf 70' lang='grc' dir='ltr'><strong>19.ὖῖ</strong></span> 
     </span>
    </p>
   </div>
   <div class='ocr_carea' id='block_1_2' title="bbox 1693 344 2074 411">
    <p class='ocr_par' dir='ltr' id='par_1_2' title="bbox 1693 344 2074 411">
     <span class='ocr_line' id='line_1_2' title="bbox 1693 344 2074 411; baseline -0.01 -3"><span class='ocrx_word' id='word_1_2' title='bbox 1693 344 2074 411; x_wconf 63' lang='lat' dir='ltr'><strong>EPISTOLE.</strong></span> 
     </span>
    </p>
   </div>
   <div class='ocr_carea' id='block_1_3' title="bbox 3370 350 3507 405">
    <p class='ocr_par' dir='ltr' id='par_1_3' title="bbox 3370 350 3507 405">
     <span class='ocr_line' id='line_1_3' title="bbox 3370 350 3507 405; baseline 0.007 -1"><span class='ocrx_word' id='word_1_3' title='bbox 3370 350 3507 405; x_wconf 67' lang='lat'><strong>1258</strong></span> 
     </span>
    </p>
   </div>
   <div class='ocr_carea' id='block_1_4' title="bbox 242 458 1850 537">
    <p class='ocr_par' dir='ltr' id='par_1_4' title="bbox 242 460 1827 534">
     <span class='ocr_line' id='line_1_4' title="bbox 242 460 1827 534; baseline 0 -17"><span class='ocrx_word' id='word_1_4' title='bbox 242 473 431 534; x_wconf 63' lang='lat' dir='ltr'><strong>preter</strong></span> <span class='ocrx_word' id='word_1_5' title='bbox 469 462 525 516; x_wconf 82' lang='lat' dir='ltr'><strong>id</strong></span> <span class='ocrx_word' id='word_1_6' title='bbox 543 460 684 531; x_wconf 79' lang='lat' dir='ltr'><strong>quod</strong></span> <span class='ocrx_word' id='word_1_7' title='bbox 707 460 936 533; x_wconf 77' lang='lat' dir='ltr'><strong>positum</strong></span> <span class='ocrx_word' id='word_1_8' title='bbox 959 469 1054 525; x_wconf 84' lang='lat' dir='ltr'><strong>est,</strong></span> <span class='ocrx_word' id='word_1_9' title='bbox 1088 462 1228 533; x_wconf 81' lang='lat' dir='ltr'><strong>quod</strong></span> <span class='ocrx_word' id='word_1_10' title='bbox 1251 473 1325 517; x_wconf 86' lang='lat' dir='ltr'><strong>est</strong></span> <span class='ocrx_word' id='word_1_11' title='bbox 1370 460 1623 517; x_wconf 82' lang='lat' dir='ltr'><strong>Dominus</strong></span> <span class='ocrx_word' id='word_1_12' title='bbox 1670 463 1827 517; x_wconf 75' lang='lat' dir='ltr'><strong>Iesus</strong></span> 
     </span>
    </p>
   </div>
   <div class='ocr_carea' id='block_1_5' title="bbox 1952 458 3511 537">
    <p class='ocr_par' dir='ltr' id='par_1_5' title="bbox 1952 458 3511 537">
     <span class='ocr_line' id='line_1_5' title="bbox 1952 458 3511 537; baseline 0.003 -24"><span class='ocrx_word' id='word_1_13' title='bbox 1952 461 1997 518; x_wconf 65' lang='lat' dir='ltr'><strong>h’</strong></span> <span class='ocrx_word' id='word_1_14' title='bbox 2015 464 2149 534; x_wconf 68' lang='grc' dir='ltr'>ἡμᾶς</span> <span class='ocrx_word' id='word_1_15' title='bbox 2196 464 2295 517; x_wconf 86' lang='grc' dir='ltr'><strong>καί¹</strong></span> <span class='ocrx_word' id='word_1_16' title='bbox 2329 463 2460 537; x_wconf 73' lang='grc' dir='ltr'>ὑπὲρ</span> <span class='ocrx_word' id='word_1_17' title='bbox 2503 458 2640 533; x_wconf 71' lang='grc' dir='ltr'>ἡμῶν</span> <span class='ocrx_word' id='word_1_18' title='bbox 2679 461 3051 535; x_wconf 77' lang='grc' dir='ltr'>σαρκωθίντος.</span> <span class='ocrx_word' id='word_1_19' title='bbox 3095 464 3178 515; x_wconf 82' lang='grc' dir='ltr'><strong>καί</strong></span> <span class='ocrx_word' id='word_1_20' title='bbox 3222 468 3317 522; x_wconf 75' lang='grc' dir='ltr'>τῆς</span> <span class='ocrx_word' id='word_1_21' title='bbox 3360 461 3511 534; x_wconf 80' lang='grc' dir='ltr'>ἁγίας</span> 
     </span>
    </p>
   </div>
   <div class='ocr_carea' id='block_1_6' title="bbox 242 550 1827 625">
    <p class='ocr_par' dir='ltr' id='par_1_6' title="bbox 242 550 1827 625">
     <span class='ocr_line' id='line_1_6' title="bbox 242 550 1827 625; baseline -0.001 -18"><span class='ocrx_word' id='word_1_22' title='bbox 242 552 297 625; x_wconf 86' lang='grc'><strong>(1</strong></span> <span class='ocrx_word' id='word_1_23' title='bbox 320 552 442 608; x_wconf 85' lang='lat' dir='ltr'><strong>Cor.</strong></span> <span class='ocrx_word' id='word_1_24' title='bbox 465 551 587 624; x_wconf 84' lang='lat' dir='ltr'><strong>vn).</strong></span> <span class='ocrx_word' id='word_1_25' title='bbox 616 550 758 622; x_wconf 81' lang='lat' dir='ltr'><strong>Ergo</strong></span> <span class='ocrx_word' id='word_1_26' title='bbox 779 551 1027 623; x_wconf 84' lang='lat' dir='ltr'><strong>quisquis</strong></span> <span class='ocrx_word' id='word_1_27' title='bbox 1044 551 1351 609; x_wconf 71' lang='lat' dir='ltr'><strong>dilectionis</strong></span> <span class='ocrx_word' id='word_1_28' title='bbox 1387 551 1481 607; x_wconf 88' lang='lat' dir='ltr'><strong>Dei</strong></span> <span class='ocrx_word' id='word_1_29' title='bbox 1505 560 1560 607; x_wconf 91' lang='lat' dir='ltr'><strong>et</strong></span> <span class='ocrx_word' id='word_1_30' title='bbox 1596 552 1827 622; x_wconf 75' lang='lat' dir='ltr'><strong>proximi</strong></span> 
     </span>
    </p>
   </div>
   <div class='ocr_carea' id='block_1_7' title="bbox 242 644 1828 715">
    <p class='ocr_par' dir='ltr' id='par_1_7' title="bbox 242 644 1828 715">
     <span class='ocr_line' id='line_1_7' title="bbox 242 644 1828 715; baseline -0.003 -12"><span class='ocrx_word' id='word_1_31' title='bbox 242 660 312 703; x_wconf 86' lang='lat' dir='ltr'><strong>ac</strong></span> <span class='ocrx_word' id='word_1_32' title='bbox 342 644 471 701; x_wconf 75' lang='lat' dir='ltr'><strong>ﬁdei</strong></span> <span class='ocrx_word' id='word_1_33' title='bbox 503 658 625 714; x_wconf 71' lang='lat' dir='ltr'><strong>qum</strong></span> <span class='ocrx_word' id='word_1_34' title='bbox 660 645 714 700; x_wconf 92' lang='lat' dir='ltr'><strong>in</strong></span> <span class='ocrx_word' id='word_1_35' title='bbox 742 644 863 715; x_wconf 85' lang='lat' dir='ltr'><strong>ipso</strong></span> <span class='ocrx_word' id='word_1_36' title='bbox 900 651 984 702; x_wconf 89' lang='lat' dir='ltr'><strong>est</strong></span> <span class='ocrx_word' id='word_1_37' title='bbox 1022 644 1421 701; x_wconf 74' lang='lat' dir='ltr'><strong>ﬁrmamentum</strong></span> <span class='ocrx_word' id='word_1_38' title='bbox 1451 651 1625 709; x_wconf 89' lang='lat' dir='ltr'><strong>tenet,</strong></span> <span class='ocrx_word' id='word_1_39' title='bbox 1677 658 1828 699; x_wconf 84' lang='lat' dir='ltr'><strong>eum-</strong></span> 
     </span>
    </p>
   </div>
   <div class='ocr_carea' id='block_1_8' title="bbox 244 731 1831 805">
    <p class='ocr_par' dir='ltr' id='par_1_8' title="bbox 244 731 1831 805">
     <span class='ocr_line' id='line_1_8' title="bbox 244 731 1831 805; baseline -0.003 -11"><span class='ocrx_word' id='word_1_40' title='bbox 244 735 370 794; x_wconf 82' lang='lat' dir='ltr'><strong>dem</strong></span> <span class='ocrx_word' id='word_1_41' title='bbox 395 731 580 790; x_wconf 71' lang='lat' dir='ltr'><strong>Jesum</strong></span> <span class='ocrx_word' id='word_1_42' title='bbox 608 732 884 789; x_wconf 92' lang='lat' dir='ltr'><strong>Christum</strong></span> <span class='ocrx_word' id='word_1_43' title='bbox 916 734 1010 790; x_wconf 86' lang='lat' dir='ltr'><strong>Dei</strong></span> <span class='ocrx_word' id='word_1_44' title='bbox 1037 743 1093 790; x_wconf 91' lang='lat' dir='ltr'><strong>et</strong></span> <span class='ocrx_word' id='word_1_45' title='bbox 1121 735 1355 791; x_wconf 88' lang='lat' dir='ltr'><strong>hominis</strong></span> <span class='ocrx_word' id='word_1_46' title='bbox 1379 732 1577 791; x_wconf 86' lang='lat' dir='ltr'><strong>Filium</strong></span> <span class='ocrx_word' id='word_1_47' title='bbox 1604 738 1746 805; x_wconf 89' lang='lat' dir='ltr'><strong>apud</strong></span> <span class='ocrx_word' id='word_1_48' title='bbox 1772 750 1831 790; x_wconf 91' lang='lat' dir='ltr'><strong>se</strong></span> 
     </span>
    </p>
   </div>
   <div class='ocr_carea' id='block_1_9' title="bbox 243 823 1828 899">
    <p class='ocr_par' dir='ltr' id='par_1_9' title="bbox 243 823 1828 899">
     <span class='ocr_line' id='line_1_9' title="bbox 243 823 1828 899; baseline -0.001 -18"><span class='ocrx_word' id='word_1_49' title='bbox 243 826 429 899; x_wconf 86' lang='lat' dir='ltr'><strong>posuit</strong></span> <span class='ocrx_word' id='word_1_50' title='bbox 445 824 873 880; x_wconf 77' lang='lat' dir='ltr'><strong>fundamentum.</strong></span> <span class='ocrx_word' id='word_1_51' title='bbox 901 823 1276 882; x_wconf 82' lang='lat' dir='ltr'><strong>Confitendum</strong></span> <span class='ocrx_word' id='word_1_52' title='bbox 1294 835 1380 882; x_wconf 86' lang='lat' dir='ltr'><strong>est</strong></span> <span class='ocrx_word' id='word_1_53' title='bbox 1398 824 1542 882; x_wconf 89' lang='lat' dir='ltr'><strong>enim</strong></span> <span class='ocrx_word' id='word_1_54' title='bbox 1567 827 1714 896; x_wconf 89' lang='lat' dir='ltr'><strong>quia,</strong></span> <span class='ocrx_word' id='word_1_55' title='bbox 1737 826 1828 881; x_wconf 87' lang='lat' dir='ltr'><strong>ubi</strong></span> 
     </span>
    </p>
   </div>
   <div class='ocr_carea' id='block_1_10' title="bbox 245 914 1829 986">
    <p class='ocr_par' dir='ltr' id='par_1_10' title="bbox 245 914 1829 986">
     <span class='ocr_line' id='line_1_10' title="bbox 245 914 1829 986; baseline -0.001 -13"><span class='ocrx_word' id='word_1_56' title='bbox 245 917 499 973; x_wconf 86' lang='lat' dir='ltr'><strong>Christus</strong></span> <span class='ocrx_word' id='word_1_57' title='bbox 524 914 930 972; x_wconf 74' lang='lat' dir='ltr'><strong>fundamentum</strong></span> <span class='ocrx_word' id='word_1_58' title='bbox 957 926 1077 980; x_wconf 89' lang='lat' dir='ltr'><strong>est,</strong></span> <span class='ocrx_word' id='word_1_59' title='bbox 1125 917 1391 973; x_wconf 89' lang='lat' dir='ltr'><strong>bonorum</strong></span> <span class='ocrx_word' id='word_1_60' title='bbox 1415 918 1580 973; x_wconf 91' lang='lat' dir='ltr'><strong>etiam</strong></span> <span class='ocrx_word' id='word_1_61' title='bbox 1605 932 1829 986; x_wconf 89' lang='lat' dir='ltr'><strong>operum</strong></span> 
     </span>
    </p>
   </div>
   <div class='ocr_carea' id='block_1_11' title="bbox 245 1004 1832 1083">
    <p class='ocr_par' dir='ltr' id='par_1_11' title="bbox 245 1004 1832 1083">
     <span class='ocr_line' id='line_1_11' title="bbox 245 1004 1832 1083; baseline 0.003 -24"><span class='ocrx_word' id='word_1_62' title='bbox 245 1013 508 1077; x_wconf 83' lang='lat' dir='ltr'><strong>sequatur</strong></span> <span class='ocrx_word' id='word_1_63' title='bbox 519 1004 825 1063; x_wconf 79' lang='lat' dir='ltr'><strong>:edilicium.</strong></span> <span class='ocrx_word' id='word_1_64' title='bbox 841 1006 959 1077; x_wconf 82' lang='lat' dir='ltr'><strong>Ipsa</strong></span> <span class='ocrx_word' id='word_1_65' title='bbox 981 1022 1111 1063; x_wconf 89' lang='lat' dir='ltr'><strong>vero</strong></span> <span class='ocrx_word' id='word_1_66' title='bbox 1133 1023 1228 1077; x_wconf 90' lang='lat' dir='ltr'><strong>per</strong></span> <span class='ocrx_word' id='word_1_67' title='bbox 1247 1023 1306 1064; x_wconf 88' lang='lat' dir='ltr'><strong>se</strong></span> <span class='ocrx_word' id='word_1_68' title='bbox 1321 1007 1534 1083; x_wconf 73' lang='lat' dir='ltr'><strong>Veritas</strong></span> <span class='ocrx_word' id='word_1_69' title='bbox 1546 1008 1705 1064; x_wconf 86' lang='lat' dir='ltr'><strong>dicit:</strong></span> <span class='ocrx_word' id='word_1_70' title='bbox 1726 1007 1832 1074; x_wconf 82' lang='lat' dir='ltr'><strong>Qui</strong></span> 
     </span>
    </p>
   </div>
   <div class='ocr_carea' id='block_1_12' title="bbox 246 1097 1828 1178">
    <p class='ocr_par' dir='ltr' id='par_1_12' title="bbox 246 1097 1828 1178">
     <span class='ocr_line' id='line_1_12' title="bbox 246 1097 1828 1178; baseline 0.004 -29"><span class='ocrx_word' id='word_1_71' title='bbox 246 1112 355 1151; x_wconf 84' lang='lat' dir='ltr'><strong>non</strong></span> <span class='ocrx_word' id='word_1_72' title='bbox 376 1097 538 1151; x_wconf 84' lang='lat' dir='ltr'><strong>intrat</strong></span> <span class='ocrx_word' id='word_1_73' title='bbox 555 1098 846 1166; x_wconf 78' lang='lat' dir='ltr'><strong>perostium</strong></span> <span class='ocrx_word' id='word_1_74' title='bbox 867 1098 921 1151; x_wconf 83' lang='lat' dir='ltr'><strong>in</strong></span> <span class='ocrx_word' id='word_1_75' title='bbox 937 1097 1068 1153; x_wconf 76' lang='lat' dir='ltr'><strong>erile</strong></span> <span class='ocrx_word' id='word_1_76' title='bbox 1091 1099 1283 1163; x_wconf 82' lang='lat' dir='ltr'><strong>ovium,</strong></span> <span class='ocrx_word' id='word_1_77' title='bbox 1308 1098 1399 1153; x_wconf 82' lang='lat' dir='ltr'><strong>sed</strong></span> <span class='ocrx_word' id='word_1_78' title='bbox 1417 1100 1580 1154; x_wconf 84' lang='lat' dir='ltr'><strong>intrat</strong></span> <span class='ocrx_word' id='word_1_79' title='bbox 1595 1100 1828 1178; x_wconf 78' lang='lat' dir='ltr'><strong>aliunde,</strong></span> 
     </span>
    </p>
   </div>
   <div class='ocr_carea' id='block_1_13' title="bbox 246 1183 1835 1261">
    <p class='ocr_par' dir='ltr' id='par_1_13' title="bbox 246 1183 1835 1261">
     <span class='ocr_line' id='line_1_13' title="bbox 246 1183 1835 1261; baseline 0.003 -20"><span class='ocrx_word' id='word_1_80' title='bbox 246 1184 339 1241; x_wconf 86' lang='lat' dir='ltr'><strong>ille</strong></span> <span class='ocrx_word' id='word_1_81' title='bbox 367 1183 457 1254; x_wconf 82' lang='lat' dir='ltr'><strong>fur</strong></span> <span class='ocrx_word' id='word_1_82' title='bbox 482 1194 557 1240; x_wconf 85' lang='lat' dir='ltr'><strong>est</strong></span> <span class='ocrx_word' id='word_1_83' title='bbox 589 1195 639 1239; x_wconf 85' lang='lat' dir='ltr'><strong>et</strong></span> <span class='ocrx_word' id='word_1_84' title='bbox 663 1183 800 1241; x_wconf 82' lang='lat' dir='ltr'><strong>latro</strong></span> <span class='ocrx_word' id='word_1_85' title='bbox 819 1202 840 1241; x_wconf 89' lang='lat'><strong><em>:</em></strong></span> <span class='ocrx_word' id='word_1_86' title='bbox 870 1187 961 1257; x_wconf 80' lang='lat' dir='ltr'><strong>qui</strong></span> <span class='ocrx_word' id='word_1_87' title='bbox 999 1197 1173 1241; x_wconf 80' lang='lat' dir='ltr'><strong>autem</strong></span> <span class='ocrx_word' id='word_1_88' title='bbox 1201 1188 1361 1242; x_wconf 85' lang='lat' dir='ltr'><strong>intrat</strong></span> <span class='ocrx_word' id='word_1_89' title='bbox 1382 1205 1475 1258; x_wconf 84' lang='lat' dir='ltr'><strong>per</strong></span> <span class='ocrx_word' id='word_1_90' title='bbox 1494 1190 1710 1255; x_wconf 80' lang='lat' dir='ltr'><strong>ostium,</strong></span> <span class='ocrx_word' id='word_1_91' title='bbox 1739 1208 1835 1261; x_wconf 81' lang='lat' dir='ltr'><strong>pa-</strong></span> 
     </span>
    </p>
   </div>
   <div class='ocr_carea' id='block_1_14' title="bbox 247 1274 1835 1347">
    <p class='ocr_par' dir='ltr' id='par_1_14' title="bbox 247 1274 1835 1347">
     <span class='ocr_line' id='line_1_14' title="bbox 247 1274 1835 1347; baseline 0.003 -18"><span class='ocrx_word' id='word_1_92' title='bbox 247 1283 362 1329; x_wconf 87' lang='lat' dir='ltr'><strong>stor</strong></span> <span class='ocrx_word' id='word_1_93' title='bbox 390 1282 464 1328; x_wconf 89' lang='lat' dir='ltr'><strong>est</strong></span> <span class='ocrx_word' id='word_1_94' title='bbox 486 1274 657 1329; x_wconf 78' lang='lat' dir='ltr'><strong>arium</strong></span> <span class='ocrx_word' id='word_1_95' title='bbox 685 1274 868 1347; x_wconf 74' lang='lat' dir='ltr'><strong>(loeti.</strong></span> <span class='ocrx_word' id='word_1_96' title='bbox 903 1275 982 1345; x_wconf 68' lang='grc' dir='ltr'><strong>ι).</strong></span> <span class='ocrx_word' id='word_1_97' title='bbox 1036 1275 1189 1336; x_wconf 85' lang='lat' dir='ltr'><strong>Unde</strong></span> <span class='ocrx_word' id='word_1_98' title='bbox 1236 1292 1451 1333; x_wconf 84' lang='lat' dir='ltr'><strong>rursum</strong></span> <span class='ocrx_word' id='word_1_99' title='bbox 1477 1279 1619 1336; x_wconf 89' lang='lat' dir='ltr'><strong>idem</strong></span> <span class='ocrx_word' id='word_1_100' title='bbox 1647 1279 1835 1335; x_wconf 82' lang='lat' dir='ltr'><strong>Salva-</strong></span> 
     </span>
    </p>
   </div>
   <div class='ocr_carea' id='block_1_15' title="bbox 249 1365 1836 1442">
    <p class='ocr_par' dir='ltr' id='par_1_15' title="bbox 249 1365 1836 1442">
     <span class='ocr_line' id='line_1_15' title="bbox 249 1365 1836 1442; baseline 0.003 -19"><span class='ocrx_word' id='word_1_101' title='bbox 249 1375 342 1423; x_wconf 89' lang='lat' dir='ltr'><strong>tor</strong></span> <span class='ocrx_word' id='word_1_102' title='bbox 365 1366 477 1423; x_wconf 91' lang='lat' dir='ltr'><strong>ait:</strong></span> <span class='ocrx_word' id='word_1_103' title='bbox 514 1365 629 1437; x_wconf 84' lang='lat' dir='ltr'><strong>Ego</strong></span> <span class='ocrx_word' id='word_1_104' title='bbox 651 1383 768 1422; x_wconf 79' lang='lat' dir='ltr'><strong>sum</strong></span> <span class='ocrx_word' id='word_1_105' title='bbox 800 1369 988 1422; x_wconf 81' lang='lat' dir='ltr'><strong>ostium</strong></span> <span class='ocrx_word' id='word_1_106' title='bbox 1013 1368 1261 1442; x_wconf 87' lang='lat' dir='ltr'><strong>(Ibidem)</strong></span> <span class='ocrx_word' id='word_1_107' title='bbox 1292 1388 1305 1424; x_wconf 90' lang='lat'>:</span> <span class='ocrx_word' id='word_1_108' title='bbox 1337 1370 1426 1425; x_wconf 90' lang='lat' dir='ltr'><strong>ille</strong></span> <span class='ocrx_word' id='word_1_109' title='bbox 1450 1385 1579 1441; x_wconf 87' lang='lat' dir='ltr'><strong>ergo</strong></span> <span class='ocrx_word' id='word_1_110' title='bbox 1604 1373 1674 1428; x_wconf 90' lang='lat' dir='ltr'><strong>ad</strong></span> <span class='ocrx_word' id='word_1_111' title='bbox 1694 1373 1836 1427; x_wconf 85' lang='lat' dir='ltr'><strong>ovile</strong></span> 
     </span>
    </p>
   </div>
   <div class='ocr_carea' id='block_1_16' title="bbox 251 1457 1835 1532">
    <p class='ocr_par' dir='ltr' id='par_1_16' title="bbox 251 1457 1835 1532">
     <span class='ocr_line' id='line_1_16' title="bbox 251 1457 1835 1532; baseline 0.003 -20"><span class='ocrx_word' id='word_1_112' title='bbox 251 1457 420 1513; x_wconf 80' lang='lat' dir='ltr'><strong>intrat</strong></span> <span class='ocrx_word' id='word_1_113' title='bbox 443 1470 545 1527; x_wconf 90' lang='lat' dir='ltr'><strong>per</strong></span> <span class='ocrx_word' id='word_1_114' title='bbox 570 1457 792 1523; x_wconf 85' lang='lat' dir='ltr'><strong>ostium,</strong></span> <span class='ocrx_word' id='word_1_115' title='bbox 814 1474 908 1528; x_wconf 78' lang='lat' dir='ltr'><strong>qui</strong></span> <span class='ocrx_word' id='word_1_116' title='bbox 939 1459 1105 1515; x_wconf 85' lang='lat' dir='ltr'><strong>intrat</strong></span> <span class='ocrx_word' id='word_1_117' title='bbox 1128 1476 1227 1531; x_wconf 87' lang='lat' dir='ltr'><strong>per</strong></span> <span class='ocrx_word' id='word_1_118' title='bbox 1251 1461 1545 1517; x_wconf 84' lang='lat' dir='ltr'><strong>Christum.</strong></span> <span class='ocrx_word' id='word_1_119' title='bbox 1581 1462 1701 1532; x_wconf 80' lang='lat' dir='ltr'><strong>ipse</strong></span> <span class='ocrx_word' id='word_1_120' title='bbox 1740 1479 1835 1519; x_wconf 90' lang='lat' dir='ltr'><strong>au-</strong></span> 
     </span>
    </p>
   </div>
   <div class='ocr_carea' id='block_1_17' title="bbox 184 1548 1838 1622">
    <p class='ocr_par' dir='ltr' id='par_1_17' title="bbox 184 1548 1838 1622">
     <span class='ocr_line' id='line_1_17' title="bbox 184 1548 1838 1622; baseline 0.003 -16"><span class='ocrx_word' id='word_1_121' title='bbox 184 1602 188 1606; x_wconf 18' lang='lat'><strong>.</strong></span> <span class='ocrx_word' id='word_1_122' title='bbox 254 1557 362 1605; x_wconf 88' lang='lat' dir='ltr'><strong>tem</strong></span> <span class='ocrx_word' id='word_1_123' title='bbox 393 1565 490 1621; x_wconf 90' lang='lat' dir='ltr'><strong>per</strong></span> <span class='ocrx_word' id='word_1_124' title='bbox 509 1548 786 1607; x_wconf 84' lang='lat' dir='ltr'><strong>Christum</strong></span> <span class='ocrx_word' id='word_1_125' title='bbox 820 1552 1007 1617; x_wconf 84' lang='lat' dir='ltr'><strong>intrat,</strong></span> <span class='ocrx_word' id='word_1_126' title='bbox 1040 1552 1131 1622; x_wconf 91' lang='lat' dir='ltr'><strong>qui</strong></span> <span class='ocrx_word' id='word_1_127' title='bbox 1162 1553 1230 1609; x_wconf 83' lang='lat' dir='ltr'><strong>de</strong></span> <span class='ocrx_word' id='word_1_128' title='bbox 1258 1553 1448 1608; x_wconf 79' lang='lat' dir='ltr'><strong>eodem</strong></span> <span class='ocrx_word' id='word_1_129' title='bbox 1478 1554 1757 1610; x_wconf 87' lang='lat' dir='ltr'><strong>conditore</strong></span> <span class='ocrx_word' id='word_1_130' title='bbox 1781 1563 1838 1611; x_wconf 92' lang='lat' dir='ltr'><strong>et</strong></span> 
     </span>
    </p>
   </div>
   <div class='ocr_carea' id='block_1_18' title="bbox 253 1628 1834 1715">
    <p class='ocr_par' dir='ltr' id='par_1_18' title="bbox 253 1628 1834 1715">
     <span class='ocr_line' id='line_1_18' title="bbox 253 1628 1834 1715; baseline 0.006 -23"><span class='ocrx_word' id='word_1_131' title='bbox 253 1636 543 1695; x_wconf 84' lang='lat' dir='ltr'><strong>liberatore</strong></span> <span class='ocrx_word' id='word_1_132' title='bbox 571 1640 791 1695; x_wconf 83' lang='lat' dir='ltr'><strong>humani</strong></span> <span class='ocrx_word' id='word_1_133' title='bbox 811 1642 1023 1713; x_wconf 75' lang='lat' dir='ltr'><strong>generis</strong></span> <span class='ocrx_word' id='word_1_134' title='bbox 1049 1628 1332 1699; x_wconf 80' lang='lat' dir='ltr'><strong>veritatem</strong></span> <span class='ocrx_word' id='word_1_135' title='bbox 1361 1644 1664 1714; x_wconf 79' lang='lat' dir='ltr'><strong>intelligens</strong></span> <span class='ocrx_word' id='word_1_136' title='bbox 1692 1661 1834 1715; x_wconf 75' lang='lat' dir='ltr'><strong>prm-</strong></span> 
     </span>
    </p>
   </div>
   <div class='ocr_carea' id='block_1_19' title="bbox 253 1728 1838 1807">
    <p class='ocr_par' dir='ltr' id='par_1_19' title="bbox 253 1728 1838 1807">
     <span class='ocr_line' id='line_1_19' title="bbox 253 1728 1838 1807; baseline 0.006 -23"><span class='ocrx_word' id='word_1_137' title='bbox 253 1728 402 1791; x_wconf 85' lang='lat' dir='ltr'><strong>dicat</strong></span> <span class='ocrx_word' id='word_1_138' title='bbox 425 1737 481 1784; x_wconf 89' lang='lat' dir='ltr'><strong>et</strong></span> <span class='ocrx_word' id='word_1_139' title='bbox 517 1731 774 1798; x_wconf 89' lang='lat' dir='ltr'><strong>custodit,</strong></span> <span class='ocrx_word' id='word_1_140' title='bbox 820 1732 1037 1788; x_wconf 89' lang='lat' dir='ltr'><strong>culmen</strong></span> <span class='ocrx_word' id='word_1_141' title='bbox 1067 1734 1345 1805; x_wconf 71' lang='lat' dir='ltr'><strong>regiminis</strong></span> <span class='ocrx_word' id='word_1_142' title='bbox 1368 1736 1438 1792; x_wconf 88' lang='lat' dir='ltr'><strong>ad</strong></span> <span class='ocrx_word' id='word_1_143' title='bbox 1454 1735 1691 1792; x_wconf 79' lang='lat' dir='ltr'><strong>alliciunt</strong></span> <span class='ocrx_word' id='word_1_144' title='bbox 1712 1753 1838 1807; x_wconf 87' lang='lat' dir='ltr'><strong>por-</strong></span> 
     </span>
    </p>
   </div>
   <div class='ocr_carea' id='block_1_20' title="bbox 1928 550 3512 627">
    <p class='ocr_par' dir='ltr' id='par_1_20' title="bbox 1928 550 3512 627">
     <span class='ocr_line' id='line_1_20' title="bbox 1928 550 3512 627; baseline 0 -21"><span class='ocrx_word' id='word_1_145' title='bbox 1928 553 2194 627; x_wconf 84' lang='grc' dir='ltr'>ἀχράντου</span> <span class='ocrx_word' id='word_1_146' title='bbox 2238 554 2321 606; x_wconf 88' lang='grc' dir='ltr'><strong>καί</strong></span> <span class='ocrx_word' id='word_1_147' title='bbox 2379 552 2574 611; x_wconf 84' lang='grc' dir='ltr'>ἀληθῶς</span> <span class='ocrx_word' id='word_1_148' title='bbox 2620 551 3012 625; x_wconf 74' lang='grc' dir='ltr'>Θεογεννότορος</span> <span class='ocrx_word' id='word_1_149' title='bbox 3036 592 3051 615; x_wconf 91' lang='lat'><strong>,</strong></span> <span class='ocrx_word' id='word_1_150' title='bbox 3102 550 3277 606; x_wconf 85' lang='grc' dir='ltr'>λοιπὸν</span> <span class='ocrx_word' id='word_1_151' title='bbox 3329 550 3382 607; x_wconf 83' lang='grc' dir='ltr'><strong>δί</strong></span> <span class='ocrx_word' id='word_1_152' title='bbox 3433 554 3512 606; x_wconf 69' lang='grc' dir='ltr'>καὶ</span> 
     </span>
    </p>
   </div>
   <div class='ocr_carea' id='block_1_21' title="bbox 1928 638 3514 711">
    <p class='ocr_par' dir='ltr' id='par_1_21' title="bbox 1928 638 3514 711">
     <span class='ocr_line' id='line_1_21' title="bbox 1928 638 3514 711; baseline -0.001 -16"><span class='ocrx_word' id='word_1_153' title='bbox 1928 647 2028 695; x_wconf 80' lang='grc' dir='ltr'><strong>τῶν</strong></span> <span class='ocrx_word' id='word_1_154' title='bbox 2085 639 2240 710; x_wconf 78' lang='grc' dir='ltr'>ἁγίων</span> <span class='ocrx_word' id='word_1_155' title='bbox 2295 638 2493 705; x_wconf 66' lang='grc' dir='ltr'>αὐτοῦ,</span> <span class='ocrx_word' id='word_1_156' title='bbox 2542 641 2574 699; x_wconf 75' lang='grc' dir='ltr'><strong><em>ἠ</em></strong></span> <span class='ocrx_word' id='word_1_157' title='bbox 2627 639 2852 711; x_wconf 71' lang='grc' dir='ltr'>ὑμετέρα</span> <span class='ocrx_word' id='word_1_158' title='bbox 2904 641 3201 711; x_wconf 71' lang='grc' dir='ltr'>ἠγαπημένη</span> <span class='ocrx_word' id='word_1_159' title='bbox 3260 638 3514 710; x_wconf 77' lang='grc' dir='ltr'>ἀγιωσύνη</span> 
     </span>
    </p>
   </div>
   <div class='ocr_carea' id='block_1_22' title="bbox 1931 729 3514 806">
    <p class='ocr_par' dir='ltr' id='par_1_22' title="bbox 1931 729 3514 806">
     <span class='ocr_line' id='line_1_22' title="bbox 1931 729 3514 806; baseline -0.001 -20"><span class='ocrx_word' id='word_1_160' title='bbox 1931 731 2100 786; x_wconf 74' lang='grc' dir='ltr'>σέϐειν</span> <span class='ocrx_word' id='word_1_161' title='bbox 2144 733 2227 787; x_wconf 80' lang='grc' dir='ltr'><strong>καί</strong></span> <span class='ocrx_word' id='word_1_162' title='bbox 2275 739 2570 805; x_wconf 75' lang='grc' dir='ltr'><strong>προσκυνεῖν</strong></span> <span class='ocrx_word' id='word_1_163' title='bbox 2617 732 2873 795; x_wconf 73' lang='grc' dir='ltr'><strong>συνέθετο,</strong></span> <span class='ocrx_word' id='word_1_164' title='bbox 2912 735 3003 789; x_wconf 70' lang='grc' dir='ltr'><strong>τόν</strong></span> <span class='ocrx_word' id='word_1_165' title='bbox 3052 733 3212 792; x_wconf 63' lang='grc' dir='ltr'>αὐτῆς</span> <span class='ocrx_word' id='word_1_166' title='bbox 3257 729 3514 806; x_wconf 77' lang='grc' dir='ltr'>ὀρθίδοξον</span> 
     </span>
    </p>
   </div>
   <div class='ocr_carea' id='block_1_23' title="bbox 1930 821 3516 897">
    <p class='ocr_par' dir='ltr' id='par_1_23' title="bbox 1930 821 3516 897">
     <span class='ocr_line' id='line_1_23' title="bbox 1930 821 3516 897; baseline -0.001 -20"><span class='ocrx_word' id='word_1_167' title='bbox 1930 825 2249 897; x_wconf 72' lang='grc' dir='ltr'>προαίρεσιν,</span> <span class='ocrx_word' id='word_1_168' title='bbox 2287 824 2372 878; x_wconf 79' lang='grc' dir='ltr'><strong>ίάν</strong></span> <span class='ocrx_word' id='word_1_169' title='bbox 2407 822 2569 883; x_wconf 73' lang='grc' dir='ltr'>καθὼς</span> <span class='ocrx_word' id='word_1_170' title='bbox 2604 821 2884 896; x_wconf 76' lang='grc' dir='ltr'>ἀπήρξατο,</span> <span class='ocrx_word' id='word_1_171' title='bbox 2911 824 3217 894; x_wconf 77' lang='grc' dir='ltr'>παραμείνῃ,</span> <span class='ocrx_word' id='word_1_172' title='bbox 3259 823 3516 883; x_wconf 77' lang='grc' dir='ltr'><strong>παντελῶς</strong></span> 
     </span>
    </p>
   </div>
   <div class='ocr_carea' id='block_1_24' title="bbox 1933 913 3516 987">
    <p class='ocr_par' dir='ltr' id='par_1_24' title="bbox 1933 913 3516 987">
     <span class='ocr_line' id='line_1_24' title="bbox 1933 913 3516 987; baseline 0.003 -22"><span class='ocrx_word' id='word_1_173' title='bbox 1933 913 2251 984; x_wconf 68' lang='grc' dir='ltr'>ἐπαινοῦμεν,</span> <span class='ocrx_word' id='word_1_174' title='bbox 2305 917 2392 968; x_wconf 84' lang='grc' dir='ltr'>καὶ</span> <span class='ocrx_word' id='word_1_175' title='bbox 2438 915 2507 973; x_wconf 83' lang='grc' dir='ltr'><strong>ὡς</strong></span> <span class='ocrx_word' id='word_1_176' title='bbox 2556 920 2860 985; x_wconf 78' lang='grc' dir='ltr'>ποιμαντικῇ</span> <span class='ocrx_word' id='word_1_177' title='bbox 2904 916 3119 987; x_wconf 72' lang='grc' dir='ltr'>μερίμνῃ</span> <span class='ocrx_word' id='word_1_178' title='bbox 3174 916 3516 987; x_wconf 73' lang='grc' dir='ltr'><strong>φροντίζοντες</strong></span> 
     </span>
    </p>
   </div>
   <div class='ocr_carea' id='block_1_25' title="bbox 1935 999 3516 1074">
    <p class='ocr_par' dir='ltr' id='par_1_25' title="bbox 1935 999 3516 1074">
     <span class='ocr_line' id='line_1_25' title="bbox 1935 999 3516 1074; baseline 0.003 -20"><span class='ocrx_word' id='word_1_179' title='bbox 1935 1002 2378 1073; x_wconf 72' lang='grc' dir='ltr'>συμϐουλεύομεν.</span> <span class='ocrx_word' id='word_1_180' title='bbox 2400 1003 2481 1057; x_wconf 82' lang='grc' dir='ltr'>’ἱνα</span> <span class='ocrx_word' id='word_1_181' title='bbox 2525 1007 2615 1060; x_wconf 73' lang='grc' dir='ltr'><strong>τήν</strong></span> <span class='ocrx_word' id='word_1_182' title='bbox 2660 999 2916 1074; x_wconf 83' lang='grc' dir='ltr'>ὀρθόδοξον</span> <span class='ocrx_word' id='word_1_183' title='bbox 2951 1005 3151 1067; x_wconf 83' lang='grc' dir='ltr'>πίστιν,</span> <span class='ocrx_word' id='word_1_184' title='bbox 3186 1004 3342 1073; x_wconf 74' lang='grc' dir='ltr'>ἤνπερ</span> <span class='ocrx_word' id='word_1_185' title='bbox 3381 1002 3516 1067; x_wconf 77' lang='grc' dir='ltr'>ἅπαξ</span> 
     </span>
    </p>
   </div>
   <div class='ocr_carea' id='block_1_26' title="bbox 1934 1091 3518 1168">
    <p class='ocr_par' dir='ltr' id='par_1_26' title="bbox 1934 1091 3518 1168">
     <span class='ocr_line' id='line_1_26' title="bbox 1934 1091 3518 1168; baseline 0.002 -22"><span class='ocrx_word' id='word_1_186' title='bbox 1934 1093 2274 1164; x_wconf 83' lang='grc' dir='ltr'>ὡμολόγησεν,</span> <span class='ocrx_word' id='word_1_187' title='bbox 2302 1094 2608 1163; x_wconf 74' lang='grc' dir='ltr'><strong>ἀμετάθετον</strong></span> <span class='ocrx_word' id='word_1_188' title='bbox 2643 1091 2926 1168; x_wconf 69' lang='grc' dir='ltr'>διατηρήσῃ</span> <span class='ocrx_word' id='word_1_189' title='bbox 2955 1093 3281 1163; x_wconf 82' lang='grc' dir='ltr'>κηρύττουσα</span> <span class='ocrx_word' id='word_1_190' title='bbox 3312 1096 3395 1148; x_wconf 86' lang='grc' dir='ltr'><strong>καί</strong></span> <span class='ocrx_word' id='word_1_191' title='bbox 3440 1091 3518 1149; x_wconf 81' lang='grc' dir='ltr'>δι·</span> 
     </span>
    </p>
   </div>
   <div class='ocr_carea' id='block_1_27' title="bbox 1934 1180 3519 1254">
    <p class='ocr_par' dir='ltr' id='par_1_27' title="bbox 1934 1180 3519 1254">
     <span class='ocr_line' id='line_1_27' title="bbox 1934 1180 3519 1254; baseline -0.002 -14"><span class='ocrx_word' id='word_1_192' title='bbox 1934 1184 2220 1241; x_wconf 85' lang='grc' dir='ltr'>δάσκουσα.</span> <span class='ocrx_word' id='word_1_193' title='bbox 2264 1202 2282 1234; x_wconf 80' lang='grc' dir='ltr'><strong>ε</strong></span> <span class='ocrx_word' id='word_1_194' title='bbox 2311 1184 2549 1254; x_wconf 79' lang='grc' dir='ltr'>Θεμίλιον</span> <span class='ocrx_word' id='word_1_195' title='bbox 2592 1183 2691 1253; x_wconf 82' lang='grc' dir='ltr'><strong>γάρ</strong></span> <span class='ocrx_word' id='word_1_196' title='bbox 2720 1180 2862 1237; x_wconf 77' lang='grc' dir='ltr'>ἄλλον</span> <span class='ocrx_word' id='word_1_197' title='bbox 2897 1182 3055 1244; x_wconf 80' lang='grc' dir='ltr'>οὐδεὶς</span> <span class='ocrx_word' id='word_1_198' title='bbox 3105 1180 3316 1239; x_wconf 76' lang='grc' dir='ltr'>δύναται</span> <span class='ocrx_word' id='word_1_199' title='bbox 3362 1185 3519 1237; x_wconf 76' lang='grc' dir='ltr'>θεῖναι</span> 
     </span>
    </p>
   </div>
   <div class='ocr_carea' id='block_1_28' title="bbox 1933 1272 3521 1351">
    <p class='ocr_par' dir='ltr' id='par_1_28' title="bbox 1933 1272 3521 1351">
     <span class='ocr_line' id='line_1_28' title="bbox 1933 1272 3521 1351; baseline -0.003 -20"><span class='ocrx_word' id='word_1_200' title='bbox 1933 1277 2081 1351; x_wconf 82' lang='grc' dir='ltr'>παρά</span> <span class='ocrx_word' id='word_1_201' title='bbox 2122 1276 2205 1331; x_wconf 81' lang='grc' dir='ltr'><strong>τόν</strong></span> <span class='ocrx_word' id='word_1_202' title='bbox 2236 1278 2459 1346; x_wconf 88' lang='grc' dir='ltr'>κείμενον</span> <span class='ocrx_word' id='word_1_203' title='bbox 2485 1314 2501 1339; x_wconf 82' lang='grc'><em>,</em></span> <span class='ocrx_word' id='word_1_204' title='bbox 2551 1273 2609 1336; x_wconf 83' lang='grc' dir='ltr'>ὅς</span> <span class='ocrx_word' id='word_1_205' title='bbox 2659 1276 2797 1329; x_wconf 69' lang='grc' dir='ltr'>ἐστιν</span> <span class='ocrx_word' id='word_1_206' title='bbox 2849 1272 3051 1336; x_wconf 75' lang='grc' dir='ltr'>Ἰησοῦς</span> <span class='ocrx_word' id='word_1_207' title='bbox 3101 1274 3338 1351; x_wconf 81' lang='grc' dir='ltr'>Χριστός.</span> <span class='ocrx_word' id='word_1_208' title='bbox 3375 1294 3392 1324; x_wconf 80' lang='grc' dir='ltr'><strong>ι</strong></span> <span class='ocrx_word' id='word_1_209' title='bbox 3433 1278 3521 1335; x_wconf 76' lang='grc' dir='ltr'>Τις</span> 
     </span>
    </p>
   </div>
   <div class='ocr_carea' id='block_1_29' title="bbox 1933 1362 3519 1440">
    <p class='ocr_par' dir='ltr' id='par_1_29' title="bbox 1933 1362 3519 1440">
     <span class='ocr_line' id='line_1_29' title="bbox 1933 1362 3519 1440; baseline -0.002 -19"><span class='ocrx_word' id='word_1_210' title='bbox 1933 1362 2030 1421; x_wconf 73' lang='grc' dir='ltr'>οὖν</span> <span class='ocrx_word' id='word_1_211' title='bbox 2078 1375 2169 1428; x_wconf 80' lang='grc' dir='ltr'>τῆς</span> <span class='ocrx_word' id='word_1_212' title='bbox 2222 1369 2530 1437; x_wconf 77' lang='grc' dir='ltr'>ὁγαπήσεως</span> <span class='ocrx_word' id='word_1_213' title='bbox 2585 1370 2679 1420; x_wconf 80' lang='grc' dir='ltr'><strong>τοῦ</strong></span> <span class='ocrx_word' id='word_1_214' title='bbox 2736 1371 2961 1440; x_wconf 78' lang='grc' dir='ltr'>Χριστοῦ</span> <span class='ocrx_word' id='word_1_215' title='bbox 3017 1368 3095 1421; x_wconf 71' lang='lat' dir='ltr'><strong>mi</strong></span> <span class='ocrx_word' id='word_1_216' title='bbox 3153 1370 3242 1419; x_wconf 80' lang='grc' dir='ltr'>τοῦ</span> <span class='ocrx_word' id='word_1_217' title='bbox 3287 1365 3519 1427; x_wconf 79' lang='grc' dir='ltr'>πλησίον,</span> 
     </span>
    </p>
   </div>
   <div class='ocr_carea' id='block_1_30' title="bbox 1936 1452 3523 1531">
    <p class='ocr_par' dir='ltr' id='par_1_30' title="bbox 1936 1452 3523 1531">
     <span class='ocr_line' id='line_1_30' title="bbox 1936 1452 3523 1531; baseline -0.001 -21"><span class='ocrx_word' id='word_1_218' title='bbox 1936 1465 2027 1517; x_wconf 80' lang='grc' dir='ltr'><strong>τῆς</strong></span> <span class='ocrx_word' id='word_1_219' title='bbox 2082 1457 2132 1510; x_wconf 79' lang='grc' dir='ltr'>ἕν</span> <span class='ocrx_word' id='word_1_220' title='bbox 2173 1463 2380 1527; x_wconf 73' lang='grc' dir='ltr'>Χριστῷ</span> <span class='ocrx_word' id='word_1_221' title='bbox 2429 1452 2609 1514; x_wconf 68' lang='grc' dir='ltr'>οὔσης.</span> <span class='ocrx_word' id='word_1_222' title='bbox 2655 1454 2715 1509; x_wconf 89' lang='grc' dir='ltr'>τὸ</span> <span class='ocrx_word' id='word_1_223' title='bbox 2763 1459 3024 1529; x_wconf 74' lang='grc' dir='ltr'>στήριγμα</span> <span class='ocrx_word' id='word_1_224' title='bbox 3072 1464 3269 1531; x_wconf 81' lang='grc' dir='ltr'>κρατῶν</span> <span class='ocrx_word' id='word_1_225' title='bbox 3312 1460 3398 1511; x_wconf 85' lang='grc' dir='ltr'><strong>τόν</strong></span> <span class='ocrx_word' id='word_1_226' title='bbox 3432 1459 3523 1509; x_wconf 60' lang='grc' dir='ltr'><strong>φὺ-</strong></span> 
     </span>
    </p>
   </div>
   <div class='ocr_carea' id='block_1_31' title="bbox 1936 1543 3524 1620">
    <p class='ocr_par' dir='ltr' id='par_1_31' title="bbox 1936 1543 3524 1620">
     <span class='ocr_line' id='line_1_31' title="bbox 1936 1543 3524 1620; baseline -0.003 -19"><span class='ocrx_word' id='word_1_227' title='bbox 1936 1548 2026 1601; x_wconf 85' lang='grc' dir='ltr'><strong>τόν</strong></span> <span class='ocrx_word' id='word_1_228' title='bbox 2069 1544 2260 1603; x_wconf 80' lang='grc' dir='ltr'><strong>Ἰησοῦν</strong></span> <span class='ocrx_word' id='word_1_229' title='bbox 2300 1545 2518 1618; x_wconf 81' lang='grc' dir='ltr'>Χριστὸν</span> <span class='ocrx_word' id='word_1_230' title='bbox 2556 1543 2639 1599; x_wconf 87' lang='grc' dir='ltr'><strong>τόν</strong></span> <span class='ocrx_word' id='word_1_231' title='bbox 2676 1549 2770 1599; x_wconf 76' lang='grc' dir='ltr'>τοῦ</span> <span class='ocrx_word' id='word_1_232' title='bbox 2819 1550 2946 1598; x_wconf 83' lang='grc' dir='ltr'>Θεοῦ</span> <span class='ocrx_word' id='word_1_233' title='bbox 2991 1546 3073 1598; x_wconf 82' lang='grc' dir='ltr'><strong>καί</strong></span> <span class='ocrx_word' id='word_1_234' title='bbox 3114 1546 3377 1620; x_wconf 82' lang='grc' dir='ltr'>ἀνθρώπου</span> <span class='ocrx_word' id='word_1_235' title='bbox 3411 1545 3524 1599; x_wconf 58' lang='lat' dir='ltr'><strong>rte»</strong></span> 
     </span>
    </p>
   </div>
   <div class='ocr_carea' id='block_1_32' title="bbox 1937 1631 3524 1710">
    <p class='ocr_par' dir='ltr' id='par_1_32' title="bbox 1937 1631 3524 1710">
     <span class='ocr_line' id='line_1_32' title="bbox 1937 1631 3524 1710; baseline -0.001 -21"><span class='ocrx_word' id='word_1_236' title='bbox 1937 1633 2062 1710; x_wconf 86' lang='grc' dir='ltr'>παρ’</span> <span class='ocrx_word' id='word_1_237' title='bbox 2078 1635 2246 1706; x_wconf 74' lang='grc' dir='ltr'>ἑαυτῷ</span> <span class='ocrx_word' id='word_1_238' title='bbox 2307 1635 2394 1687; x_wconf 79' lang='grc' dir='ltr'>οὐκ</span> <span class='ocrx_word' id='word_1_239' title='bbox 2442 1631 2582 1689; x_wconf 70' lang='grc' dir='ltr'>ἔθετο</span> <span class='ocrx_word' id='word_1_240' title='bbox 2636 1634 2881 1703; x_wconf 74' lang='grc' dir='ltr'>θεμέλιον.</span> <span class='ocrx_word' id='word_1_241' title='bbox 2950 1632 3374 1708; x_wconf 64' lang='grc' dir='ltr'>Ὀμολογνιύμειον</span> <span class='ocrx_word' id='word_1_242' title='bbox 3424 1636 3524 1709; x_wconf 73' lang='grc' dir='ltr'><strong>γάρ</strong></span> 
     </span>
    </p>
   </div>
   <div class='ocr_carea' id='block_1_33' title="bbox 1938 1721 3524 1798">
    <p class='ocr_par' dir='ltr' id='par_1_33' title="bbox 1938 1721 3524 1798">
     <span class='ocr_line' id='line_1_33' title="bbox 1938 1721 3524 1798; baseline -0.002 -18"><span class='ocrx_word' id='word_1_243' title='bbox 1938 1728 2097 1791; x_wconf 73' lang='grc' dir='ltr'>ἔστιν,</span> <span class='ocrx_word' id='word_1_244' title='bbox 2137 1722 2217 1782; x_wconf 84' lang='grc' dir='ltr'>ὅτι</span> <span class='ocrx_word' id='word_1_245' title='bbox 2256 1721 2382 1780; x_wconf 84' lang='grc' dir='ltr'>ὅπου</span> <span class='ocrx_word' id='word_1_246' title='bbox 2421 1723 2449 1781; x_wconf 84' lang='grc' dir='ltr'><strong>ὁ</strong></span> <span class='ocrx_word' id='word_1_247' title='bbox 2486 1726 2708 1798; x_wconf 78' lang='grc' dir='ltr'>Χριστός</span> <span class='ocrx_word' id='word_1_248' title='bbox 2750 1724 2970 1793; x_wconf 76' lang='grc' dir='ltr'><strong>θεμέλιος</strong></span> <span class='ocrx_word' id='word_1_249' title='bbox 3003 1726 3140 1789; x_wconf 70' lang='grc' dir='ltr'>ἐστι,</span> <span class='ocrx_word' id='word_1_250' title='bbox 3181 1721 3281 1780; x_wconf 79' lang='grc' dir='ltr'><strong>τῶν</strong></span> <span class='ocrx_word' id='word_1_251' title='bbox 3327 1725 3524 1796; x_wconf 78' lang='grc' dir='ltr'>ἀγαθῶν</span> 
     </span>
    </p>
   </div>
   <div class='ocr_carea' id='block_1_34' title="bbox 255 1816 1850 1898">
    <p class='ocr_par' dir='ltr' id='par_1_34' title="bbox 255 1818 1837 1897">
     <span class='ocr_line' id='line_1_34' title="bbox 255 1818 1837 1897; baseline 0.008 -25"><span class='ocrx_word' id='word_1_252' title='bbox 255 1818 407 1873; x_wconf 85' lang='lat' dir='ltr'><strong>tandi</strong></span> <span class='ocrx_word' id='word_1_253' title='bbox 427 1819 607 1875; x_wconf 87' lang='lat' dir='ltr'><strong>oneris</strong></span> <span class='ocrx_word' id='word_1_254' title='bbox 629 1821 873 1891; x_wconf 90' lang='lat' dir='ltr'><strong>suscipit,</strong></span> <span class='ocrx_word' id='word_1_255' title='bbox 898 1838 1004 1878; x_wconf 90' lang='lat' dir='ltr'><strong>non</strong></span> <span class='ocrx_word' id='word_1_256' title='bbox 1024 1824 1093 1880; x_wconf 91' lang='lat' dir='ltr'><strong>ad</strong></span> <span class='ocrx_word' id='word_1_257' title='bbox 1106 1824 1401 1895; x_wconf 87' lang='lat' dir='ltr'><strong>appetitum</strong></span> <span class='ocrx_word' id='word_1_258' title='bbox 1428 1827 1612 1897; x_wconf 79' lang='lat' dir='ltr'><strong>gloriae</strong></span> <span class='ocrx_word' id='word_1_259' title='bbox 1637 1830 1837 1883; x_wconf 85' lang='lat' dir='ltr'><strong>transi-</strong></span> 
     </span>
    </p>
   </div>
   <div class='ocr_carea' id='block_1_35' title="bbox 1952 1816 3525 1898">
    <p class='ocr_par' dir='ltr' id='par_1_35' title="bbox 1952 1816 3525 1898">
     <span class='ocr_line' id='line_1_35' title="bbox 1952 1816 3525 1898; baseline -0.003 -23"><span class='ocrx_word' id='word_1_260' title='bbox 1952 1818 2099 1898; x_wconf 69' lang='grc' dir='ltr'>ἴργων</span> <span class='ocrx_word' id='word_1_261' title='bbox 2152 1819 2469 1885; x_wconf 82' lang='grc' dir='ltr'>ίξακολουθεῖ</span> <span class='ocrx_word' id='word_1_262' title='bbox 2516 1821 2547 1877; x_wconf 72' lang='grc' dir='ltr'><strong>ἧ</strong></span> <span class='ocrx_word' id='word_1_263' title='bbox 2592 1816 2850 1889; x_wconf 83' lang='grc' dir='ltr'>οἰκοδομή.</span> <span class='ocrx_word' id='word_1_264' title='bbox 2905 1817 3041 1876; x_wconf 67' lang='grc' dir='ltr'>Δῦτη</span> <span class='ocrx_word' id='word_1_265' title='bbox 3083 1824 3205 1890; x_wconf 81' lang='grc' dir='ltr'>γοῦν</span> <span class='ocrx_word' id='word_1_266' title='bbox 3255 1816 3317 1872; x_wconf 80' lang='grc' dir='ltr'>δι’</span> <span class='ocrx_word' id='word_1_267' title='bbox 3342 1817 3525 1877; x_wconf 66' lang='grc' dir='ltr'>ἑαυτῆς</span> 
     </span>
    </p>
   </div>
   <div class='ocr_carea' id='block_1_36' title="bbox 253 1908 1840 1986">
    <p class='ocr_par' dir='ltr' id='par_1_36' title="bbox 253 1908 1840 1986">
     <span class='ocr_line' id='line_1_36' title="bbox 253 1908 1840 1986; baseline 0.01 -25"><span class='ocrx_word' id='word_1_268' title='bbox 253 1908 384 1964; x_wconf 88' lang='lat' dir='ltr'><strong>torii</strong></span> <span class='ocrx_word' id='word_1_269' title='bbox 427 1909 682 1975; x_wconf 84' lang='lat' dir='ltr'><strong>honoris,</strong></span> <span class='ocrx_word' id='word_1_270' title='bbox 731 1927 877 1968; x_wconf 75' lang='lat' dir='ltr'><strong>curae</strong></span> <span class='ocrx_word' id='word_1_271' title='bbox 914 1929 1127 1984; x_wconf 88' lang='lat' dir='ltr'><strong>quoque</strong></span> <span class='ocrx_word' id='word_1_272' title='bbox 1156 1918 1391 1986; x_wconf 87' lang='lat' dir='ltr'><strong>suscepti</strong></span> <span class='ocrx_word' id='word_1_273' title='bbox 1423 1920 1582 1976; x_wconf 88' lang='lat' dir='ltr'><strong>ovilis</strong></span> <span class='ocrx_word' id='word_1_274' title='bbox 1609 1921 1840 1978; x_wconf 87' lang='lat' dir='ltr'><strong>solerter</strong></span> 
     </span>
    </p>
   </div>
   <div class='ocr_carea' id='block_1_37' title="bbox 256 1999 1842 2081">
    <p class='ocr_par' dir='ltr' id='par_1_37' title="bbox 256 1999 1842 2081">
     <span class='ocr_line' id='line_1_37' title="bbox 256 1999 1842 2081; baseline 0.009 -26"><span class='ocrx_word' id='word_1_275' title='bbox 256 1999 521 2069; x_wconf 77' lang='lat' dir='ltr'><strong>invigilat,</strong></span> <span class='ocrx_word' id='word_1_276' title='bbox 560 2016 629 2056; x_wconf 89' lang='lat' dir='ltr'><strong>ne</strong></span> <span class='ocrx_word' id='word_1_277' title='bbox 656 2017 784 2059; x_wconf 90' lang='lat' dir='ltr'><strong>oves</strong></span> <span class='ocrx_word' id='word_1_278' title='bbox 807 2003 897 2058; x_wconf 88' lang='lat' dir='ltr'><strong>Dei</strong></span> <span class='ocrx_word' id='word_1_279' title='bbox 919 2012 1014 2060; x_wconf 89' lang='lat' dir='ltr'><strong>aut</strong></span> <span class='ocrx_word' id='word_1_280' title='bbox 1039 2008 1278 2075; x_wconf 79' lang='lat' dir='ltr'><strong>perversi</strong></span> <span class='ocrx_word' id='word_1_281' title='bbox 1306 2009 1553 2067; x_wconf 86' lang='lat' dir='ltr'><strong>homines</strong></span> <span class='ocrx_word' id='word_1_282' title='bbox 1579 2026 1745 2081; x_wconf 88' lang='lat' dir='ltr'><strong>prava</strong></span> <span class='ocrx_word' id='word_1_283' title='bbox 1770 2014 1842 2069; x_wconf 91' lang='lat' dir='ltr'><strong>lo-</strong></span> 
     </span>
    </p>
   </div>
   <div class='ocr_carea' id='block_1_38' title="bbox 254 2093 1839 2169">
    <p class='ocr_par' dir='ltr' id='par_1_38' title="bbox 254 2093 1839 2169">
     <span class='ocr_line' id='line_1_38' title="bbox 254 2093 1839 2169; baseline 0.009 -24"><span class='ocrx_word' id='word_1_284' title='bbox 254 2100 486 2162; x_wconf 83' lang='lat' dir='ltr'><strong>quentes</strong></span> <span class='ocrx_word' id='word_1_285' title='bbox 504 2093 784 2159; x_wconf 85' lang='lat' dir='ltr'><strong>dilanient,</strong></span> <span class='ocrx_word' id='word_1_286' title='bbox 818 2104 912 2152; x_wconf 88' lang='lat' dir='ltr'><strong>aut</strong></span> <span class='ocrx_word' id='word_1_287' title='bbox 952 2098 1170 2169; x_wconf 75' lang='lat' dir='ltr'><strong>maligni</strong></span> <span class='ocrx_word' id='word_1_288' title='bbox 1197 2100 1419 2169; x_wconf 83' lang='lat' dir='ltr'><strong>spiritus</strong></span> <span class='ocrx_word' id='word_1_289' title='bbox 1445 2102 1839 2160; x_wconf 83' lang='lat' dir='ltr'><strong>oblectamenta</strong></span> 
     </span>
    </p>
   </div>
   <div class='ocr_carea' id='block_1_39' title="bbox 257 2182 1835 2257">
    <p class='ocr_par' dir='ltr' id='par_1_39' title="bbox 257 2182 1835 2257">
     <span class='ocr_line' id='line_1_39' title="bbox 257 2182 1835 2257; baseline 0.01 -22"><span class='ocrx_word' id='word_1_290' title='bbox 257 2182 515 2237; x_wconf 84' lang='lat' dir='ltr'><strong>vitiorum</strong></span> <span class='ocrx_word' id='word_1_291' title='bbox 541 2183 831 2241; x_wconf 85' lang='lat' dir='ltr'><strong>suadentes</strong></span> <span class='ocrx_word' id='word_1_292' title='bbox 855 2187 1157 2243; x_wconf 85' lang='lat' dir='ltr'><strong>devastent.</strong></span> <span class='ocrx_word' id='word_1_293' title='bbox 1208 2189 1367 2246; x_wconf 89' lang='lat' dir='ltr'><strong>Certe</strong></span> <span class='ocrx_word' id='word_1_294' title='bbox 1405 2193 1623 2248; x_wconf 88' lang='lat' dir='ltr'><strong>beatum</strong></span> <span class='ocrx_word' id='word_1_295' title='bbox 1650 2192 1835 2257; x_wconf 71' lang='lat' dir='ltr'><strong>Iacob,</strong></span> 
     </span>
    </p>
   </div>
   <div class='ocr_carea' id='block_1_40' title="bbox 256 2274 1837 2345">
    <p class='ocr_par' dir='ltr' id='par_1_40' title="bbox 256 2274 1837 2345">
     <span class='ocr_line' id='line_1_40' title="bbox 256 2274 1837 2345; baseline 0.008 -17"><span class='ocrx_word' id='word_1_296' title='bbox 256 2274 352 2345; x_wconf 91' lang='lat' dir='ltr'><strong>qui</strong></span> <span class='ocrx_word' id='word_1_297' title='bbox 373 2288 472 2344; x_wconf 90' lang='lat' dir='ltr'><strong>pro</strong></span> <span class='ocrx_word' id='word_1_298' title='bbox 501 2275 758 2333; x_wconf 76' lang='lat' dir='ltr'><strong>uxoribus</strong></span> <span class='ocrx_word' id='word_1_299' title='bbox 779 2276 871 2333; x_wconf 91' lang='lat' dir='ltr'><strong>diu</strong></span> <span class='ocrx_word' id='word_1_300' title='bbox 892 2279 1189 2345; x_wconf 87' lang='lat' dir='ltr'><strong>servierat,</strong></span> <span class='ocrx_word' id='word_1_301' title='bbox 1233 2281 1433 2339; x_wconf 77' lang='lat' dir='ltr'><strong>dixisse</strong></span> <span class='ocrx_word' id='word_1_302' title='bbox 1456 2284 1801 2341; x_wconf 86' lang='lat' dir='ltr'><strong>meminimus</strong></span> <span class='ocrx_word' id='word_1_303' title='bbox 1826 2305 1837 2340; x_wconf 87' lang='lat'><strong>:</strong></span> 
     </span>
    </p>
   </div>
   <div class='ocr_carea' id='block_1_41' title="bbox 258 2371 1843 2453">
    <p class='ocr_par' dir='ltr' id='par_1_41' title="bbox 258 2371 1843 2453">
     <span class='ocr_line' id='line_1_41' title="bbox 258 2371 1843 2453; baseline 0.008 -27"><span class='ocrx_word' id='word_1_304' title='bbox 258 2387 289 2416; x_wconf 79' lang='lat' dir='ltr'><strong>II</strong></span> <span class='ocrx_word' id='word_1_305' title='bbox 328 2371 525 2444; x_wconf 79' lang='lat' dir='ltr'><strong>Viginti</strong></span> <span class='ocrx_word' id='word_1_306' title='bbox 552 2375 705 2432; x_wconf 75' lang='lat' dir='ltr'><strong>amris</strong></span> <span class='ocrx_word' id='word_1_307' title='bbox 738 2375 818 2445; x_wconf 77' lang='lat' dir='ltr'><strong>fui</strong></span> <span class='ocrx_word' id='word_1_308' title='bbox 854 2386 1054 2439; x_wconf 82' lang='lat' dir='ltr'><strong>tecum;</strong></span> <span class='ocrx_word' id='word_1_309' title='bbox 1084 2396 1201 2434; x_wconf 78' lang='lat' dir='ltr'><strong>oves</strong></span> <span class='ocrx_word' id='word_1_310' title='bbox 1234 2391 1340 2435; x_wconf 75' lang='lat' dir='ltr'><strong>tute</strong></span> <span class='ocrx_word' id='word_1_311' title='bbox 1370 2390 1420 2435; x_wconf 86' lang='lat' dir='ltr'><strong>et</strong></span> <span class='ocrx_word' id='word_1_312' title='bbox 1446 2397 1620 2453; x_wconf 71' lang='lat' dir='ltr'><strong>capra:</strong></span> <span class='ocrx_word' id='word_1_313' title='bbox 1642 2384 1843 2440; x_wconf 77' lang='lat' dir='ltr'><strong>steriles</strong></span> 
     </span>
    </p>
   </div>
   <div class='ocr_carea' id='block_1_42' title="bbox 258 2463 1846 2540">
    <p class='ocr_par' dir='ltr' id='par_1_42' title="bbox 258 2463 1846 2540">
     <span class='ocr_line' id='line_1_42' title="bbox 258 2463 1846 2540; baseline 0.006 -20"><span class='ocrx_word' id='word_1_314' title='bbox 258 2480 367 2521; x_wconf 71' lang='lat' dir='ltr'><strong>non</strong></span> <span class='ocrx_word' id='word_1_315' title='bbox 403 2463 661 2534; x_wconf 76' lang='lat' dir='ltr'><strong>fuerunt;</strong></span> <span class='ocrx_word' id='word_1_316' title='bbox 705 2467 891 2523; x_wconf 84' lang='lat' dir='ltr'><strong>arietes</strong></span> <span class='ocrx_word' id='word_1_317' title='bbox 924 2471 1095 2540; x_wconf 80' lang='lat' dir='ltr'><strong>gregis</strong></span> <span class='ocrx_word' id='word_1_318' title='bbox 1133 2471 1210 2525; x_wconf 86' lang='lat' dir='ltr'><strong>tui</strong></span> <span class='ocrx_word' id='word_1_319' title='bbox 1239 2487 1343 2526; x_wconf 83' lang='lat' dir='ltr'><strong>non</strong></span> <span class='ocrx_word' id='word_1_320' title='bbox 1364 2474 1586 2538; x_wconf 82' lang='lat' dir='ltr'><strong>comedi,</strong></span> <span class='ocrx_word' id='word_1_321' title='bbox 1628 2491 1720 2529; x_wconf 81' lang='lat' dir='ltr'><strong>nec</strong></span> <span class='ocrx_word' id='word_1_322' title='bbox 1755 2493 1846 2530; x_wconf 86' lang='lat' dir='ltr'><strong>ca-</strong></span> 
     </span>
    </p>
   </div>
   <div class='ocr_carea' id='block_1_43' title="bbox 257 2558 1846 2633">
    <p class='ocr_par' dir='ltr' id='par_1_43' title="bbox 257 2558 1846 2633">
     <span class='ocr_line' id='line_1_43' title="bbox 257 2558 1846 2633; baseline 0.006 -22"><span class='ocrx_word' id='word_1_323' title='bbox 257 2564 409 2628; x_wconf 72' lang='lat' dir='ltr'><strong>ptatus</strong></span> <span class='ocrx_word' id='word_1_324' title='bbox 429 2574 463 2611; x_wconf 82' lang='grc' dir='ltr'><strong>α</strong></span> <span class='ocrx_word' id='word_1_325' title='bbox 482 2558 646 2614; x_wconf 80' lang='lat' dir='ltr'><strong>bestia</strong></span> <span class='ocrx_word' id='word_1_326' title='bbox 667 2559 869 2615; x_wconf 77' lang='lat' dir='ltr'><strong>ostendi</strong></span> <span class='ocrx_word' id='word_1_327' title='bbox 904 2561 1018 2617; x_wconf 85' lang='lat' dir='ltr'><strong>tibi.</strong></span> <span class='ocrx_word' id='word_1_328' title='bbox 1067 2561 1181 2633; x_wconf 84' lang='lat' dir='ltr'><strong>Ege</strong></span> <span class='ocrx_word' id='word_1_329' title='bbox 1205 2562 1456 2618; x_wconf 82' lang='lat' dir='ltr'><strong>damnum</strong></span> <span class='ocrx_word' id='word_1_330' title='bbox 1484 2582 1636 2621; x_wconf 81' lang='lat' dir='ltr'><strong>omne</strong></span> <span class='ocrx_word' id='word_1_331' title='bbox 1664 2567 1846 2620; x_wconf 83' lang='lat' dir='ltr'><strong>redde-</strong></span> 
     </span>
    </p>
   </div>
   <div class='ocr_carea' id='block_1_44' title="bbox 259 2649 1847 2726">
    <p class='ocr_par' dir='ltr' id='par_1_44' title="bbox 259 2649 1847 2726">
     <span class='ocr_line' id='line_1_44' title="bbox 259 2649 1847 2726; baseline 0.004 -21"><span class='ocrx_word' id='word_1_332' title='bbox 259 2649 418 2714; x_wconf 66' lang='lat' dir='ltr'><strong>bant;</strong></span> <span class='ocrx_word' id='word_1_333' title='bbox 443 2649 699 2721; x_wconf 80' lang='lat' dir='ltr'><strong>quidquid</strong></span> <span class='ocrx_word' id='word_1_334' title='bbox 726 2651 867 2721; x_wconf 75' lang='lat' dir='ltr'><strong>furto</strong></span> <span class='ocrx_word' id='word_1_335' title='bbox 890 2654 1132 2724; x_wconf 85' lang='lat' dir='ltr'><strong>perierat,</strong></span> <span class='ocrx_word' id='word_1_336' title='bbox 1172 2671 1206 2708; x_wconf 83' lang='grc' dir='ltr'><strong>α</strong></span> <span class='ocrx_word' id='word_1_337' title='bbox 1230 2672 1312 2709; x_wconf 75' lang='lat' dir='ltr'><strong>me</strong></span> <span class='ocrx_word' id='word_1_338' title='bbox 1335 2656 1616 2726; x_wconf 65' lang='lat' dir='ltr'><strong>exigebas;</strong></span> <span class='ocrx_word' id='word_1_339' title='bbox 1646 2656 1731 2711; x_wconf 87' lang='lat' dir='ltr'><strong>die</strong></span> <span class='ocrx_word' id='word_1_340' title='bbox 1755 2674 1847 2711; x_wconf 73' lang='lat' dir='ltr'><strong>no~</strong></span> 
     </span>
    </p>
   </div>
   <div class='ocr_carea' id='block_1_45' title="bbox 259 2742 1847 2815">
    <p class='ocr_par' dir='ltr' id='par_1_45' title="bbox 259 2742 1847 2815">
     <span class='ocr_line' id='line_1_45' title="bbox 259 2742 1847 2815; baseline 0.003 -20"><span class='ocrx_word' id='word_1_341' title='bbox 259 2748 450 2811; x_wconf 69' lang='lat' dir='ltr'><strong>usque</strong></span> <span class='ocrx_word' id='word_1_342' title='bbox 472 2751 602 2796; x_wconf 70' lang='grc' dir='ltr'>σειν</span> <span class='ocrx_word' id='word_1_343' title='bbox 622 2742 816 2797; x_wconf 77' lang='lat' dir='ltr'><strong>urebar</strong></span> <span class='ocrx_word' id='word_1_344' title='bbox 837 2752 887 2798; x_wconf 81' lang='lat' dir='ltr'><strong>et</strong></span> <span class='ocrx_word' id='word_1_345' title='bbox 912 2743 1068 2814; x_wconf 81' lang='lat' dir='ltr'><strong>gelu;</strong></span> <span class='ocrx_word' id='word_1_346' title='bbox 1098 2744 1326 2815; x_wconf 74' lang='lat' dir='ltr'><strong>fugiebat</strong></span> <span class='ocrx_word' id='word_1_347' title='bbox 1351 2762 1565 2800; x_wconf 79' lang='lat' dir='ltr'><strong>somnus</strong></span> <span class='ocrx_word' id='word_1_348' title='bbox 1593 2746 1658 2799; x_wconf 86' lang='lat' dir='ltr'><strong>ab</strong></span> <span class='ocrx_word' id='word_1_349' title='bbox 1681 2746 1847 2801; x_wconf 85' lang='lat' dir='ltr'><strong>oculis</strong></span> 
     </span>
    </p>
   </div>
   <div class='ocr_carea' id='block_1_46' title="bbox 260 2827 1848 2907">
    <p class='ocr_par' dir='ltr' id='par_1_46' title="bbox 260 2827 1848 2907">
     <span class='ocr_line' id='line_1_46' title="bbox 260 2827 1848 2907; baseline 0.005 -23"><span class='ocrx_word' id='word_1_350' title='bbox 260 2830 393 2885; x_wconf 71' lang='lat' dir='ltr'><strong>areis</strong></span> <span class='ocrx_word' id='word_1_351' title='bbox 426 2827 580 2902; x_wconf 83' lang='lat' dir='ltr'><strong>(Gen.</strong></span> <span class='ocrx_word' id='word_1_352' title='bbox 612 2831 784 2903; x_wconf 71' lang='lat' dir='ltr'><strong>uti).</strong></span> <span class='ocrx_word' id='word_1_353' title='bbox 820 2831 879 2887; x_wconf 89' lang='lat' dir='ltr'><strong>Si</strong></span> <span class='ocrx_word' id='word_1_354' title='bbox 918 2833 1082 2904; x_wconf 88' lang='lat' dir='ltr'><strong>igitur</strong></span> <span class='ocrx_word' id='word_1_355' title='bbox 1109 2835 1188 2889; x_wconf 91' lang='lat' dir='ltr'><strong>sic</strong></span> <span class='ocrx_word' id='word_1_356' title='bbox 1215 2835 1422 2890; x_wconf 74' lang='lat' dir='ltr'><strong>laborat</strong></span> <span class='ocrx_word' id='word_1_357' title='bbox 1459 2844 1513 2889; x_wconf 88' lang='lat' dir='ltr'><strong>et</strong></span> <span class='ocrx_word' id='word_1_358' title='bbox 1543 2837 1727 2907; x_wconf 75' lang='lat' dir='ltr'><strong>vigilat</strong></span> <span class='ocrx_word' id='word_1_359' title='bbox 1756 2838 1848 2907; x_wconf 88' lang='lat' dir='ltr'><strong>qui</strong></span> 
     </span>
    </p>
   </div>
   <div class='ocr_carea' id='block_1_47' title="bbox 261 2921 1851 3001">
    <p class='ocr_par' dir='ltr' id='par_1_47' title="bbox 261 2921 1851 3001">
     <span class='ocr_line' id='line_1_47' title="bbox 261 2921 1851 3001; baseline 0.005 -24"><span class='ocrx_word' id='word_1_360' title='bbox 261 2922 439 2990; x_wconf 84' lang='lat' dir='ltr'><strong>pascit</strong></span> <span class='ocrx_word' id='word_1_361' title='bbox 470 2937 602 2978; x_wconf 87' lang='lat' dir='ltr'><strong>oves</strong></span> <span class='ocrx_word' id='word_1_362' title='bbox 627 2921 811 2979; x_wconf 85' lang='lat' dir='ltr'><strong>Laban</strong></span> <span class='ocrx_word' id='word_1_363' title='bbox 837 2965 852 2989; x_wconf 95' lang='lat'><strong>,</strong></span> <span class='ocrx_word' id='word_1_364' title='bbox 877 2933 1087 2995; x_wconf 86' lang='lat' dir='ltr'><strong>quanto</strong></span> <span class='ocrx_word' id='word_1_365' title='bbox 1102 2925 1271 2982; x_wconf 88' lang='lat' dir='ltr'><strong>labori</strong></span> <span class='ocrx_word' id='word_1_366' title='bbox 1295 2929 1621 2998; x_wconf 82' lang='lat' dir='ltr'><strong>quantisque</strong></span> <span class='ocrx_word' id='word_1_367' title='bbox 1652 2929 1851 3001; x_wconf 83' lang='lat' dir='ltr'><strong>vigiliis</strong></span> 
     </span>
    </p>
   </div>
   <div class='ocr_carea' id='block_1_48' title="bbox 262 3011 1851 3085">
    <p class='ocr_par' dir='ltr' id='par_1_48' title="bbox 262 3011 1851 3085">
     <span class='ocr_line' id='line_1_48' title="bbox 262 3011 1851 3085; baseline 0.006 -19"><span class='ocrx_word' id='word_1_368' title='bbox 262 3011 425 3067; x_wconf 82' lang='lat' dir='ltr'><strong>debet</strong></span> <span class='ocrx_word' id='word_1_369' title='bbox 447 3012 728 3069; x_wconf 86' lang='lat' dir='ltr'><strong>intendere</strong></span> <span class='ocrx_word' id='word_1_370' title='bbox 752 3016 844 3084; x_wconf 90' lang='lat' dir='ltr'><strong>qui</strong></span> <span class='ocrx_word' id='word_1_371' title='bbox 879 3016 1052 3085; x_wconf 84' lang='lat' dir='ltr'><strong>pascit</strong></span> <span class='ocrx_word' id='word_1_372' title='bbox 1083 3032 1215 3072; x_wconf 87' lang='lat' dir='ltr'><strong>oves</strong></span> <span class='ocrx_word' id='word_1_373' title='bbox 1244 3017 1337 3074; x_wconf 87' lang='lat' dir='ltr'><strong>Dei</strong></span> <span class='ocrx_word' id='word_1_374' title='bbox 1367 3021 1380 3073; x_wconf 77' lang='grc' dir='ltr'><strong>ι</strong></span> <span class='ocrx_word' id='word_1_375' title='bbox 1412 3018 1518 3075; x_wconf 87' lang='lat' dir='ltr'><strong>Sed</strong></span> <span class='ocrx_word' id='word_1_376' title='bbox 1549 3020 1602 3074; x_wconf 92' lang='lat' dir='ltr'><strong>in</strong></span> <span class='ocrx_word' id='word_1_377' title='bbox 1626 3021 1711 3076; x_wconf 88' lang='lat' dir='ltr'><strong>his</strong></span> <span class='ocrx_word' id='word_1_378' title='bbox 1735 3036 1851 3076; x_wconf 90' lang='lat' dir='ltr'><strong>om-</strong></span> 
     </span>
    </p>
   </div>
   <div class='ocr_carea' id='block_1_49' title="bbox 263 3103 1852 3180">
    <p class='ocr_par' dir='ltr' id='par_1_49' title="bbox 263 3103 1852 3180">
     <span class='ocr_line' id='line_1_49' title="bbox 263 3103 1852 3180; baseline 0.007 -23"><span class='ocrx_word' id='word_1_379' title='bbox 263 3103 425 3158; x_wconf 83' lang='lat' dir='ltr'><strong>nibus</strong></span> <span class='ocrx_word' id='word_1_380' title='bbox 459 3103 574 3174; x_wconf 88' lang='lat' dir='ltr'><strong>ipse</strong></span> <span class='ocrx_word' id='word_1_381' title='bbox 598 3119 694 3160; x_wconf 86' lang='lat' dir='ltr'><strong>vos</strong></span> <span class='ocrx_word' id='word_1_382' title='bbox 712 3105 964 3170; x_wconf 81' lang='lat' dir='ltr'><strong>instruat,</strong></span> <span class='ocrx_word' id='word_1_383' title='bbox 997 3109 1090 3177; x_wconf 88' lang='lat' dir='ltr'><strong>qui</strong></span> <span class='ocrx_word' id='word_1_384' title='bbox 1119 3118 1341 3180; x_wconf 88' lang='lat' dir='ltr'><strong>propter</strong></span> <span class='ocrx_word' id='word_1_385' title='bbox 1365 3126 1463 3166; x_wconf 91' lang='lat' dir='ltr'><strong>nos</strong></span> <span class='ocrx_word' id='word_1_386' title='bbox 1488 3111 1649 3166; x_wconf 91' lang='lat' dir='ltr'><strong>homo</strong></span> <span class='ocrx_word' id='word_1_387' title='bbox 1679 3111 1852 3169; x_wconf 89' lang='lat' dir='ltr'><strong>factus</strong></span> 
     </span>
    </p>
   </div>
   <div class='ocr_carea' id='block_1_50' title="bbox 1944 1905 3529 1984">
    <p class='ocr_par' dir='ltr' id='par_1_50' title="bbox 1944 1905 3529 1984">
     <span class='ocr_line' id='line_1_50' title="bbox 1944 1905 3529 1984; baseline -0.004 -18"><span class='ocrx_word' id='word_1_388' title='bbox 1944 1914 1972 1972; x_wconf 72' lang='lat' dir='ltr'><strong>ri</strong></span> <span class='ocrx_word' id='word_1_389' title='bbox 2009 1910 2232 1971; x_wconf 77' lang='grc' dir='ltr'>’Λλήθεια</span> <span class='ocrx_word' id='word_1_390' title='bbox 2272 1910 2426 1983; x_wconf 74' lang='grc' dir='ltr'>λέγει·</span> <span class='ocrx_word' id='word_1_391' title='bbox 2465 1928 2483 1960; x_wconf 79' lang='grc' dir='ltr'><strong>ι</strong></span> <span class='ocrx_word' id='word_1_392' title='bbox 2514 1918 2570 1963; x_wconf 79' lang='lat'><strong>&#39;0</strong></span> <span class='ocrx_word' id='word_1_393' title='bbox 2610 1915 2679 1980; x_wconf 75' lang='grc' dir='ltr'>μή</span> <span class='ocrx_word' id='word_1_394' title='bbox 2711 1908 3073 1984; x_wconf 71' lang='grc' dir='ltr'>εἰσερχόμενος</span> <span class='ocrx_word' id='word_1_395' title='bbox 3118 1905 3203 1962; x_wconf 85' lang='grc' dir='ltr'><strong>διά</strong></span> <span class='ocrx_word' id='word_1_396' title='bbox 3238 1915 3327 1968; x_wconf 74' lang='grc' dir='ltr'>τῆς</span> <span class='ocrx_word' id='word_1_397' title='bbox 3376 1908 3446 1978; x_wconf 74' lang='grc' dir='ltr'><strong>θό⁴</strong></span> <span class='ocrx_word' id='word_1_398' title='bbox 3469 1927 3529 1966; x_wconf 74' lang='grc' dir='ltr'><strong>(ις</strong></span> 
     </span>
    </p>
   </div>
   <div class='ocr_carea' id='block_1_51' title="bbox 1941 1995 3531 2073">
    <p class='ocr_par' dir='ltr' id='par_1_51' title="bbox 1941 1995 3531 2073">
     <span class='ocr_line' id='line_1_51' title="bbox 1941 1995 3531 2073; baseline -0.005 -15"><span class='ocrx_word' id='word_1_399' title='bbox 1941 2006 2015 2065; x_wconf 91' lang='grc' dir='ltr'><strong>εἰς</strong></span> <span class='ocrx_word' id='word_1_400' title='bbox 2074 2003 2134 2058; x_wconf 84' lang='grc' dir='ltr'>τὸ</span> <span class='ocrx_word' id='word_1_401' title='bbox 2186 2004 2442 2073; x_wconf 79' lang='grc' dir='ltr'>ποίμνιον,</span> <span class='ocrx_word' id='word_1_402' title='bbox 2505 2000 2611 2055; x_wconf 82' lang='grc' dir='ltr'>ἀλλ’</span> <span class='ocrx_word' id='word_1_403' title='bbox 2633 2000 2993 2073; x_wconf 85' lang='grc' dir='ltr'>εἰσερχόμενος</span> <span class='ocrx_word' id='word_1_404' title='bbox 3056 1995 3291 2059; x_wconf 70' lang='grc' dir='ltr'>ἄλλοθεν.</span> <span class='ocrx_word' id='word_1_405' title='bbox 3344 1999 3531 2058; x_wconf 79' lang='grc' dir='ltr'>ἐκ·ῖνος</span> 
     </span>
    </p>
   </div>
   <div class='ocr_carea' id='block_1_52' title="bbox 1943 2087 3531 2168">
    <p class='ocr_par' dir='ltr' id='par_1_52' title="bbox 1943 2087 3531 2168">
     <span class='ocr_line' id='line_1_52' title="bbox 1943 2087 3531 2168; baseline -0.001 -17"><span class='ocrx_word' id='word_1_406' title='bbox 1943 2097 2158 2157; x_wconf 72' lang='grc' dir='ltr'>κλέπτης</span> <span class='ocrx_word' id='word_1_407' title='bbox 2192 2096 2307 2151; x_wconf 76' lang='grc' dir='ltr'><strong>ἰστί</strong></span> <span class='ocrx_word' id='word_1_408' title='bbox 2352 2097 2434 2149; x_wconf 82' lang='grc' dir='ltr'><strong>καί</strong></span> <span class='ocrx_word' id='word_1_409' title='bbox 2483 2093 2695 2166; x_wconf 66' lang='grc' dir='ltr'><strong>λῃστής⁹</strong></span> <span class='ocrx_word' id='word_1_410' title='bbox 2728 2092 2755 2148; x_wconf 88' lang='grc' dir='ltr'><strong>ό</strong></span> <span class='ocrx_word' id='word_1_411' title='bbox 2809 2090 2863 2147; x_wconf 80' lang='grc' dir='ltr'><strong>δί</strong></span> <span class='ocrx_word' id='word_1_412' title='bbox 2914 2090 3287 2168; x_wconf 80' lang='grc' dir='ltr'>εἰσερχόμενος</span> <span class='ocrx_word' id='word_1_413' title='bbox 3320 2087 3403 2145; x_wconf 84' lang='grc' dir='ltr'><strong>διά</strong></span> <span class='ocrx_word' id='word_1_414' title='bbox 3440 2097 3531 2149; x_wconf 75' lang='grc' dir='ltr'>τῆς</span> 
     </span>
    </p>
   </div>
   <div class='ocr_carea' id='block_1_53' title="bbox 1942 2183 3533 2262">
    <p class='ocr_par' dir='ltr' id='par_1_53' title="bbox 1942 2183 3533 2262">
     <span class='ocr_line' id='line_1_53' title="bbox 1942 2183 3533 2262; baseline -0.001 -21"><span class='ocrx_word' id='word_1_415' title='bbox 1942 2189 2124 2262; x_wconf 76' lang='grc' dir='ltr'>θύρας.</span> <span class='ocrx_word' id='word_1_416' title='bbox 2168 2189 2359 2257; x_wconf 77' lang='grc' dir='ltr'>ποιμήν</span> <span class='ocrx_word' id='word_1_417' title='bbox 2420 2189 2533 2243; x_wconf 78' lang='grc' dir='ltr'>ίστι</span> <span class='ocrx_word' id='word_1_418' title='bbox 2574 2193 2673 2241; x_wconf 84' lang='grc' dir='ltr'>τῶν</span> <span class='ocrx_word' id='word_1_419' title='bbox 2711 2185 3005 2259; x_wconf 76' lang='grc' dir='ltr'>προϐάτοιν.</span> <span class='ocrx_word' id='word_1_420' title='bbox 3038 2205 3057 2237; x_wconf 73' lang='grc' dir='ltr'><strong>ι</strong></span> <span class='ocrx_word' id='word_1_421' title='bbox 3101 2186 3279 2246; x_wconf 72' lang='grc' dir='ltr'>Καθὼς</span> <span class='ocrx_word' id='word_1_422' title='bbox 3311 2183 3338 2240; x_wconf 83' lang='grc' dir='ltr'><strong>ό</strong></span> <span class='ocrx_word' id='word_1_423' title='bbox 3378 2185 3533 2244; x_wconf 73' lang='grc' dir='ltr'>αὐτὸς</span> 
     </span>
    </p>
   </div>
   <div class='ocr_carea' id='block_1_54' title="bbox 1942 2269 3533 2349">
    <p class='ocr_par' dir='ltr' id='par_1_54' title="bbox 1942 2269 3533 2349">
     <span class='ocr_line' id='line_1_54' title="bbox 1942 2269 3533 2349; baseline -0.001 -19"><span class='ocrx_word' id='word_1_424' title='bbox 1942 2281 2110 2349; x_wconf 68' lang='grc' dir='ltr'>Σωτήρ</span> <span class='ocrx_word' id='word_1_425' title='bbox 2142 2272 2230 2347; x_wconf 68' lang='grc' dir='ltr'><strong>ἔφη</strong></span> <span class='ocrx_word' id='word_1_426' title='bbox 2269 2274 2444 2347; x_wconf 70' lang='grc' dir='ltr'>λέγων’</span> <span class='ocrx_word' id='word_1_427' title='bbox 2479 2273 2640 2349; x_wconf 70' lang='grc' dir='ltr'><strong>(Ἐγώ</strong></span> <span class='ocrx_word' id='word_1_428' title='bbox 2665 2278 2769 2344; x_wconf 89' lang='grc' dir='ltr'>εἰμι</span> <span class='ocrx_word' id='word_1_429' title='bbox 2810 2277 2839 2333; x_wconf 76' lang='grc' dir='ltr'><strong><em>ἡ</em></strong></span> <span class='ocrx_word' id='word_1_430' title='bbox 2864 2275 3015 2349; x_wconf 80' lang='grc' dir='ltr'>θύρα.</span> <span class='ocrx_word' id='word_1_431' title='bbox 3048 2292 3067 2325; x_wconf 69' lang='grc' dir='ltr'><strong>ι</strong></span> <span class='ocrx_word' id='word_1_432' title='bbox 3107 2273 3319 2334; x_wconf 64' lang='grc' dir='ltr'>Ἐκεῐνπς</span> <span class='ocrx_word' id='word_1_433' title='bbox 3344 2269 3430 2328; x_wconf 67' lang='grc' dir='ltr'>οὖν</span> <span class='ocrx_word' id='word_1_434' title='bbox 3462 2276 3533 2335; x_wconf 86' lang='grc' dir='ltr'><strong>εἰς</strong></span> 
     </span>
    </p>
   </div>
   <div class='ocr_carea' id='block_1_55' title="bbox 1942 2361 3531 2438">
    <p class='ocr_par' dir='ltr' id='par_1_55' title="bbox 1942 2361 3531 2438">
     <span class='ocr_line' id='line_1_55' title="bbox 1942 2361 3531 2438; baseline -0.001 -19"><span class='ocrx_word' id='word_1_435' title='bbox 1942 2363 2002 2421; x_wconf 84' lang='grc' dir='ltr'>τὸ</span> <span class='ocrx_word' id='word_1_436' title='bbox 2046 2364 2272 2435; x_wconf 74' lang='grc' dir='ltr'>ποίμνιον</span> <span class='ocrx_word' id='word_1_437' title='bbox 2311 2363 2698 2437; x_wconf 81' lang='grc' dir='ltr'>εἰσίρχεται,ό</span> <span class='ocrx_word' id='word_1_438' title='bbox 2740 2361 2828 2419; x_wconf 84' lang='grc' dir='ltr'><strong>διά</strong></span> <span class='ocrx_word' id='word_1_439' title='bbox 2877 2372 2971 2424; x_wconf 75' lang='grc' dir='ltr'><strong>τῆς</strong></span> <span class='ocrx_word' id='word_1_440' title='bbox 3015 2363 3173 2438; x_wconf 77' lang='grc' dir='ltr'>θύρας</span> <span class='ocrx_word' id='word_1_441' title='bbox 3220 2362 3531 2437; x_wconf 76' lang='grc' dir='ltr'>εἰσερχόμε·</span> 
     </span>
    </p>
   </div>
   <div class='ocr_carea' id='block_1_56' title="bbox 1942 2451 3533 2531">
    <p class='ocr_par' dir='ltr' id='par_1_56' title="bbox 1942 2451 3533 2531">
     <span class='ocr_line' id='line_1_56' title="bbox 1942 2451 3533 2531; baseline -0.003 -20"><span class='ocrx_word' id='word_1_442' title='bbox 1942 2476 2047 2516; x_wconf 90' lang='grc' dir='ltr'>νος.</span> <span class='ocrx_word' id='word_1_443' title='bbox 2099 2454 2245 2510; x_wconf 75' lang='lat' dir='ltr'><strong>Itale</strong></span> <span class='ocrx_word' id='word_1_444' title='bbox 2287 2455 2652 2528; x_wconf 77' lang='grc' dir='ltr'>εἰσερχόμενος</span> <span class='ocrx_word' id='word_1_445' title='bbox 2694 2452 2779 2510; x_wconf 87' lang='grc' dir='ltr'><strong>διά</strong></span> <span class='ocrx_word' id='word_1_446' title='bbox 2825 2462 2913 2516; x_wconf 75' lang='grc' dir='ltr'>τῆς</span> <span class='ocrx_word' id='word_1_447' title='bbox 2959 2455 3138 2531; x_wconf 77' lang='grc' dir='ltr'>θύρας.</span> <span class='ocrx_word' id='word_1_448' title='bbox 3172 2451 3259 2509; x_wconf 85' lang='grc' dir='ltr'><strong>διά</strong></span> <span class='ocrx_word' id='word_1_449' title='bbox 3309 2460 3533 2528; x_wconf 77' lang='grc' dir='ltr'>Χριστοῦ</span> 
     </span>
    </p>
   </div>
   <div class='ocr_carea' id='block_1_57' title="bbox 1947 2539 3538 2618">
    <p class='ocr_par' dir='ltr' id='par_1_57' title="bbox 1947 2539 3538 2618">
     <span class='ocr_line' id='line_1_57' title="bbox 1947 2539 3538 2618; baseline 0.001 -19"><span class='ocrx_word' id='word_1_450' title='bbox 1947 2546 2281 2617; x_wconf 70' lang='grc' dir='ltr'>εἰσέρχεται,</span> <span class='ocrx_word' id='word_1_451' title='bbox 2339 2542 2485 2605; x_wconf 80' lang='grc' dir='ltr'>ὅστις</span> <span class='ocrx_word' id='word_1_452' title='bbox 2534 2546 2588 2598; x_wconf 81' lang='grc' dir='ltr'>ἐκ</span> <span class='ocrx_word' id='word_1_453' title='bbox 2638 2550 2730 2599; x_wconf 81' lang='grc' dir='ltr'>τοῦ</span> <span class='ocrx_word' id='word_1_454' title='bbox 2789 2542 2870 2613; x_wconf 62' lang='grc' dir='ltr'><strong>[Ιι.</strong></span> <span class='ocrx_word' id='word_1_455' title='bbox 2928 2546 3050 2618; x_wconf 82' lang='grc' dir='ltr'>περί</span> <span class='ocrx_word' id='word_1_456' title='bbox 3087 2539 3202 2613; x_wconf 84' lang='grc' dir='ltr'>τοῦ]</span> <span class='ocrx_word' id='word_1_457' title='bbox 3241 2545 3400 2599; x_wconf 69' lang='grc' dir='ltr'><strong>αὖτοῦ</strong></span> <span class='ocrx_word' id='word_1_458' title='bbox 3448 2541 3538 2601; x_wconf 82' lang='grc' dir='ltr'>δη·</span> 
     </span>
    </p>
   </div>
   <div class='ocr_carea' id='block_1_58' title="bbox 1946 2633 3536 2710">
    <p class='ocr_par' dir='ltr' id='par_1_58' title="bbox 1946 2633 3536 2710">
     <span class='ocr_line' id='line_1_58' title="bbox 1946 2633 3536 2710; baseline -0.002 -22"><span class='ocrx_word' id='word_1_459' title='bbox 1946 2640 2189 2708; x_wconf 80' lang='grc' dir='ltr'>μιουργοῦ</span> <span class='ocrx_word' id='word_1_460' title='bbox 2253 2637 2338 2689; x_wconf 86' lang='grc' dir='ltr'><strong>καί</strong></span> <span class='ocrx_word' id='word_1_461' title='bbox 2388 2633 2649 2710; x_wconf 78' lang='grc' dir='ltr'>λυτρωτοῦ</span> <span class='ocrx_word' id='word_1_462' title='bbox 2704 2639 2795 2690; x_wconf 81' lang='grc' dir='ltr'>τοῦ</span> <span class='ocrx_word' id='word_1_463' title='bbox 2846 2635 3163 2708; x_wconf 77' lang='grc' dir='ltr'>ἀνθρωπίνου</span> <span class='ocrx_word' id='word_1_464' title='bbox 3208 2635 3384 2705; x_wconf 78' lang='grc' dir='ltr'>γένους</span> <span class='ocrx_word' id='word_1_465' title='bbox 3444 2637 3536 2690; x_wconf 71' lang='grc' dir='ltr'>τήν</span> 
     </span>
    </p>
   </div>
   <div class='ocr_carea' id='block_1_59' title="bbox 1951 2722 3539 2799">
    <p class='ocr_par' dir='ltr' id='par_1_59' title="bbox 1951 2722 3539 2799">
     <span class='ocr_line' id='line_1_59' title="bbox 1951 2722 3539 2799; baseline -0.003 -18"><span class='ocrx_word' id='word_1_466' title='bbox 1951 2727 2182 2785; x_wconf 67' lang='grc' dir='ltr'>ἀλήθειαν</span> <span class='ocrx_word' id='word_1_467' title='bbox 2237 2728 2459 2791; x_wconf 75' lang='grc' dir='ltr'>συνιεὶς,</span> <span class='ocrx_word' id='word_1_468' title='bbox 2504 2723 2828 2797; x_wconf 65' lang='grc' dir='ltr'>διαφυλάττει</span> <span class='ocrx_word' id='word_1_469' title='bbox 2883 2729 2969 2779; x_wconf 85' lang='grc' dir='ltr'><strong>καί</strong></span> <span class='ocrx_word' id='word_1_470' title='bbox 3015 2731 3166 2799; x_wconf 84' lang='grc' dir='ltr'>τηρεῖ</span> <span class='ocrx_word' id='word_1_471' title='bbox 3212 2723 3297 2779; x_wconf 87' lang='grc' dir='ltr'>τὸν</span> <span class='ocrx_word' id='word_1_472' title='bbox 3350 2722 3539 2793; x_wconf 65' lang='grc' dir='ltr'>βαθμὸν</span> 
     </span>
    </p>
   </div>
   <div class='ocr_carea' id='block_1_60' title="bbox 1949 2814 3542 2890">
    <p class='ocr_par' dir='ltr' id='par_1_60' title="bbox 1949 2814 3542 2890">
     <span class='ocr_line' id='line_1_60' title="bbox 1949 2814 3542 2890; baseline -0.005 -16"><span class='ocrx_word' id='word_1_473' title='bbox 1949 2827 2046 2880; x_wconf 78' lang='grc' dir='ltr'>τῆς</span> <span class='ocrx_word' id='word_1_474' title='bbox 2095 2826 2423 2890; x_wconf 75' lang='grc' dir='ltr'>ποιμαντικῆς</span> <span class='ocrx_word' id='word_1_475' title='bbox 2463 2818 2643 2883; x_wconf 80' lang='grc' dir='ltr'>ἀξίας,</span> <span class='ocrx_word' id='word_1_476' title='bbox 2690 2820 2771 2874; x_wconf 81' lang='grc' dir='ltr'><strong>καί</strong></span> <span class='ocrx_word' id='word_1_477' title='bbox 2816 2817 3095 2889; x_wconf 80' lang='grc' dir='ltr'>βαστάζειν</span> <span class='ocrx_word' id='word_1_478' title='bbox 3129 2816 3189 2872; x_wconf 87' lang='grc' dir='ltr'><strong>τό</strong></span> <span class='ocrx_word' id='word_1_479' title='bbox 3232 2814 3399 2890; x_wconf 81' lang='grc' dir='ltr'>βάρος</span> <span class='ocrx_word' id='word_1_480' title='bbox 3433 2816 3542 2869; x_wconf 82' lang='grc' dir='ltr'>ἀνέ-</span> 
     </span>
    </p>
   </div>
   <div class='ocr_carea' id='block_1_61' title="bbox 1954 2904 3541 2980">
    <p class='ocr_par' dir='ltr' id='par_1_61' title="bbox 1954 2904 3541 2980">
     <span class='ocr_line' id='line_1_61' title="bbox 1954 2904 3541 2980; baseline -0.004 -19"><span class='ocrx_word' id='word_1_481' title='bbox 1954 2928 2134 2979; x_wconf 83' lang='grc' dir='ltr'>χεται,</span> <span class='ocrx_word' id='word_1_482' title='bbox 2177 2907 2236 2961; x_wconf 81' lang='grc' dir='ltr'>οὐ</span> <span class='ocrx_word' id='word_1_483' title='bbox 2278 2907 2410 2978; x_wconf 84' lang='grc' dir='ltr'>πρὸς</span> <span class='ocrx_word' id='word_1_484' title='bbox 2446 2910 2537 2966; x_wconf 71' lang='grc' dir='ltr'>τὴν</span> <span class='ocrx_word' id='word_1_485' title='bbox 2572 2904 2722 2970; x_wconf 80' lang='grc' dir='ltr'>δόξαν</span> <span class='ocrx_word' id='word_1_486' title='bbox 2765 2908 2846 2961; x_wconf 82' lang='grc' dir='ltr'><strong>καί</strong></span> <span class='ocrx_word' id='word_1_487' title='bbox 2894 2910 2986 2966; x_wconf 72' lang='grc' dir='ltr'>τήν</span> <span class='ocrx_word' id='word_1_488' title='bbox 3021 2908 3170 2977; x_wconf 75' lang='grc' dir='ltr'>τιμὴν</span> <span class='ocrx_word' id='word_1_489' title='bbox 3218 2908 3307 2963; x_wconf 75' lang='grc' dir='ltr'>τήν</span> <span class='ocrx_word' id='word_1_490' title='bbox 3348 2923 3541 2980; x_wconf 78' lang='grc' dir='ltr'>παρερ-</span> 
     </span>
    </p>
   </div>
   <div class='ocr_carea' id='block_1_62' title="bbox 1953 2993 3539 3072">
    <p class='ocr_par' dir='ltr' id='par_1_62' title="bbox 1953 2993 3539 3072">
     <span class='ocr_line' id='line_1_62' title="bbox 1953 2993 3539 3072; baseline -0.004 -21"><span class='ocrx_word' id='word_1_491' title='bbox 1953 2999 2174 3072; x_wconf 76' lang='grc' dir='ltr'>χομένην</span> <span class='ocrx_word' id='word_1_492' title='bbox 2222 2997 2547 3061; x_wconf 69' lang='grc' dir='ltr'>ἀποϐλέπων,</span> <span class='ocrx_word' id='word_1_493' title='bbox 2581 2995 2767 3057; x_wconf 78' lang='grc' dir='ltr'>ἀλλ’ὡς</span> <span class='ocrx_word' id='word_1_494' title='bbox 2803 2993 3166 3067; x_wconf 75' lang='grc' dir='ltr'>ἀναδεξάμενος</span> <span class='ocrx_word' id='word_1_495' title='bbox 3196 2994 3255 3049; x_wconf 89' lang='grc' dir='ltr'><strong>τό</strong></span> <span class='ocrx_word' id='word_1_496' title='bbox 3289 2994 3539 3065; x_wconf 79' lang='grc' dir='ltr'>ποίμνιον,</span> 
     </span>
    </p>
   </div>
   <div class='ocr_carea' id='block_1_63' title="bbox 1953 3084 3542 3163">
    <p class='ocr_par' dir='ltr' id='par_1_63' title="bbox 1953 3084 3542 3163">
     <span class='ocr_line' id='line_1_63' title="bbox 1953 3084 3542 3163; baseline -0.004 -20"><span class='ocrx_word' id='word_1_497' title='bbox 1953 3088 2199 3158; x_wconf 69' lang='grc' dir='ltr'>ἐπιμελῶς</span> <span class='ocrx_word' id='word_1_498' title='bbox 2254 3089 2508 3163; x_wconf 80' lang='grc' dir='ltr'>ἀγρυπνεῖ</span> <span class='ocrx_word' id='word_1_499' title='bbox 2520 3125 2536 3151; x_wconf 82' lang='lat'><strong>,</strong></span> <span class='ocrx_word' id='word_1_500' title='bbox 2579 3088 2666 3142; x_wconf 85' lang='grc' dir='ltr'>ἶνα</span> <span class='ocrx_word' id='word_1_501' title='bbox 2721 3091 2792 3158; x_wconf 78' lang='grc' dir='ltr'>μή</span> <span class='ocrx_word' id='word_1_502' title='bbox 2845 3086 2915 3141; x_wconf 83' lang='grc' dir='ltr'><strong>τά</strong></span> <span class='ocrx_word' id='word_1_503' title='bbox 2965 3084 3210 3160; x_wconf 90' lang='grc' dir='ltr'>πρόϐατα</span> <span class='ocrx_word' id='word_1_504' title='bbox 3266 3090 3358 3139; x_wconf 81' lang='grc' dir='ltr'>τοῦ</span> <span class='ocrx_word' id='word_1_505' title='bbox 3416 3089 3542 3139; x_wconf 77' lang='grc' dir='ltr'>Θεοῦ</span> 
     </span>
    </p>
   </div>
   <div class='ocr_carea' id='block_1_64' title="bbox 264 3175 1850 3271">
    <p class='ocr_par' dir='ltr' id='par_1_64' title="bbox 264 3175 1850 3271">
     <span class='ocr_line' id='line_1_64' title="bbox 264 3175 1850 3271; baseline 0.008 -25"><span class='ocrx_word' id='word_1_506' title='bbox 264 3201 368 3256; x_wconf 89' lang='lat' dir='ltr'><strong>est,</strong></span> <span class='ocrx_word' id='word_1_507' title='bbox 399 3200 455 3247; x_wconf 91' lang='lat' dir='ltr'><strong>et</strong></span> <span class='ocrx_word' id='word_1_508' title='bbox 475 3193 567 3262; x_wconf 88' lang='lat' dir='ltr'><strong>qui</strong></span> <span class='ocrx_word' id='word_1_509' title='bbox 593 3192 846 3265; x_wconf 88' lang='lat' dir='ltr'><strong>dignatus</strong></span> <span class='ocrx_word' id='word_1_510' title='bbox 871 3203 957 3252; x_wconf 91' lang='lat' dir='ltr'><strong>est</strong></span> <span class='ocrx_word' id='word_1_511' title='bbox 989 3175 1291 3269; x_wconf 47' lang='lat' dir='ltr'><strong>fleri—quod</strong></span> <span class='ocrx_word' id='word_1_512' title='bbox 1319 3198 1468 3267; x_wconf 83' lang='lat' dir='ltr'><strong>fecit,</strong></span> <span class='ocrx_word' id='word_1_513' title='bbox 1498 3201 1614 3271; x_wconf 87' lang='lat' dir='ltr'><strong>ipse</strong></span> <span class='ocrx_word' id='word_1_514' title='bbox 1633 3212 1689 3259; x_wconf 93' lang='lat' dir='ltr'><strong>et</strong></span> <span class='ocrx_word' id='word_1_515' title='bbox 1721 3204 1850 3259; x_wconf 90' lang='lat' dir='ltr'><strong>cha-</strong></span> 
     </span>
    </p>
   </div>
   <div class='ocr_carea' id='block_1_65' title="bbox 1952 3175 3539 3271">
    <p class='ocr_par' dir='ltr' id='par_1_65' title="bbox 1954 3175 3539 3253">
     <span class='ocr_line' id='line_1_65' title="bbox 1954 3175 3539 3253; baseline -0.006 -16"><span class='ocrx_word' id='word_1_516' title='bbox 1954 3179 2052 3238; x_wconf 80' lang='grc' dir='ltr'>εἷτε</span> <span class='ocrx_word' id='word_1_517' title='bbox 2114 3179 2199 3237; x_wconf 83' lang='grc' dir='ltr'><strong>διά</strong></span> <span class='ocrx_word' id='word_1_518' title='bbox 2270 3178 2684 3252; x_wconf 75' lang='grc' dir='ltr'>διεστραμμένων</span> <span class='ocrx_word' id='word_1_519' title='bbox 2731 3179 3008 3253; x_wconf 72' lang='grc' dir='ltr'>ἀνθρώπων</span> <span class='ocrx_word' id='word_1_520' title='bbox 3072 3178 3156 3231; x_wconf 88' lang='grc' dir='ltr'><strong>καί</strong></span> <span class='ocrx_word' id='word_1_521' title='bbox 3205 3175 3383 3229; x_wconf 82' lang='grc' dir='ltr'>σκολιά</span> <span class='ocrx_word' id='word_1_522' title='bbox 3442 3175 3507 3228; x_wconf 86' lang='grc' dir='ltr'><strong>λα</strong></span> <span class='ocrx_word' id='word_1_523' title='bbox 3525 3202 3539 3211; x_wconf 75' lang='grc' dir='ltr'><strong><em>ο</em></strong></span> 
     </span>
    </p>
   </div>
   <div class='ocr_carea' id='block_1_66' title="bbox 265 3282 1851 3355">
    <p class='ocr_par' dir='ltr' id='par_1_66' title="bbox 265 3282 1851 3355">
     <span class='ocr_line' id='line_1_66' title="bbox 265 3282 1851 3355; baseline 0.007 -19"><span class='ocrx_word' id='word_1_524' title='bbox 265 3282 483 3337; x_wconf 86' lang='lat' dir='ltr'><strong>ritatem</strong></span> <span class='ocrx_word' id='word_1_525' title='bbox 521 3284 694 3341; x_wconf 83' lang='lat' dir='ltr'><strong>sancti</strong></span> <span class='ocrx_word' id='word_1_526' title='bbox 733 3283 970 3355; x_wconf 85' lang='lat' dir='ltr'><strong>Spiritus</strong></span> <span class='ocrx_word' id='word_1_527' title='bbox 1012 3288 1095 3343; x_wconf 90' lang='lat' dir='ltr'><strong>sui</strong></span> <span class='ocrx_word' id='word_1_528' title='bbox 1137 3304 1202 3344; x_wconf 89' lang='lat' dir='ltr'><strong>ac</strong></span> <span class='ocrx_word' id='word_1_529' title='bbox 1244 3304 1486 3346; x_wconf 87' lang='lat' dir='ltr'><strong>amorem</strong></span> <span class='ocrx_word' id='word_1_530' title='bbox 1517 3290 1766 3347; x_wconf 78' lang='lat' dir='ltr'><strong>infundat</strong></span> <span class='ocrx_word' id='word_1_531' title='bbox 1797 3294 1851 3348; x_wconf 91' lang='lat' dir='ltr'><strong>in</strong></span> 
     </span>
    </p>
   </div>
   <div class='ocr_carea' id='block_1_67' title="bbox 268 3374 1854 3448">
    <p class='ocr_par' dir='ltr' id='par_1_67' title="bbox 268 3374 1854 3448">
     <span class='ocr_line' id='line_1_67' title="bbox 268 3374 1854 3448; baseline 0.009 -21"><span class='ocrx_word' id='word_1_532' title='bbox 268 3387 385 3440; x_wconf 83' lang='lat' dir='ltr'><strong>vos,</strong></span> <span class='ocrx_word' id='word_1_533' title='bbox 430 3381 497 3429; x_wconf 81' lang='lat' dir='ltr'><strong>et</strong></span> <span class='ocrx_word' id='word_1_534' title='bbox 522 3374 592 3430; x_wconf 90' lang='lat' dir='ltr'><strong>ab</strong></span> <span class='ocrx_word' id='word_1_535' title='bbox 617 3375 767 3432; x_wconf 88' lang='lat' dir='ltr'><strong>omni</strong></span> <span class='ocrx_word' id='word_1_536' title='bbox 804 3391 936 3433; x_wconf 86' lang='lat' dir='ltr'><strong>cura</strong></span> <span class='ocrx_word' id='word_1_537' title='bbox 981 3389 1287 3448; x_wconf 82' lang='lat' dir='ltr'><strong>conservet,</strong></span> <span class='ocrx_word' id='word_1_538' title='bbox 1334 3390 1392 3438; x_wconf 88' lang='lat' dir='ltr'><strong>et</strong></span> <span class='ocrx_word' id='word_1_539' title='bbox 1428 3384 1615 3440; x_wconf 89' lang='lat' dir='ltr'><strong>oculos</strong></span> <span class='ocrx_word' id='word_1_540' title='bbox 1659 3394 1854 3441; x_wconf 68' lang='lat' dir='ltr'><strong>vestrm</strong></span> 
     </span>
    </p>
   </div>
   <div class='ocr_carea' id='block_1_68' title="bbox 268 3463 1857 3543">
    <p class='ocr_par' dir='ltr' id='par_1_68' title="bbox 268 3463 1857 3543">
     <span class='ocr_line' id='line_1_68' title="bbox 268 3463 1857 3543; baseline 0.008 -26"><span class='ocrx_word' id='word_1_541' title='bbox 268 3463 467 3523; x_wconf 87' lang='lat' dir='ltr'><strong>mentis</strong></span> <span class='ocrx_word' id='word_1_542' title='bbox 488 3463 716 3533; x_wconf 85' lang='lat' dir='ltr'><strong>aperiat,</strong></span> <span class='ocrx_word' id='word_1_543' title='bbox 757 3474 818 3521; x_wconf 91' lang='lat' dir='ltr'><strong>ut</strong></span> <span class='ocrx_word' id='word_1_544' title='bbox 840 3480 938 3536; x_wconf 91' lang='lat' dir='ltr'><strong>per</strong></span> <span class='ocrx_word' id='word_1_545' title='bbox 963 3482 1180 3525; x_wconf 88' lang='lat' dir='ltr'><strong>cursum</strong></span> <span class='ocrx_word' id='word_1_546' title='bbox 1211 3480 1267 3527; x_wconf 88' lang='lat' dir='ltr'><strong>et</strong></span> <span class='ocrx_word' id='word_1_547' title='bbox 1286 3487 1516 3542; x_wconf 78' lang='lat' dir='ltr'><strong>agonem</strong></span> <span class='ocrx_word' id='word_1_548' title='bbox 1552 3483 1716 3543; x_wconf 90' lang='lat' dir='ltr'><strong>atque</strong></span> <span class='ocrx_word' id='word_1_549' title='bbox 1749 3476 1857 3530; x_wconf 81' lang='lat' dir='ltr'><strong>sol-</strong></span> 
     </span>
    </p>
   </div>
   <div class='ocr_carea' id='block_1_69' title="bbox 267 3552 1854 3632">
    <p class='ocr_par' dir='ltr' id='par_1_69' title="bbox 267 3552 1854 3632">
     <span class='ocr_line' id='line_1_69' title="bbox 267 3552 1854 3632; baseline 0.008 -23"><span class='ocrx_word' id='word_1_550' title='bbox 267 3552 605 3612; x_wconf 84' lang='lat' dir='ltr'><strong>licitudinem</strong></span> <span class='ocrx_word' id='word_1_551' title='bbox 642 3566 838 3614; x_wconf 67' lang='lat' dir='ltr'><strong>vestrae</strong></span> <span class='ocrx_word' id='word_1_552' title='bbox 863 3559 1189 3626; x_wconf 87' lang='lat' dir='ltr'><strong>dilectionis,</strong></span> <span class='ocrx_word' id='word_1_553' title='bbox 1235 3565 1587 3632; x_wconf 86' lang='lat' dir='ltr'><strong>apostolicam</strong></span> <span class='ocrx_word' id='word_1_554' title='bbox 1613 3574 1854 3621; x_wconf 89' lang='lat' dir='ltr'><strong>nostram</strong></span> 
     </span>
    </p>
   </div>
   <div class='ocr_carea' id='block_1_70' title="bbox 268 3642 1859 3724">
    <p class='ocr_par' dir='ltr' id='par_1_70' title="bbox 268 3642 1859 3724">
     <span class='ocr_line' id='line_1_70' title="bbox 268 3642 1859 3724; baseline 0.006 -25"><span class='ocrx_word' id='word_1_555' title='bbox 268 3642 533 3699; x_wconf 82' lang='lat' dir='ltr'><strong>imitantis</strong></span> <span class='ocrx_word' id='word_1_556' title='bbox 556 3645 751 3716; x_wconf 62' lang='lat' dir='ltr'><strong>prisce</strong></span> <span class='ocrx_word' id='word_1_557' title='bbox 769 3647 1083 3705; x_wconf 65' lang='lat' dir='ltr'><strong>orthodoxa:</strong></span> <span class='ocrx_word' id='word_1_558' title='bbox 1106 3650 1227 3705; x_wconf 79' lang='lat' dir='ltr'><strong>fidei</strong></span> <span class='ocrx_word' id='word_1_559' title='bbox 1264 3653 1629 3717; x_wconf 77' lang='lat' dir='ltr'><strong>traditionem,</strong></span> <span class='ocrx_word' id='word_1_560' title='bbox 1656 3655 1708 3707; x_wconf 91' lang='lat' dir='ltr'><strong>in</strong></span> <span class='ocrx_word' id='word_1_561' title='bbox 1733 3669 1859 3724; x_wconf 85' lang='lat' dir='ltr'><strong>par-</strong></span> 
     </span>
    </p>
   </div>
   <div class='ocr_carea' id='block_1_71' title="bbox 272 3736 1861 3809">
    <p class='ocr_par' dir='ltr' id='par_1_71' title="bbox 272 3736 1861 3809">
     <span class='ocr_line' id='line_1_71' title="bbox 272 3736 1861 3809; baseline 0.006 -19"><span class='ocrx_word' id='word_1_562' title='bbox 272 3737 420 3797; x_wconf 84' lang='lat' dir='ltr'><strong>tibus</strong></span> <span class='ocrx_word' id='word_1_563' title='bbox 455 3736 667 3807; x_wconf 89' lang='lat' dir='ltr'><strong>piorum</strong></span> <span class='ocrx_word' id='word_1_564' title='bbox 701 3738 1087 3809; x_wconf 87' lang='lat' dir='ltr'><strong>imperatorum</strong></span> <span class='ocrx_word' id='word_1_565' title='bbox 1133 3751 1438 3797; x_wconf 87' lang='lat' dir='ltr'><strong>nostrorum</strong></span> <span class='ocrx_word' id='word_1_566' title='bbox 1475 3759 1643 3798; x_wconf 73' lang='lat' dir='ltr'><strong>sacrm</strong></span> <span class='ocrx_word' id='word_1_567' title='bbox 1680 3759 1745 3799; x_wconf 89' lang='lat' dir='ltr'><strong>ac</strong></span> <span class='ocrx_word' id='word_1_568' title='bbox 1769 3760 1861 3800; x_wconf 76' lang='lat' dir='ltr'><strong>ve-</strong></span> 
     </span>
    </p>
   </div>
   <div class='ocr_carea' id='block_1_72' title="bbox 273 3828 1855 3903">
    <p class='ocr_par' dir='ltr' id='par_1_72' title="bbox 273 3828 1855 3903">
     <span class='ocr_line' id='line_1_72' title="bbox 273 3828 1855 3903; baseline 0.006 -21"><span class='ocrx_word' id='word_1_569' title='bbox 273 3828 543 3884; x_wconf 85' lang='lat' dir='ltr'><strong>nerabiles</strong></span> <span class='ocrx_word' id='word_1_570' title='bbox 570 3828 740 3886; x_wconf 65' lang='lat' dir='ltr'><strong>iocum</strong></span> <span class='ocrx_word' id='word_1_571' title='bbox 762 3832 1054 3888; x_wconf 89' lang='lat' dir='ltr'><strong>secundum</strong></span> <span class='ocrx_word' id='word_1_572' title='bbox 1076 3833 1354 3903; x_wconf 86' lang='lat' dir='ltr'><strong>antiquum</strong></span> <span class='ocrx_word' id='word_1_573' title='bbox 1378 3835 1621 3890; x_wconf 90' lang='lat' dir='ltr'><strong>ordinem</strong></span> <span class='ocrx_word' id='word_1_574' title='bbox 1645 3836 1855 3900; x_wconf 84' lang='lat' dir='ltr'><strong>sistant,</strong></span> 
     </span>
    </p>
   </div>
   <div class='ocr_carea' id='block_1_73' title="bbox 272 3924 1860 3995">
    <p class='ocr_par' dir='ltr' id='par_1_73' title="bbox 272 3924 1860 3995">
     <span class='ocr_line' id='line_1_73' title="bbox 272 3924 1860 3995; baseline 0.005 -22"><span class='ocrx_word' id='word_1_575' title='bbox 272 3928 540 3989; x_wconf 85' lang='lat' dir='ltr'><strong>quatenus</strong></span> <span class='ocrx_word' id='word_1_576' title='bbox 574 3929 813 3976; x_wconf 88' lang='lat' dir='ltr'><strong>vestrum</strong></span> <span class='ocrx_word' id='word_1_577' title='bbox 839 3936 938 3992; x_wconf 87' lang='lat' dir='ltr'><strong>per</strong></span> <span class='ocrx_word' id='word_1_578' title='bbox 975 3924 1076 3979; x_wconf 90' lang='lat' dir='ltr'><strong>hoc</strong></span> <span class='ocrx_word' id='word_1_579' title='bbox 1102 3925 1294 3979; x_wconf 84' lang='lat' dir='ltr'><strong>stabile</strong></span> <span class='ocrx_word' id='word_1_580' title='bbox 1336 3935 1650 3995; x_wconf 86' lang='lat' dir='ltr'><strong>permaneat</strong></span> <span class='ocrx_word' id='word_1_581' title='bbox 1681 3940 1860 3982; x_wconf 83' lang='lat' dir='ltr'><strong>sacer-</strong></span> 
     </span>
    </p>
   </div>
   <div class='ocr_carea' id='block_1_74' title="bbox 272 4009 1859 4083">
    <p class='ocr_par' dir='ltr' id='par_1_74' title="bbox 272 4009 1859 4083">
     <span class='ocr_line' id='line_1_74' title="bbox 272 4009 1859 4083; baseline 0.004 -16"><span class='ocrx_word' id='word_1_582' title='bbox 272 4009 505 4067; x_wconf 89' lang='lat' dir='ltr'><strong>dotium.</strong></span> <span class='ocrx_word' id='word_1_583' title='bbox 538 4009 709 4067; x_wconf 87' lang='lat' dir='ltr'><strong>Porro</strong></span> <span class='ocrx_word' id='word_1_584' title='bbox 731 4021 855 4083; x_wconf 87' lang='lat' dir='ltr'><strong>post</strong></span> <span class='ocrx_word' id='word_1_585' title='bbox 881 4014 1272 4071; x_wconf 84' lang='lat' dir='ltr'><strong>confessionem</strong></span> <span class='ocrx_word' id='word_1_586' title='bbox 1300 4016 1425 4072; x_wconf 77' lang='lat' dir='ltr'><strong>ﬁdei</strong></span> <span class='ocrx_word' id='word_1_587' title='bbox 1449 4026 1644 4072; x_wconf 72' lang='lat' dir='ltr'><strong>vestrae</strong></span> <span class='ocrx_word' id='word_1_588' title='bbox 1673 4028 1859 4073; x_wconf 91' lang='lat' dir='ltr'><strong>notum</strong></span> 
     </span>
    </p>
   </div>
   <div class='ocr_carea' id='block_1_75' title="bbox 273 4101 1863 4176">
    <p class='ocr_par' dir='ltr' id='par_1_75' title="bbox 273 4101 1863 4176">
     <span class='ocr_line' id='line_1_75' title="bbox 273 4101 1863 4176; baseline 0.005 -18"><span class='ocrx_word' id='word_1_589' title='bbox 273 4101 479 4158; x_wconf 85' lang='lat' dir='ltr'><strong>factum</strong></span> <span class='ocrx_word' id='word_1_590' title='bbox 509 4111 594 4158; x_wconf 89' lang='lat' dir='ltr'><strong>est</strong></span> <span class='ocrx_word' id='word_1_591' title='bbox 626 4104 783 4160; x_wconf 79' lang='lat' dir='ltr'><strong>nobis</strong></span> <span class='ocrx_word' id='word_1_592' title='bbox 820 4106 964 4176; x_wconf 90' lang='lat' dir='ltr'><strong>quod</strong></span> <span class='ocrx_word' id='word_1_593' title='bbox 1020 4116 1196 4162; x_wconf 81' lang='lat' dir='ltr'><strong>vestra</strong></span> <span class='ocrx_word' id='word_1_594' title='bbox 1247 4107 1568 4164; x_wconf 86' lang='lat' dir='ltr'><strong>venerabilis</strong></span> <span class='ocrx_word' id='word_1_595' title='bbox 1604 4111 1863 4166; x_wconf 87' lang='lat' dir='ltr'><strong>sanctitas</strong></span> 
     </span>
    </p>
   </div>
   <div class='ocr_carea' id='block_1_76' title="bbox 273 4191 1864 4269">
    <p class='ocr_par' dir='ltr' id='par_1_76' title="bbox 273 4191 1864 4269">
     <span class='ocr_line' id='line_1_76' title="bbox 273 4191 1864 4269; baseline 0.004 -21"><span class='ocrx_word' id='word_1_596' title='bbox 273 4191 633 4263; x_wconf 86' lang='lat' dir='ltr'><strong>postulaverit</strong></span> <span class='ocrx_word' id='word_1_597' title='bbox 662 4193 731 4249; x_wconf 86' lang='lat' dir='ltr'><strong>ab</strong></span> <span class='ocrx_word' id='word_1_598' title='bbox 775 4195 1094 4251; x_wconf 71' lang='lat' dir='ltr'><strong>orthodoxis</strong></span> <span class='ocrx_word' id='word_1_599' title='bbox 1117 4212 1182 4251; x_wconf 89' lang='lat' dir='ltr'><strong>ac</strong></span> <span class='ocrx_word' id='word_1_600' title='bbox 1226 4198 1554 4253; x_wconf 85' lang='lat' dir='ltr'><strong>zelatoribus</strong></span> <span class='ocrx_word' id='word_1_601' title='bbox 1583 4205 1637 4253; x_wconf 88' lang='lat' dir='ltr'><strong>et</strong></span> <span class='ocrx_word' id='word_1_602' title='bbox 1663 4213 1864 4269; x_wconf 89' lang='lat' dir='ltr'><strong>propu-</strong></span> 
     </span>
    </p>
   </div>
   <div class='ocr_carea' id='block_1_77' title="bbox 273 4284 1864 4361">
    <p class='ocr_par' dir='ltr' id='par_1_77' title="bbox 273 4284 1864 4361">
     <span class='ocr_line' id='line_1_77' title="bbox 273 4284 1864 4361; baseline 0.006 -22"><span class='ocrx_word' id='word_1_603' title='bbox 273 4284 598 4355; x_wconf 84' lang='lat' dir='ltr'><strong>gnatoribus</strong></span> <span class='ocrx_word' id='word_1_604' title='bbox 620 4286 898 4352; x_wconf 86' lang='lat' dir='ltr'><strong>veritatis,</strong></span> <span class='ocrx_word' id='word_1_605' title='bbox 947 4289 1205 4357; x_wconf 87' lang='lat' dir='ltr'><strong>piissimis</strong></span> <span class='ocrx_word' id='word_1_606' title='bbox 1245 4290 1493 4346; x_wconf 85' lang='lat' dir='ltr'><strong>videlicet</strong></span> <span class='ocrx_word' id='word_1_607' title='bbox 1523 4292 1864 4361; x_wconf 85' lang='lat' dir='ltr'><strong>imperatori-</strong></span> 
     </span>
    </p>
   </div>
   <div class='ocr_carea' id='block_1_78' title="bbox 277 4377 1865 4452">
    <p class='ocr_par' dir='ltr' id='par_1_78' title="bbox 277 4377 1865 4452">
     <span class='ocr_line' id='line_1_78' title="bbox 277 4377 1865 4452; baseline 0.004 -21"><span class='ocrx_word' id='word_1_608' title='bbox 277 4377 379 4431; x_wconf 90' lang='lat' dir='ltr'><strong>bus</strong></span> <span class='ocrx_word' id='word_1_609' title='bbox 400 4377 623 4443; x_wconf 87' lang='lat' dir='ltr'><strong>nostris,</strong></span> <span class='ocrx_word' id='word_1_610' title='bbox 659 4378 752 4449; x_wconf 91' lang='lat' dir='ltr'><strong>qui</strong></span> <span class='ocrx_word' id='word_1_611' title='bbox 778 4378 845 4433; x_wconf 86' lang='lat' dir='ltr'><strong>ad</strong></span> <span class='ocrx_word' id='word_1_612' title='bbox 869 4378 1094 4450; x_wconf 79' lang='lat' dir='ltr'><strong>gloriam</strong></span> <span class='ocrx_word' id='word_1_613' title='bbox 1121 4381 1214 4436; x_wconf 88' lang='lat' dir='ltr'><strong>Dei</strong></span> <span class='ocrx_word' id='word_1_614' title='bbox 1243 4380 1371 4437; x_wconf 91' lang='lat' dir='ltr'><strong>facti</strong></span> <span class='ocrx_word' id='word_1_615' title='bbox 1397 4391 1543 4447; x_wconf 89' lang='lat' dir='ltr'><strong>sunt,</strong></span> <span class='ocrx_word' id='word_1_616' title='bbox 1576 4398 1683 4452; x_wconf 89' lang='lat' dir='ltr'><strong>quo</strong></span> <span class='ocrx_word' id='word_1_617' title='bbox 1711 4385 1865 4439; x_wconf 73' lang='lat' dir='ltr'><strong>fleret</strong></span> 
     </span>
    </p>
   </div>
   <div class='ocr_carea' id='block_1_79' title="bbox 275 4465 1861 4542">
    <p class='ocr_par' dir='ltr' id='par_1_79' title="bbox 275 4465 1861 4542">
     <span class='ocr_line' id='line_1_79' title="bbox 275 4465 1861 4542; baseline 0.004 -19"><span class='ocrx_word' id='word_1_618' title='bbox 275 4465 601 4531; x_wconf 74' lang='lat' dir='ltr'><strong>universalis</strong></span> <span class='ocrx_word' id='word_1_619' title='bbox 643 4468 921 4539; x_wconf 79' lang='lat' dir='ltr'><strong>synodus;</strong></span> <span class='ocrx_word' id='word_1_620' title='bbox 969 4480 1024 4524; x_wconf 84' lang='lat' dir='ltr'><strong>et</strong></span> <span class='ocrx_word' id='word_1_621' title='bbox 1070 4473 1475 4542; x_wconf 83' lang='lat' dir='ltr'><strong>rcpromiserint</strong></span> <span class='ocrx_word' id='word_1_622' title='bbox 1502 4489 1685 4530; x_wconf 89' lang='lat' dir='ltr'><strong>coram</strong></span> <span class='ocrx_word' id='word_1_623' title='bbox 1714 4477 1861 4530; x_wconf 87' lang='lat' dir='ltr'><strong>omni</strong></span> 
     </span>
    </p>
   </div>
   <div class='ocr_carea' id='block_1_80' title="bbox 1954 3267 3545 3343">
    <p class='ocr_par' dir='ltr' id='par_1_80' title="bbox 1954 3267 3545 3343">
     <span class='ocr_line' id='line_1_80' title="bbox 1954 3267 3545 3343; baseline -0.008 -14"><span class='ocrx_word' id='word_1_624' title='bbox 1954 3274 2191 3337; x_wconf 70' lang='grc' dir='ltr'>λούντων,</span> <span class='ocrx_word' id='word_1_625' title='bbox 2242 3269 2341 3327; x_wconf 78' lang='grc' dir='ltr'>εἴτε</span> <span class='ocrx_word' id='word_1_626' title='bbox 2397 3278 2538 3343; x_wconf 80' lang='grc' dir='ltr'>κακῷ</span> <span class='ocrx_word' id='word_1_627' title='bbox 2579 3271 2833 3340; x_wconf 78' lang='grc' dir='ltr'>πνεύματι</span> <span class='ocrx_word' id='word_1_628' title='bbox 2884 3267 3154 3337; x_wconf 85' lang='grc' dir='ltr'>πειθόμενα</span> <span class='ocrx_word' id='word_1_629' title='bbox 3199 3268 3545 3340; x_wconf 69' lang='grc' dir='ltr'>παραφθαρνῦ-</span> 
     </span>
    </p>
   </div>
   <div class='ocr_carea' id='block_1_81' title="bbox 1954 3354 3542 3435">
    <p class='ocr_par' dir='ltr' id='par_1_81' title="bbox 1954 3354 3542 3435">
     <span class='ocr_line' id='line_1_81' title="bbox 1954 3354 3542 3435; baseline -0.008 -12"><span class='ocrx_word' id='word_1_630' title='bbox 1954 3388 2054 3423; x_wconf 88' lang='grc' dir='ltr'>σιν.</span> <span class='ocrx_word' id='word_1_631' title='bbox 2112 3363 2326 3427; x_wconf 83' lang='grc' dir='ltr'>’Δληθῶς</span> <span class='ocrx_word' id='word_1_632' title='bbox 2378 3361 2431 3419; x_wconf 75' lang='grc' dir='ltr'><strong>δί</strong></span> <span class='ocrx_word' id='word_1_633' title='bbox 2492 3366 2579 3417; x_wconf 85' lang='grc' dir='ltr'><strong>καί</strong></span> <span class='ocrx_word' id='word_1_634' title='bbox 2627 3360 2656 3417; x_wconf 78' lang='grc' dir='ltr'><strong><em>ὃ</em></strong></span> <span class='ocrx_word' id='word_1_635' title='bbox 2693 3360 2942 3435; x_wconf 77' lang='grc' dir='ltr'>μακάριος</span> <span class='ocrx_word' id='word_1_636' title='bbox 2985 3355 3206 3421; x_wconf 75' lang='grc' dir='ltr'>Ἰακὼϐ,</span> <span class='ocrx_word' id='word_1_637' title='bbox 3262 3354 3408 3416; x_wconf 82' lang='grc' dir='ltr'>ὅστις</span> <span class='ocrx_word' id='word_1_638' title='bbox 3458 3354 3542 3412; x_wconf 75' lang='grc' dir='ltr'>διὰ</span> 
     </span>
    </p>
   </div>
   <div class='ocr_carea' id='block_1_82' title="bbox 1955 3446 3542 3528">
    <p class='ocr_par' dir='ltr' id='par_1_82' title="bbox 1955 3446 3542 3528">
     <span class='ocr_line' id='line_1_82' title="bbox 1955 3446 3542 3528; baseline -0.006 -19"><span class='ocrx_word' id='word_1_639' title='bbox 1955 3462 2199 3528; x_wconf 85' lang='grc' dir='ltr'>γυναῖκας</span> <span class='ocrx_word' id='word_1_640' title='bbox 2267 3454 2429 3510; x_wconf 82' lang='grc' dir='ltr'>πολλὰ</span> <span class='ocrx_word' id='word_1_641' title='bbox 2482 3450 2577 3510; x_wconf 72' lang='grc' dir='ltr'>ἔτη</span> <span class='ocrx_word' id='word_1_642' title='bbox 2631 3449 2911 3509; x_wconf 71' lang='grc' dir='ltr'>δουλεύσας</span> <span class='ocrx_word' id='word_1_643' title='bbox 2967 3446 3140 3505; x_wconf 78' lang='grc' dir='ltr'>Λάϐαν</span> <span class='ocrx_word' id='word_1_644' title='bbox 3202 3452 3277 3518; x_wconf 79' lang='grc' dir='ltr'>τῷ</span> <span class='ocrx_word' id='word_1_645' title='bbox 3322 3447 3542 3522; x_wconf 69' lang='grc' dir='ltr'>πενθερῷ</span> 
     </span>
    </p>
   </div>
   <div class='ocr_carea' id='block_1_83' title="bbox 1956 3535 3542 3616">
    <p class='ocr_par' dir='ltr' id='par_1_83' title="bbox 1956 3535 3542 3616">
     <span class='ocr_line' id='line_1_83' title="bbox 1956 3535 3542 3616; baseline -0.006 -19"><span class='ocrx_word' id='word_1_646' title='bbox 1956 3544 2113 3599; x_wconf 74' lang='grc' dir='ltr'>αὐτοῦ</span> <span class='ocrx_word' id='word_1_647' title='bbox 2137 3544 2369 3616; x_wconf 67' lang='grc' dir='ltr'>φαίνεται</span> <span class='ocrx_word' id='word_1_648' title='bbox 2401 3541 2575 3612; x_wconf 75' lang='grc' dir='ltr'>λέγων’</span> <span class='ocrx_word' id='word_1_649' title='bbox 2601 3557 2619 3589; x_wconf 79' lang='lat' dir='ltr'><strong>t</strong></span> <span class='ocrx_word' id='word_1_650' title='bbox 2652 3536 2854 3593; x_wconf 74' lang='grc' dir='ltr'>Εἴκοσιν</span> <span class='ocrx_word' id='word_1_651' title='bbox 2881 3535 2971 3595; x_wconf 76' lang='grc' dir='ltr'>ἴτη</span> <span class='ocrx_word' id='word_1_652' title='bbox 2994 3536 3093 3608; x_wconf 75' lang='grc' dir='ltr'>ίγῶ</span> <span class='ocrx_word' id='word_1_653' title='bbox 3119 3535 3222 3605; x_wconf 82' lang='grc' dir='ltr'>εἰμι</span> <span class='ocrx_word' id='word_1_654' title='bbox 3258 3536 3390 3606; x_wconf 79' lang='grc' dir='ltr'><strong>μετά</strong></span> <span class='ocrx_word' id='word_1_655' title='bbox 3423 3541 3542 3590; x_wconf 79' lang='grc' dir='ltr'>σοῦ’</span> 
     </span>
    </p>
   </div>
   <div class='ocr_carea' id='block_1_84' title="bbox 1955 3627 3545 3709">
    <p class='ocr_par' dir='ltr' id='par_1_84' title="bbox 1955 3627 3545 3709">
     <span class='ocr_line' id='line_1_84' title="bbox 1955 3627 3545 3709; baseline -0.005 -20"><span class='ocrx_word' id='word_1_656' title='bbox 1955 3637 2021 3690; x_wconf 86' lang='grc' dir='ltr'><strong>τά</strong></span> <span class='ocrx_word' id='word_1_657' title='bbox 2086 3633 2324 3709; x_wconf 83' lang='grc' dir='ltr'>πρόϐατα</span> <span class='ocrx_word' id='word_1_658' title='bbox 2394 3635 2482 3687; x_wconf 80' lang='grc' dir='ltr'><strong>καί</strong></span> <span class='ocrx_word' id='word_1_659' title='bbox 2546 3632 2600 3686; x_wconf 82' lang='grc' dir='ltr'><strong>αἰ</strong></span> <span class='ocrx_word' id='word_1_660' title='bbox 2662 3627 2803 3703; x_wconf 79' lang='grc' dir='ltr'>αἷγίς</span> <span class='ocrx_word' id='word_1_661' title='bbox 2869 3650 2967 3685; x_wconf 91' lang='grc' dir='ltr'><strong>σου</strong></span> <span class='ocrx_word' id='word_1_662' title='bbox 3036 3629 3121 3681; x_wconf 78' lang='grc' dir='ltr'>οὐκ</span> <span class='ocrx_word' id='word_1_663' title='bbox 3190 3627 3545 3685; x_wconf 78' lang='grc' dir='ltr'>ἠτεκνὼθησαν</span> 
     </span>
    </p>
   </div>
   <div class='ocr_carea' id='block_1_85' title="bbox 1961 3718 3548 3795">
    <p class='ocr_par' dir='ltr' id='par_1_85' title="bbox 1961 3718 3548 3795">
     <span class='ocr_line' id='line_1_85' title="bbox 1961 3718 3548 3795; baseline -0.004 -17"><span class='ocrx_word' id='word_1_664' title='bbox 1961 3720 2095 3795; x_wconf 81' lang='grc' dir='ltr'><strong>[”Δλ.</strong></span> <span class='ocrx_word' id='word_1_665' title='bbox 2133 3718 2440 3791; x_wconf 70' lang='grc' dir='ltr'>ἠτίκνωσαν]</span> <span class='ocrx_word' id='word_1_666' title='bbox 2462 3760 2478 3786; x_wconf 87' lang='lat'><strong>,</strong></span> <span class='ocrx_word' id='word_1_667' title='bbox 2526 3724 2700 3792; x_wconf 72' lang='grc' dir='ltr'>κριοὺς</span> <span class='ocrx_word' id='word_1_668' title='bbox 2751 3728 2851 3776; x_wconf 86' lang='grc' dir='ltr'>τῶν</span> <span class='ocrx_word' id='word_1_669' title='bbox 2894 3719 3171 3794; x_wconf 75' lang='grc' dir='ltr'>προϐάτοιν</span> <span class='ocrx_word' id='word_1_670' title='bbox 3210 3738 3303 3773; x_wconf 72' lang='grc' dir='ltr'><strong>σου</strong></span> <span class='ocrx_word' id='word_1_671' title='bbox 3349 3719 3408 3772; x_wconf 78' lang='grc' dir='ltr'>οὐ</span> <span class='ocrx_word' id='word_1_672' title='bbox 3456 3739 3548 3771; x_wconf 85' lang='grc' dir='ltr'>κα·-</span> 
     </span>
    </p>
   </div>
   <div class='ocr_carea' id='block_1_86' title="bbox 1958 3806 3547 3890">
    <p class='ocr_par' dir='ltr' id='par_1_86' title="bbox 1958 3806 3547 3890">
     <span class='ocr_line' id='line_1_86' title="bbox 1958 3806 3547 3890; baseline -0.006 -19"><span class='ocrx_word' id='word_1_673' title='bbox 1958 3815 2193 3887; x_wconf 77' lang='grc' dir='ltr'>τίφαγον,</span> <span class='ocrx_word' id='word_1_674' title='bbox 2235 3813 2541 3890; x_wconf 85' lang='grc' dir='ltr'>θηριάλωτον</span> <span class='ocrx_word' id='word_1_675' title='bbox 2581 3814 2667 3867; x_wconf 71' lang='grc' dir='ltr'>οὐκ</span> <span class='ocrx_word' id='word_1_676' title='bbox 2712 3811 2933 3882; x_wconf 78' lang='grc' dir='ltr'>ίνιόνοχά</span> <span class='ocrx_word' id='word_1_677' title='bbox 2967 3830 3070 3865; x_wconf 91' lang='grc' dir='ltr'>σοι.</span> <span class='ocrx_word' id='word_1_678' title='bbox 3098 3806 3223 3880; x_wconf 81' lang='grc' dir='ltr'><strong>Ἐγὼ</strong></span> <span class='ocrx_word' id='word_1_679' title='bbox 3253 3809 3547 3864; x_wconf 86' lang='grc' dir='ltr'>ἀπετίννυον</span> 
     </span>
    </p>
   </div>
   <div class='ocr_carea' id='block_1_87' title="bbox 1961 3901 3548 3979">
    <p class='ocr_par' dir='ltr' id='par_1_87' title="bbox 1961 3901 3548 3979">
     <span class='ocr_line' id='line_1_87' title="bbox 1961 3901 3548 3979; baseline -0.003 -19"><span class='ocrx_word' id='word_1_680' title='bbox 1961 3901 2287 3975; x_wconf 74' lang='grc' dir='ltr'>ἀπ’ίμαυτοῦ</span> <span class='ocrx_word' id='word_1_681' title='bbox 2336 3908 2402 3960; x_wconf 85' lang='grc' dir='ltr'><strong>τά</strong></span> <span class='ocrx_word' id='word_1_682' title='bbox 2457 3904 2718 3977; x_wconf 73' lang='grc' dir='ltr'>κλέμματα</span> <span class='ocrx_word' id='word_1_683' title='bbox 2767 3906 2982 3979; x_wconf 69' lang='grc' dir='ltr'>ἡμέρας.</span> <span class='ocrx_word' id='word_1_684' title='bbox 3032 3904 3115 3956; x_wconf 87' lang='grc' dir='ltr'><strong>καί</strong></span> <span class='ocrx_word' id='word_1_685' title='bbox 3163 3904 3427 3975; x_wconf 74' lang='grc' dir='ltr'>κλίμματα</span> <span class='ocrx_word' id='word_1_686' title='bbox 3459 3924 3548 3956; x_wconf 69' lang='grc' dir='ltr'><strong>νυν</strong></span> 
     </span>
    </p>
   </div>
   <div class='ocr_carea' id='block_1_88' title="bbox 1961 3988 3549 4069">
    <p class='ocr_par' dir='ltr' id='par_1_88' title="bbox 1961 3988 3549 4069">
     <span class='ocr_line' id='line_1_88' title="bbox 1961 3988 3549 4069; baseline -0.002 -21"><span class='ocrx_word' id='word_1_687' title='bbox 1961 3993 2099 4055; x_wconf 87' lang='grc' dir='ltr'>κτός·</span> <span class='ocrx_word' id='word_1_688' title='bbox 2142 3994 2379 4067; x_wconf 71' lang='grc' dir='ltr'>ὶγενόμην</span> <span class='ocrx_word' id='word_1_689' title='bbox 2437 4002 2531 4055; x_wconf 78' lang='grc' dir='ltr'>τῆς</span> <span class='ocrx_word' id='word_1_690' title='bbox 2571 3995 2765 4069; x_wconf 68' lang='grc' dir='ltr'>ἡμέρας</span> <span class='ocrx_word' id='word_1_691' title='bbox 2803 3988 3167 4065; x_wconf 82' lang='grc' dir='ltr'>συγκαιόμενος</span> <span class='ocrx_word' id='word_1_692' title='bbox 3195 4001 3268 4062; x_wconf 81' lang='grc' dir='ltr'>τῷ</span> <span class='ocrx_word' id='word_1_693' title='bbox 3299 3993 3549 4063; x_wconf 69' lang='grc' dir='ltr'>καύματι,</span> 
     </span>
    </p>
   </div>
   <div class='ocr_carea' id='block_1_89' title="bbox 1961 4081 3553 4159">
    <p class='ocr_par' dir='ltr' id='par_1_89' title="bbox 1961 4081 3553 4159">
     <span class='ocr_line' id='line_1_89' title="bbox 1961 4081 3553 4159; baseline -0.002 -18"><span class='ocrx_word' id='word_1_694' title='bbox 1961 4089 2051 4141; x_wconf 85' lang='grc' dir='ltr'><strong>καί</strong></span> <span class='ocrx_word' id='word_1_695' title='bbox 2078 4093 2151 4155; x_wconf 87' lang='grc' dir='ltr'>τῷ</span> <span class='ocrx_word' id='word_1_696' title='bbox 2190 4094 2400 4159; x_wconf 84' lang='grc' dir='ltr'>παγετῷ</span> <span class='ocrx_word' id='word_1_697' title='bbox 2429 4093 2519 4147; x_wconf 79' lang='grc' dir='ltr'>τῆς</span> <span class='ocrx_word' id='word_1_698' title='bbox 2553 4086 2735 4146; x_wconf 82' lang='grc' dir='ltr'>νυκτός</span> <span class='ocrx_word' id='word_1_699' title='bbox 2755 4126 2770 4151; x_wconf 90' lang='grc'>,</span> <span class='ocrx_word' id='word_1_700' title='bbox 2796 4087 2878 4139; x_wconf 82' lang='grc' dir='ltr'><strong>καί</strong></span> <span class='ocrx_word' id='word_1_701' title='bbox 2911 4086 3154 4157; x_wconf 71' lang='grc' dir='ltr'>ἀφεστατο</span> <span class='ocrx_word' id='word_1_702' title='bbox 3183 4082 3215 4139; x_wconf 85' lang='grc' dir='ltr'><strong>ό</strong></span> <span class='ocrx_word' id='word_1_703' title='bbox 3243 4081 3402 4143; x_wconf 82' lang='grc' dir='ltr'>ὕπνος</span> <span class='ocrx_word' id='word_1_704' title='bbox 3447 4084 3553 4138; x_wconf 74' lang='grc' dir='ltr'><strong>ἀπὸ</strong></span> 
     </span>
    </p>
   </div>
   <div class='ocr_carea' id='block_1_90' title="bbox 1959 4167 3553 4248">
    <p class='ocr_par' dir='ltr' id='par_1_90' title="bbox 1959 4167 3553 4248">
     <span class='ocr_line' id='line_1_90' title="bbox 1959 4167 3553 4248; baseline -0.004 -17"><span class='ocrx_word' id='word_1_705' title='bbox 1959 4181 2060 4232; x_wconf 80' lang='grc' dir='ltr'>τῶν</span> <span class='ocrx_word' id='word_1_706' title='bbox 2091 4175 2350 4248; x_wconf 64' lang='grc' dir='ltr'>ὀφθαλμῶν</span> <span class='ocrx_word' id='word_1_707' title='bbox 2377 4196 2498 4245; x_wconf 87' lang='grc' dir='ltr'>μου.</span> <span class='ocrx_word' id='word_1_708' title='bbox 2526 4193 2546 4226; x_wconf 79' lang='grc' dir='ltr'><strong>ε</strong></span> <span class='ocrx_word' id='word_1_709' title='bbox 2574 4175 2688 4229; x_wconf 77' lang='grc' dir='ltr'>’Βάν</span> <span class='ocrx_word' id='word_1_710' title='bbox 2728 4174 2863 4228; x_wconf 78' lang='grc' dir='ltr'>οὕτω</span> <span class='ocrx_word' id='word_1_711' title='bbox 2903 4180 3043 4229; x_wconf 87' lang='grc' dir='ltr'>ποιεῖ</span> <span class='ocrx_word' id='word_1_712' title='bbox 3080 4170 3185 4243; x_wconf 75' lang='lat' dir='ltr'><strong>[AL</strong></span> <span class='ocrx_word' id='word_1_713' title='bbox 3232 4167 3430 4241; x_wconf 83' lang='grc' dir='ltr'>κάμνει]</span> <span class='ocrx_word' id='word_1_714' title='bbox 3468 4173 3553 4225; x_wconf 81' lang='grc' dir='ltr'><strong>καί</strong></span> 
     </span>
    </p>
   </div>
   <div class='ocr_carea' id='block_1_91' title="bbox 1964 4259 3553 4337">
    <p class='ocr_par' dir='ltr' id='par_1_91' title="bbox 1964 4259 3553 4337">
     <span class='ocr_line' id='line_1_91' title="bbox 1964 4259 3553 4337; baseline -0.006 -17"><span class='ocrx_word' id='word_1_715' title='bbox 1964 4265 2214 4337; x_wconf 79' lang='grc' dir='ltr'>ἀγρυπνεῖ</span> <span class='ocrx_word' id='word_1_716' title='bbox 2257 4262 2285 4319; x_wconf 84' lang='grc' dir='ltr'><strong><em>ὅ</em></strong></span> <span class='ocrx_word' id='word_1_717' title='bbox 2333 4266 2617 4334; x_wconf 81' lang='grc' dir='ltr'>ποιμαίνων</span> <span class='ocrx_word' id='word_1_718' title='bbox 2681 4265 2749 4319; x_wconf 87' lang='grc' dir='ltr'><strong>τά</strong></span> <span class='ocrx_word' id='word_1_719' title='bbox 2816 4261 3054 4335; x_wconf 83' lang='grc' dir='ltr'>πρόϐατα</span> <span class='ocrx_word' id='word_1_720' title='bbox 3107 4260 3318 4323; x_wconf 79' lang='grc' dir='ltr'>Λάϐαν,</span> <span class='ocrx_word' id='word_1_721' title='bbox 3361 4259 3553 4317; x_wconf 81' lang='grc' dir='ltr'>πόσους</span> 
     </span>
    </p>
   </div>
   <div class='ocr_carea' id='block_1_92' title="bbox 1968 4347 3552 4428">
    <p class='ocr_par' dir='ltr' id='par_1_92' title="bbox 1968 4347 3552 4428">
     <span class='ocr_line' id='line_1_92' title="bbox 1968 4347 3552 4428; baseline -0.005 -19"><span class='ocrx_word' id='word_1_722' title='bbox 1968 4356 2244 4422; x_wconf 84' lang='grc' dir='ltr'>καμάτους,</span> <span class='ocrx_word' id='word_1_723' title='bbox 2290 4352 2458 4414; x_wconf 84' lang='grc' dir='ltr'>πόσας</span> <span class='ocrx_word' id='word_1_724' title='bbox 2513 4354 2801 4428; x_wconf 73' lang='grc' dir='ltr'>ἀγρυπνίας</span> <span class='ocrx_word' id='word_1_725' title='bbox 2849 4352 3030 4422; x_wconf 74' lang='grc' dir='ltr'>ὀφείλει</span> <span class='ocrx_word' id='word_1_726' title='bbox 3082 4350 3351 4422; x_wconf 72' lang='grc' dir='ltr'>ὑποφέρειν</span> <span class='ocrx_word' id='word_1_727' title='bbox 3381 4347 3410 4403; x_wconf 88' lang='grc' dir='ltr'><strong>ό</strong></span> <span class='ocrx_word' id='word_1_728' title='bbox 3435 4368 3552 4402; x_wconf 82' lang='grc' dir='ltr'>ποι-</span> 
     </span>
    </p>
   </div>
   <div class='ocr_carea' id='block_1_93' title="bbox 1970 4442 3552 4521">
    <p class='ocr_par' dir='ltr' id='par_1_93' title="bbox 1970 4442 3552 4521">
     <span class='ocr_line' id='line_1_93' title="bbox 1970 4442 3552 4521; baseline -0.003 -22"><span class='ocrx_word' id='word_1_729' title='bbox 1970 4448 2161 4515; x_wconf 88' lang='grc' dir='ltr'>μαίνων</span> <span class='ocrx_word' id='word_1_730' title='bbox 2209 4446 2275 4499; x_wconf 85' lang='grc' dir='ltr'><strong>τά</strong></span> <span class='ocrx_word' id='word_1_731' title='bbox 2317 4444 2548 4519; x_wconf 84' lang='grc' dir='ltr'>πρόϐατα</span> <span class='ocrx_word' id='word_1_732' title='bbox 2593 4451 2686 4501; x_wconf 81' lang='grc' dir='ltr'>τοῦ</span> <span class='ocrx_word' id='word_1_733' title='bbox 2736 4449 2990 4521; x_wconf 76' lang='grc' dir='ltr'>Χριστοῦ;</span> <span class='ocrx_word' id='word_1_734' title='bbox 3019 4442 3149 4498; x_wconf 81' lang='grc' dir='ltr'>Ἀλλ’</span> <span class='ocrx_word' id='word_1_735' title='bbox 3170 4444 3221 4495; x_wconf 79' lang='grc' dir='ltr'><strong>ἰν</strong></span> <span class='ocrx_word' id='word_1_736' title='bbox 3271 4447 3407 4496; x_wconf 85' lang='grc' dir='ltr'>πᾶσι</span> <span class='ocrx_word' id='word_1_737' title='bbox 3435 4443 3552 4495; x_wconf 82' lang='grc' dir='ltr'>τού-</span> 
     </span>
    </p>
   </div>
   <div class='ocr_carea' id='block_1_94' title="bbox 275 4529 1850 4634">
    <p class='ocr_par' dir='ltr' id='par_1_94' title="bbox 275 4529 1850 4634">
     <span class='ocr_line' id='line_1_94' title="bbox 275 4529 1850 4634; baseline 0.003 -21"><span class='ocrx_word' id='word_1_738' title='bbox 275 4529 590 4615; x_wconf 74' lang='lat' dir='ltr'><strong>Cltristiano</strong></span> <span class='ocrx_word' id='word_1_739' title='bbox 630 4529 830 4628; x_wconf 73' lang='lat' dir='ltr'><strong>populo</strong></span> <span class='ocrx_word' id='word_1_740' title='bbox 859 4529 961 4615; x_wconf 82' lang='lat' dir='ltr'><strong>suo</strong></span> <span class='ocrx_word' id='word_1_741' title='bbox 997 4529 1372 4630; x_wconf 71' lang='lat' dir='ltr'><strong>supplicationi</strong></span> <span class='ocrx_word' id='word_1_742' title='bbox 1423 4529 1617 4617; x_wconf 69' lang='lat' dir='ltr'><strong>vestrae</strong></span> <span class='ocrx_word' id='word_1_743' title='bbox 1653 4564 1739 4634; x_wconf 84' lang='lat' dir='ltr'><strong>pie</strong></span> <span class='ocrx_word' id='word_1_744' title='bbox 1769 4580 1850 4618; x_wconf 85' lang='lat' dir='ltr'><strong>an-</strong></span> 
     </span>
    </p>
   </div>
   <div class='ocr_carea' id='block_1_95' title="bbox 1952 4529 3552 4634">
    <p class='ocr_par' dir='ltr' id='par_1_95' title="bbox 1968 4529 3552 4610">
     <span class='ocr_line' id='line_1_95' title="bbox 1968 4529 3552 4610; baseline -0.001 -20"><span class='ocrx_word' id='word_1_745' title='bbox 1968 4556 2075 4594; x_wconf 92' lang='grc' dir='ltr'>τοις</span> <span class='ocrx_word' id='word_1_746' title='bbox 2131 4535 2286 4594; x_wconf 78' lang='grc' dir='ltr'>αὐτὸς</span> <span class='ocrx_word' id='word_1_747' title='bbox 2344 4535 2482 4605; x_wconf 71' lang='grc' dir='ltr'>ὑμᾶς</span> <span class='ocrx_word' id='word_1_748' title='bbox 2543 4536 2752 4610; x_wconf 73' lang='grc' dir='ltr'>στηρίεη</span> <span class='ocrx_word' id='word_1_749' title='bbox 2810 4536 2897 4587; x_wconf 83' lang='grc' dir='ltr'>καὶ</span> <span class='ocrx_word' id='word_1_750' title='bbox 2962 4530 3138 4605; x_wconf 69' lang='grc' dir='ltr'>διδάξῃ</span> <span class='ocrx_word' id='word_1_751' title='bbox 3163 4576 3177 4597; x_wconf 81' lang='lat'><strong>,</strong></span> <span class='ocrx_word' id='word_1_752' title='bbox 3234 4529 3290 4592; x_wconf 79' lang='grc' dir='ltr'>ὃς</span> <span class='ocrx_word' id='word_1_753' title='bbox 3332 4529 3552 4602; x_wconf 71' lang='grc' dir='ltr'>δι’ἡμᾶς</span> 
     </span>
    </p>
   </div>
   <div class='ocr_carea' id='block_1_96' title="bbox 278 4647 1862 4719">
    <p class='ocr_par' dir='ltr' id='par_1_96' title="bbox 278 4647 1862 4719">
     <span class='ocr_line' id='line_1_96' title="bbox 278 4647 1862 4719; baseline 0.003 -17"><span class='ocrx_word' id='word_1_754' title='bbox 278 4653 534 4712; x_wconf 83' lang='lat' dir='ltr'><strong>uuentes,</strong></span> <span class='ocrx_word' id='word_1_755' title='bbox 554 4647 926 4719; x_wconf 80' lang='lat' dir='ltr'><strong>synodumque</strong></span> <span class='ocrx_word' id='word_1_756' title='bbox 955 4649 1009 4704; x_wconf 91' lang='lat' dir='ltr'><strong>in</strong></span> <span class='ocrx_word' id='word_1_757' title='bbox 1037 4651 1182 4719; x_wconf 83' lang='lat' dir='ltr'><strong>regia</strong></span> <span class='ocrx_word' id='word_1_758' title='bbox 1215 4654 1347 4706; x_wconf 76' lang='lat' dir='ltr'><strong>urbe</strong></span> <span class='ocrx_word' id='word_1_759' title='bbox 1382 4654 1496 4707; x_wconf 82' lang='lat' dir='ltr'><strong>ﬁeri</strong></span> <span class='ocrx_word' id='word_1_760' title='bbox 1526 4654 1862 4707; x_wconf 77' lang='lat' dir='ltr'><strong>deﬁnientes.</strong></span> 
     </span>
    </p>
   </div>
   <div class='ocr_carea' id='block_1_97' title="bbox 278 4732 1867 4811">
    <p class='ocr_par' dir='ltr' id='par_1_97' title="bbox 278 4732 1867 4811">
     <span class='ocr_line' id='line_1_97' title="bbox 278 4732 1867 4811; baseline 0.004 -20"><span class='ocrx_word' id='word_1_761' title='bbox 278 4732 392 4792; x_wconf 80' lang='lat' dir='ltr'><strong>Nos</strong></span> <span class='ocrx_word' id='word_1_762' title='bbox 419 4743 616 4801; x_wconf 88' lang='lat' dir='ltr'><strong>autem,</strong></span> <span class='ocrx_word' id='word_1_763' title='bbox 657 4738 1111 4807; x_wconf 73' lang='lat' dir='ltr'><strong>quemadmodum</strong></span> <span class='ocrx_word' id='word_1_764' title='bbox 1139 4749 1194 4794; x_wconf 89' lang='lat' dir='ltr'><strong>et</strong></span> <span class='ocrx_word' id='word_1_765' title='bbox 1222 4742 1275 4794; x_wconf 87' lang='lat' dir='ltr'><strong>in</strong></span> <span class='ocrx_word' id='word_1_766' title='bbox 1304 4743 1545 4811; x_wconf 82' lang='lat' dir='ltr'><strong>ipsorum</strong></span> <span class='ocrx_word' id='word_1_767' title='bbox 1580 4743 1699 4797; x_wconf 79' lang='lat' dir='ltr'><strong>diva</strong></span> <span class='ocrx_word' id='word_1_768' title='bbox 1733 4761 1867 4798; x_wconf 83' lang='lat' dir='ltr'><strong>con-</strong></span> 
     </span>
    </p>
   </div>
   <div class='ocr_carea' id='block_1_98' title="bbox 277 4817 1871 4904">
    <p class='ocr_par' dir='ltr' id='par_1_98' title="bbox 277 4817 1871 4904">
     <span class='ocr_line' id='line_1_98' title="bbox 277 4817 1871 4904; baseline 0.004 -21"><span class='ocrx_word' id='word_1_769' title='bbox 277 4824 833 4900; x_wconf 76' lang='lat' dir='ltr'><strong>tiuebaturjussione,</strong></span> <span class='ocrx_word' id='word_1_770' title='bbox 861 4829 1088 4886; x_wconf 88' lang='lat' dir='ltr'><strong>dilectos</strong></span> <span class='ocrx_word' id='word_1_771' title='bbox 1110 4817 1264 4886; x_wconf 75' lang='lat' dir='ltr'><strong>nobis</strong></span> <span class='ocrx_word' id='word_1_772' title='bbox 1286 4840 1341 4886; x_wconf 86' lang='lat' dir='ltr'><strong>et</strong></span> <span class='ocrx_word' id='word_1_773' title='bbox 1363 4834 1685 4902; x_wconf 84' lang='lat' dir='ltr'><strong>approbatos</strong></span> <span class='ocrx_word' id='word_1_774' title='bbox 1710 4844 1871 4904; x_wconf 87' lang='lat' dir='ltr'><strong>atque</strong></span> 
     </span>
    </p>
   </div>
   <div class='ocr_carea' id='block_1_99' title="bbox 276 4915 1866 4995">
    <p class='ocr_par' dir='ltr' id='par_1_99' title="bbox 276 4915 1866 4995">
     <span class='ocr_line' id='line_1_99' title="bbox 276 4915 1866 4995; baseline 0.006 -24"><span class='ocrx_word' id='word_1_775' title='bbox 276 4915 575 4987; x_wconf 86' lang='lat' dir='ltr'><strong>prudentes</strong></span> <span class='ocrx_word' id='word_1_776' title='bbox 599 4918 908 4976; x_wconf 85' lang='lat' dir='ltr'><strong>sacerdotes</strong></span> <span class='ocrx_word' id='word_1_777' title='bbox 933 4936 1032 4993; x_wconf 87' lang='lat' dir='ltr'><strong>pro</strong></span> <span class='ocrx_word' id='word_1_778' title='bbox 1072 4929 1217 4977; x_wconf 89' lang='lat' dir='ltr'><strong>statu</strong></span> <span class='ocrx_word' id='word_1_779' title='bbox 1244 4938 1519 4978; x_wconf 85' lang='lat' dir='ltr'><strong>sacrarum</strong></span> <span class='ocrx_word' id='word_1_780' title='bbox 1549 4924 1866 4995; x_wconf 76' lang='lat' dir='ltr'><strong>imaginum,</strong></span> 
     </span>
    </p>
   </div>
   <div class='ocr_carea' id='block_1_100' title="bbox 278 5004 1869 5079">
    <p class='ocr_par' dir='ltr' id='par_1_100' title="bbox 278 5004 1869 5079">
     <span class='ocr_line' id='line_1_100' title="bbox 278 5004 1869 5079; baseline 0.007 -19"><span class='ocrx_word' id='word_1_781' title='bbox 278 5013 341 5061; x_wconf 94' lang='lat' dir='ltr'><strong>ut</strong></span> <span class='ocrx_word' id='word_1_782' title='bbox 370 5004 551 5076; x_wconf 88' lang='lat' dir='ltr'><strong>prisco</strong></span> <span class='ocrx_word' id='word_1_783' title='bbox 580 5006 685 5062; x_wconf 92' lang='lat' dir='ltr'><strong>illis</strong></span> <span class='ocrx_word' id='word_1_784' title='bbox 703 5008 760 5065; x_wconf 91' lang='lat' dir='ltr'><strong>in</strong></span> <span class='ocrx_word' id='word_1_785' title='bbox 784 5010 1031 5078; x_wconf 85' lang='lat' dir='ltr'><strong>partibus</strong></span> <span class='ocrx_word' id='word_1_786' title='bbox 1048 5011 1237 5066; x_wconf 89' lang='lat' dir='ltr'><strong>ordine</strong></span> <span class='ocrx_word' id='word_1_787' title='bbox 1276 5013 1696 5079; x_wconf 89' lang='lat' dir='ltr'><strong>constituantur,</strong></span> <span class='ocrx_word' id='word_1_788' title='bbox 1736 5029 1869 5071; x_wconf 84' lang='lat' dir='ltr'><strong>cum</strong></span> 
     </span>
    </p>
   </div>
   <div class='ocr_carea' id='block_1_101' title="bbox 280 5098 1868 5173">
    <p class='ocr_par' dir='ltr' id='par_1_101' title="bbox 280 5098 1868 5173">
     <span class='ocr_line' id='line_1_101' title="bbox 280 5098 1868 5173; baseline 0.006 -21"><span class='ocrx_word' id='word_1_789' title='bbox 280 5112 483 5169; x_wconf 85' lang='lat' dir='ltr'><strong>magno</strong></span> <span class='ocrx_word' id='word_1_790' title='bbox 521 5098 791 5157; x_wconf 83' lang='lat' dir='ltr'><strong>desiderio</strong></span> <span class='ocrx_word' id='word_1_791' title='bbox 834 5108 890 5158; x_wconf 87' lang='lat' dir='ltr'><strong>et</strong></span> <span class='ocrx_word' id='word_1_792' title='bbox 935 5104 1176 5158; x_wconf 79' lang='lat' dir='ltr'><strong>maxime</strong></span> <span class='ocrx_word' id='word_1_793' title='bbox 1219 5104 1416 5173; x_wconf 88' lang='lat' dir='ltr'><strong>gaudio</strong></span> <span class='ocrx_word' id='word_1_794' title='bbox 1459 5104 1868 5162; x_wconf 85' lang='lat' dir='ltr'><strong>destinavimus.</strong></span> 
     </span>
    </p>
   </div>
   <div class='ocr_carea' id='block_1_102' title="bbox 280 5189 1873 5270">
    <p class='ocr_par' dir='ltr' id='par_1_102' title="bbox 280 5189 1873 5270">
     <span class='ocr_line' id='line_1_102' title="bbox 280 5189 1873 5270; baseline 0.008 -25"><span class='ocrx_word' id='word_1_795' title='bbox 280 5189 394 5245; x_wconf 85' lang='lat' dir='ltr'><strong>Sed</strong></span> <span class='ocrx_word' id='word_1_796' title='bbox 421 5200 600 5247; x_wconf 89' lang='lat' dir='ltr'><strong>vestra</strong></span> <span class='ocrx_word' id='word_1_797' title='bbox 625 5195 885 5251; x_wconf 85' lang='lat' dir='ltr'><strong>sanctitas</strong></span> <span class='ocrx_word' id='word_1_798' title='bbox 923 5197 1126 5252; x_wconf 86' lang='lat' dir='ltr'><strong>eisdem</strong></span> <span class='ocrx_word' id='word_1_799' title='bbox 1156 5198 1414 5267; x_wconf 88' lang='lat' dir='ltr'><strong>piissimis</strong></span> <span class='ocrx_word' id='word_1_800' title='bbox 1455 5199 1873 5270; x_wconf 88' lang='lat' dir='ltr'><strong>imperatoribus</strong></span> 
     </span>
    </p>
   </div>
   <div class='ocr_carea' id='block_1_103' title="bbox 280 5292 1869 5375">
    <p class='ocr_par' dir='ltr' id='par_1_103' title="bbox 280 5292 1869 5375">
     <span class='ocr_line' id='line_1_103' title="bbox 280 5292 1869 5375; baseline 0.008 -28"><span class='ocrx_word' id='word_1_801' title='bbox 280 5301 340 5348; x_wconf 90' lang='lat' dir='ltr'><strong>et</strong></span> <span class='ocrx_word' id='word_1_802' title='bbox 359 5292 844 5367; x_wconf 82' lang='lat' dir='ltr'><strong>triumphaturibus</strong></span> <span class='ocrx_word' id='word_1_803' title='bbox 881 5297 1136 5354; x_wconf 78' lang='lat' dir='ltr'><strong>alacriter</strong></span> <span class='ocrx_word' id='word_1_804' title='bbox 1168 5311 1450 5373; x_wconf 87' lang='lat' dir='ltr'><strong>suggerat,</strong></span> <span class='ocrx_word' id='word_1_805' title='bbox 1499 5313 1560 5359; x_wconf 93' lang='lat' dir='ltr'><strong>ut</strong></span> <span class='ocrx_word' id='word_1_806' title='bbox 1595 5304 1649 5359; x_wconf 92' lang='lat' dir='ltr'><strong>in</strong></span> <span class='ocrx_word' id='word_1_807' title='bbox 1677 5305 1869 5375; x_wconf 79' lang='lat' dir='ltr'><strong>primis</strong></span> 
     </span>
    </p>
   </div>
   <div class='ocr_carea' id='block_1_104' title="bbox 282 5392 1871 5471">
    <p class='ocr_par' dir='ltr' id='par_1_104' title="bbox 282 5392 1871 5471">
     <span class='ocr_line' id='line_1_104' title="bbox 282 5392 1871 5471; baseline 0.01 -25"><span class='ocrx_word' id='word_1_808' title='bbox 282 5392 729 5465; x_wconf 75' lang='lat' dir='ltr'><strong>pseudosyitogus</strong></span> <span class='ocrx_word' id='word_1_809' title='bbox 768 5395 858 5451; x_wconf 87' lang='lat' dir='ltr'><strong>ille</strong></span> <span class='ocrx_word' id='word_1_810' title='bbox 885 5397 977 5467; x_wconf 88' lang='lat' dir='ltr'><strong>qui</strong></span> <span class='ocrx_word' id='word_1_811' title='bbox 1006 5399 1123 5454; x_wconf 87' lang='lat' dir='ltr'><strong>sine</strong></span> <span class='ocrx_word' id='word_1_812' title='bbox 1166 5401 1457 5471; x_wconf 82' lang='lat' dir='ltr'><strong>apostolica</strong></span> <span class='ocrx_word' id='word_1_813' title='bbox 1496 5404 1622 5459; x_wconf 89' lang='lat' dir='ltr'><strong>sede</strong></span> <span class='ocrx_word' id='word_1_814' title='bbox 1671 5404 1871 5461; x_wconf 85' lang='lat' dir='ltr'><strong>inordi-</strong></span> 
     </span>
    </p>
   </div>
   <div class='ocr_carea' id='block_1_105' title="bbox 284 5494 1871 5575">
    <p class='ocr_par' dir='ltr' id='par_1_105' title="bbox 284 5494 1871 5575">
     <span class='ocr_line' id='line_1_105' title="bbox 284 5494 1871 5575; baseline 0.007 -27"><span class='ocrx_word' id='word_1_815' title='bbox 284 5504 414 5549; x_wconf 89' lang='lat' dir='ltr'><strong>nate</strong></span> <span class='ocrx_word' id='word_1_816' title='bbox 436 5501 492 5549; x_wconf 92' lang='lat' dir='ltr'><strong>et</strong></span> <span class='ocrx_word' id='word_1_817' title='bbox 520 5494 900 5568; x_wconf 83' lang='lat' dir='ltr'><strong>insyllogistice</strong></span> <span class='ocrx_word' id='word_1_818' title='bbox 924 5497 1330 5575; x_wconf 80' lang='lat' dir='ltr'><strong>[asyllogistice]</strong></span> <span class='ocrx_word' id='word_1_819' title='bbox 1379 5500 1552 5559; x_wconf 87' lang='lat' dir='ltr'><strong>factus</strong></span> <span class='ocrx_word' id='word_1_820' title='bbox 1573 5514 1655 5558; x_wconf 89' lang='lat' dir='ltr'><strong>est</strong></span> <span class='ocrx_word' id='word_1_821' title='bbox 1684 5506 1871 5559; x_wconf 80' lang='lat' dir='ltr'><strong>adver-</strong></span> 
     </span>
    </p>
   </div>
   <div class='ocr_carea' id='block_1_106' title="bbox 284 5594 1868 5666">
    <p class='ocr_par' dir='ltr' id='par_1_106' title="bbox 284 5594 1868 5666">
     <span class='ocr_line' id='line_1_106' title="bbox 284 5594 1868 5666; baseline 0.007 -18"><span class='ocrx_word' id='word_1_822' title='bbox 284 5606 383 5648; x_wconf 86' lang='lat' dir='ltr'><strong>sus</strong></span> <span class='ocrx_word' id='word_1_823' title='bbox 409 5594 795 5650; x_wconf 85' lang='lat' dir='ltr'><strong>venerabilium</strong></span> <span class='ocrx_word' id='word_1_824' title='bbox 835 5605 1047 5666; x_wconf 89' lang='lat' dir='ltr'><strong>patrum</strong></span> <span class='ocrx_word' id='word_1_825' title='bbox 1078 5597 1416 5656; x_wconf 78' lang='lat' dir='ltr'><strong>traditionem</strong></span> <span class='ocrx_word' id='word_1_826' title='bbox 1445 5613 1629 5658; x_wconf 87' lang='lat' dir='ltr'><strong>contra</strong></span> <span class='ocrx_word' id='word_1_827' title='bbox 1660 5604 1868 5659; x_wconf 78' lang='lat' dir='ltr'><strong>divinas</strong></span> 
     </span>
    </p>
   </div>
   <div class='ocr_carea' id='block_1_107' title="bbox 1970 4622 3549 4701">
    <p class='ocr_par' dir='ltr' id='par_1_107' title="bbox 1970 4622 3549 4701">
     <span class='ocr_line' id='line_1_107' title="bbox 1970 4622 3549 4701; baseline -0.003 -20"><span class='ocrx_word' id='word_1_828' title='bbox 1970 4623 2234 4701; x_wconf 66' lang='grc' dir='ltr'>ἆνθρωπος</span> <span class='ocrx_word' id='word_1_829' title='bbox 2287 4626 2482 4696; x_wconf 77' lang='grc' dir='ltr'>ἰγίνετο</span> <span class='ocrx_word' id='word_1_830' title='bbox 2506 4664 2523 4690; x_wconf 82' lang='grc'><em>,</em></span> <span class='ocrx_word' id='word_1_831' title='bbox 2574 4628 2893 4689; x_wconf 68' lang='grc' dir='ltr'>καταξιώσας</span> <span class='ocrx_word' id='word_1_832' title='bbox 2943 4625 3170 4696; x_wconf 72' lang='grc' dir='ltr'>γενέσθαι</span> <span class='ocrx_word' id='word_1_833' title='bbox 3220 4622 3246 4678; x_wconf 84' lang='grc' dir='ltr'><strong>ὃ</strong></span> <span class='ocrx_word' id='word_1_834' title='bbox 3291 4624 3549 4682; x_wconf 65' lang='grc' dir='ltr'>εποίησεν.</span> 
     </span>
    </p>
   </div>
   <div class='ocr_carea' id='block_1_108' title="bbox 1970 4711 3555 4790">
    <p class='ocr_par' dir='ltr' id='par_1_108' title="bbox 1970 4711 3555 4790">
     <span class='ocr_line' id='line_1_108' title="bbox 1970 4711 3555 4790; baseline -0.004 -17"><span class='ocrx_word' id='word_1_835' title='bbox 1970 4718 2126 4778; x_wconf 61' lang='grc' dir='ltr'>αὐτὸς</span> <span class='ocrx_word' id='word_1_836' title='bbox 2172 4720 2263 4776; x_wconf 63' lang='grc' dir='ltr'>τῆν</span> <span class='ocrx_word' id='word_1_837' title='bbox 2323 4718 2525 4790; x_wconf 78' lang='grc' dir='ltr'>ἀγάπην</span> <span class='ocrx_word' id='word_1_838' title='bbox 2574 4724 2665 4772; x_wconf 79' lang='grc' dir='ltr'>τοῦ</span> <span class='ocrx_word' id='word_1_839' title='bbox 2716 4715 2862 4788; x_wconf 78' lang='grc' dir='ltr'>ἁγίου</span> <span class='ocrx_word' id='word_1_840' title='bbox 2911 4718 3068 4771; x_wconf 77' lang='grc' dir='ltr'>αὐτοῦ</span> <span class='ocrx_word' id='word_1_841' title='bbox 3127 4711 3421 4784; x_wconf 67' lang='grc' dir='ltr'>Πνεῦμα-τος</span> <span class='ocrx_word' id='word_1_842' title='bbox 3468 4718 3555 4767; x_wconf 78' lang='grc' dir='ltr'>καὶ</span> 
     </span>
    </p>
   </div>
   <div class='ocr_carea' id='block_1_109' title="bbox 1970 4806 3555 4881">
    <p class='ocr_par' dir='ltr' id='par_1_109' title="bbox 1970 4806 3555 4881">
     <span class='ocr_line' id='line_1_109' title="bbox 1970 4806 3555 4881; baseline -0.005 -17"><span class='ocrx_word' id='word_1_843' title='bbox 1970 4807 2056 4865; x_wconf 80' lang='grc' dir='ltr'><strong>τόν</strong></span> <span class='ocrx_word' id='word_1_844' title='bbox 2098 4806 2248 4864; x_wconf 87' lang='grc' dir='ltr'>πόθον</span> <span class='ocrx_word' id='word_1_845' title='bbox 2298 4809 2457 4881; x_wconf 73' lang='grc' dir='ltr'>ἕκχίη</span> <span class='ocrx_word' id='word_1_846' title='bbox 2505 4810 2577 4868; x_wconf 90' lang='grc' dir='ltr'><strong>εἰς</strong></span> <span class='ocrx_word' id='word_1_847' title='bbox 2635 4808 2771 4878; x_wconf 77' lang='grc' dir='ltr'>ὑμᾶς</span> <span class='ocrx_word' id='word_1_848' title='bbox 2823 4809 2908 4862; x_wconf 81' lang='grc' dir='ltr'><strong>καί</strong></span> <span class='ocrx_word' id='word_1_849' title='bbox 2964 4808 3019 4860; x_wconf 71' lang='lat' dir='ltr'><strong>ix</strong></span> <span class='ocrx_word' id='word_1_850' title='bbox 3084 4807 3254 4865; x_wconf 75' lang='grc' dir='ltr'>πάσης</span> <span class='ocrx_word' id='word_1_851' title='bbox 3310 4807 3555 4878; x_wconf 63' lang='grc' dir='ltr'>μερίμνης</span> 
     </span>
    </p>
   </div>
   <div class='ocr_carea' id='block_1_110' title="bbox 1972 4892 3554 4969">
    <p class='ocr_par' dir='ltr' id='par_1_110' title="bbox 1972 4892 3554 4969">
     <span class='ocr_line' id='line_1_110' title="bbox 1972 4892 3554 4969; baseline -0.004 -17"><span class='ocrx_word' id='word_1_852' title='bbox 1972 4893 2258 4969; x_wconf 72' lang='grc' dir='ltr'>διατηρήσῃ</span> <span class='ocrx_word' id='word_1_853' title='bbox 2283 4938 2299 4963; x_wconf 83' lang='grc'><em>,</em></span> <span class='ocrx_word' id='word_1_854' title='bbox 2354 4899 2438 4951; x_wconf 85' lang='grc' dir='ltr'><strong>καί</strong></span> <span class='ocrx_word' id='word_1_855' title='bbox 2493 4898 2616 4957; x_wconf 82' lang='grc' dir='ltr'>τοὺς</span> <span class='ocrx_word' id='word_1_856' title='bbox 2670 4895 2950 4969; x_wconf 74' lang='grc' dir='ltr'>ὀφθαλμοὺς</span> <span class='ocrx_word' id='word_1_857' title='bbox 3000 4902 3092 4954; x_wconf 76' lang='grc' dir='ltr'>τῆς</span> <span class='ocrx_word' id='word_1_858' title='bbox 3144 4892 3368 4960; x_wconf 73' lang='grc' dir='ltr'>διανοίας</span> <span class='ocrx_word' id='word_1_859' title='bbox 3414 4893 3554 4962; x_wconf 76' lang='grc' dir='ltr'>ὑμῶν</span> 
     </span>
    </p>
   </div>
   <div class='ocr_carea' id='block_1_111' title="bbox 1974 4978 3561 5058">
    <p class='ocr_par' dir='ltr' id='par_1_111' title="bbox 1974 4978 3561 5058">
     <span class='ocr_line' id='line_1_111' title="bbox 1974 4978 3561 5058; baseline 0.002 -19"><span class='ocrx_word' id='word_1_860' title='bbox 1974 4984 2147 5058; x_wconf 76' lang='grc' dir='ltr'>ἀνοίξῃ</span> <span class='ocrx_word' id='word_1_861' title='bbox 2171 5022 2188 5048; x_wconf 83' lang='grc'><em>,</em></span> <span class='ocrx_word' id='word_1_862' title='bbox 2250 4985 2335 5040; x_wconf 86' lang='grc' dir='ltr'>ἶνα</span> <span class='ocrx_word' id='word_1_863' title='bbox 2389 4982 2475 5040; x_wconf 84' lang='grc' dir='ltr'><strong>διά</strong></span> <span class='ocrx_word' id='word_1_864' title='bbox 2529 4990 2623 5040; x_wconf 79' lang='grc' dir='ltr'>τοῦ</span> <span class='ocrx_word' id='word_1_865' title='bbox 2667 4985 2872 5055; x_wconf 83' lang='grc' dir='ltr'>μόχθου</span> <span class='ocrx_word' id='word_1_866' title='bbox 2939 4988 3020 5037; x_wconf 85' lang='grc' dir='ltr'>καὶ</span> <span class='ocrx_word' id='word_1_867' title='bbox 3066 4980 3161 5040; x_wconf 67' lang='grc' dir='ltr'>τοῦ</span> <span class='ocrx_word' id='word_1_868' title='bbox 3214 4978 3404 5055; x_wconf 81' lang='grc' dir='ltr'>ἀγῶνος</span> <span class='ocrx_word' id='word_1_869' title='bbox 3462 4991 3561 5042; x_wconf 72' lang='grc' dir='ltr'><strong>τῆς</strong></span> 
     </span>
    </p>
   </div>
   <div class='ocr_carea' id='block_1_112' title="bbox 1975 5072 3559 5150">
    <p class='ocr_par' dir='ltr' id='par_1_112' title="bbox 1975 5072 3559 5150">
     <span class='ocr_line' id='line_1_112' title="bbox 1975 5072 3559 5150; baseline -0.003 -21"><span class='ocrx_word' id='word_1_870' title='bbox 1975 5074 2227 5150; x_wconf 74' lang='grc' dir='ltr'>ὑμετέρας</span> <span class='ocrx_word' id='word_1_871' title='bbox 2288 5075 2491 5147; x_wconf 78' lang='grc' dir='ltr'>ἀγάπης</span> <span class='ocrx_word' id='word_1_872' title='bbox 2513 5117 2528 5141; x_wconf 84' lang='grc'><em>,</em></span> <span class='ocrx_word' id='word_1_873' title='bbox 2580 5078 2664 5130; x_wconf 85' lang='grc' dir='ltr'><strong>καί</strong></span> <span class='ocrx_word' id='word_1_874' title='bbox 2718 5080 2809 5130; x_wconf 82' lang='grc' dir='ltr'>τοῦ</span> <span class='ocrx_word' id='word_1_875' title='bbox 2862 5072 3053 5146; x_wconf 81' lang='grc' dir='ltr'>δρόμου</span> <span class='ocrx_word' id='word_1_876' title='bbox 3076 5115 3091 5139; x_wconf 83' lang='grc'>,</span> <span class='ocrx_word' id='word_1_877' title='bbox 3151 5079 3242 5133; x_wconf 74' lang='grc' dir='ltr'>τήν</span> <span class='ocrx_word' id='word_1_878' title='bbox 3309 5074 3559 5147; x_wconf 71' lang='grc' dir='ltr'>ἡμετέραν</span> 
     </span>
    </p>
   </div>
   <div class='ocr_carea' id='block_1_113' title="bbox 1977 5162 3573 5239">
    <p class='ocr_par' dir='ltr' id='par_1_113' title="bbox 1977 5162 3573 5239">
     <span class='ocr_line' id='line_1_113' title="bbox 1977 5162 3573 5239; baseline 0.002 -24"><span class='ocrx_word' id='word_1_879' title='bbox 1977 5165 2289 5236; x_wconf 71' lang='grc' dir='ltr'>μιμουμένης</span> <span class='ocrx_word' id='word_1_880' title='bbox 2329 5164 2667 5223; x_wconf 74' lang='grc' dir='ltr'>ἀποστολικήν</span> <span class='ocrx_word' id='word_1_881' title='bbox 2702 5172 2793 5227; x_wconf 76' lang='grc' dir='ltr'>τῆς</span> <span class='ocrx_word' id='word_1_882' title='bbox 2840 5165 2998 5220; x_wconf 72' lang='grc' dir='ltr'>πάλαι</span> <span class='ocrx_word' id='word_1_883' title='bbox 3045 5162 3311 5239; x_wconf 77' lang='grc' dir='ltr'>ὀρθοδόξου</span> <span class='ocrx_word' id='word_1_884' title='bbox 3334 5165 3573 5224; x_wconf 71' lang='grc' dir='ltr'><strong>πίστεωςΔ</strong></span> 
     </span>
    </p>
   </div>
   <div class='ocr_carea' id='block_1_114' title="bbox 1978 5250 3554 5326">
    <p class='ocr_par' dir='ltr' id='par_1_114' title="bbox 1978 5250 3554 5326">
     <span class='ocr_line' id='line_1_114' title="bbox 1978 5250 3554 5326; baseline -0.001 -19"><span class='ocrx_word' id='word_1_885' title='bbox 1978 5250 2289 5326; x_wconf 70' lang='grc' dir='ltr'>παράδοσιν,</span> <span class='ocrx_word' id='word_1_886' title='bbox 2335 5253 2385 5306; x_wconf 82' lang='grc' dir='ltr'><strong>ἰν</strong></span> <span class='ocrx_word' id='word_1_887' title='bbox 2429 5260 2535 5314; x_wconf 84' lang='grc' dir='ltr'>τοῖς</span> <span class='ocrx_word' id='word_1_888' title='bbox 2584 5254 2763 5326; x_wconf 76' lang='grc' dir='ltr'>μέρεσι</span> <span class='ocrx_word' id='word_1_889' title='bbox 2814 5260 2926 5313; x_wconf 83' lang='grc' dir='ltr'>τοῖς</span> <span class='ocrx_word' id='word_1_890' title='bbox 2976 5260 3076 5308; x_wconf 83' lang='grc' dir='ltr'>τῶν</span> <span class='ocrx_word' id='word_1_891' title='bbox 3126 5252 3352 5308; x_wconf 73' lang='grc' dir='ltr'>εὐσεϐῶν</span> <span class='ocrx_word' id='word_1_892' title='bbox 3398 5252 3554 5324; x_wconf 78' lang='grc' dir='ltr'>βασι-</span> 
     </span>
    </p>
   </div>
   <div class='ocr_carea' id='block_1_115' title="bbox 1976 5342 3569 5419">
    <p class='ocr_par' dir='ltr' id='par_1_115' title="bbox 1976 5342 3569 5419">
     <span class='ocr_line' id='line_1_115' title="bbox 1976 5342 3569 5419; baseline 0.001 -22"><span class='ocrx_word' id='word_1_893' title='bbox 1976 5342 2099 5397; x_wconf 80' lang='grc' dir='ltr'>λέων</span> <span class='ocrx_word' id='word_1_894' title='bbox 2147 5344 2287 5416; x_wconf 64' lang='grc' dir='ltr'>ἡμῶν</span> <span class='ocrx_word' id='word_1_895' title='bbox 2352 5343 2406 5398; x_wconf 80' lang='grc' dir='ltr'><strong>αἰ</strong></span> <span class='ocrx_word' id='word_1_896' title='bbox 2452 5343 2585 5419; x_wconf 85' lang='grc' dir='ltr'><strong>ἰεραί</strong></span> <span class='ocrx_word' id='word_1_897' title='bbox 2653 5346 2740 5399; x_wconf 71' lang='grc' dir='ltr'>καί</span> <span class='ocrx_word' id='word_1_898' title='bbox 2806 5346 2994 5399; x_wconf 81' lang='grc' dir='ltr'>σεπταί</span> <span class='ocrx_word' id='word_1_899' title='bbox 3060 5343 3239 5403; x_wconf 77' lang='grc' dir='ltr'>εἰκόνες</span> <span class='ocrx_word' id='word_1_900' title='bbox 3292 5344 3422 5398; x_wconf 84' lang='grc' dir='ltr'>κατά</span> <span class='ocrx_word' id='word_1_901' title='bbox 3469 5349 3569 5403; x_wconf 60' lang='lat' dir='ltr'><strong>riis:</strong></span> 
     </span>
    </p>
   </div>
   <div class='ocr_carea' id='block_1_116' title="bbox 1978 5431 3559 5509">
    <p class='ocr_par' dir='ltr' id='par_1_116' title="bbox 1978 5431 3559 5509">
     <span class='ocr_line' id='line_1_116' title="bbox 1978 5431 3559 5509; baseline 0.001 -22"><span class='ocrx_word' id='word_1_902' title='bbox 1978 5434 2208 5509; x_wconf 79' lang='grc' dir='ltr'>ἀρχαίαν</span> <span class='ocrx_word' id='word_1_903' title='bbox 2262 5433 2402 5498; x_wconf 81' lang='grc' dir='ltr'>τάξιν</span> <span class='ocrx_word' id='word_1_904' title='bbox 2453 5436 2724 5495; x_wconf 63' lang='grc' dir='ltr'>σωθῶσιν,</span> <span class='ocrx_word' id='word_1_905' title='bbox 2755 5431 2894 5496; x_wconf 80' lang='grc' dir='ltr'>ὅπως</span> <span class='ocrx_word' id='word_1_906' title='bbox 2934 5434 2982 5486; x_wconf 83' lang='grc' dir='ltr'><strong>ἰν</strong></span> <span class='ocrx_word' id='word_1_907' title='bbox 3022 5432 3186 5506; x_wconf 73' lang='grc' dir='ltr'>τούτῳ</span> <span class='ocrx_word' id='word_1_908' title='bbox 3233 5435 3290 5489; x_wconf 90' lang='grc' dir='ltr'><strong>τό</strong></span> <span class='ocrx_word' id='word_1_909' title='bbox 3316 5433 3559 5508; x_wconf 68' lang='grc' dir='ltr'>ὑμέτερον</span> 
     </span>
    </p>
   </div>
   <div class='ocr_carea' id='block_1_117' title="bbox 1978 5519 3569 5602">
    <p class='ocr_par' dir='ltr' id='par_1_117' title="bbox 1978 5519 3569 5602">
     <span class='ocr_line' id='line_1_117' title="bbox 1978 5519 3569 5602; baseline 0.003 -27"><span class='ocrx_word' id='word_1_910' title='bbox 1978 5522 2223 5597; x_wconf 78' lang='grc' dir='ltr'>σταθηρὸν</span> <span class='ocrx_word' id='word_1_911' title='bbox 2268 5519 2499 5595; x_wconf 80' lang='grc' dir='ltr'>διαμείνῃ</span> <span class='ocrx_word' id='word_1_912' title='bbox 2562 5523 2828 5598; x_wconf 79' lang='grc' dir='ltr'>ἰερατεῖον.</span> <span class='ocrx_word' id='word_1_913' title='bbox 2885 5525 3020 5580; x_wconf 74' lang='grc' dir='ltr'>Μετά</span> <span class='ocrx_word' id='word_1_914' title='bbox 3079 5526 3181 5602; x_wconf 82' lang='grc' dir='ltr'><strong>γάρ</strong></span> <span class='ocrx_word' id='word_1_915' title='bbox 3236 5529 3329 5583; x_wconf 69' lang='grc' dir='ltr'><strong>τήν</strong></span> <span class='ocrx_word' id='word_1_916' title='bbox 3373 5522 3569 5594; x_wconf 74' lang='grc' dir='ltr'>ὁμολο-</span> 
     </span>
    </p>
   </div>
   <div class='ocr_carea' id='block_1_118' title="bbox 1978 5613 3578 5691">
    <p class='ocr_par' dir='ltr' id='par_1_118' title="bbox 1978 5613 3578 5691">
     <span class='ocr_line' id='line_1_118' title="bbox 1978 5613 3578 5691; baseline 0.003 -26"><span class='ocrx_word' id='word_1_917' title='bbox 1978 5613 2088 5681; x_wconf 84' lang='grc' dir='ltr'>γίαν</span> <span class='ocrx_word' id='word_1_918' title='bbox 2132 5619 2225 5672; x_wconf 76' lang='grc' dir='ltr'>τῆς</span> <span class='ocrx_word' id='word_1_919' title='bbox 2274 5614 2497 5675; x_wconf 81' lang='grc' dir='ltr'>πίστεως</span> <span class='ocrx_word' id='word_1_920' title='bbox 2532 5613 2673 5686; x_wconf 73' lang='grc' dir='ltr'>ὑμῶν</span> <span class='ocrx_word' id='word_1_921' title='bbox 2723 5616 2951 5688; x_wconf 72' lang='grc' dir='ltr'>ἐγνώσθη,</span> <span class='ocrx_word' id='word_1_922' title='bbox 2984 5616 3121 5685; x_wconf 73' lang='grc' dir='ltr'>ἡμῖν,</span> <span class='ocrx_word' id='word_1_923' title='bbox 3152 5615 3233 5673; x_wconf 82' lang='grc' dir='ltr'><strong>ότι</strong></span> <span class='ocrx_word' id='word_1_924' title='bbox 3270 5618 3309 5674; x_wconf 76' lang='grc' dir='ltr'><strong>ἠ</strong></span> <span class='ocrx_word' id='word_1_925' title='bbox 3335 5618 3578 5691; x_wconf 67' lang='grc' dir='ltr'>ὑμετέρα</span> 
     </span>
    </p>
   </div>
   <div class='ocr_carea' id='block_1_119' title="bbox 361 5731 2379 5809">
    <p class='ocr_par' dir='ltr' id='par_1_119' title="bbox 361 5731 2379 5809">
     <span class='ocr_line' id='line_1_119' title="bbox 361 5731 2379 5809; baseline 0.003 -19"><span class='ocrx_word' id='word_1_926' title='bbox 361 5746 389 5778; x_wconf 72' lang='grc'><strong>⁸</strong></span> <span class='ocrx_word' id='word_1_927' title='bbox 415 5731 494 5790; x_wconf 72' lang='lat' dir='ltr'><strong>Ex</strong></span> <span class='ocrx_word' id='word_1_928' title='bbox 518 5733 741 5805; x_wconf 62' lang='lat' dir='ltr'><strong>Vulgata</strong></span> <span class='ocrx_word' id='word_1_929' title='bbox 768 5735 1020 5800; x_wconf 77' lang='lat' dir='ltr'><strong>editione,</strong></span> <span class='ocrx_word' id='word_1_930' title='bbox 1048 5738 1143 5809; x_wconf 80' lang='lat' dir='ltr'><strong>sed</strong></span> <span class='ocrx_word' id='word_1_931' title='bbox 1168 5738 1321 5809; x_wconf 82' lang='lat' dir='ltr'><strong>longe</strong></span> <span class='ocrx_word' id='word_1_932' title='bbox 1356 5740 1514 5796; x_wconf 83' lang='lat' dir='ltr'><strong>aliter</strong></span> <span class='ocrx_word' id='word_1_933' title='bbox 1542 5741 1713 5797; x_wconf 80' lang='lat' dir='ltr'><strong>habet</strong></span> <span class='ocrx_word' id='word_1_934' title='bbox 1736 5742 1926 5798; x_wconf 55' lang='lat' dir='ltr'><strong>Graeca</strong></span> <span class='ocrx_word' id='word_1_935' title='bbox 1966 5744 2161 5798; x_wconf 77' lang='lat' dir='ltr'><strong>versio.</strong></span> <span class='ocrx_word' id='word_1_936' title='bbox 2194 5743 2379 5798; x_wconf 59' lang='lat' dir='ltr'><strong>lltnu-</strong></span> 
     </span>
    </p>
   </div>
  </div>
