4004 6172
1991 181 2072 189 -ιςι,

578 342 717 399 ηδε

1917 340 2196 398 ΑυιὶιΑΝι
2234 341 2433 396 ΡΔΡιΕ
2467 342 2489 397 Ι

3623 350 3728 406 ηις)

567 458 733 512 σεπτὴ
787 452 986 511 ὁσιότης
1033 453 1214 515 ἠξίωσε
1264 456 1385 514 τούς
1433 455 1839 516 εὐωδεστάτους
1894 460 1978 511 καὶ
2002 457 2127 526 όρθο

2190 453 2219 512 ι
2247 454 2523 525 imagines,
2575 455 3057 511 anathematizetur
3090 458 3424 527 praesentibus
3458 463 3730 530 apocrisariis

565 541 866 607 δοξοτάτους
919 544 1001 596 καί
1056 539 1302 606 ζηλωτὰς.
1348 545 1468 605 τούς
1521 546 1816 617 γενομένους
1870 550 1945 609 εἰς
1992 545 2141 612 δόξαν

538 632 954 690 ’Θεοῦ-πιστούς
1008 630 1233 702 βασιλεῖς
1285 634 1446 704 ἡμῶν,
1496 637 1617 696 τούς
1659 636 2006 711 ὐπερμάχους
2050 647 2141 700 τῆς

563 724 790 784 ἀληθείας
812 763 829 785 .
880 727 1001 799 περί
1062 730 1152 780 τοῦ
1216 725 1442 795 γενέσθαι
1505 726 1712 782 σύνοδον
1780 730 2137 801 οἰκουμενικήν,

565 818 652 869 καί
693 815 958 870 συνέθεντο
1011 817 1216 869 ἐνώπιον
1266 817 1453 877 παντὸς
1498 813 1591 870 τοῦ
1640 819 1975 893 φιλοχρίστου
2036 826 2135 875 αὐ-

565 918 664 965 τῶν
711 909 859 973 λαοῦ,
898 918 959 980 τῇ
1010 910 1232 985 ύμετέρᾳ
1281 911 1446 986 ἱκεσίᾳ
1489 913 1715 975 εὐσεϐῶς
1757 915 2134 983 έπινεύσαντες,

563 1003 649 1054 καί
680 1007 772 1057 τήν
819 998 1022 1055 σύνοδον
1072 1002 1261 1075 ὥρισαν
1308 1004 1358 1057 έν
1402 1011 1465 1077 τῇ
1515 1003 1745 1075 βασιλίδι
1794 1007 1960 1061 αὐτῶν
1992 1007 2136 1063 πόλει

560 1091 807 1161 γενέσθαι.
870 1098 1035 1162 Ἡμεῖς
1075 1089 1129 1145 δὲ
1177 1094 1270 1145 σύν
1319 1094 1519 1165 μεγάλῳ
1559 1094 1717 1165 πόθῳ,
1768 1098 1927 1156 καθώς
1972 1097 2136 1168 δνεφέ-

559 1200 676 1253 ρετο
724 1183 776 1234 ὲν
830 1188 892 1254 τῇ
939 1183 1106 1236 αὐτῶν
1154 1183 1263 1256 θείᾳ
1308 1183 1549 1249 κελεύσει,
1605 1188 1845 1255 γνησίους
1899 1190 1986 1241 καὶ
2042 1185 2135 1241 δο-

561 1273 738 1341 κίμους
784 1273 866 1325 καὶ
899 1273 1169 1344 φρονίμους
1210 1273 1359 1343 ίερεῐς
1408 1276 1529 1346 περί
1570 1282 1661 1335 τῆς
1698 1277 1999 1337 συστάσεως
2036 1285 2134 1332 τῶν

558 1361 703 1434 ἱερῶν
757 1360 979 1425 εἰκόνων,
1004 1360 1088 1415 ἵνα
1138 1362 1188 1415 ἰν
1237 1369 1300 1433 τῇ
1343 1363 1550 1438 ἀρχαίᾳ
1603 1365 1742 1428 τάξει
1785 1366 1834 1419 ἐν
1879 1374 1988 1426 τοῖς
2041 1369 2133 1436 μέ-

558 1472 700 1523 ρεσιν
767 1453 975 1510 ἐκείνοις
1025 1449 1383 1510 κατασταθῶσι
1405 1497 1420 1520 ,
1476 1458 1605 1526 μετά
1659 1463 1903 1531 μεγίστης
1957 1468 2131 1533 χαρᾶς

556 1542 866 1615 έπεμψαμεν.
919 1543 1093 1603 ’Δλλ“ἠ
1145 1545 1371 1620 ύμετέρα
1422 1546 1627 1609 ὁσιότης
1675 1557 1782 1611 τοῖς
1830 1553 1998 1611 αὐτοῖς
2054 1555 2136 1607 εὐ·-

558 1634 887 1696 σεϐεστὸιτοις
954 1637 1038 1688 καί
1103 1638 1473 1709 τροπαιούχοις
1539 1639 1812 1709 βασιλεῦσι
1862 1645 2134 1719 προθύμως

555 1725 834 1795 ἀναγάγοι,
880 1725 963 1779 ἵνα
1024 1725 1074 1778 ἐν
1128 1728 1348 1799 πρώτοις
1392 1726 1418 1781 ό
1471 1726 1873 1802 ψευδοσύλλογος
1927 1734 2129 1801 ἐκεῖνος,

2244 548 2465 612 nostris,
2510 557 2566 603 et
2590 561 2751 602 omne
2774 547 3041 602 zizanium
3064 547 3360 603 eradicemr
3380 549 3442 605 ab
3461 550 3671 618 Ecclesia,
3691 565 3734 613 et

2242 638 2454 693 Domini
2487 637 2657 692 nostri
2682 636 2809 692 Jesu
2842 635 3044 692 Christi
3065 652 3244 693 sermo
3266 638 3593 708 compleatur:
3628 642 3730 710 Qui:

2239 737 2404 799 porta:
2442 729 2598 799 inferi
2629 745 2733 783 non
2759 728 3109 799 praeualebunt
3137 729 3377 785 adversus
3403 748 3540 798 eum;
3566 742 3611 788 et
3639 751 3730 790 rur-

2241 833 2366 871 sus:
2411 817 2490 872 Tu
2517 835 2570 872 es
2602 817 2812 882 Petrus,
2856 828 2905 872 et
2949 835 3104 890 super
3138 819 3272 873 hanc
3314 830 3496 890 petram
3526 822 3731 890 cdiﬁubo

2240 907 2532 962 Ecclesium
2566 924 2734 961 meum
2756 924 2774 971 ;
2800 916 2849 960 et
2888 907 2982 961 tibi
3008 908 3143 962 dabo
3186 908 3348 964 claues
3376 911 3505 980 regni
3528 910 3729 967 celum

2240 997 2308 1051 Et
2333 1014 2653 1068 quwcunque
2684 997 2927 1068 ligaveris
2960 1015 3116 1069 super
3142 1008 3353 1065 terram,
3390 1011 3524 1055 erant
3555 1001 3731 1073 ligatae:

2238 1089 2292 1142 in
2319 1088 2500 1153 caelis;
2541 1098 2588 1141 et
2613 1105 2716 1156 qua
2733 1105 2936 1159 cunque
2971 1088 3187 1145 solveris
3211 1104 3361 1161 super
3382 1100 3583 1157 terrent,
3620 1104 3730 1148 emt

2235 1178 2407 1232 soluta
2425 1188 2473 1232 et
2496 1179 2551 1233 in
2576 1178 2717 1233 εωιέε
2748 1177 2962 1249 (Matth.
2991 1178 3127 1249 xw).
3157 1178 3319 1249 Cujus
3343 1181 3484 1237 sedes
3502 1181 3729 1238 in'omnem

2236 1277 2504 1321 terrarum
2532 1269 2721 1322 urbem
2749 1268 3040 1338 primatum
3065 1277 3255 1325 tenens
3280 1268 3505 1341 refulget,
3538 1280 3585 1327 et
3614 1281 3731 1342 caput

2234 1359 2474 1413 omnium
2495 1358 2855 1413 Eeelesiarum
2876 1359 2969 1415 Dei
2992 1360 3256 1416 consistit.
3289 1360 3433 1418 Unde
3452 1362 3575 1417 idem
3590 1363 3731 1418 beams

2235 1450 2428 1505 Petrus
2455 1450 2727 1520 apostolus
2742 1451 2955 1506 Domini
2969 1461 3242 1522 pnecepto
3260 1467 3473 1522 pascens
3484 1452 3727 1513 Ecclesiae).

2234 1538 2367 1599 nihil
2387 1541 2705 1599 dissolutum
2734 1544 2955 1610 dimisit,
2983 1544 3080 1599 sed
3099 1544 3275 1599 tenuit
3308 1556 3502 1615 semper
3521 1552 3567 1600 et
3586 1545 3731 1599 retinet

2234 1636 2613 1707 principatum.
2656 1634 2755 1689 Cui
2780 1634 2824 1689 si
2852 1633 3132 1689 adhaerere
3155 1633 3302 1704 cupit
3332 1642 3494 1688 vestra
3516 1632 3727 1693 sanctitas,

2235 1735 2292 1782 et
2324 1734 2524 1781 nostra:
2548 1725 2853 1796 apostolicae
2888 1724 3052 1789 sedis,
3094 1739 3217 1794 quae
3257 1732 3340 1779 est
3373 1732 3515 1795 caput
3545 1723 3725 1779 omnium

556 1812 583 1867 ό
644 1817 902 1886 γενόμενος
951 1818 1117 1892 χωρίς
1163 1822 1253 1871 τοῦ
1301 1818 1634 1874 ἀποστολικοῦ
1683 1822 1859 1891 θρόνου
1899 1825 2127 1889 ἀτάκτως

2190 1791 2208 1849 ³
2236 1791 2598 1872 Εεειθεὶεισιιηί
2632 1814 2749 1879 Dei,
2789 1830 2998 1870 sacram
3028 1824 3085 1871 et
3107 1791 3451 1871 orthodoxam
3474 1813 3727 1869 fonnamin-

556 1908 636 1958 καί
684 1906 1066 1978 ἀσυλλογίστως
1115 1908 1163 1972 ἐξ
1217 1910 1443 1971 ἐναντίας
1499 1921 1592 1972 τῆς
1649 1921 1749 1969 τῶν
1802 1919 2130 1974 σεπτοτάτων

556 1995 788 2069 πατέρων
833 1992 1163 2071 παραδόσεως
1215 1999 1347 2052 κατά
1400 2007 1500 2055 τῶν
1555 2001 1697 2056 θείων
1745 2004 1946 2059 εἰκόνων
1969 2007 2134 2069 ,ανα-

555 2084 827 2158 θεματισθῇ
903 2084 1172 2158 παρόντων
1230 2094 1330 2142 τῶν
1396 2091 1797 2167 ἀποκρισιαρίων
1848 2096 2004 2167 ὑμῶν’
2048 2100 2135 2150 καί

553 2180 657 2227 πᾶν
704 2177 916 2240 agema
964 2177 1204 2252 ἐκριζωθῇ
1252 2181 1353 2235 ἀπὸ
1416 2189 1508 2243 τῆς
1564 2184 1878 2252 Ἐκκλησίας,
1917 2191 2001 2242 καί
2037 2196 2131 2244 τοῦ

553 2267 738 2338 κυρίου
786 2266 924 2333 ἡμῶν
965 2274 1129 2325 Ἰησοῦ
1178 2276 1404 2344 Χριστοῦ
1452 2270 1478 2326 ό
1521 2272 1665 2344 λόγος
1716 2275 1968 2352 πληρωθῇ’
2018 2276 2133 2337 Ὀτι

559 2371 578 2403 ι
608 2356 767 2410 πύλαι
807 2356 930 2428 ᾅδου
981 2361 1040 2413 οὐ
1074 2363 1485 2432 κατισχύσουσιν
1533 2367 1710 2427 αὐτῆς.
1736 2385 1754 2417 ε
1798 2372 1891 2423 Καὶ
1940 2370 2090 2425 πάλιν
2113 2387 2126 2400 ’

559 2463 577 2495 ε
608 2449 669 2499 Σύ
700 2442 747 2501 εἴ
792 2450 998 2535 Πέτρος,
1043 2452 1132 2505 καί
1163 2452 1244 2506 ἐπί
1291 2455 1457 2527 ταύτῃ
1497 2463 1561 2525 τῇ
1608 2458 1768 2534 πέτρᾳ
1810 2457 2129 2530 οἰκοδομήσω

551 2557 651 2605 μου
705 2541 794 2597 τὴν
842 2538 1164 2599 Ἐκκλησίαν⁹
1218 2545 1300 2597 καί
1353 2564 1438 2598 σοι
1507 2542 1658 2600 δώσω
1716 2542 1812 2608 τὰς
1859 2548 1995 2609 κλεῖς
2038 2558 2129 2610 τῆς

551 2628 814 2697 βασιλείας
863 2637 964 2686 τῶν
1016 2634 1261 2707 οὐρανῶν.
1312 2637 1403 2689 Καὶ
1451 2632 1554 2691 ὅσα
1603 2632 1663 2691 ἂν
1705 2635 1868 2710 δήσῃς
1908 2640 1993 2693 έπί
2036 2648 2128 2699 τῆς

549 2729 664 2791 γῆς.
715 2719 869 2776 ἔσται
929 2720 1166 2792 δεδεμένα
1222 2726 1271 2778 ἔν
1318 2734 1427 2786 τοῖς
1485 2729 1739 2802 οὐρανοῖς·
1788 2733 1870 2785 καί
1926 2729 2026 2786 ὅσα
2069 2727 2130 2787 ἂν

549 2813 710 2879 λύσῃς
739 2814 821 2866 ἐπὶ
866 2821 958 2876 τῆς
997 2821 1111 2886 γῆς,
1136 2813 1290 2870 ἔσται
1327 2816 1567 2887 λελυμένα
1603 2820 1655 2873 ἰν
1692 2828 1801 2881 τοῖς
1830 2823 2119 2896 οὐρανοῖς.»

548 2899 621 2955 Ού
676 2902 703 2956 ό
753 2902 928 2977 θρόνος
984 2907 1055 2964 εἷς
1114 2910 1293 2960 πᾶσαν
1356 2911 1447 2965 τήν
1507 2909 1796 2980 οἰκουμένην
1846 2914 2126 2988 πρωτεύων

547 2990 819 3056 διαλάμπει
841 3033 854 3055 ,
912 2995 997 3045 καί
1055 2994 1232 3061 male
1305 3002 1486 3049 πασῶν
1537 3003 1638 3052 τῶν
1679 2998 1978 3057 Ἐκκλησιῶν
2030 3006 2124 3056 τοῦ

547 3086 676 3134 Θεοῦ
735 3080 988 3155 ὑπάρχει.
1034 3079 1181 3176 Ὀθεν
1231 3081 1258 3137 ό
1312 3084 1465 3144 αὐτὸς
1531 3086 1778 3161 μακάριος
1846 3089 2030 3164 Πέτρος
2095 3090 2122 3146 ό
2155 3121 2200 3185 C

545 3168 830 3230 ἀπόστολος
887 3177 964 3243 τῷ
1024 3166 1120 3226 τοῦ
1177 3174 1359 3247 κυρίου
1425 3176 1783 3246 προστάγματι
1846 3180 2125 3246 ποιμαίνων

544 3264 636 3318 τὴν
691 3258 999 3324 Ἐκκλησίαν,
1042 3260 1182 3318 οὐδέν
1233 3263 1598 3338 παραλέλοιπεν
1626 3262 1760 3339 ΓΔλ.
1790 3267 2126 3343 παραλελειμ-

544 3350 690 3421 μένον
733 3349 945 3422 ductu],
992 3351 1099 3408 ἀλλ’
1122 3353 1365 3439 έκράτησε
1435 3356 1650 3412 πάντοτε
1698 3360 1787 3411 καί
1831 3367 2007 3433 κρατεῖ
2033 3364 2124 3418 τήν

544 3444 738 3517 ἀρχήν.
785 3440 853 3499 Δι’
873 3441 1032 3522 οὗπερ
1079 3445 1165 3500 έὰν
1225 3448 1572 3525 προσκολληθῇ
1618 3451 1651 3508 ἡ
1700 3451 1925 3528 ύμετέρα
1978 3451 2123 3507 ὁσιό-

544 3554 638 3594 της
687 3531 761 3607 τῷ
807 3535 1037 3609 ἡμετέρῳ
1089 3536 1412 3608 ἆποστολικῷ
1459 3538 1650 3613 θρόνῳ,
1701 3537 1849 3600 ὅστις
1899 3541 2015 3596 έστί
2042 3561 2121 3595 κε-

544 3624 672 3695 φαλὴ
712 3632 895 3680 πασῶν
936 3631 1036 3680 τῶν
1066 3624 1363 3686 Ἐκκλησιῶν
1400 3634 1488 3683 τοῦ
1540 3637 1695 3694 Θεοῦ.
1726 3633 1814 3686 καί
1849 3632 1937 3687 τόν
1964 3632 2126 3693 αὐτῆς

544 3715 673 3789 ἱερὸν
720 3718 805 3769 καί
855 3712 1107 3788 όρθόδοξον
1156 3717 1316 3772 τύπον
1367 3719 1633 3794 ἀφθάρτους
1687 3724 1774 3775 καί
1835 3719 2123 3792 ἆμολύντως

549 3809 602 3857 ἐκ
652 3805 844 3875 βάθους
902 3803 1114 3882 καρδίας
1167 3810 1252 3861 καί
1297 3809 1582 3882 εἰλικρινοῦς
1641 3808 1863 3872 διανοίας
1916 3812 2123 3884 φυλάξαι

545 3893 879 3968 έπιτηδεύσῃ,
929 3898 999 3955 ὡς
1038 3896 1231 3957 ἀληθῶς
1282 3897 1540 3972 όρθόδοξος
1586 3902 1671 3954 καί
1699 3901 1953 3961 Θεοσεϐἡς
1998 3922 2124 3972 τυγ-

547 3991 800 4055 χάνουσα,
821 3987 1012 4044 ταύτην
1034 3988 1240 4059 πρώτην
1267 3988 1447 4041 θυσίαν
1466 3995 1539 4060 τῷ
1559 3987 1925 4061 παντοδυνάμῳ
1952 3995 2123 4067 Κυρίῳ

545 4079 833 4151 προσοίσει⁶
857 4079 940 4131 καί
956 4079 1024 4138 ὡς
1046 4079 1102 4132 ἰκ
1130 4080 1411 4154 προσώπου
1434 4080 1592 4147 ἡμῶν,
1607 4086 1705 4135 τῶν
1734 4081 2122 4137 εὐσεϐεστάτων

546 4171 628 4222 καὶ
655 4168 986 4224 Θεοστέπτων
1034 4167 1263 4241 μεγάλων
1307 4170 1553 4238 βασιλέων
1589 4172 1726 4244 ἡμῶν
1772 4173 2121 4249 ύπερέχουσιν

545 4259 719 4332 ἴχνεσι
755 4260 955 4327 κειμένη
984 4256 1304 4325 δυσωπήσει,
1327 4261 1410 4313 καί
1430 4260 1639 4314 ἐνώπιον
1665 4266 1760 4316 τοῦ
1808 4267 1938 4317 Θεοῦ
1982 4262 1998 4293 ⁸
2036 4266 2123 4319 καί

543 4361 636 4411 τῆς
663 4352 883 4424 φοϐερᾶς
908 4353 1121 4426 κρίσεως
1146 4353 1326 4414 αὐτούς
1355 4356 1802 4427 κατακριματίσει,
1823 4356 1905 4411 ἵνα
1934 4356 2025 4417 τᾶς
2053 4356 2122 4412 ἰε-

2233 1917 2484 1979 corrupte
2511 1924 2576 1963 ac
2598 1907 3015 1963 incontaminate
3037 1922 3105 1961 ex
3130 1905 3391 1977 profundo
3424 1905 3576 1961 cordis
3597 1913 3640 1959 et
3653 1904 3728 1958 sin-

2233 1999 2455 2054 ueritate
2476 1998 2671 2054 mentis
2697 1997 2968 2053 custodire
2994 1998 3196 2062 studet,
3229 2005 3288 2052 ut
3307 2012 3480 2053 revera
3499 1995 3723 2051 orthodox:

2231 2096 2287 2143 et
2322 2088 2417 2143 Dei
2447 2088 2644 2143 cultrix
2680 2086 3013 2149 consistens,
3047 2088 3157 2143 hoc
3192 2087 3418 2158 primum
3451 2082 3723 2155 omnipotenti

2234 2180 2344 2234 Deo
2356 2177 2547 2236 oll‘erat
2574 2177 2920 2242 sacriﬁcium,
2957 2185 3018 2231 ut
3040 2193 3112 2233 ex
3139 2192 3364 2249 persona
3403 2183 3561 2233 nostra
3584 2171 3723 2243 pradi-

2231 2279 2439 2325 etorum
2480 2268 2847 2339 piissimorum
2879 2276 2936 2323 et
2956 2268 3068 2322 Deo
3096 2275 3461 2324 coronatorum
3483 2277 3725 2334 magnorum

2233 2361 2614 2429 imperaton
2654 2368 2962 2416 nostrorum
3003 2360 3259 2416 sublimia
3292 2359 3501 2432 vestigia
3525 2360 3721 2415 obsecret.

2229 2461 2286 2507 et
2311 2461 2370 2506 ut
2396 2453 2449 2507 in
2477 2460 2765 2522 conspectu
2792 2452 2888 2507 Dei
2913 2468 3011 2522 per
3032 2452 3280 2507 terribile
3308 2451 3422 2506 illos
3436 2445 3726 2518 adjuretjudi-

2229 2541 2395 2605 cium,
2445 2549 2505 2596 ut
2535 2557 2720 2596 sacras
2759 2541 3020 2611 imagines
3062 2542 3125 2597 in
3150 2541 3267 2613 ipsa
3297 2541 3401 2597 Deo
3439 2535 3723 2596 conservanda

2228 2641 2283 2687 et
2312 2632 2458 2702 regia
2507 2632 2640 2686 urbe
2672 2640 2730 2686 et
2778 2632 2834 2686 in
2872 2632 3019 2686 omni
3047 2631 3174 2688 loco
3213 2633 3268 2688 in
3301 2631 3551 2700 antiquum
3579 2635 3723 2683 statum

2230 2720 2512 2775 restituere
2537 2726 2595 2775 et
2621 2719 2864 2775 stabilire
2883 2717 3136 2789 jubeant,
3165 2727 3520 2778 conservantes
3540 2714 3723 2771 traditio-

2230 2826 2352 2866 nem
2402 2808 2558 2879 hujus
2603 2824 2773 2865 sacrm
2814 2825 2880 2865 ac
2925 2812 3286 2867 sanctissima:
3328 2816 3509 2866 nostra:
3537 2807 3726 2861 Romanis

2232 2899 2503 2965 Ecclesiae,
2548 2909 2603 2955 et
2636 2907 3027 2973 persequentes
3059 2916 3133 2957 ac
3155 2900 3507 2957 abominantes
3528 2894 3724 2965 maligne

2230 3008 2351 3047 rum
2379 2998 2435 3046 et
2452 2990 2831 3048 hereticorum
2852 3006 3101 3047 errorem
3137 3008 3234 3064 per
3259 2999 3514 3047 certamen
3545 2994 3721 3042 vestrum

2228 3091 2284 3137 et
2311 3079 2524 3136 ﬁdelem
2553 3079 2993 3138 sollicitudinem.
3042 3080 3112 3138 Si
3145 3090 3328 3138 autem
3351 3092 3518 3138 sacras
3536 3092 3589 3132 ac
3610 3088 3725 3130 vene-

2231 3172 2429 3229 rabiles
2466 3173 2730 3244 imagines
2771 3174 2879 3233 illis
2915 3175 2971 3231 in
3015 3179 3270 3247 partibus
3309 3193 3411 3234 non
3451 3169 3722 3231 restituerint,

2225 3266 2689 3321 consecrationem
2729 3276 2968 3323 vestram
3011 3272 3260 3342 recipere
3302 3284 3406 3328 non
3427 3267 3655 3325 audemus.
3685 3266 3722 3310 ει

2225 3355 2458 3411 maxime
2482 3355 2527 3411 si
2553 3365 2790 3413 sectatus
2827 3356 2996 3415 fueris
3017 3373 3121 3417 eos
3157 3361 3251 3431 qui
3280 3375 3383 3417 non
3413 3348 3720 3414 credtmtreti—

2190 3458 2193 3464 '
2227 3446 2343 3501 tati.
2380 3445 2721 3518 Quapropter
2742 3463 2876 3503 cum
2913 3464 3134 3506 summo
3162 3451 3342 3506 labore
3370 3464 3431 3505 ac
3455 3457 3608 3503 amore
3635 3437 3721 3496 ﬁdei

2224 3545 2385 3605 atque
2407 3550 2595 3607 agone,
2618 3538 2674 3592 in
2700 3537 2784 3593 his
2804 3538 3059 3594 omnibus
3082 3539 3440 3596 indubitanter
3456 3544 3646 3591 vestram
3664 3543 3722 3581 te

2224 3624 2671 3681 nerahilissimam
2699 3627 3041 3683 sanctitatem
3072 3630 3324 3686 convenit
3347 3641 3513 3684 sacras
3527 3620 3719 3692 Imagines

2226 3714 2438 3770 Domini
2479 3723 2536 3770 et
2571 3715 2857 3773 salvatoris
2897 3719 3076 3774 nostri
3102 3719 3230 3776 Iesu
3254 3719 3474 3783 Christi,
3510 3724 3557 3771 et
3578 3717 3720 3768 sancta

2224 3803 2393 3874 ipsius
2420 3805 2694 3874 genitricis
2719 3822 3039 3879 semperque
3066 3810 3294 3883 virginis
3322 3808 3506 3864 Mariae.
3532 3819 3607 3859 seu
3634 3812 3720 3854 san-

2224 3903 2437 3951 ctorum
2462 3898 2826 3967 apostolorum
2861 3909 2918 3955 et
2950 3903 3200 3958 omnium
3246 3910 3531 3959 sanctorum
3553 3890 3719 3966 propbe‘

2225 3993 2400 4043 tarum
2440 3998 2601 4059 atque
2627 3999 2956 4063 martyrum.
2996 3994 3243 4051 simulet
3281 3992 3621 4052 confessorem,
3646 3980 3718 4036 illis

2222 4079 2279 4134 in
2304 4079 2629 4149 partibusin
2662 4083 2885 4153 antiquo
2925 4083 3141 4153 erigere
3182 4093 3338 4149 statu,
3385 4090 3612 4153 quatenus
3644 4084 3718 4141 ωιο

2222 4186 2487 4226 consensu
2506 4170 2666 4242 digne
2688 4174 3065 4245 propheticum
3095 4192 3350 4233 canamus
3374 4173 3628 4232 canticum.
3662 4162 3718 4216 di-

2222 4270 2437 4317 centes:
2463 4263 2901 4329 Domine,salvos
2919 4265 3004 4323 fac
3034 4269 3313 4338 piissimos
3337 4280 3494 4337 teges,
3519 4271 3557 4317 et
3579 4252 3717 4315 ιωέί

2223 4370 2316 4409 nos
2343 4355 2399 4408 in
2425 4354 2510 4410 die
2530 4371 2635 4427 qua
2677 4358 3087 4416 invocaverunt“
3111 4371 3163 4416 te
3190 4360 3357 4434 (Ρεαι.
3391 4357 3520 4428 n1)?
3545 4351 3641 4421 qui“
3660 4343 3716 4443 di;

543 4446 636 4516 ράς
657 4440 849 4502 εἰκόνας
875 4441 924 4495 έν
936 4442 1063 4515 αὐτῇ
1083 4450 1144 4512 τῇ
1160 4441 1487 4515 Θεοφυλάκτῳ
1504 4446 1588 4498 καί
1614 4442 1842 4514 βασιλίδι
1860 4445 2021 4512 πόλει,
2035 4450 2120 4500 καί

2190 4444 2468 4509 ,Ιεχθιιιιιιι
2503 4444 2742 4501 decorem
2768 4447 2955 4503 domus
2996 4458 3124 4515 ιιιιτ,
3170 4431 3219 4507 et
3263 4451 3425 4506 locum
3468 4431 3714 4501 uberum“

542 4537 596 4591 έν
624 4539 777 4591 παντί
820 4536 984 4607 τόπῳ,
1009 4537 1081 4596 εἰς
1109 4539 1198 4594 τήν
1223 4537 1657 4610 ἀρχαίανστὰσιν
1680 4545 2005 4596 καταστῆσαι
2034 4544 2120 4594 καί

543 4628 753 4698 κηρύξαι
799 4628 1094 4692 κελεύσωσι.
1125 4629 1457 4701 φυλάττοντες
1484 4635 1576 4690 τήν
1602 4629 1884 4704 παράδοσιν
1929 4653 2120 4693 ταυτης

541 4729 633 4779 τῆς
681 4719 823 4794 ἱερᾶς
861 4721 947 4773 καί
988 4719 1273 4789 ἁγιωτάτης
1309 4722 1447 4788 ἡμῶν
1492 4729 1767 4790 Ῥωμαϊκῆς
1795 4705 2114 4781 Ἐκκλησίαν

541 4807 865 4874 ἀποδιώξωσι
918 4807 973 4864 δέ
1033 4807 1426 4880 βδελυσσόμενοι
1475 4815 1565 4867 τήν
1611 4814 1712 4864 τῶν
1752 4817 1983 4883 πονηρῶν
2034 4813 2119 4866 καί

541 4903 805 4977 αἱρετικῶν
852 4899 1045 4960 πλάνην
1094 4900 1177 4958 διὰ
1227 4906 1312 4955 τοῦ
1357 4901 1602 4976 ὑμετέρου
1649 4904 1842 4973 ἀγῶνος
1895 4905 1982 4955 καί
2030 4923 2115 4957 πι·

540 4995 793 5049 στοτάτου
824 4994 1043 5064 μόχθου.
1096 4996 1153 5047 Εἰ
1196 4990 1252 5048 δέ
1297 5000 1390 5052 τὰς
1437 4992 1575 5067 ίερὰς
1627 4996 1710 5047 καί
1751 4995 1948 5053 σιπτάς
1985 4994 2115 5048 εἰκό-

541 5104 632 5143 νας
685 5083 733 5136 ἐν
780 5090 892 5142 τοῖς
942 5084 1126 5158 μέρεσι
1171 5079 1271 5139 τῶν
1314 5081 1480 5138 αὐτόθι
1522 5084 1576 5137 οὐ
1617 5086 1986 5141 καταστήσωσι
2025 5089 2116 5143 τήν

542 5176 792 5250 ὑμετέραν
838 5180 1160 5248 χειροτονίαν
1203 5177 1335 5231 κατᾶ
1380 5176 1548 5230 πάντα
1587 5174 1776 5250 τρόπον
1819 5177 1880 5228 οὐ
1920 5175 2118 5246 τολμῶ-

541 5282 634 5331 μεν
678 5261 918 5329 δέξασθαι
937 5277 954 5295 ⁸
1007 5266 1087 5319 καί
1133 5264 1357 5335 μάλιστα
1401 5267 1488 5320 ἑὰν
1546 5264 1951 5336 ἐπακολουθήσῃς
2001 5272 2114 5326 τοῖς

544 5356 807 5410 ἀπειθοῦσι
848 5363 912 5425 τῇ
976 5355 1198 5430 ἀληθείᾳ.
1256 5359 1449 5411 Τούτου
1499 5356 1658 5411 ἕνεκεν
1706 5356 1836 5425 μετά
1895 5356 2112 5430 ἀκροτά-

541 5459 634 5495 του
683 5438 884 5514 μόχθου
934 5447 1017 5499 καί
1069 5445 1223 5501 πόθου
1285 5453 1375 5506 τῆς
1429 5449 1652 5507 πίστεως
1699 5448 1782 5502 καὶ
1828 5449 2018 5520 ἀγῶνος
2066 5447 2114 5500 έν

544 5534 742 5593 τούτοις
797 5541 958 5591 πᾶσιν
1004 5535 1318 5598 ἀδιστάκτως
1368 5537 1457 5597 τήν
1506 5537 1751 5610 ύμετὲραν
1797 5540 2116 5605 σεπτοτάτην

616 5715 631 5756 ⁸
658 5713 802 5785 Lege
828 5739 952 5779 κατα
976 5728 1083 5785 τῆς,
1116 5736 1179 5775 ex
1206 5720 1413 5776 Lalinc.
1449 5720 1611 5786 Hann.

2221 4533 2402 4602 gloria:
2447 4544 2552 4590 tua:
2601 4534 2775 4607 (Ρεαι.
2830 4537 3015 4609 xxxv).
3065 4540 3299 4597 Dilectus
3347 4547 3510 4595 autem
3541 4537 3712 4587 nim:

2218 4627 2439 4682 Petrum
2467 4628 2673 4685 scilicet
2701 4630 3231 4702 archipresbyterum
3250 4640 3440 4689 sancta:
3461 4633 3623 4684 nostm
3639 4617 3715 4671 κο-

2219 4731 2393 4772 mana:
2433 4716 2709 4784 Ecclesiae,
2747 4729 2803 4774 et
2823 4718 3040 4775 Petrum
3071 4722 3389 4778 monachum
3427 4726 3479 4773 et
3508 4711 3714 4786 preis

2221 4825 2342 4866 rum
2373 4817 2536 4881 atque
2573 4810 2843 4877 abbatem,
2885 4812 2978 4882 qui
3003 4812 3157 4869 missi
3194 4820 3318 4869 sunt
3342 4828 3372 4867 a
3407 4808 3545 4865 nobis
3575 4799 3711 4856 adW‘

2221 4902 2380 4971 stigia
2423 4901 2987 4971 tranquillissimorum
3032 4912 3089 4959 et
3137 4904 3346 4975 piorum
3385 4899 3709 4971 imperatorum

2222 5009 2474 5065 rogamus
2498 5004 2718 5065 propter
2756 5010 2995 5051 amorem
3038 4996 3212 5052 sancti
3249 4994 3389 5051 Petri
3423 4983 3708 5062 apostolatui!|

2222 5084 2502 5155 principis,
2540 5091 2596 5139 et
2618 5093 2837 5156 propter
2859 5102 2957 5141 nos
2974 5127 2988 5151 ,
3031 5087 3179 5144 omni
3200 5086 3421 5156 benigna
3446 5072 3709 5144 50808960”?

2222 5190 2288 5230 ae
2306 5173 2640 5233 humanitate
2659 5173 2849 5246 dignos
2873 5177 3014 5247 apud
3036 5191 3132 5231 vos
3154 5174 3458 5245 iudicandos
3493 5165 3654 5240 pariter
3668 5161 3707 5207 ei

2224 5264 2515 5329 habendos,
2553 5272 2818 5335 quatenus
2839 5273 2899 5321 et
2916 5266 2971 5321 in
2997 5267 3099 5321 hoc
3125 5280 3344 5336 magnas
3366 5261 3543 5318 referte
3560 5249 3707 5341 sum?

2218 5353 2511 5408 valeamus.
2557 5352 2697 5408 Deus
2733 5353 3073 5425 omnipotens
3092 5354 3422 5410 dilectionem
3446 5353 3649 5401 vestram,
3671 5347 3704 5386 ει

2216 5442 2483 5500 stabiliter
2501 5444 2877 5513 permanserit,
2906 5459 3226 5499 conservare
3242 5449 3448 5505 annuat,
3460 5444 3518 5493 et
3531 5434 3703 5525 {mentm

2216 5530 2319 5614 qui
2347 5534 2444 5591 tibi
2484 5533 2722 5590 creditus
2757 5542 2841 5590 est
2894 5550 3055 5609 super
3095 5548 3394 5595 mensuram
3436 5523 3701 5585 atnndantia
