3986 6168
543 295 685 352 1245

1881 305 2126 361 ΒυιιΑ.
2149 309 2448 365 ADHIANI.

3630 330 3739 388 l‘éil

1745 596 2085 677 BULLA
2163 604 2580 685 ADRIANI

540 771 685 862 Qun
714 769 1035 858 conﬁrmat
1061 765 1966 862 partitionem.Argentinegtsis
1997 776 2270 862 dt'gecesis
2318 780 2384 841 in
2437 791 2664 860 septem
2693 785 2916 847 archid
2927 786 3280 862 incenatus,
3306 791 3636 858 divisionem
3660 821 3736 860 re-

618 847 862 946 ιξίιιιεειῃ
894 847 1171 946 ςῃίεςορί
1203 869 1240 907 a
1270 847 1575 910 reditibus
1594 847 1898 930 capituli,
1935 862 1990 914 et
2019 856 2149 916 alia
2167 857 2326 938 jura
2352 847 2797 922 cano'nt‘corum
2833 847 3734 946 ejusdemecclesiigdfadie‘h

617 925 862 1006 Aprilis
897 924 1037 984 78’s.

1499 1027 1592 1089 (Ex
1617 1028 1924 1094 Grandidier,
1954 1033 2076 1084 "ist.
2103 1034 2164 1084 de
2191 1033 2381 1095 l'qut'se
2400 1035 2461 1085 de
2488 1037 2838 1098 S:rutb0urg.)

604 1235 872 1290 Adrianus
916 1235 1200 1304 episcopus
1226 1248 1251 1275 ι
1287 1251 1475 1290 servus
1514 1253 1796 1294 servorum
1827 1241 1941 1297 Dei.
1967 1242 2109 1295 Con-
2139 1246 2186 1305 Α
2212 1257 2279 1297 ac
2298 1242 2562 1298 electione
2589 1243 2841 1311 fratrum,
2875 1247 2987 1302 Deo
3017 1249 3090 1305 ibi
3132 1250 3516 1322 famulantium;
3565 1261 3630 1315 eis
3665 1263 3731 1318 ali-

532 1327 680 1380 venit
719 1325 1014 1396 apostolico
1045 1324 1417 1389 moderamini,
1443 1327 1527 1394 pia
1559 1327 1814 1397 religione
1864 1330 2114 1399 pollenti-

532 1419 676 1473 tibus
729 1417 975 1472 benivola
1023 1416 1396 1484 compassione
1425 1432 1760 1484 succurrere,
1791 1435 1856 1475 ac
1881 1436 2122 1489 poscent--

532 1511 665 1564 tium
685 1508 795 1576 juri
824 1507 988 1562 alacri
1018 1506 1300 1561 devotione
1323 1507 1584 1576 impertiri
1615 1524 1915 1566 assensum.
1944 1512 2115 1584 Igitur

528 1600 781 1656 omnibus
803 1607 991 1656 sancte
1022 1598 1116 1652 Dei
1162 1597 1398 1652 Ecclesic
1443 1597 1718 1666 ﬁdelibus,
1771 1604 2115 1671 presentibus

527 1690 733 1745 scilicet
756 1703 821 1744 ac
848 1688 1060 1752 futuris,
1095 1698 1280 1742 notum
1304 1704 1426 1744 esse
1449 1688 1714 1756 volumus,
1737 1693 1865 1762 quia
1894 1708 2115 1748 venera-

524 1781 649 1837 bilis
679 1779 848 1834 frater
895 1795 960 1834 ac
1011 1780 1358 1848 coepiscopus
1404 1787 1588 1834 noster
1641 1781 2113 1852 Argentoratensis

448 1911 455 1924 .
524 1871 665 1926 Etho
694 1871 928 1935 nomine,
957 1885 1139 1923 coram
1170 1870 1520 1926 dilectissimo
1541 1872 1653 1928 ﬁlio
1682 1882 1889 1938 nostro,
1915 1874 2111 1932 Carolo

526 1979 652 2034 rege
671 1962 1024 2027 Francorum,
1053 1974 1238 2018 nostro
1263 1964 1528 2034 suggessit
1573 1967 1912 2035 apostolatui,
1940 1969 2112 2037 quali-

524 2064 607 2111 ter
631 2055 743 2125 ipse
769 2070 870 2126 pro
903 2055 1203 2109 alleviando
1233 2055 1315 2109 sui
1357 2057 1634 2126 regiminis
1661 2073 1846 2127 opere,
1883 2059 2111 2114 consilio

519 2160 584 2199 ac
615 2159 882 2200 consensu
905 2144 1292 2214 sapientiorum
1340 2145 1516 2200 tocius
1539 2161 1636 2201 sue
1662 2147 1959 2214 dioceseos,
1990 2150 2107 2218 epi-

519 2245 799 2306 scopatum
853 2237 1364 2307 Argentoratensem
1414 2237 1469 2291 in
1523 2246 1731 2308 septem
1779 2240 2110 2296 archidiaco-

517 2336 680 2384 natus
707 2327 1070 2392 constituerit,
1095 2335 1257 2396 atque
1282 2326 1388 2381 hiis
1416 2326 1642 2399 singulis
1665 2329 1907 2399 singulos
1928 2330 2108 2387 archi-

515 2419 771 2475 diacones
799 2420 939 2476 bone
977 2418 1087 2473 vite
1132 2435 1196 2474 ac
1221 2418 1363 2474 bone
1415 2420 1849 2477 conversacionis
1901 2421 1959 2476 in
1987 2422 2107 2478 vice

2219 1347 2379 1400 quem
2400 1348 2465 1387 ex
2487 1333 2599 1389 suis
2627 1338 3009 1394 concanonicis
3040 1355 3359 1410 preponere,
3393 1348 3476 1415 qui
3497 1349 3571 1403 die
3591 1364 3735 1408 noctu-

2216 1437 2323 1491 que
2349 1423 2614 1480 sollicitus
2640 1441 2728 1480 res
2754 1442 2946 1483 eorum
2962 1430 3129 1485 sciret
3153 1433 3358 1489 utiliter
3382 1438 3732 1509 administrare,

2216 1528 2280 1568 ac
2305 1514 2395 1584 qui
2424 1515 2629 1570 nullum
2656 1515 2879 1573 fratrem
2901 1520 3017 1578 sine
3053 1520 3205 1589 justa
3227 1541 3396 1582 causa,
3419 1530 3556 1586 vellet
3581 1534 3734 1588 distur-

2215 1605 2365 1668 bare,
2397 1621 2461 1661 ac
2492 1606 2586 1660 tali
2613 1622 2737 1661 cum
2782 1610 2961 1664 debita
2985 1614 3295 1670 obedientia
3331 1620 3574 1676 maximus
3603 1624 3733 1679 honor

2215 1709 2279 1747 ac
2299 1695 2599 1749 reverentia
2629 1706 2748 1764 post
2764 1699 3075 1770 episcopum
3107 1705 3180 1759 ab
3207 1707 3450 1764 omnibus
3472 1712 3730 1767 exhiberen-

2215 1793 2320 1850 tur,
2354 1801 2419 1840 ac
2448 1795 2640 1841 cuncta
2665 1788 2924 1845 beneﬁcia
2947 1792 3192 1862 claustri,
3215 1806 3395 1865 preter
3409 1803 3725 1870 preposituras,

2214 1892 2310 1931 sua
2350 1877 2750 1948 dispensatione
2775 1880 3052 1952 fratribus,
3076 1898 3242 1958 prout
3269 1891 3484 1962 quisque
3524 1912 3636 1964 opus
3658 1899 3727 1951 ha-

2210 1966 2384 2033 beret,
2414 1969 2884 2028 distribuerentur.
2913 1974 3127 2033 Nullum
3155 1989 3335 2037 tamen
3357 1986 3584 2056 episcopo
3610 1991 3725 2057 quasi

2211 2074 2276 2113 ex
2309 2061 2490 2115 debito
2517 2061 2584 2116 de
2606 2063 2709 2118 hac
2747 2063 2976 2120 fratrum
3005 2072 3349 2139 preposilura
3379 2073 3538 2131 facere
3557 2079 3726 2134 deberet

2211 2150 2521 2217 scrvicium,
2551 2154 2652 2207 nisi
2684 2158 2826 2222 quod
2860 2157 2964 2212 sibi
2993 2169 3142 2214 esset
3169 2162 3544 2231 voluntarium,
3588 2177 3726 2236 preter

2209 2241 2508 2296 sententias
2528 2245 2836 2310 canonicas,
2860 2262 2995 2316 quas
3019 2249 3072 2303 in
3115 2253 3308 2308 sinodo
3329 2255 3392 2310 ad
3420 2272 3587 2312 causas
3612 2261 3723 2314 daret

2209 2329 2468 2400 singulas.
2494 2331 2601 2387 Pro
2634 2348 2798 2403 supra
2825 2336 2954 2391 dicti
2983 2353 3202 2409 quoque
3223 2342 3442 2400 Ethonis
3486 2356 3644 2417 rogatu
3685 2357 3724 2400 et

2208 2417 2496 2474 dilectione
2521 2420 2905 2480 dilectissimus
2958 2426 3100 2484 ﬁlius
3141 2439 3330 2488 noster
3355 2432 3558 2490 Carolus
3579 2437 3632 2490 de
3663 2453 3723 2491 re-

517 2528 614 2568 sua
653 2511 1010 2582 preposuerit,
1036 2519 1094 2565 ut
1117 2511 1312 2581 singuli
1338 2527 1459 2567 cum
1486 2511 1600 2568 suis
1628 2513 2105 2583 archipresbiteris
2205 2511 2308 2567 bus
2335 2512 2748 2583 episcopalibus,
2777 2517 2983 2576 scilicet
3010 2522 3076 2577 de
3108 2534 3326 2580 moneta
3344 2568 3357 2588 ,
3403 2527 3644 2590 theloneo,
3676 2543 3721 2582 ac

515 2605 680 2658 verbo
708 2619 772 2658 ac
807 2602 1053 2672 exemplo
1077 2603 1433 2672 precedendo,
1465 2603 1709 2659 subditos
1754 2603 1809 2657 in
1848 2603 1964 2674 lege
2005 2604 2101 2660 Dei
2139 2613 2178 2670 Β
2205 2600 2326 2654 aliis
2353 2599 2548 2657 ofﬁciis
2569 2602 2636 2657 ad
2686 2621 2744 2660 se
2769 2608 3172 2675 pertinentibus
3220 2613 3323 2669 hoc
3370 2616 3646 2680 constituit,
3679 2624 3719 2670 ut

515 2693 724 2747 utiliter
752 2694 1100 2758 instruerent,
1131 2708 1196 2747 ac
1232 2693 1589 2762 episcopalem
1638 2710 1825 2748 curam
1849 2735 1863 2761 ,
1916 2705 2102 2765 preter
2201 2694 2668 2766 quotienscunque
2695 2697 2796 2753 hec
2820 2701 3120 2758 ministeria
3157 2717 3501 2774 mutarentur,
3519 2725 3602 2778 pro
3615 2708 3720 2762 salu-

513 2782 866 2852 penitentium
906 2781 1418 2848 reconciliationem,
1447 2783 1771 2838 omnimodis
1815 2793 2096 2854 gererent,

513 2871 704 2928 altaria
761 2873 1121 2937 concedendo,
1153 2872 1411 2927 ecclesias
1450 2871 1694 2941 iudiciali
1740 2873 1930 2930 ordine
1975 2890 2098 2929 cum

512 2962 689 3032 sigillo
716 2962 950 3036 episcopi
980 2961 1298 3029 claudendo,
1327 2964 1554 3019 clericos
1589 2965 1657 3020 ab
1705 2964 1878 3020 ofﬁcio
1904 2967 2099 3022 divino

512 3051 908 3120 suspendendo,
944 3067 1009 3107 ac
1037 3066 1356 3122 quocunque
1369 3053 1470 3124 ipsi
1492 3055 1762 3126 corrigere
1790 3073 1888 3127 per
1907 3073 1966 3112 se
1989 3074 2096 3114 non

510 3141 788 3206 valerent,
829 3142 899 3197 ad
926 3143 1250 3211 prescntiam
1291 3145 1550 3199 nominati
1581 3146 1810 3203 Ethonis
1838 3148 1920 3205 vel
1971 3164 2096 3205 suo-

511 3247 631 3287 rum
659 3245 1031 3286 successorum
1067 3232 1402 3289 cmendanda
1431 3235 1641 3290 deferre
1668 3237 1965 3304 deberent;
1996 3253 2098 3293 nec

508 3320 564 3376 in
591 3319 820 3390 alicujus
837 3321 1072 3394 episcopi
1095 3321 1236 3380 foret
1253 3333 1520 3393 potestate
1544 3327 1782 3398 aliquem
1810 3329 1879 3384 de
1916 3329 2096 3398 predi-

507 3414 612 3470 ctis
637 3413 900 3470 fratribus
931 3414 998 3470 de
1030 3415 1122 3470 tali
1153 3431 1434 3472 removere
1473 3418 1754 3490 dignitate,
1784 3419 1890 3475 nisi
1915 3420 2053 3476 forte
2076 3459 2094 3488 ,

507 3505 653 3575 quod
699 3506 860 3571 absit,
893 3505 1089 3560 talibus
1118 3505 1446 3563 facinoribus
1487 3509 1909 3575 innodarentur,
1950 3511 2094 3579 quod

497 3595 623 3666 jure
651 3599 913 3654 canonico
953 3599 1020 3655 ab
1057 3601 1204 3654 omni
1247 3600 1534 3671 episcopali
1565 3601 1765 3656 vicaria
1795 3603 1988 3658 merito
2001 3603 2095 3658 dc—

504 3698 853 3768 ponerentur.
881 3689 1132 3745 Pretcrca
1161 3691 1300 3745 idem
1346 3693 1571 3748 antistes
1621 3694 1777 3749 nobis
1822 3695 2087 3758 innotuit,

503 3779 736 3848 qualiter
761 3795 951 3834 omnes
1008 3795 1095 3834 res
1120 3780 1452 3851 episcopales
1479 3801 1509 3837 a
1539 3785 1922 3839 canonicorum
1971 3801 2092 3854 pre-

502 3867 677 3922 benda
705 3875 1071 3934 sequestratas
1107 3867 1351 3933 haberet,
1382 3871 1436 3925 in
1463 3873 1659 3939 quibus
1700 3873 1830 3927 nulli
1882 3875 2092 3942 cp?sco-

2200 2784 2272 2840 tis
2297 2800 2392 2840 sue
2420 2798 2709 2858 augmento
2733 2799 2937 2861 septem
2962 2793 3118 2860 libre,
3150 2805 3263 2852 tres
3292 2799 3572 2869 preposito,
3619 2813 3717 2867 qua-

2198 2882 2322 2930 tuor
2345 2878 2638 2943 canonicis,
2667 2880 2718 2934 in
2746 2898 3032 2940 commune
3079 2888 3441 2945 traderentur.
3474 2891 3601 2944 Hanc
3617 2903 3713 2958 ergo

2198 2970 2310 3017 tam
2333 2966 2492 3035 regis,
2529 2983 2693 3037 quam
2726 2969 2913 3027 fratris
2941 2989 3003 3029 ac
3030 2978 3337 3049 coepiscopi
3366 2981 3522 3034 nostri
3557 2979 3718 3047 dispen-

2198 3057 2458 3112 satoriam
2480 3062 2922 3120 constitutionem
2948 3079 3176 3140 propter
3197 3073 3444 3128 humilem
3469 3089 3624 3129 eorum
3647 3088 3716 3142 pe

2197 3147 2461 3214 titionem,
2502 3160 2674 3206 ratam
2723 3169 2843 3208 esse
2889 3158 3306 3228 conﬁrmamus;
3360 3180 3420 3219 ac
3463 3180 3521 3219 ne
3545 3176 3715 3234 presens

2195 3237 2498 3308 episc0pus,
2529 3241 2615 3295 vel
2641 3243 2836 3312 aliquis
2863 3262 3239 3306 successorum
3292 3269 3514 3319 suorum,
3540 3269 3621 3307 nec
3642 3251 3707 3305 ali-

2193 3343 2298 3398 qua
2343 3343 2580 3399 persona
2618 3341 2813 3402 potens
2868 3336 2953 3392 vel
2980 3338 3309 3410 impotens,
3373 3359 3566 3396 manum
3602 3341 3710 3395 dein-

2194 3434 2321 3489 ceps
2349 3421 2544 3476 audeat
2568 3423 2871 3494 admittere,
2895 3443 2958 3484 ac
3007 3432 3303 3503 quicquam
3349 3435 3411 3490 de
3449 3432 3711 3504 supradictis

2195 3509 2510 3581 infringere,
2542 3513 2623 3566 vel
2650 3514 2910 3573 fratribus
2931 3521 3257 3578 subtrahere
3273 3565 3288 3590 ,
3341 3525 3622 3580 auctoritate
3642 3519 3711 3575 Dei

2194 3618 2256 3658 ac
2285 3605 2568 3660 beatorum
2615 3609 2980 3677 apostolorum
3010 3611 3160 3668 Petri
3181 3623 3236 3670 et
3265 3615 3447 3679 Pauli,
3487 3631 3543 3669 ac
3582 3610 3711 3667 nostri

2193 3694 2293 3748 sub
2333 3695 2680 3752 anathemate
2720 3697 3043 3757 inhibemns.
3088 3701 3363 3774 Scriptum
3414 3719 3502 3774 per
3541 3715 3708 3756 manum

2191 3783 2453 3839 Zacharie
2497 3793 2683 3842 sancte
2707 3786 2949 3846 Romane
2976 3791 3119 3847 sedis
3147 3794 3540 3850 bibliothecarii.
3560 3792 3708 3846 Actum

2191 3875 2380 3940 Rome,
2414 3876 2466 3930 in
2495 3876 2630 3932 feria
2659 3881 2893 3935 secunda
2941 3882 3170 3950 Pasche,
3202 3903 3343 3942 anno
3388 3879 3707 3941 incarnationis

501 3969 695 4032 porum
735 3955 1025 4024 quicquam
1052 3955 1241 4011 liceret
1261 3957 1460 4023 facere,
1492 3959 1597 4014 nisi
1646 3976 1769 4015 cum
1815 3963 2088 4022 voluntate
2113 3962 2160 4022 C
2193 3968 2407 4024 Domini
2447 3970 2474 4009 δ
2504 3971 2627 4039 775,
2661 3988 2842 4028 coram
2885 3976 3071 4032 multis
3103 3979 3449 4051 principibus,
3478 3975 3678 4032 feliciter.

501 4099 606 4160 que
633 4085 733 4140 787
776 4101 898 4160 c_ut_n
938 4085 1060 4160 inde
1085 4088 1320 4160 Capuam
1363 4105 1576 4160 quoque
1617 4107 1680 4147 ac
1719 4094 2080 4150 Beneventum

499 4155 758 4230 adversus
783 4155 1149 4230 Grimoaldum
1168 4155 1679 4230 durem—profectus
1711 4174 1823 4228 est,
1855 4179 1973 4230 nos,
2003 4173 2083 4220 ta-

501 4226 659 4302 metsi
693 4242 779 4280 res
805 4225 1008 4302 incerta
1031 4234 1133 4293 est,
1161 4225 1642 4302 codicemfAdriani
1665 4233 1729 4286 ad
1751 4225 2080 4302 postremam

574 4297 679 4373 tius
733 4296 1116 4373 profectionem
1165 4298 1519 4373 referendum
1578 4296 1861 4370 duxim'ns,
1914 4321 2076 4373 quam

574 4309 679 4350 tius
772 4309 1116 4351 rotecuoncm
1181 4309 1519 4354 referendum
1578 4309 1861 4370 duxintns,
1914 4321 2076 4373 quam

499 4309 662 4446 Eucti
699 4313 1074 4446 aliisplacuit)
1111 4369 1177 4423 ad
1217 4371 1467 4446 primam,
1511 4373 1595 4446 cui
1635 4374 1820 4438 multa,
1863 4391 1984 4444 quae
2023 4377 2078 4431 in

497 4436 615 4515 ejus
638 4436 870 4515 epistola
900 4436 1168 4508 leguntur,
1195 4436 1487 4515 convenire
1509 4443 1605 4515 Avix
1644 4436 1897 4512 possintf
1917 4446 2074 4501 Statu.

571 4519 597 4546 ι
638 4507 796 4583 Papae
825 4507 1026 4583 .oclaio
1048 4509 1246 4583 smculo
1274 4511 1422 4583 nullo
1471 4513 1575 4567 alio
1615 4507 1768 4571 titulo
1798 4516 1879 4569 usi
1909 4526 2034 4572 sunt
2060 4562 2073 4582 ,

496 4591 658 4646 quant
697 4577 840 4630 s'ervi
868 4592 1148 4657 servorum
1193 4579 1305 4643 Dei,
1332 4582 1478 4657 illum
1521 4603 1551 4657 ρ
1580 4594 1766 4657 sancto
1814 4577 2077 4657 Gregorio

535 4655 818 4726 surpantes
857 4660 871 4700 :
919 4665 938 4698 ι
974 4646 1198 4726 Primus
1235 4653 1487 4726 omnium
1513 4653 1844 4726 Gregorius,
1904 4646 2076 4726 inquit

535 4661 818 4715 surpantes
857 4661 871 4700 :
919 4665 938 4698 ι
974 4661 1198 4708 Erimus
1235 4666 1473 4705 omnnnn
1513 4661 1844 4726 Gregorius,
1904 4661 2076 4726 inquit

495 4661 731 4780 sicannes
760 4715 1228 4806 Diaconus,wse-in‘
1246 4722 1528 4806 principio
1556 4726 1904 4806 epistolarum
1952 4743 2076 4806 sua-

497 4801 859 4922 Prusenqu
881 4801 1160 4844 servorum
1189 4788 1283 4844 Dei
1312 4788 1474 4848 scribi
1499 4788 1630 4851 satis
1681 4796 1953 4854 humiliter
1981 4797 2076 4853 de-

517 4871 645 4910 num
673 4895 689 4910 .
723 4876 740 4910 ι

517 4856 689 4910 iuivit.
723 4876 740 4910 ι

570 4927 596 4964 b
622 4926 901 4998 Adrianus
943 4945 1078 4998 papa
1106 4946 1135 4984 a
1167 4929 1252 4985 dic
1279 4929 1313 4984 9
1335 4930 1612 4988 Februarii
1643 4934 1747 4989 772
1788 4937 1853 4990 aol
1875 4937 1943 4996 25
1974 4939 2075 4993 De—

495 4997 731 5058 cembris
757 4996 878 5062 illi},
906 4996 1187 5068 qua’obiit,
1217 5000 1398 5056 sedem
1429 5005 1790 5073 pontificalem
1818 5009 2069 5067 obtinuit.

2187 4098 2605 4178 Rapebrockius,
2635 4103 2688 4157 in
2710 4104 3125 4178 suo_Propyl:co
3157 4111 3224 4165 ad
3273 4111 3401 4165 Acta
3445 4108 3702 4163 Sanctorum

2187 4171 2331 4251 lilaii,
2357 4188 2478 4242 pag.
2507 4173 2642 4251 298‘,
2671 4175 2866 4228 asserit
2913 4171 3217 4251 séfnullam
3266 4180 3451 4251 legisse
3491 4180 3700 4251 sinceram

2185 4240 2382 4295 bullam
2397 4240 2762 4323 qn:e.ltaberct
2791 4240 3364 4326 annosincarnationis
3383 4259 3498 4326 ante
3517 4248 3697 4326 [ιφειθιη

2185 4313 2538 4388 nonum-Leni
2564 4315 2833 4369 consentit
2877 4315 3172 4388 hlabillon"
3197 4320 3262 4374 de
3288 4320 3364 4375 Re
3383 4315 3696 4388 diplonttllica.

2184 4396 2305 4462 ρυεξ-
2338 4381 2466 4463 335.
2505 4383 2852 4463 Reveramra
2884 4381 3205 4463 Dionysiana
3227 4391 3314 4463 Ain
3343 4381 3600 4460 pontiﬁciis
3636 4398 3698 4463 re-

2183 4452 2400 4520 scripiis
2427 4452 2639 4506 nonnisi
2669 4453 2824 4509 initio
2846 4452 3034 4513 saeculi
3047 4459 3314 4514 undecimi
3343 4452 3620 4514 constanter
3636 4452 3696 4504 in-

2182 4522 2370 4599 valuit.
2415 4523 2522 4599 _Sed
2559 4538 2665 4599 non
2711 4523 3147 4599 indefalszetlici
3173 4538 3395 4599 possunt
3413 4527 3552 4582 bulla:
3587 4528 3696 4576 ante

2186 4592 2376 4666 riores,
2409 4591 2466 4666 in
2492 4593 2686 4666 quibus
2709 4593 2966 4666 inseritur
2993 4597 3080 4650 illa
3115 4591 3317 4666 epocha
3343 4641 3356 4661 ,
3407 4613 3515 4666 quat
3545 4602 3695 4648 octavo
3788 4655 3789 4658 η

2185 4663 2382 4744 smculo
2408 4661 2588 4744 [innec
2606 4660 2719 4728 jam
2748 4663 2849 4744 fuit
2876 4667 3107 4744 celebris
3131 4660 3694 4744 6t_cognit_a_.'_lluic.scn-

2185 4734 2390 4810 tentia:
2411 4731 2588 4786 favent
2608 4740 2889 4810 “auctores
2925 4736 3110 4792 Gallici
3159 4731 3318 4794 Nova:
3342 4733 3690 4810 Diplomaticgc.

2182 4810 2312 4856 tom-
2347 4803 2564 4876 Y._p:_|g._
2607 4801 2741 4876 Ἡρη
2771 4802 3036 4876 Prteterea
3083 4824 3282 4863 annum
3339 4801 3688 4876 incarnationis.

2182 4887 2343 4940 quem
2367 4873 2460 4952 hic
2483 4872 2642 4958 hath
2663 4871 2886 4958 Adriani
2917 4876 3081 4952 bulla,
3117 4877 3345 4958 adjicere
3370 4876 3524 4958 potuit
3547 4871 3690 4958 liceri:

2180 4939 2275 4996 cus
2293 4943 2581 5017 episcppus
2607 4939 3038 5017 Argentinensis,
3064 4939 3154 5017 qui
3181 4939 3338 5002 illam
3370 4939 3422 5000 in
3447 4961 3524 5000 sua
3544 4944 3685 4996 cluat”

2180 5012 2306 5071 anni
2332 5010 2472 5069 1205
2499 5010 2802 5083 descripsit.
