3986 6168
294 288 429 347 1955

1704 284 2117 345 CIIRONICON.

3415 248 3589 362 πεδί

1006 530 1407 608 INCIPIT
1485 531 1945 608 EPITOME
2022 532 2776 613 IMPERATOle
2820 594 2841 629 ,
3358 490 3369 502 ’

382 681 511 737 νει,
549 680 833 736 ARABUM
874 678 1408 745 EPBEMERIDES,
1443 679 1682 747 ATQUE
1733 677 2075 734 HISPANI/li
2114 678 2702 738 CHRONOGRAPHIA
2751 683 2883 739 SUB
2927 685 3064 742 UNO
3103 689 3459 752 VOLUMINE

1723 768 2079 823 COLLECTA
2092 808 2106 820 .

351 911 403 964 t.
444 905 575 961 Era
602 904 705 960 649
732 917 780 970 ι,
815 900 1180 959 Romanorum
1208 904 1298 969 57,
1321 904 1602 961 ﬂeraclius
1629 903 1863 974 imperio
1895 911 1935 966 Α
1966 905 2099 956 dens
2143 901 2360 967 auxilio,
2412 918 2577 974 super
2623 920 2746 960 eum
2793 906 3151 978 descendens,
3200 931 3309 971 uno
3343 919 3555 980 hostem

277 1008 568 1057 coronatus
593 1013 705 1067 reg.
751 1012 840 1050 an.
864 995 935 1051 30
959 997 988 1036 ι’
1008 997 1246 1067 peractis
1285 1013 1315 1051 a
1367 996 1634 1067 principio
1670 994 1854 1050 mundi

278 1094 436 1149 annis
470 1089 611 1146 5838
637 1101 683 1142 ι’.
741 1088 842 1143 llic
885 1074 954 1143 ob
984 1104 1223 1143 amorem
1269 1086 1468 1144 Flaviae
1504 1088 1857 1144 nobilissima:

279 1186 503 1257 virginis
553 1185 629 1239 illi
656 1183 793 1253 apud
818 1182 1059 1237 Africam
1087 1192 1214 1238 ante
1251 1193 1523 1253 sumptum
1566 1183 1855 1255 imperium

278 1279 630 1350 desponsatas,
658 1284 714 1330 et
725 1274 878 1345 jussu
907 1274 1101 1331 Phoce:
1132 1276 1392 1347 principis
1425 1291 1493 1332 ex
1513 1275 1696 1348 Libya:
1738 1275 1855 1330 ﬁni-

278 1368 379 1423 bus
401 1365 915 1434 Constantinopolim
944 1365 1259 1436 deportatm,
1290 1366 1634 1421 rebellionem
1662 1367 1853 1421 adver-

277 1474 369 1513 sus
388 1457 624 1512 Pbocam
650 1472 772 1510 cum
798 1454 1007 1510 Nichita
1070 1456 1327 1527 magistro
1361 1456 1566 1511 militiae
1606 1456 1853 1521 moliens,

275 1556 463 1604 contra
488 1546 867 1617 rempublicam
881 1544 1105 1601 consilio
1126 1542 1347 1601 deﬁnito
1369 1544 1648 1602 lleraclius
1674 1563 1856 1616 mque-

276 1654 390 1703 reo,
441 1636 651 1692 Nichita
674 1636 914 1689 terrestri
945 1635 1186 1691 exercitu
1213 1638 1448 1691 adunato
1489 1636 1580 1691 tali
1622 1636 1852 1692 invicem

274 1727 537 1784 deﬁniunt
560 1734 735 1797 pacto,
780 1733 837 1779 ut
872 1725 1117 1794 quisquis
1142 1741 1330 1782 eorum
1361 1729 1568 1798 primus
1591 1731 1855 1783 Consrau-

273 1818 548 1890 tinopolim
573 1819 907 1879 adventaret,
948 1817 1001 1870 in
1030 1816 1147 1872 loco
1173 1826 1463 1873 coronatus
1519 1819 1680 1890 digne
1710 1819 1854 1874 frue-

275 1919 422 1965 retur
451 1909 694 1979 imperio.
733 1908 837 1964 Sed
863 1908 1140 1965 lleraelius
1167 1911 1233 1965 ab
1246 1909 1425 1966 Africa
1458 1912 1630 1966 navali
1660 1929 1852 1968 ascen-

271 2002 404 2055 dens
431 2000 672 2070 collegio,
708 2000 774 2054 ad
805 2000 1030 2070 Regiam
1059 2016 1230 2071 usque
1247 2004 1400 2058 ocius
1431 2004 1678 2073 pervenit
1706 2006 1854 2060 nati-

270 2092 467 2161 gando.
507 2090 674 2157 Quem
698 2089 1089 2160 aliquantulum
1116 2093 1469 2149 obsistentem
1492 2095 1545 2149 in
1561 2096 1697 2151 bella
1715 2097 1853 2151 Pho-

270 2200 388 2238 cam
410 2182 652 2254 Byzantii
677 2190 893 2252 captum
924 2180 1255 2254 llammigero
1277 2182 1479 2238 feriunt
1498 2185 1693 2256 gladio.
1749 2186 1847 2253 Qui

1957 992 2176 1061 perimit
2206 990 2397 1084 piaculo
2429 1011 2441 1046 :
2485 995 2674 1066 sicque
2710 996 3000 1054 Persarum
3052 1002 3263 1076 irrupto
3309 1010 3557 1084 ditl‘ugio,

1957 1095 2130 1149 usque
2152 1082 2222 1136 ad
2247 1081 2445 1137 Susam
2471 1085 2679 1148 urbem,
2712 1101 2834 1156 qua:
2859 1098 3022 1158 caput
3041 1100 3096 1145 et
3124 1094 3336 1152 culmen
3362 1081 3555 1159 eorum

1955 1181 2056 1235 est,
2088 1174 2337 1243 pervenit
2370 1174 2634 1231 feriendo.
2666 1177 2736 1232 At
2779 1187 2908 1236 tunc
2951 1183 3206 1240 (Iosdroa:
3261 1204 3428 1261 regno
3456 1196 3554 1250 dc-v

1957 1269 2195 1328 structo,
2224 1271 2280 1317 et
2308 1264 2568 1334 imperiali
2599 1268 2895 1325 dominatui
2926 1273 3161 1340 tradito,
3187 1280 3414 1348 populus
3442 1299 3550 1340 non

1959 1351 2091 1415 Deo,
2122 1352 2217 1407 sed
2244 1354 2343 1423 ipsi
2372 1354 2620 1410 Heraclio
2645 1356 2906 1414 honorem
2932 1362 3224 1430 reddendo,
3254 1377 3308 1423 et
3334 1370 3425 1427 ille
3450 1374 3556 1430 hoc

1957 1445 2175 1499 auezei
2226 1449 2597 1515 receptando,
2646 1448 2875 1505 Romam
2920 1457 3169 1523 pervenit
3218 1464 3546 1531 repedando.

1958 1534 2197 1604 Denique
2221 1537 2460 1591 exercitu
2493 1539 2654 1608 digne
2682 1553 3048 1607 remunerate,
3079 1547 3333 1604 thronum
3361 1567 3554 1609 ascena

1956 1625 2032 1680 dit
2055 1624 2288 1689 gloriose
2317 1628 2718 1698 triutnphando.
2757 1630 2910 1686 Tune
2942 1633 2994 1686 iu
3022 1636 3229 1691 somnis
3256 1638 3325 1693 de
3359 1655 3419 1696 re
3448 1642 3550 1697 hu-

1942 1714 2184 1784 jusmodi
2217 1717 2383 1772 multa
2407 1719 2458 1773 ei
2488 1720 2676 1775 venire
2705 1720 2718 1771 i
2749 1721 2933 1799 [erunt
2960 1740 3026 1780 ex
3059 1728 3264 1783 monito
3291 1745 3307 1785 :
3348 1740 3488 1787 etut
3516 1734 3545 1776 ι

1954 1821 1986 1861 a
2018 1806 2264 1861 muribus
2287 1806 2457 1862 eremi
2487 1809 2991 1869 imtniseriwrditer
3018 1824 3343 1876 vastaretur.
3368 1830 3426 1874 et
3449 1837 3551 1891 per

1955 1896 2231 1952 stellarum
2256 1913 2474 1953 cursum
2497 1902 2824 1972 astrologico
2851 1916 3280 1973 prtemoneretur
3322 1913 3545 1968 Indicio.

1957 1986 2056 2042 ilic
2084 1987 2384 2053 llcraclius,
2419 1998 2480 2043 ut
2504 1990 2716 2060 prasfati
2746 2007 2955 2057 sumus,
2984 1995 3180 2051 Persas
3224 1998 3555 2060 rebellantes

1954 2077 2197 2132 elomuit
2220 2094 2234 2130 :
2258 2078 2563 2148 imperiales
2590 2081 2796 2151 patrias
2815 2082 3183 2154 belligerando
3208 2087 3545 2147 reformavit.

1955 2169 2222 2223 Seductus
2262 2184 2293 2223 a
2332 2170 2583 2227 laudibus
2612 2174 2816 2244 populi,
2862 2191 2970 2229 nou
3014 2177 3143 2241 Deo,
3175 2181 3271 2234 sed
3315 2182 3440 2247 sibi,
3487 2192 3548 2238 ut

268 2289 393 2328 mox
414 2283 471 2327 ut
501 2289 624 2328 eum
645 2273 901 2343 perspicit
920 2272 1246 2344 iugulatum,
1273 2275 1413 2330 illico
1437 2276 1663 2345 imperio
1686 2277 1849 2332 subli-

1956 2259 2154 2325 ferunt,
2195 2262 2455 2316 honorem
2500 2265 2740 2331 victoriae
2782 2270 3180 2339 exaggerando,
3214 2272 3542 2343 increpatio-

267 2371 469 2417 matur.
509 2362 719 2417 Nichita
741 2379 868 2418 vero
888 2365 1056 2418 eremi
1086 2365 1295 2419 deserta
1317 2367 1669 2435 penetrando,
1685 2366 1853 2439 :Egy-

268 2461 436 2524 ptum,
462 2452 697 2524 Syriam,
726 2452 1003 2517 Arabiam,
1030 2451 1295 2521 Judznam,
1331 2463 1385 2510 et
1412 2455 1852 2526 Mesopotamiam

267 2558 554 2615 aggressus
593 2552 693 2606 est,
748 2542 941 2600 Persas
969 2545 1169 2601 acriter
1190 2544 1543 2616 insequendo,
1580 2556 1637 2605 et
1664 2563 1855 2619 supra-

268 2635 575 2689 nominatas
620 2635 928 2705 provincias
975 2634 1240 2704 imperiali
1299 2635 1598 2690 dominatui
1639 2647 1851 2693 restau-

270 2725 458 2778 rando.
507 2722 612 2779 Sed
642 2724 819 2780 Pcrsa:
841 2723 953 2779 suis
978 2739 1008 2778 a
1037 2724 1257 2779 sedibus
1294 2725 1654 2795 prosilientes,
1685 2726 1855 2780 conli-

267 2815 456 2869 dcntes
481 2829 549 2868 ex
577 2815 776 2870 virtute
815 2824 871 2869 et
890 2830 1117 2869 numero
1150 2815 1344 2869 iterum
1376 2815 1476 2870 sibi
1506 2815 1712 2871 vicinas
1733 2832 1854 2886 pro-

266 2907 475 2963 vincias
512 2905 811 2971 stimulant,
866 2907 1244 2963 reformando:
1300 2906 1550 2977 ﬁliusque
1601 2906 1853 2963 Cosdroa:

270 2998 412 3068 regis
445 2997 746 3060 Persarum,
781 3005 990 3067 patrem
1014 2995 1042 3036 ἀ
1080 2995 1478 3053 tumultualiter
1527 2995 1848 3068 eﬁ'ugiendo,

268 3089 496 3161 principi
521 3105 579 3145 se
594 3089 737 3145 dedit
755 3089 1015 3155 Romano,
1040 3089 1308 3160 spondens
1330 3104 1549 3145 omnem
1572 3088 1848 3146 Persidem

269 3182 445 3235 vivide
468 3198 488 3219 ο
519 3184 733 3236 tradere
755 3178 869 3249 jam
907 3180 1053 3238 dicto
1099 3180 1384 3251 Augusto:
1436 3181 1530 3237 sed
1571 3181 1852 3238 Heraclitus

269 3270 511 3327 exercitu
553 3271 787 3326 adunato
843 3286 964 3325 cum
1008 3270 1156 3325 omni
1186 3286 1346 3326 manu
1375 3268 1549 3326 ferrea
1573 3269 1849 3327 Persidem

268 3362 629 3431 proﬁciscitur
653 3361 1000 3432 insequendo.
1024 3362 1173 3419 Tunc
1199 3361 1502 3419 fCosdroas
1522 3364 1614 3419 tali
1649 3365 1849 3420 certio-

271 3462 421 3507 ratus
453 3453 660 3519 nuntio,
694 3469 815 3508 cum
846 3462 1040 3509 cuncto
1064 3452 1350 3510 Persarum
1390 3455 1616 3528 collegio
1658 3456 1849 3511 obvius

268 3544 477 3599 exstitit
501 3543 818 3600 resistendo.
870 3544 1109 3614 Denique
1146 3546 1236 3599 ubi
1270 3544 1550 3600 ileraclius
1575 3538 1695 3600 cum
1718 3544 1851 3601 Cos-

1956 2365 2079 2403 nem
2123 2364 2219 2420 per
2253 2351 2431 2405 visqu
2475 2369 2581 2407 non
2625 2355 2894 2410 modicam
2930 2359 3171 2427 graviter
3196 2365 3549 2433 pnesagaudo

1953 2442 2148 2495 crebro
2181 2443 2418 2511 expavit.

2022 2535 2076 2591 5.
2118 2535 2290 2605 Hujus
2340 2538 2673 2608 temporibus
2722 2539 2779 2594 in
2820 2555 2931 2621 αξη
2976 2541 3098 2607 653,
3126 2552 3279 2599 anno
3326 2541 3542 2615 imperii

1952 2622 2070 2693 ejus
2110 2636 2325 2694 quarto,
2356 2625 2535 2681 Sclavi
2556 2626 2825 2684 Grreciam
2858 2640 3147 2702 occupant.
3180 2635 3438 2689 Saraceni
3486 2636 3541 2690 in

1952 2731 2062 2770 tera
2115 2715 2236 2781 656,
2286 2731 2431 2770 anno
2474 2717 2688 2786 imperii
2726 2718 2960 2775 Heraclii
3017 2722 3269 2791 septimo,
3302 2721 3541 2794 Syriam,

1952 2808 2211 2864 Arabiam
2239 2818 2293 2864 et
2322 2809 2765 2880 Mesopotamiam
2810 2810 2996 2867 furtim
3042 2814 3216 2884 magis
3245 2830 3405 2884 quam
3435 2817 3539 2870 vir-

1953 2906 2088 2962 tute,
2119 2896 2390 2954 Mahomet
2423 2897 2440 2936 ι
2474 2914 2661 2954 eorum
2695 2901 2921 2956 ductore
2946 2902 3167 2958 rebellia
3197 2904 3540 2971 adhortante,

1953 2990 2057 3046 sibi
2077 2990 2443 3045 vindicantm:
2476 2999 2636 3060 atque
2661 3006 2767 3047 non
2805 3000 3015 3047 tantum
3038 2993 3271 3063 publicis
3292 2994 3544 3063 irruptio-

1952 3081 2130 3146 nibus,
2170 3089 2432 3151 quantum
2476 3081 2738 3137 clanculis
2791 3082 3247 3138 incursationibus
3288 3098 3540 3153 perseve-

1952 3172 2124 3226 rando
2151 3173 2357 3227 vicinas
2384 3174 2691 3243 provincias
2715 3183 2742 3211 ι
2764 3178 2978 3228 vastant
3002 3188 3018 3227 :
3041 3173 3227 3243 sicque
3262 3190 3328 3229 eo
3357 3177 3536 3239 modo,

1951 3269 2070 3316 arte
2091 3260 2407 3332 fraudequc,
2425 3278 2531 3318 non
2555 3264 2771 3325 virtute,
2790 3271 3017 3317 cunctas
3039 3262 3347 3332 adjaceutes
3369 3265 3541 3336 impe-

1951 3354 2017 3408 rii
2044 3353 2291 3408 civitates
2312 3354 2617 3408 stinndant:
2644 3362 2697 3409 et
2715 3351 3252 3425 postmodumjugum
3276 3369 3307 3407 a
3326 3357 3539 3411 cervice

1950 3445 2303 3507 excutientes,
2359 3452 2546 3514 aperte
2595 3444 2876 3499 rebellant.
2926 3442 3028 3510 Qui
3070 3452 3130 3499 et
3176 3445 3230 3498 in
3266 3457 3376 3499 trra
3409 3445 3534 3513 i356,

1950 3548 2095 3588 anno
2142 3534 2355 3604 imperii
2400 3533 2631 3589 llcraelii
2671 3533 2724 3598 7,
2775 3547 3001 3604 regnum
3060 3533 3343 3601 invadunt,
3391 3538 3540 3607 quod

271 3635 402 3689 mm
437 3636 483 3700 ιιν
533 3636 748 3705 umun
784 3613 1095 3701 frementi,“
1126 3651 1235 3691 ωιο
1262 3651 1321 3692 se
1368 3637 1641 3707 applicant
1671 3652 1843 3708 pago;
1874 3613 1923 3677 C
1952 3624 2146 3679 crebro
2186 3632 2243 3677 et
2266 3625 2417 3678 vario
2459 3632 2655 3679 eventu
2702 3623 3082 3694 belligerantes
3125 3624 3342 3680 fortiter
3365 3627 3540 3682 vindi-

270 3727 372 3780 boe
396 3727 513 3796 pari
535 3727 795 3782 deﬁniunt
822 3727 1006 3793 verbo,
1047 3733 1106 3781 ut
1161 3727 1229 3783 ad
1258 3726 1533 3798 singulare
1572 3736 1849 3783 certamen

270 3814 425 3870 electi
453 3831 517 3869 ex
548 3825 773 3886 utroque
790 3815 1031 3871 exercitu
1050 3813 1291 3887 belligeri
1320 3816 1605 3871 deveniunt
1633 3817 1758 3877 duo,
1794 3826 1852 3870 ut

272 3904 325 3959 in
375 3906 507 3975 ipsis
548 3906 896 3974 experiantur
942 3906 1295 3976 praesagando
1342 3905 1602 3976 quidquid
1637 3905 1691 3960 in
1733 3904 1852 3974 ejus

269 4012 461 4068 pugna:
492 4007 685 4053 eventu
706 3996 1078 4067 prospexerint
1093 3996 1159 4057 de
1185 4004 1300 4051 toto
1322 3995 1463 4051 bello
1486 3997 1848 4051 secernendo:

272 4086 352 4142 sic
397 4088 500 4143 sub
541 4087 663 4142 divo
709 4086 998 4141 deﬁniunt:
1046 4102 1275 4156 quorum
1306 4086 1619 4157 belligerqu
1669 4087 1851 4142 animo

270 4176 354 4230 vel
380 4175 605 4230 consilio
645 4184 888 4231 statuunt
912 4181 1148 4246 proprio,
1198 4187 1258 4231 ut
1281 4178 1561 4247 quidquid,
1604 4191 1663 4231 ut
1718 4177 1852 4232 dixi-

271 4282 412 4332 mus,
462 4274 755 4336 proventus
789 4264 1015 4322 fortuna:
1042 4283 1137 4339 per
1180 4282 1366 4322 eorum
1416 4268 1714 4323 ostenderit
1738 4267 1851 4338 gla-

273 4357 410 4423 dios,
447 4356 551 4412 boc
581 4357 842 4413 redundet
870 4358 922 4412 in
952 4361 1165 4415 socios:
1216 4359 1447 4430 qualiter
1487 4375 1556 4415 ex
1610 4360 1848 4430 ipsorum

272 4448 494 4504 omnino
536 4457 812 4504 teneretur
873 4450 1115 4519 auspicio
1144 4490 1158 4515 ,
1210 4457 1269 4504 ut
1313 4449 1510 4520 regalia
1547 4452 1665 4505 sine
1711 4466 1848 4505 cun-

273 4539 509 4594 ctatione
542 4539 734 4594 victori
784 4540 927 4595 illico
963 4541 1239 4595 mitterent
1264 4540 1505 4595 vicissim
1550 4540 1684 4596 colla
1749 4541 1850 4596 sub

272 4627 419 4703 iugo.

346 4719 400 4773 2.
439 4718 545 4775 Sed
571 4718 832 4775 Cosdroas
867 4734 1017 4774 more
1037 4718 1446 4774 Philistinorum
1482 4720 1798 4789 superbiens
1819 4719 1848 4760 ιι

276 4809 517 4879 spurium
560 4809 843 4880 quemdam
890 4817 1147 4879 tanquam
1174 4808 1402 4862 alterum
1428 4807 1640 4863 Goliam
1669 4809 1851 4864 educit

1954 3723 2080 3772 cant
2108 3731 2121 3769 :
2153 3722 2339 3785 sicque
2392 3715 2575 3771 multis
2612 3715 2813 3787 praeliis
2859 3716 3152 3772 dimicante
3199 3727 3391 3772 contra
3440 3732 3539 3774 eos

1954 3807 2236 3864 Theodoro
2261 3808 2493 3864 lleraclii
2519 3807 2747 3880 Augusti
2772 3823 3052 3880 germano,
3114 3808 3318 3862 monitu
3352 3807 3543 3866 fratris

1952 3902 2398 3973 prmsagationem
2442 3903 2677 3985 murium
2722 3902 3148 3968 reminiscentis,
3178 3903 3245 3957 ad
3277 3904 3538 3975 multipli-

1952 3992 2153 4051 eandas
2197 4004 2253 4050 et
2293 3994 2622 4066 colligendas
2666 3995 2721 4050 in
2765 3995 2962 4050 bellum
3004 4004 3195 4067 gentes
3242 3996 3475 4052 discedit
3506 4012 3540 4052 a

1952 4086 2138 4157 prtelio
2166 4103 2179 4140 :
2208 4087 2305 4142 sed
2332 4088 2575 4156 quotidie
2610 4101 2798 4143 eorum
2832 4087 3138 4142 incrasaute
3158 4084 3349 4159 jugulo
3377 4095 3423 4153 ο,
3462 4088 3538 4143 ita

1952 4177 2007 4232 in
2036 4176 2294 4233 Romanis
2329 4177 2630 4248 legionibus
2672 4177 2835 4232 irruit
2887 4177 3068 4242 timor,
3109 4185 3168 4231 ut
3197 4178 3337 4248 apud
3362 4176 3539 4231 Gaba-

1951 4268 2101 4323 tbam
2134 4268 2388 4338 oppidum
2420 4270 2709 4324 commisso
2738 4269 3018 4343 belligero,
3058 4268 3330 4322 exercitus
3358 4267 3538 4321 fundi-

1951 4366 2041 4413 tus
2062 4358 2243 4423 laesus,
2273 4367 2328 4413 et
2356 4358 2675 4413 Theodorus
2706 4367 2930 4413 necatus
2966 4358 3225 4426 migraret
3258 4373 3290 4411 e
3312 4357 3532 4413 saeculo.

1951 4448 2104 4503 Tunc
2124 4446 2380 4503 Saraceni
2410 4448 2477 4503 de
2505 4456 2652 4502 tanta
2680 4449 2939 4502 nobilium
2962 4447 3327 4502 Romanorum
3351 4457 3536 4520 strage

1949 4537 2180 4593 ﬁrmiter
2204 4538 2356 4600 certi,
2388 4544 2535 4591 metu
2556 4550 2776 4601 excuso,
2797 4537 2937 4607 apud
2953 4537 3270 4591 Damascum
3301 4535 3536 4606 splendi-

1950 4626 2229 4682 dissimam
2258 4625 2431 4698 Syria:
2459 4626 2648 4681 urbem
2684 4626 3056 4681 conscendunt
3080 4626 3134 4680 in
3167 4641 3354 4697 regno.

2018 4715 2073 4771 4.
2115 4714 2341 4787 Expleto
2380 4730 2509 4771 vero
2543 4715 2814 4772 Mabomet
2861 4715 3071 4771 decimo
3122 4732 3286 4782 anno,
3312 4714 3532 4770 Abuba-

1948 4825 2045 4867 ear
2074 4821 2103 4860 ι)
2129 4811 2197 4866 de
2220 4808 2337 4878 ejus
2367 4811 2508 4866 tribu
2540 4811 2781 4867 succedit
2808 4811 2863 4866 in
2892 4809 3046 4872 solio,
3077 4825 3184 4865 non
3207 4809 3448 4865 modicas
3474 4817 3531 4863 et

278 4899 332 4955 in
358 4898 564 4968 prmlio.
611 4899 809 4954 Tcrriti
842 4914 1030 4954 omnes
1058 4897 1294 4954 Heraclii
1324 4897 1615 4954 bellatores
1657 4900 1848 4970 pedem
1881 4961 1916 4970 Δ
1952 4900 2068 4970 ipse
2102 4898 2427 4969 irruptiones
2474 4900 2527 4955 in
2558 4899 2927 4957 Romanorum
2974 4901 3110 4955 ﬁnes
3154 4910 3210 4954 et
3241 4898 3531 4954 Persnrum

276 4961 603 5046 subtrahunt
641 4998 807 5046 retro.
850 4990 1000 5045 Tunc
1023 4989 1301 5045 Heraclius
1348 4990 1413 5046 de
1436 4989 1647 5045 Domini
1660 4961 1850 5045 -eontl-
1880 4961 1927 5021 θ
1955 4961 2192 5047 molitus.
2218 4961 2414 5062 igitur,
2445 5001 2503 5047 ut
2521 4990 2635 5060 jam
2668 4991 2764 5047 fati
2800 4993 2991 5058 simus,
3028 4990 3081 5046 in
3105 5006 3214 5046 tera
3236 4988 3361 5054 653,
3387 5002 3533 5043 anno

350 5137 377 5198 ξ
416 5123 515 5198 Hs.
550 5124 948 5198 @mplutense,
975 5124 1101 5181 6‘8.
2033 5126 2050 5198 ᾗ
2095 5123 2188 5198 ῃ,
2225 5125 2472 5198 superbe;
2508 5123 2697 5198 Sand.,
2726 5134 2959 5180 auctore.

350 5192 379 5233 δ
418 5194 637 5260 Al.,29.
682 5192 701 5198 ⁷

2028 5192 2044 5245 i
2094 5194 2179 5260 C.,
2220 5192 2374 5248 multi
2399 5196 2448 5248 ei
2472 5196 2715 5252 evenisse.

351 5273 374 5302 ε
427 5262 816 5335 bis._Compl.,
858 5265 1030 5332 5858;
1074 5264 1181 5331 aL,
1232 5264 1410 5329 5828;
1470 5265 1564 5320 scd
1612 5266 1852 5321 retinen-
2027 5263 2055 5335 ξι
2094 5263 2190 5335 βίη
2228 5263 2340 5335 fore
2367 5273 2445 5318 ut.

278 5335 408 5387 dum
430 5332 591 5389 5857.
705 5332 724 5335 “
2034 5333 2051 5374 ι
2094 5334 2190 5399 DL,
2212 5332 2476 5400 Multam;
2503 5334 2695 5401 Sand.,
2728 5334 2978 5390 Humi
3000 5334 3273 5391 laedere.

350 5402 379 5441 τι
413 5402 518 5475 με.
547 5402 818 5475 Marianae,
848 5414 1049 5475 partem
1076 5404 1369 5460 adversam.
2027 5415 2067 5444 ιιι
2094 5402 2180 5475 9.,
2212 5402 2470 5475 radicum.

355 5483 380 5547 ξ
413 5470 515 5547 id”
544 5474 783 5547 veridice.
848 5470 860 5475 ’
1969 5542 1997 5547 _
2030 5484 2058 5511 ιι
2093 5473 2191 5547 Ed.
2216 5472 2371 5547 Berg.
2403 5474 2553 5529 addit
2576 5490 2760 5530 vocem
2779 5477 3038 5547 praprias,
3062 5490 3181 5547 quae
3206 5476 3354 5534 deest
3388 5472 3529 5544 apud

359 5541 377 5580 ῐ
418 5541 519 5607 ld.,
548 5541 767 5597 Cosdro.
1957 5542 2020 5598 (Ζ.
2051 5551 2107 5596 et
2132 5541 2299 5596 Sand.

359 5613 384 5679 β
420 5610 521 5679 ld.,
544 5622 593 5666 et
614 5611 832 5666 Cosdro.
2032 5621 2058 5647 ο
2098 5612 2191 5675 Μ..
2220 5610 2434 5679 fortuna
2463 5623 2739 5676 crescente.

357 5675 385 5714 ¹¹
425 5672 518 5735 Ed.
551 5681 733 5751 θεῖε..
753 5682 988 5747 auctior;
1015 5696 1116 5736 ms.
1139 5681 1347 5751 Compl.
1381 5683 1567 5736 πύον.

2036 5693 2062 5732 ι’
2093 5672 2186 5745 (3.,
2209 5672 2433 5735 Aburur.
