4020 6170
539 330 557 384 l
573 327 674 382 ἓῧὸ

1140 316 1314 376 δίει).
1354 318 1465 375 V'lH
1503 308 1875 372 AUCTORES
1914 303 2072 364 Ale
2114 299 2407 362 lNCERTl.
2452 333 2519 344 —-
2557 299 2810 359 ISIDORI
2852 301 3192 359 PACENSIS

3637 310 3748 367 ltili

535 442 746 514 imperii
779 437 1009 498 Heraclii
1044 447 1258 508 quarto,
1286 437 1513 496 Arabes
1539 432 1882 504 tyrannizant
1910 441 1926 482 :
1955 437 2007 482 et
2053 427 2105 480 in
2135 428 2184 484 Α
2211 431 2410 492 gnantc
2437 420 2490 474 in
2517 401 2596 474 eis
2617 418 2804 483 Omar,
2833 434 2976 472 anno
2999 434 3133 488 pene
3163 417 3400 486 expleto,
3428 435 3516 488 per
3549 427 3755 491 tyranni.

535 551 644 592 tera
697 533 819 597 656,
867 530 1212 587 Theodorum
1241 527 1468 599 Augusti
1497 538 1813 597 germanum
1856 518 2116 590 aggressi,

537 641 675 698 pene
700 640 797 696 per
818 623 1003 680 decem
1025 635 1194 676 annos
1214 617 1414 688 prteliis
1438 615 1740 686 fatigatum,
1766 620 2040 683 postremo
2069 609 2118 661 in

538 719 676 774 bello
701 715 951 771 diffusum
991 718 1320 782 exsuperant
1347 719 1362 775 ;
1401 709 1585 777 sicque
1614 707 1954 761 resistentem
1984 699 2123 755 acri—

541 819 621 864 ter
662 815 897 862 necant:
925 817 1256 874 regnumque
1301 799 1442 870 apud
1490 799 1812 851 Damascum
1859 791 2120 861 propheta

539 915 725 954 eorum
755 897 1026 951 Mahomet
1053 893 1335 950 innitente.
1368 904 1595 945 excusso
1617 885 1728 955 jam
1758 882 1988 938 Hotnani
2023 897 2122 934 no-

539 991 701 1045 minis
731 996 896 1048 metu,
927 985 1141 1055 publice
1185 982 1471 1038 collocant.
1514 978 1642 1032 Post
1674 976 1826 1044 cujus
1854 973 2124 1026 Mahomet

539 1082 728 1135 decem
778 1077 928 1145 regni
962 1075 1206 1144 expletos
1255 1087 1428 1126 annos
1471 1071 1524 1124 in
1557 1085 1666 1123 mra
1695 1065 1815 1129 666,
1848 1078 1991 1117 anno
2023 1062 2124 1116 im~

536 1171 669 1240 perii
697 1167 924 1224 Heraclii
954 1166 1040 1230 Π,
1057 1164 1171 1233 jam
1196 1164 1400 1218 dictum
1426 1160 1712 1215 Ahubacar
1737 1157 1802 1210 de
1833 1155 1974 1209 tribu
2004 1153 2120 1222 ipsa

539 1261 594 1314 in
623 1260 742 1314 loco
770 1257 969 1329 prioris
1013 1255 1325 1324 subrogant,
1360 1251 1740 1316 Persidemque
1768 1247 1868 1300 sub
1897 1242 2123 1313 imperio

540 1353 784 1406 Romano
815 1351 1130 1406 derelictam
1159 1348 1367 1401 Arabes
1401 1343 1578 1414 gladio
1608 1341 1808 1396 feriunt
1833 1347 1857 1373 ⁸
1893 1355 1906 1390 :
1937 1336 2124 1404 sicque

540 1445 778 1497 triennio
803 1457 937 1512 pene
970 1441 1346 1510 belligerantes
1371 1434 1735 1507 potentialiter
1768 1437 2014 1500 regnant.

611 1533 664 1588 5.
705 1531 877 1602 Hujus
919 1530 1148 1586 Heraclii
1197 1528 1548 1598 temporibus,
1585 1525 1639 1578 in
1678 1540 1786 1577 cera
1819 1522 1941 1585 669,
1981 1535 2123 1574 anno

539 1626 750 1696 imperii
781 1625 865 1680 sui
902 1625 989 1688 20,
1019 1623 1257 1677 Arabum
1287 1620 1577 1690 incipiente
1602 1616 1688 1680 14,
1715 1616 1836 1669 vita:
1867 1612 2118 1674 termino,

538 1719 756 1789 expleto
803 1717 1056 1779 triennio,
1086 1715 1376 1768 Ahubacar
1422 1711 1568 1773 dato,
1595 1707 1761 1761 Amer
1785 1706 1812 1745 δ
1835 1702 2124 1770 dereliquit

542 1809 594 1864 in
621 1808 775 1863 solio.
807 1807 1004 1876 Sicque
1025 1805 1190 1859 Amer
1218 1801 1578 1873 gubernacula
1600 1798 1798 1870 prioris
1823 1795 2122 1865 suscipiens

539 1901 744 1963 omnia,
774 1899 972 1969 populo
996 1899 1182 1952 decem
1210 1911 1310 1966 per
1355 1909 1528 1948 annos
1573 1892 1780 1962 rigidus
1825 1887 2024 1943 mansit
2073 1885 2124 1938 in

541 2004 729 2059 regno.
769 1987 868 2042 Hic
893 1985 1274 2042 Alexandriam
1310 1983 1742 2052 antiquissimam
1775 1995 1840 2034 ac
1864 1978 2128 2032 ﬂorentis‘

545 2079 740 2134 simam
789 2077 1065 2132 civitatem
1121 2072 1463 2143 metropolim
1485 2069 1706 2141 [Egypti
1745 2067 1874 2139 jugo
1900 2064 2128 2133 subjecit

541 2169 845 2224 censuario.
901 2165 1002 2233 Qui
1058 2165 1278 2220 cumde
1305 2163 1556 2218 omnibus
1600 2160 1861 2232 partibus,
1891 2156 2128 2212 Orientis

541 2259 746 2314 scilicet
765 2267 822 2312 et
841 2257 1168 2321 Occidentis,
1197 2256 1529 2326 triumphum
1551 2253 1792 2308 victoria:
1816 2251 2128 2320 deportaret

545 2358 652 2403 tam
687 2350 740 2403 in
765 2348 1012 2404 terrestri
1045 2362 1207 2416 quam
1235 2347 1286 2400 in
1318 2360 1569 2414 :equoreo
1595 2343 1799 2414 pnelio,
1838 2357 1868 2395 a
1895 2341 2127 2410 quodam

541 2454 698 2494 servo
742 2437 973 2492 orationi
1022 2437 1231 2490 instans
1273 2436 1592 2489 verberatus
1628 2441 1710 2488 est
1742 2431 1939 2503 gladio.
1978 2431 2128 2485 Tunc

543 2528 670 2582 vita:
719 2527 1005 2581 terminum
1049 2525 1214 2588 dedit,
1240 2523 1475 2594 expleto,
1527 2531 1588 2576 ut
1624 2523 1879 2586 diximus,
1918 2520 2128 2576 decimo

546 2634 709 2672 anno.

618 2707 670 2760 6.
724 2706 894 2776 Hujus
935 2707 1170 2761 Hcraelii
1217 2705 1549 2776 temporibus
1580 2704 1862 2761 Sisebutus
1915 2703 1970 2758 in
2018 2718 2128 2758 tera

545 2796 668 2858 650,
719 2812 860 2851 anno
909 2797 1121 2865 imperii
1166 2797 1460 2866 supradicti
1511 2795 1785 2860 secundo,
1840 2793 2130 2848 Saracenis

547 2885 722 2940 adhuc
746 2885 1167 2940 consistentibus
1196 2886 1295 2939 sub
1322 2884 1687 2938 Romanorum
1715 2884 1935 2945 tributo,
1967 2882 2130 2937 Hibe-

549 2978 685 3031 riam
719 2984 778 3030 ut
820 2975 903 3030 vir
950 2975 1166 3045 sapiens
1207 2982 1261 3029 et
1294 2975 1522 3028 nimimn
1572 2974 1888 3028 litteratura:
1916 2972 2129 3027 deditus

545 3073 835 3136 retemptat
873 3079 1044 3119 annos
1067 3080 1164 3134 per
1187 3072 1328 3119 octo.
1374 3064 1476 3152 Hie
1503 3079 1598 3133 per
1622 3064 1935 3134 Hispaniam
1964 3064 2128 3118 urbes

547 3162 820 3218 Romanas
848 3159 1098 3231 subjugat
1126 3177 1139 3214 :
1168 3159 1383 3215 Iudaeos
1407 3160 1471 3213 ad
1497 3159 1700 3214 Christi
1729 3159 1887 3214 tidem
1909 3157 1960 3212 vi
2000 3173 2130 3213 con-

544 3261 722 3309 vocat.
757 3251 1130 3308 Venerabilem
1161 3251 1460 3306 Helladium
1487 3249 1758 3304 Toletante
1792 3249 1937 3304 sedis
1979 3248 2130 3302 urbis

548 3345 710 3416 regiae
744 3341 1215 3412 metropolitanum
1248 3342 1557 3412 episcopum
1585 3341 1890 3396 sanctitatis
1923 3356 2131 3411 przeco‘

545 3436 636 3490 nio
662 3433 1066 3504 prafulgentem
1093 3433 1334 3488 Ecclesia
1363 3432 1621 3487 clamitat.
1651 3431 1910 3486 lsidorum
1931 3430 2130 3501 Hispa-

547 3526 751 3581 lensem
777 3525 1248 3594 metrOpolitanum
1273 3523 1601 3594 pontilicem,
1625 3523 1829 3577 clarum
1855 3523 2130 3578 doctorem

547 3618 804 3686 Hispania
831 3616 1069 3673 celebrat
1094 3633 1110 3673 :
1136 3616 1229 3685 qui
1258 3631 1400 3671 anno
1429 3616 1658 3685 septimo
1705 3613 1965 3684 suprafati
1991 3614 2132 3684 prin-

547 3708 684 3778 cipis
710 3708 944 3763 Sisebuti
971 3717 1160 3762 contra
1186 3707 1593 3777 Aczephalorum
1641 3706 1890 3761 haeresim
1935 3721 2130 3775 magna

551 3797 872 3852 auctoritate
894 3795 1096 3865 Hispali
1138 3795 1190 3849 in
1238 3795 1530 3850 secretario
1571 3801 1772 3848 sancta:
1797 3793 2132 3849 Hierusalem

548 3889 835 3943 concilium
867 3890 1037 3958 agitat
1061 3904 1075 3941 :
1108 3897 1269 3955 atque
1295 3903 1392 3956 per
1416 3888 1651 3943 veridica
1682 3888 1958 3942 doctorum
1984 3886 2135 3940 testi-

549 3978 732 4032 monia
780 3977 980 4046 Syrum
1021 3978 1308 4046 quemdam
1337 3977 1748 4046 Acmphalorum
1799 3978 2131 4048 episcopum,

551 4063 883 4134 suprafatam
908 4064 1156 4118 haeresim
1187 4065 1553 4120 vindicantem
1581 4075 1889 4135 exsuperat,
1920 4075 1976 4120 et
2003 4082 2130 4121 vera

549 4149 760 4204 concilii
792 4159 996 4204 asserta
1025 4150 1370 4215 conﬁrmans,
1406 4150 1524 4220 ejus
1557 4152 1862 4221 eloquentia
1889 4155 2130 4219 damnat,

548 4249 712 4309 atque
740 4255 770 4294 a
798 4240 1026 4310 pristino
1051 4255 1235 4295 errore
1272 4240 1555 4311 praefatum
1589 4243 1898 4313 pontilicem
1925 4243 2015 4297 diu
2047 4245 2132 4299 in-

548 4331 820 4399 sequendo
843 4331 1229 4401 perpetualitcr
1260 4332 1472 4387 liberat.

619 4422 670 4475 7.
704 4421 1013 4478 Reecaredo
1040 4425 1271 4495 denique
1298 4425 1423 4480 huic
1449 4425 1698 4481 Sisebuto
1728 4428 2049 4483 succedente
2075 4429 2128 4482 in

546 4513 700 4578 solio,
725 4515 850 4569 dum
876 4530 972 4584 per
1001 4523 1110 4570 tres
1135 4531 1350 4572 menses
1375 4516 1711 4572 solummodo
1734 4525 1941 4586 regnat,
1970 4517 2129 4586 hujus

547 4605 673 4658 vita:
705 4605 944 4659 brevitas
971 4605 1103 4660 nihil
1134 4606 1352 4675 dignum
1379 4615 1666 4677 praanotat.

618 4695 672 4750 8.
702 4693 873 4763 Hujus
895 4694 1143 4750 Heraelii-
1157 4697 1488 4767 temporibus
1518 4696 1750 4752 Suintila
1782 4698 1837 4752 in
1869 4714 1978 4753 tera
2004 4698 2126 4766 659,

548 4800 690 4840 anno
724 4785 937 4854 imperii
966 4785 1082 4854 ejus
1109 4787 1338 4852 decimo,
1365 4786 1607 4843 Arabum
1635 4798 1829 4858 quarto
1869 4798 2130 4858 regnante

550 4879 607 4933 in
645 4877 725 4934 eis
751 4877 1040 4943 Mahomet,
1067 4878 1226 4948 digne
1249 4878 1612 4946 gubernacula
1648 4879 1702 4932 in
1732 4893 1898 4948 regno
1926 4878 2132 4934 Gotho-

548 4984 668 5023 rum
694 4968 930 5038 suscepit
956 4977 1190 5037 sceptra,
1218 4967 1404 5022 decem
1429 4968 1585 5022 annis
1618 4981 1867 5044 regnans.
1901 4966 1999 5021 Hic
2022 4983 2131 5022 ca:-

543 5071 697 5135 ptum
726 5063 924 5118 bellum
945 5078 1067 5118 cum
1086 5062 1344 5118 Romanis
1364 5062 1589 5134 peregit,
1608 5063 1880 5132 celerique
1902 5062 2128 5117 victoria

547 5153 710 5208 totius
738 5152 1005 5223 Hispaniae
1037 5151 1407 5208 monarchiam
1440 5152 1694 5207 obtinuit.

611 5243 664 5297 9.
718 5243 886 5313 Hujus
907 5244 1136 5299 Heraclii
1187 5243 1538 5314 temporibus,
1565 5243 1902 5302 Sisenandus
1943 5243 1995 5298 in
2023 5259 2130 5299 aera

545 5335 668 5399 669,
720 5351 861 5390 anno
884 5336 1093 5405 imperii
1139 5333 1258 5404 ejus
1297 5335 1588 5407 vigesimo,
1636 5335 1874 5389 Arabum
1907 5334 1996 5400 l4,
2042 5347 2128 5386 re—

620 5522 643 5547 ιι
686 5506 769 5571 C.,
799 5507 922 5562 667.

621 5577 648 5614 ὶ»
689 5577 768 5638 8.,
806 5577 990 5629 Omar.

621 5655 644 5682 ε
689 5643 780 5698 Sic
814 5645 883 5700 M.
917 5647 1002 5708 8.,
1028 5645 1242 5699 claruit.
1336 5664 1338 5666 '

617 5711 646 5752 δ
687 5713 1054 5783 Exemplarcs,
1089 5714 1341 5769 Simln’la.

2223 515 2346 568 dem
2377 527 2540 582 regno
2559 511 2861 566 Gothorum
2884 511 3093 573 invaso,
3121 509 3490 578 quinquennio
3517 513 3660 582 regali
3687 515 3753 568 lo-

2223 611 2377 656 catus
2405 608 2487 655 est
2525 601 2698 654 solio:
2737 599 2828 668 qui
2870 614 3014 652 anno
3043 598 3196 666 regni
3239 597 3322 652 sui
3363 599 3516 653 tertio
3550 605 3755 672 sexagies

2223 694 2401 747 sexies
2415 692 2584 746 Toleti
2605 733 2619 755 ,
2634 691 2820 745 Callia:
2845 698 2900 744 et
2919 689 3193 758 Hispania:
3215 688 3480 759 episcopis
3503 691 3756 762 aggregatis

2225 799 2345 835 cum
2383 783 2684 836 absentium
2725 781 2974 843 vicariis,
3024 780 3106 835 vel
3159 780 3349 848 palatii
3403 783 3674 837 senioribus
3715 787 3756 839 in

2224 871 2448 926 ecclesia
2473 879 2673 925 sancta:
2689 870 2967 925 Lcoeadiae
2987 869 3216 939 virginis
3237 878 3294 922 ct
3316 870 3754 940 tnartyristristi;

2226 971 2345 1032 post
2393 965 2626 1033 priorem
2673 962 3040 1015 Rcccaredum
3080 960 3382 1015 Gothorum
3432 976 3616 1029 regem,
3658 979 3757 1015 con-

2227 1065 2403 1109 stante
2423 1055 2598 1108 adhuc
2618 1053 2913 1123 Hispalensi
2943 1052 3146 1106 lsitlorn
3170 1053 3426 1122 episcOpo
3446 1053 3523 1106 vel
3545 1053 3591 1106 in
3615 1053 3757 1109 mttl’is

2217 1145 2330 1213 jam
2359 1145 2510 1200 libris
2539 1139 2775 1213 fulgente
2802 1143 3046 1206 miriﬁce,
3076 1143 3142 1196 de
3174 1143 3406 1196 diversis
3434 1145 3596 1196 causis
3615 1144 3757 1197 conci-

2226 1236 2355 1288 lium
2387 1233 2698 1289 celebravit.
2746 1231 2882 1286 lluic
2930 1239 3129 1287 sanctae
3173 1232 3382 1300 synodo
3425 1231 3556 1284 inter
3577 1240 3757 1285 ezeteros

2225 1327 2439 1381 Braulio
2463 1324 2976 1394 CwSarattgnstauus
3002 1323 3292 1392 episcopus
3321 1321 3551 1375 interfuit
3577 1333 3614 1385 ε,
3639 1321 3758 1389 cujus

2224 1419 2584 1488 cloquen1iam
2610 1417 2859 1478 Romam,
2884 1415 3096 1468 urbium
3124 1421 3304 1467 mater
3327 1421 3382 1466 et
3408 1412 3621 1476 domina,
3644 1422 3759 1482 post-

2224 1509 2442 1562 modum
2474 1523 2568 1577 per
2599 1505 2885 1574 epistolarc
2914 1503 3184 1573 eloquium
3215 1503 3350 1557 satis
3380 1510 3460 1556 est
3489 1521 3516 1554 n
3539 1503 3669 1555 irata.

2296 1598 2382 1652 10.
2432 1596 2603 1664 Hujus
2644 1594 2874 1652 lleraclii
2912 1594 3250 1663 temporibus
3297 1591 3521 1646 Chintila
3550 1591 3572 1630 ἀ
3603 1593 3646 1645 in
3671 1607 3754 1644 rem

2224 1685 2344 1752 674,
2377 1705 2518 1744 anno
2545 1689 2752 1758 imperii
2781 1686 2897 1756 ejus
2923 1685 3012 1748 25,
3032 1685 3275 1740 Arabum
3303 1684 3368 1738 -l8
3399 1695 3444 1746 ε,
3468 1695 3686 1752 regnante
3713 1683 3751 1734 in

2227 1783 2306 1835 eis
2327 1780 2370 1836 Ο
2397 1797 2511 1843 rar,
2540 1795 2681 1833 anno
2706 1778 2894 1847 quinto
2912 1775 3028 1844 jam
3051 1775 3210 1846 plene
3246 1774 3263 1811 ί
3285 1773 3510 1843 expleto,
3537 1782 3670 1841 atque
3693 1773 3752 1824 in-

2227 1873 2460 1942 cipiente
2481 1868 2593 1937 jam
2621 1877 2794 1932 sexto,
2831 1867 3022 1922 Gothis
3051 1866 3368 1936 prmﬁcitur,
3399 1881 3502 1934 reg.
3527 1881 3635 1918 ann.
3664 1865 3690 1918 l
3715 1867 3749 1913 κ,

2228 1964 2326 2017 Hie
2390 1960 2677 2016 concilium
2719 1959 3036 2013 Toletanum
3083 1956 3280 2027 viginti
3323 1965 3542 2024 quatuor
3583 1955 3752 2022 episco.

2227 2068 2420 2123 porum
2465 2050 2708 2106 habitum
2753 2047 2922 2118 agitat
2973 2059 2986 2099 :
3035 2046 3127 2100 ubi
3178 2061 3287 2101 non
3342 2045 3507 2098 solum
3537 2043 3595 2098 de
3629 2044 3752 2096 rebus

2227 2143 2536 2206 mundanis,
2582 2151 2767 2195 verttm
2818 2131 2979 2194 etiam
3029 2139 3094 2192 de
3139 2137 3360 2200 divinis,
3406 2135 3561 2190 multa
3595 2135 3753 2204 ignaris

2227 2237 2498 2292 mentibus
2526 2227 2854 2288 infundendo
2885 2230 3170 2285 illuminat.
3205 2224 3416 2295 Quanta
3442 2242 3558 2280 vero
3583 2235 3752 2281 sanctoa

2230 2344 2348 2381 l'llltl
2381 2325 2724 2396 congregatio
2758 2339 2788 2376 a
2816 2323 3032 2377 vicariis
3059 2322 3436 2391 episcoporum
3473 2317 3752 2372 consedi-nti-

2229 2421 2351 2483 hus,
2367 2417 2448 2471 vel
2471 2432 2500 2470 a
2525 2415 2827 2470 senioribus
2849 2413 3052 2484 palatii,
3072 2412 3165 2480 qui
3194 2409 3456 2466 interesse
3477 2407 3603 2477 digni
3624 2404 3749 2459 habiti

2229 2507 2448 2561 fuerunt
2487 2503 2775 2558 concilium
2819 2501 3275 2571 perlustrantihus
3309 2507 3578 2567 aggregata
3621 2495 3663 2546 in
3686 2507 3751 2544 er-

2230 2596 2394 2651 clesia
2427 2602 2627 2649 sanctae
2657 2591 2930 2647 Leoeadize
2961 2593 3188 2660 virginis
3219 2601 3274 2647 et
3307 2591 3548 2661 martyris
3574 2586 3747 2642 Christi.

2230 2687 2456 2750 exstitit,
2483 2684 2905 2739 lilichanonum
2930 2683 3147 2737 indicat.
3171 2683 3229 2736 In
3255 2683 3356 2736 hac
3377 2681 3565 2752 synodo
3587 2675 3749 2730 llmulio

2230 2777 2742 2844 Cmsar..ngnstanus
2791 2774 3074 2844 episcopus
3127 2789 3241 2842 pra:
3297 2773 3500 2826 ueteris
3539 2765 3749 2837 episcopis

2231 2865 2465 2929 excellit,
2495 2877 2656 2933 atque
2682 2865 2824 2933 piam
2851 2860 3153 2917 doctrinam
3183 2860 3498 2916 Christianis
3532 2854 3748 2911 mentibus

2233 2957 2487 3012 decenter
2516 2953 2764 3017 infundit,
2793 2950 2947 3022 cujus
2976 2961 3031 3007 et
3058 2953 3320 3022 opuscula
3345 2965 3481 3005 nunc
3509 2961 3650 3015 usque
3675 2943 3748 2996 Ec-

2233 3045 2395 3100 clesia
2426 3044 2633 3116 relegit.

2306 3137 2395 3193 ll.
2445 3135 2611 3204 llnjus
2644 3135 2871 3190 Heraclii
2921 3133 3257 3204 temporibus
3302 3133 3354 3188 in
3385 3145 3486 3186 tera
3511 3127 3617 3190 688,
3640 3133 3746 3176 anno

2233 3227 2443 3298 imperii
2489 3224 2606 3294 ejus
2648 3226 2736 3289 29,
2775 3224 3012 3279 Arabum
3041 3221 3130 3288 Ξῖ),
3168 3231 3424 3294 regnante
3456 3220 3505 3274 in
3531 3219 3597 3273 eis
3619 3214 3745 3270 Oniar

2233 3332 2374 3370 anno
2403 3314 2483 3379 l0,
2517 3315 2718 3385 Tulgas
2754 3317 2910 3371 bona:
2949 3316 3143 3370 indolis
3175 3325 3233 3371 et
3271 3313 3460 3370 radicis
3481 3309 3742 3366 Gothorum,

2233 3428 2397 3483 regno
2432 3421 2681 3482 suscepto
2706 3411 3038 3482 principatur
3073 3428 3203 3466 ann.
3232 3411 3286 3465 2.

2305 3505 2392 3560 1‘2.
2427 3503 2561 3557 {Era
2588 3504 2725 3571 679,
2772 3503 3137 3558 Romanorum
3167 3504 3268 3568 58,
3300 3497 3644 3557 Constantinus
3669 3490 3745 3544 lic-

2236 3594 2384 3649 raclii
2413 3595 2556 3650 tilius
2585 3595 2811 3666 imperio
2836 3604 3146 3658 coronatur,
3181 3607 3406 3664 regnans
3430 3589 3568 3644 annis
3589 3583 3629 3650 6,
3651 3593 3742 3651 prr-

2234 3687 2370 3741 actis
2403 3701 2432 3739 a
2458 3687 2724 3756 principio
2755 3686 2938 3741 mundi
2984 3686 3140 3740 annis
3163 3685 3323 3741 5845.
3361 3682 3514 3751 Hujus
3543 3674 3741 3746 tempori-

2233 3777 2333 3831 bus
2372 3777 2424 3830 in
2457 3792 2564 3831 tera
2592 3776 2715 3840 680,
2761 3788 2903 3830 anno
2937 3775 3150 3846 imperii
3189 3775 3306 3842 ejus
3346 3773 3526 3844 primo,
3554 3766 3737 3820 Atabtllll

2231 3867 2323 3932 25,
2351 3867 2637 3922 Othomam
2674 3883 2783 3921 sua:
2813 3867 2989 3937 gentis
3025 3865 3528 3920 administrationem
3555 3850 3740 3920 ειιεσειιίι

2234 3947 2359 4010 anu.
2392 3956 2477 4021 l2,
2512 3957 2601 4025 qni
2626 3955 2739 4024 jam
2787 3955 3006 4010 secundi
3042 3955 3168 4008 anni
3217 3949 3552 4027 gubernacula
3595 3955 3738 4014 [ll'Ol‘O'

2233 4066 2366 4120 gans
2393 4049 2645 4119 Libyam,
2681 4047 3095 4102 Marmoricham
3141 4057 3196 4101 et
3245 4041 3580 4113 Pentapolim,
3605 4034 3738 4090 Gaza-

2235 4139 2377 4192 niam
2409 4153 2641 4207 quoque,
2674 4137 2756 4191 vel
2778 4137 3084 4208 Aityopiatn
3116 4153 3236 4206 qua:
3265 4150 3418 4206 supra
3433 4131 3678 4200 Aigyplllll'
3699 4120 3734 4170 Ῐη

2234 4229 2400 4282 eremi
2439 4227 2684 4296 adjacent
2729 4228 2916 4298 plagis,
2965 4228 3356 4282 Saracenorum
3399 4218 3596 4277 sociat'il
3633 4209 3736 4277 "‘Si‘

2235 4318 2383 4380 mini,
2417 4329 2472 4373 et
2495 4319 2682 4373 ditioni
2711 4318 2980 4388 subjecit:
3005 4319 3369 4388 plurimasque
3405 4311 3617 4368 civitates
3639 4301 3735 4353 Per-

2235 4424 2415 4463 sarum
2448 4409 2760 4463 tributarias
2804 4408 2932 4462 fecit
2961 4425 2974 4460 :
3003 4417 3278 4478 postremo
3316 4399 3526 4460 tumultu
3563 4399 3731 4448 suorum

2233 4502 2516 4562 occiditur,
2546 4516 2778 4572 regnans
2803 4518 2930 4555 ann.
2957 4500 3044 4554 12.
3704 4565 3714 4576 υ

2305 4591 2392 4646 15.
2441 4563 2643 4658 llujusv'
2657 4589 3006 4660 temporibus,
3041 4590 3092 4644 in
3119 4602 3225 4645 tera
3253 4587 3373 4652 680,
3398 4593 3524 4638 anno
3567 4563 3731 4641 imperil

2232 4681 2569 4738 Constantini
2593 4683 2786 4752 primo,
2809 4682 3046 4737 Arabum
3069 4682 3156 4741 25,
3183 4687 3429 4753 regnante
3450 4677 3498 4730 in
3520 4669 3587 4725 eis
3603 4663 3730 4719 Otho-

2233 4794 2376 4832 mam
2404 4793 2546 4832 anno
2568 4779 2822 4843 secundo,
2850 4777 3310 4834 Chindasvinthus
3335 4789 3426 4847 per
3456 4757 3726 4840 tyrannidem

2233 4885 2458 4938 regnum
2485 4869 2784 4924 Gothorum
2829 4870 3071 4925 invasum
3098 4869 3326 4926 Hiberize
3354 4848 3728 4928 triumphabiliter

2231 4963 2624 5030 principaturh,
2671 4961 2971 5017 demoliens
2996 4958 3228 5028 Gothos,
3253 4971 3440 5028 sexque
3479 4964 3563 5022 Per
3597 4947 3725 5030 an"?

2233 5063 2440 5123 regnat.
2484 5053 2584 5108 Hic
2614 5055 2666 5108 in
2698 5049 2956 5108 Toletana
2999 5057 3131 5110 urbe
3161 5039 3402 5125 synodale
3423 5020 3723 5124 decretumi’f0

2230 5143 2604 5213 episcoporum
2633 5159 2753 5197 eum
2783 5145 2928 5198 omni
2953 5145 3100 5200 clero
3124 5147 3206 5200 vel
3229 5138 3430 5199 vicariis
3454 5137 3610 5188 eorum

2232 5204 2516 5303 scoparum
2561 5249 2697 5303 quos
2737 5233 2964 5303 languor
3009 5234 3092 5288 vel
3139 5233 3310 5305 inopia
3355 5204 3720 5310 ρτπεθηξθθῘΨῗ

2231 5341 2338 5379 non
2379 5323 2526 5389 fecit,
2558 5335 2720 5395 atque
2753 5321 3050 5395 palatinum
3078 5303 3370 5398 collegium,
3396 5315 3475 5389 qui
3512 5303 3715 5362 electione

2155 3107 2203 3171 C

2309 5515 2332 5541 ο
2373 5501 2462 5555 Sic
2492 5502 2575 5563 Β..
2604 5501 2665 5556 C.
2697 5501 2785 5556 19.

2313 5573 2331 5610 ί
2365 5573 2448 5632 Β..
2488 5589 2633 5637 pene.

2310 5645 2334 5681 ε
2373 5642 2465 5696 Sic
2490 5635 2838 5695 leontinuator
2862 5641 3082 5707 Bitian;
3110 5642 3288 5708 Berg,
3322 5635 3369 5688 6ο

2302 5714 2328 5754 h
2365 5712 2448 5778 8.,
2479 5711 2862 5780 triumphali!"
2886 5714 3164 5783 μήνη-ἔμω.
