4020 6170
317 289 337 344 Ἰ
352 282 455 345 ΞέὶῚ

1731 260 2141 324 CHRONiCON.

3435 268 3457 323 Ι
3466 268 3570 323 238

304 385 517 457 collegii
543 384 804 439 interesse
826 389 1161 448 memorant,
1194 381 1421 437 mirifice
1448 396 1589 436 anno
1619 382 1769 451 regni
1799 380 1883 435 sui
1915 386 1962 442 Α
1992 380 2203 451 tigium,
2232 385 2287 434 et
2310 384 2524 435 auctum
2547 378 2795 435 redderet
2819 374 3193 449 longissimum
3220 376 3568 440 desiderium.

304 478 496 549 quinto
540 475 730 531 indicit
769 473 1173 539 celebrandum,
1210 473 1638 529 discurrentibus
1684 480 1890 527 tantum

283 553 533 622 'notariis
554 578 691 635 quos
716 565 783 619 ad
805 561 1140 620 recitandum
1161 563 1246 619 vel
1274 565 1342 619 ad
1366 563 1740 634 excipiendum
1759 563 1893 618 ordo

302 657 556 727 requirit.
587 656 687 711 Hic
711 654 968 724 Tajonem
993 654 1534 725 Cmsaraugnstanum
1557 654 1890 725 episcopum,

301 746 511 802 ordinis
558 745 879 800 litteratura:
927 742 1058 798 satis
1087 744 1371 809 imbutum,
1408 752 1465 799 et
1491 744 1723 798 amicum
1748 742 1895 797 Seri-

300 843 618 905 pt-xrarum,
652 835 878 889 Romam
913 833 981 888 ad
1007 835 1498 903 suam,petitionem
1525 850 1625 904 pro
1661 834 1894 889 residuis

299 921 457 982 libris
497 925 777 980 Moralium
825 925 1091 979 navaliter
1127 926 1357 996 perrigit
1395 918 1742 980 destinatum.
1791 924 1893 992 Qui

299 1032 425 1072 cum
461 1034 490 1071 a
517 1033 654 1088 papa
682 1016 938 1070 Romensi
986 1016 1052 1071 de
1082 1016 1170 1073 die
1214 1017 1268 1072 in
1304 1018 1448 1073 diem
1488 1017 1799 1073 dill'erretur
1838 1020 1891 1072 iu

301 1106 544 1175 longum,
596 1106 749 1176 quasi
803 1106 856 1160 in
909 1108 1145 1162 armario
1189 1107 1448 1164 Romana:
1490 1106 1744 1164 Ecclesize
1782 1124 1894 1179 pne

302 1194 644 1251 multitudine
678 1196 984 1264 quaesitum,
1012 1194 1170 1251 facile
1207 1213 1551 1267 nequaquam
1590 1199 1895 1268 reperirent

302 1283 562 1348 libellum,
604 1284 909 1350 Dominum,
953 1292 1296 1356 pernoctans,
1327 1296 1382 1342 et
1411 1285 1530 1355 ejus
1571 1286 1891 1342 misericor-

302 1370 552 1430 diam‘ad
591 1376 818 1446 vestigia
854 1377 1000 1431 beati
1026 1377 1171 1432 Petri
1223 1378 1586 1449 apostolorum
1632 1379 1893 1450 principis

306 1467 623 1537 deposcens,
651 1469 702 1523 ei
738 1469 995 1523 scrinium
1027 1470 1081 1524 in
1122 1486 1228 1540 quo
1258 1473 1562 1543 tegebatur,
1597 1473 1664 1528 ab
1703 1474 1893 1544 angelo

306 1572 469 1612 manu
508 1566 593 1612 est
630 1568 928 1613 ostensum.
962 1559 1081 1627 Quo
1120 1577 1245 1616 mox
1281 1570 1343 1616 ut
1376 1577 1434 1617 se
1475 1579 1612 1635 papa
1642 1563 1891 1635 prmvidit

301 1648 715 1714 reprehensum,
762 1665 885 1703 cum
931 1650 1097 1705 nimia
1140 1654 1489 1708 veneratione
1535 1654 1584 1709 ei
1622 1654 1888 1724 adjutoria

1995 474 2146 529 Tunc
2187 473 2549 544 interrogatus
2579 473 2879 549 si'tandem
2904 473 2958 527 in
2994 473 3082 528 illa
3115 483 3301 529 sancta
3331 476 3574 532 multitu-

1993 564 2116 618 dine
2129 564 2340 619 adesset
2352 563 2569 633 sapiens
2577 562 2929 634 Augustinus,
2944 577 3008 618 eo
3022 564 3164 633 quod
3188 563 3261 617 ita
3280 562 3449 621 libros
3460 566 3576 635 ejus

1992 655 2133 710 sicut
2158 663 2215 710 et
2239 655 2408 725 ipsius
2435 655 2606 709 sancti
2632 653 2878 723 Gregorii
2917 670 3133 725 semper
3161 655 3229 710 ab
3257 655 3389 726 ipsis
3416 672 3577 713 cuna-

1991 746 2134 802 bulis
2165 757 2189 786 ε
2220 753 2458 801 amasset
2491 745 2672 818 legere
2698 746 2828 800 satis
2855 745 3144 816 peravidus
3181 762 3194 800 :
3231 744 3335 801 hoc
3375 747 3577 803 solum-

1992 839 2155 893 modo
2196 839 2539 910 respondisse
2590 836 2763 893 fertur
2806 852 2820 891 :
2865 838 2961 893 Vir
3006 838 3095 893 ille
3143 839 3478 896 clarissimus
3522 850 3576 898 et

1992 930 2233 985 omnium
2262 931 2666 1001 exspectatione
2693 929 3033 999 gratissimus
3058 929 3390 1001 Augustinus
3416 949 3576 1003 quem

1993 1024 2211 1093 quaeris,
2240 1023 2401 1079 altior
2438 1038 2469 1077 a
2494 1023 2651 1078 nobis
2675 1037 2800 1077 eum
2827 1023 3069 1078 continet
3102 1023 3272 1079 locus.
3296 1024 3453 1080 Certe
3482 1028 3575 1083 ubi

1993 1111 2063 1167 ad
2106 1127 2294 1168 eorum
2340 1113 2504 1182 pedes
2546 1112 2709 1182 coepit
2752 1127 3012 1181 proruere
3054 1129 3069 1169 :
3105 1114 3265 1170 citius
3302 1116 3370 1171 ab
3405 1118 3576 1174 oculis

1995 1199 2130 1274 ejus,
2163 1204 2404 1258 ostiariis
2428 1211 2483 1258 et
2512 1204 2645 1274 ipsis
2678 1203 2907 1269 territis,
2940 1203 3101 1258 simul
3140 1220 3262 1260 cum
3297 1206 3418 1263 luce
3451 1224 3570 1263 eva-

1993 1295 2115 1348 nuit
2138 1294 2222 1347 vir
2248 1293 2337 1348 ille
2366 1292 2760 1349 sanctissimus.
2812 1291 2965 1348 Unde
2990 1296 3058 1349 ab
3080 1310 3146 1350 eo
3168 1295 3257 1351 die
3281 1300 3491 1354 cunctis
3522 1302 3575 1355 in

1993 1385 2184 1441 eadem
2232 1384 2599 1454 apostolorum
2647 1383 2774 1439 sede
2821 1385 3145 1449 venerabilis
3191 1384 3323 1455 Tajo
3367 1390 3572 1445 exstitit

1994 1474 2278 1547 gloriosus,
2310 1475 2402 1544 qui
2438 1483 2564 1528 ante
2590 1473 2971 1544 despicabatur
2997 1484 3054 1530 ut
3081 1476 3324 1546 ignavus.

2065 1567 2151 1621 14.
2183 1565 2318 1620 Era
2342 1565 2464 1630 684,
2494 1565 2863 1621 Romanorum
2885 1567 3366 1639 quinquagesimus
3390 1588 3569 1629 nonus

1994 1656 2262 1712 Constans
2303 1654 2644 1711 Constantini
2679 1654 2822 1710 illius
2862 1656 3089 1727 imperio
3115 1670 3429 1728 coronatur,
3488 1681 3571 1721 re-

301 1737 494 1791 tribuit
549 1740 616 1793 ad
665 1741 1157 1808 conscribendam,
1215 1751 1270 1797 et
1316 1744 1569 1814 Hispanis
1620 1762 1718 1817 per
1760 1764 1884 1803 eum
1919 1729 2163 1819 Bgnans
2188 1763 2316 1802 ann.
2353 1747 2441 1811 27,
2502 1746 2741 1817 peractis
2789 1762 2821 1800 a
2872 1747 3138 1818 principio
3179 1751 3363 1806 mundi
3415 1756 3572 1811 annis

302 1829 624 1883 transmittit
669 1832 737 1885 ad
786 1832 1161 1902 relegendum;
1193 1835 1317 1903 quia
1363 1843 1491 1891 tunc
1518 1852 1583 1891 ex
1614 1839 1757 1893 beati
1785 1839 1888 1897 Job

299 1919 453 1975 libris
481 1922 786 1991 expositum
834 1926 1230 1994 retemptabant
1273 1927 1445 1982 solum
1469 1928 1611 1997 quod
1638 1944 1735 1999 per
1757 1931 1887 1986 bea-

302 2020 415 2066 tum
443 2013 748 2068 Leandrum
778 2015 1149 2087 Hispalenscm
1186 2020 1494 2091 episcopum
1525 2021 1703 2077 fuerat
1726 2024 1886 2079 adve-

298 2111 466 2169 ctum,
491 2113 546 2159 et
568 2105 695 2160 olim
718 2107 1016 2163 honorifice
1042 2109 1401 2179 deportatum.
1424 2111 1734 2182 Reqnisitus
1754 2129 1886 2170 vero

296 2200 353 2245 et
385 2189 701 2260 conjuratus
731 2194 863 2263 Tajo
901 2196 1188 2266 episcopus
1223 2214 1255 2253 a
1289 2215 1425 2270 papa
1454 2200 1717 2268 Romano,
1751 2217 1885 2272 quo-

295 2283 456 2338 modo
495 2285 544 2339 ei
582 2293 691 2340 tam
717 2288 954 2343 veridice
985 2287 1176 2345 fuisset
1200 2291 1462 2349 librorum
1488 2293 1704 2350 illorum
1732 2295 1883 2352 locus

293 2382 576 2441 ostensus,
624 2378 727 2433 hoc
759 2379 835 2433 illi
875 2389 997 2449 post
1036 2383 1257 2437 nimiam
1297 2384 1728 2455 deprecationem
1756 2405 1880 2444 cum

292 2465 458 2520 nimia
502 2467 782 2525 alacritate
824 2480 909 2526 est
943 2470 1146 2537 fassus,
1187 2476 1331 2545 quod
1358 2479 1589 2546 quadam
1629 2489 1786 2536 nocte
1823 2498 1882 2538 se

292 2555 362 2610 ab
387 2558 626 2614 ostiariis
651 2560 893 2617 ecclesia:
919 2564 1060 2618 beati
1086 2563 1232 2620 Petri
1259 2568 1485 2635 apostoli
1510 2570 1737 2639 expetiit
1759 2586 1881 2628 esse

291 2649 578 2703 excubium
604 2663 618 2703 :
642 2660 806 2722 atque
833 2654 921 2707 ubi
951 2655 1054 2710 hoc
1085 2657 1285 2725 reperit
1308 2657 1673 2727 impetratum,
1702 2662 1881 2718 subito

291 2737 359 2792 ad
388 2741 561 2795 noctis
590 2743 849 2809 medium,
876 2760 998 2799 enm
1035 2760 1092 2800 se
1119 2747 1283 2802 nimis
1312 2747 1564 2804 lamentis
1583 2758 1710 2805 ante
1734 2751 1879 2807 beati

289 2824 437 2884 Petri
462 2831 688 2900 apostoli
718 2832 952 2889 loculum
983 2834 1324 2905 deprecando
1352 2837 1554 2894 faceret
1580 2855 1873 2897 cernuum:

290 2913 410 2974 luce
447 2920 659 2976 caelitus
699 2924 918 2989 emissa,
950 2926 1022 2981 ita
1052 2927 1120 2981 ab
1158 2927 1504 2985 inenarrabili
1535 2930 1737 2987 lumine
1766 2941 1877 2990 tota

291 3009 514 3065 ecclesia
540 3012 748 3066 exstitit
776 3015 1123 3082 perlustrata,
1152 3026 1213 3073 ut
1241 3035 1342 3075 nec
1368 3021 1637 3077 modicum
1666 3023 1876 3081 reluce-

289 3109 411 3156 rent
439 3103 683 3159 ecclesiae
710 3105 1031 3162 candelabra
1059 3126 1070 3161 :
1098 3109 1366 3180 simulque
1389 3127 1512 3167 cum
1534 3113 1650 3184 ipso
1672 3113 1874 3172 lumine

290 3207 394 3246 una
423 3209 548 3249 eum
578 3196 800 3250 vocibus
828 3198 1170 3267 psallentium
1206 3209 1263 3256 et
1291 3201 1628 3273 lampadibus
1680 3204 1876 3260 relum-

288 3283 530 3350 pantium
560 3284 815 3341 introiere
854 3298 1162 3344 sanctorum
1210 3292 1444 3361 agmina.
1496 3294 1737 3365 Denique
1778 3298 1873 3352 ubi

290 3371 516 3429 horrore
554 3387 579 3414 ιι
613 3376 780 3430 nimio
829 3379 1038 3433 exstitit
1087 3383 1336 3447 territus,
1389 3386 1634 3441 oratione
1681 3388 1750 3442 ab
1792 3390 1873 3445 eis

290 3466 578 3536 completa,
608 3468 865 3539 paulatim
895 3488 961 3526 ex
996 3472 1083 3527 illa
1111 3484 1422 3530 sanctorum
1453 3478 1606 3532 curia
1640 3480 1748 3534 duo
1779 3480 1873 3535 de-

290 3556 452 3612 albati
484 3574 642 3615 senes
672 3572 916 3630 gressum
947 3562 1001 3616 in
1041 3579 1162 3619 eam
1206 3576 1422 3635 partem
1451 3583 1556 3637 qua
1587 3570 1872 3640 episc0pus

290 3650 340 3703 in
379 3651 626 3707 oratione
661 3653 920 3724 degebat,
959 3664 1238 3726 cmperunt
1272 3658 1401 3712 dare
1444 3660 1865 3728 prmpendulnm.

288 3738 356 3792 At
377 3740 469 3795 ubi
495 3756 618 3794 eum
648 3752 968 3812 repererunt
1006 3760 1145 3814 pene
1157 3743 1271 3815 jam
1316 3756 1608 3814 mortuum,
1639 3749 1871 3805 dulciter

289 3832 579 3887 salutatum
605 3834 935 3891 reduxerunt
963 3837 1028 3891 ad
1052 3839 1330 3907 proprium
1358 3854 1595 3895 sensum.
1626 3842 1866 3912 Cumque

289 3922 357 3975 ab
385 3923 464 3977 eis
494 3923 938 3994 interrogaretur,
967 3943 1130 3997 quam
1167 3940 1237 3984 ot)
1266 3944 1484 3986 causam
1528 3940 1636 3987 tam
1662 3934 1866 4003 grande

289 4019 525 4066 exstaret
570 4013 815 4086 fatigium
845 4016 873 4055 ι)
912 4017 995 4072 vel
1028 4033 1128 4073 cur
1156 4021 1224 4075 ab
1249 4019 1541 4077 Occidente
1572 4038 1866 4095 properans

288 4106 393 4153 tam
420 4100 636 4172 longum
662 4112 870 4175 peteret
899 4108 1233 4178 navigerium
1264 4121 1321 4163 σε
1359 4111 1464 4167 hoc
1491 4121 1546 4167 et
1573 4115 1677 4169 hoc
1704 4117 1770 4170 ab
1797 4131 1864 4171 eo

286 4192 437 4260 quasi
486 4194 641 4249 inscii
690 4197 920 4252 relatum
975 4201 1351 4257 auscultabunt
1391 4218 1569 4273 operae
1605 4206 1858 4276 pretium.

287 4281 420 4337 Tum
462 4285 557 4339 illo
588 4287 772 4342 multis
809 4289 1037 4359 eloquiis
1075 4293 1370 4358 consolato,
1407 4294 1457 4349 ei
1496 4305 1858 4365 opportunum

287 4378 374 4434 ubi
420 4379 520 4449 ipsi
565 4379 686 4435 libri
734 4381 971 4438 latebant
1011 4387 1364 4441 ostenderunt
1400 4386 1652 4443 loculum.
1693 4389 1859 4460 igitur

285 4471 455 4524 sancti
479 4471 551 4524 illi
581 4472 823 4541 requisiti
849 4490 969 4544 quae
993 4486 1138 4532 esset
1164 4486 1473 4532 sanctorum
1502 4479 1589 4534 illa
1618 4489 1854 4545 caterva,

285 4571 374 4611 eos
407 4566 516 4611 tam
557 4559 703 4615 claro
748 4577 870 4616 cum
910 4562 1111 4619 lumine
1138 4567 1533 4634 comitantium,
1578 4571 1867 4640 responde-

285 4655 408 4700 runt
450 4648 709 4715 dicentes,
751 4650 970 4707 Petrum
1023 4669 1142 4710 esse
1171 4653 1374 4710 Chris’ti
1421 4658 1744 4728 apostolum,
1794 4660 1867 4714 si-

283 4739 499 4809 mulque
535 4750 591 4796 et
620 4742 872 4811 Paulum,
900 4745 1134 4802 invicem
1168 4762 1226 4802 se
1260 4763 1425 4802 manu
1461 4755 1706 4804 tenentes
1741 4765 1865 4805 cum

283 4833 528 4889 omnibus
567 4839 974 4893 successoribus
1010 4838 1252 4895 ecclesia:
1290 4840 1345 4893 in
1376 4840 1467 4894 illo
1498 4840 1617 4896 loco
1645 4842 1863 4910 requie-

283 4924 574 4979 scentihus.
620 4926 789 4981 Porro
833 4929 924 4983 ubi
962 4938 1017 4985 et
1054 4930 1155 4999 ipsi
1193 4931 1439 5000 requisiti
1484 4930 1729 4999 fuerunt,
1770 4934 1862 5003 qui

283 5011 482 5069 domini
525 5024 708 5071 essent
753 5018 844 5087 qui
886 5035 1007 5073 cum
1052 5035 1117 5074 eo
1160 5027 1269 5073 tam
1308 5019 1556 5075 mirabile
1590 5020 1865 5077 habebant

282 5112 624 5183 colloquium,
664 5133 804 5172 unus
841 5133 905 5173 ex
943 5119 1048 5175 illis
1081 5120 1380 5190 respondit,
1416 5137 1475 5176 se
1510 5136 1631 5178 esse
1659 5122 1863 5194 Grego-

283 5210 444 5279 rium,
474 5212 627 5282 cujus
668 5224 724 5271 et
762 5216 876 5287 ipse
910 5218 1252 5274 desiderabat
1283 5234 1508 5276 cernere
1554 5221 1771 5286 librum,
1805 5231 1861 5278 et

283 5309 402 5367 ideo
426 5310 679 5369 advenire
698 5313 726 5354 ει
756 5322 815 5369 ιιι
837 5315 954 5385 ejus
990 5328 1363 5375 remuneraret
1393 5327 1503 5375 tam
1532 5330 1745 5376 vastum
1779 5322 1861 5377 fa-

354 5434 380 5463 α
417 5424 503 5487 Β.⁹
546 5426 752 5482 timore.

350 5493 376 5574 ξ’
407 5492 498 5574 §ic
530 5494 672 5574 B._et
700 5498 799 5574 bis.
830 5499 1034 5567 Tolet.;
1064 5501 1173 5574 alii,
1212 5503 1507 5574 fastigium.

348 5563 647 5646 C.Deestin
700 5568 760 5622 Β.
804 5563 1029 5639 peteret.
1066 5570 1173 5626 Alii
1209 5563 1413 5643 ponuvnt
1436 5575 1701 5645 navigium
1729 5575 1852 5631 loco

283 5646 599 5700 navigatum
609 5675 621 5688 .

345 5700 373 5739 ἀ
427 5702 508 5768 8.,
544 5706 836 5761 advenerat.
869 5706 967 5761 Ms.
996 5708 1196 5774 Tolet.,
1223 5712 1488 5782 advenire,
1515 5713 1638 5770 aliis
1668 5716 1848 5771 verbis

683 5798 950 5858 l’nuoL.
1002 5798 1222 5867 XCVI.

1988 1840 2149 1896 5870.
2175 1840 2273 1895 llic
2300 1855 2423 1895 cum
2469 1837 2741 1894 Arabibus
2770 1838 2947 1893 navali
2979 1840 3165 1910 prtelio
3190 1844 3394 1900 acriter
3412 1846 3573 1903 dimi-

1986 1931 2131 1986 cavit
2158 1945 2173 1985 :
2202 1930 2292 2001 qui
2318 1930 2658 2001 postmodum
2680 1930 2821 2000 apud
2848 1928 3196 2001 Syracusam,
3256 1932 3460 2011 Sicilia:
3491 1939 3574 1993 in-

1985 2020 2183 2091 clytam
2210 2022 2423 2086 urbem,
2470 2017 2843 2088 conjuratione
2867 2031 3180 2094 peremptus
3203 2033 3306 2093 est,
3330 2032 3571 2098 peractis

1984 2112 2054 2168 27
2102 2113 2313 2184 imperii
2348 2114 2431 2168 sui
2465 2114 2641 2168 annis.
2675 2111 2848 2181 Hujus
2875 2114 3103 2186 imperio
3131 2117 3245 2173 sole
3274 2121 3453 2176 medio
3481 2122 3571 2179 die

1982 2204 2276 2258 obscurato
2298 2203 2496 2259 ccelum
2531 2202 2715 2258 stellas
2741 2204 2941 2274 prodit.

2055 2292 2141 2347 15.
2181 2289 2351 2362 Hujus
2376 2292 2733 2363 temporibus,
2766 2293 2820 2347 in
2845 2309 2955 2349 (era
2982 2293 3109 2363 686,
3129 2310 3272 2353 anno
3293 2302 3441 2371 regni
3471 2302 3570 2357 Sa-

1982 2399 2302 2440 racenorum
2328 2383 2420 2451 50,
2461 2393 2723 2455 regnante
2761 2386 2815 2440 in
2843 2387 2925 2441 eis
2946 2386 3233 2445 Othomam
3285 2392 3305 2432 ί
3342 2408 3485 2450 anno
3508 2397 3563 2461 7,

1981 2477 2440 2535 Cbindasvintbus
2465 2478 2905 2545 Recesvinthum,
2959 2481 3088 2537 licet
3111 2482 3458 2557 ﬂagitiosum,
3486 2499 3567 2546 ta-

1981 2587 2106 2628 men
2130 2573 2267 2628 bene
2306 2572 2571 2627 monitum
2598 2576 2645 2639 ε,
2694 2573 2864 2629 filium
2890 2590 3045 2631 suum
3071 2592 3239 2649 regno
3267 2580 3565 2639 Gothorum

1978 2664 2254 2736 proponit,
2282 2679 2515 2735 regnans
2540 2665 2696 2720 annis
2716 2664 2806 2719 ει.
2836 2665 2937 2721 Hic
2959 2669 3150 2724 crebra
3173 2672 3404 2728 concilia
3427 2678 3564 2745 egit.

1979 2755 2219 2812 clarente
2249 2756 2490 2829 Eugenio
2516 2757 2669 2812 urbis
2690 2758 2850 2828 regiae
2872 2761 3286 2831 metropolitano
3306 2765 3562 2839 episc0po

1978 2846 2166 2904 Toleto
2204 2850 2316 2919 pio,
2372 2849 2443 2905 46
2487 2851 2864 2921 episcoporum
2901 2870 3024 2910 cum
3054 2855 3264 2913 inﬁnito
3307 2857 3455 2916 clero
3480 2862 3563 2916 vel

1975 2938 2196 2995 vicariis
2239 2940 2635 3007 desistentium,
2686 2951 2849 3014 atque
2900 2944 3135 3002 oilicium
3186 2948 3560 3019 dignissimum

1977 3030 2272 3102 palatinum
2294 3032 2349 3086 in
2373 3048 2539 3087 unum
2565 3033 2620 3087 in
2639 3034 2863 3090 basilica
2885 3038 3227 3106 pmtoriensi
3250 3048 3559 3097 sanctorum

1980 3124 2124 3179 Petri
2149 3133 2205 3179 et
2235 3123 2386 3180 Pauli
2408 3125 2774 3195 apostolorum
2819 3128 3147 3183 excellenter
3172 3130 3460 3203 recolligit,
3506 3143 3562 3188 et

1976 3231 2085 3271 non
2136 3216 2309 3271 solum
2358 3217 2425 3272 de
2455 3218 2743 3273 mundanis
2780 3219 3013 3286 actibus,
3055 3235 3245 3276 verum
3289 3225 3455 3280 etiam
3487 3228 3555 3284 de

1976 3316 2175 3364 sancta:
2187 3308 2471 3365 Trinitatis
2484 3311 2742 3379 mysterio
2756 3310 3066 3381 ignorantes
3087 3314 3297 3371 animas
3316 3316 3557 3373 instruit.

1976 3400 2146 3471 Hujus
2180 3403 2517 3472 temporibus
2549 3402 2769 3473 eclipsis
2797 3403 2948 3469 solis,
3007 3405 3191 3462 stellas
3241 3408 3297 3463 in
3329 3411 3555 3467 meridie

1972 3492 2275 3547 visentibus
2322 3493 2593 3557 omnibus,
2679 3494 2992 3566 Hispaniam
3042 3497 3257 3552 territat
3318 3517 3332 3553 ε
3390 3511 3553 3572 atque

1972 3583 2395 3639 iucursationem
2429 3585 2737 3640 Vasconum
2786 3601 2891 3641 non
2916 3603 3041 3642 cum
3095 3590 3309 3647 modico
3352 3594 3560 3648 exerci-

1974 3681 2059 3731 tus
2081 3677 2278 3731 damno
2301 3685 2628 3749 prospectat.

2041 3766 2128 3820 16.
2163 3766 2332 3836 llnjus
2356 3769 2688 3839 temporibus
2718 3770 2770 3824 in
2800 3784 2908 3825 mra
2952 3771 3077 3838 690,
3122 3788 3267 3829 anno
3307 3774 3547 3830 Arabum

1967 3856 2057 3923 35,
2089 3857 2298 3913 iloabia
2339 3859 2756 3930 przedeccssoris
2795 3862 3019 3919 sortitus
3072 3872 3156 3920 est
3210 3867 3418 3933 sedem,
3465 3884 3553 3922 re~

1966 3961 2140 4016 gnans
2162 3946 2215 4001 in
2243 3963 2307 4003 ea
2331 3950 2490 4004 annis
2522 3949 2592 4003 25
2614 3968 2629 4017 ;
2655 3951 2750 4007 sed
2774 3953 3012 4024 quinque
3042 3971 3109 4011 ex
3139 3957 3217 4012 eis
3244 3959 3401 4014 annis
3425 3974 3548 4014 cum

1967 4037 2081 4092 suis
2124 4037 2265 4092 bella
2319 4038 2496 4094 civilia
2545 4040 2732 4109 gessit,
2790 4042 2983 4114 viginti
3023 4060 3154 4100 vero
3192 4046 3339 4101 omni
3388 4047 3546 4117 plebe

1962 4127 2354 4184 lsmaelitarum
2383 4130 2691 4196 obediente,
2734 4148 2944 4189 summa
2999 4149 3122 4191 eum
3152 4133 3412 4193 felicitate
3430 4153 3551 4208 per-

1963 4216 2092 4287 egit.
2124 4215 2397 4273 Adversns
2446 4234 2606 4288 quem
2654 4220 2922 4278 Constans
2965 4223 3243 4295 Augustus
3291 4227 3439 4283 mille
3489 4237 3546 4283 et

1962 4309 2193 4379 amplius
2216 4309 2422 4364 lembos
2448 4324 2767 4381 aggregans,
2822 4313 3114 4370 infeliciter
3143 4317 3464 4385 decertavit,
3490 4328 3550 4374 et

1962 4401 2052 4454 vix
2080 4415 2202 4455 cum
2230 4402 2420 4470 paucis
2442 4404 2847 4471 mquorabiliter
2874 4402 3178 4475 aufugiens,
3209 4407 3392 4478 lapsus
3419 4424 3547 4464 eva-

1968 4492 2057 4547 sit.
2091 4491 2198 4545 Per
2231 4492 2427 4547 ducem
2463 4507 2679 4563 quoque
2713 4495 2929 4550 nomine
2955 4496 3200 4563 Abdalia,
3232 4498 3324 4567 qui
3347 4499 3547 4556 dudum

1966 4584 2022 4637 in
2052 4589 2274 4653 peracto
2299 4582 2594 4638 certamine
2619 4583 2874 4639 ducatum
2901 4587 3140 4653 tenebat,
3166 4586 3221 4642 in
3247 4587 3542 4648 Occidente

1964 4685 2222 4742 prospera
2258 4670 2425 4725 multa
2470 4679 2692 4741 peracta
2736 4684 2880 4738 sunt,
2930 4674 3190 4746 Tripolim
3237 4679 3422 4735 venit:
3449 4676 3541 4737 Ci-

1965 4762 2182 4817 damum
2211 4776 2424 4832 quoque
2452 4770 2507 4818 et
2530 4762 2816 4833 Elemptim
2839 4763 3088 4822 bellando
3108 4782 3398 4840 aggressus
3419 4780 3500 4827 est
3522 4791 3537 4828 :

1964 4859 2016 4906 et
2048 4860 2170 4923 post
2188 4853 2384 4909 multas
2410 4853 2769 4911 desolationes
2792 4855 3031 4925 eifectas,
3071 4860 3158 4913 vel
3190 4861 3434 4918 diversas
3449 4878 3544 4933 pa-

1964 4945 2099 5000 trias
2124 4945 2313 5009 victas,
2367 4954 2529 5016 atque
2576 4948 2884 5017 provincias
2909 4958 3092 5006 vastas
3112 4951 3399 5019 edomitas,
3425 4954 3541 5009 sive

1963 5036 2221 5105 plurimas
2264 5046 2509 5093 catervas
2536 5038 2590 5093 in
2635 5037 2739 5095 fide
2783 5051 3052 5111 acceptas,
3099 5041 3276 5098 adhuc
3319 5045 3539 5116 sangui-

1963 5145 2086 5184 nem
2110 5129 2317 5194 sitiens,
2373 5129 2613 5186 Africam
2648 5133 2955 5190 adventavit
2975 5148 3098 5191 cum
3132 5137 3384 5192 omnibus
3403 5150 3542 5208 pra»

1961 5219 2213 5275 liatorum
2256 5222 2634 5292 phalangibus.
2689 5223 3000 5294 Praeparato
3025 5227 3192 5298 igitur
3239 5228 3539 5283 certamine

1962 5310 2106 5366 illico
2137 5312 2192 5366 in
2219 5310 2401 5383 fugam
2436 5312 2744 5370 Maurorum
2783 5325 2865 5371 est
2889 5319 3037 5373 acies
3076 5330 3255 5385 versa,
3278 5328 3334 5376 et
3359 5322 3537 5376 omnis

1959 5425 2013 5480 in
2047 5425 2305 5502 singulari
2335 5441 2561 5502 numero
2585 5428 2793 5498 positis,
2817 5445 2923 5485 non
2961 5431 3255 5502 in-plu'rali,
3292 5442 3355 5489 ut
3380 5434 3433 5489 in
3467 5432 3530 5489 Β.

2033 5505 2057 5531 ο
2081 5495 2165 5557 B.,
2200 5494 2535 5550 incunabilis.

2036 5565 2055 5602 τ
2096 5565 2204 5626 AL,
2232 5565 2495 5620 Atlmman
2514 5574 2569 5623 ct
2588 5564 2867 5624 Athoman.

2034 5636 2058 5673 ⁸
2089 5635 2172 5699 B.,
2204 5635 2322 5688 boni
2352 5647 2550 5691 motum
2568 5655 2586 5702 ;
2614 5636 2706 5700 Μ..
2740 5650 2912 5694 tamen
2942 5640 3090 5696 bona:
3128 5640 3345 5699 indolis.

3018 5820 3093 5882 ιο
