4020 6170
530 246 661 299 1259
696 248 703 253 ’

1126 239 1299 295 SJEC.
1346 242 1454 297 Vill
1495 241 1863 297 Al'CTOlll'lS
1903 241 2063 294 AXNI
2103 240 2398 297 lNCEllTl.
2440 276 2510 286 —
2543 245 2793 300 lSlDORl
2834 240 3168 302 PACENSIS

3637 256 3752 311 1260

522 359 683 411 decor
713 365 737 393 α
772 352 969 408 Africa:
990 368 1113 406 cum
1143 351 1407 422 Gregorio
1432 354 1630 407 comite
1656 368 1826 422 usque
1852 353 1918 407 ad
1942 353 2082 406 inter
2134 370 2182 425 Α
2212 358 2278 410 rii
2305 356 2419 425 ejus
2442 359 2637 427 primo,
2660 359 2900 417 Arabum
2926 361 3016 425 57,
3045 361 3249 417 Moabic
3278 363 3428 433 regni
3449 363 3531 428 25,
3553 365 3753 426 Wamba

520 445 804 501 necioncm
830 441 1006 498 deleta
1026 449 1131 497 est.
1181 442 1405 497 Abdalla
1442 457 1657 513 quoque
1677 451 1904 498 onustus
1943 444 2105 497 bene-

522 536 646 591 ticio
671 534 819 603 largo
844 547 969 588 cum
1004 533 1261 588 omnibus
1305 534 1420 589 suis
1454 518 1771 589 cohortibus
1810 534 2105 589 remeando

518 629 817 700 Egyptum
845 625 1115 696 pervenit,
1164 624 1374 680 Moabia
1400 634 1695 696 peragente
1721 624 1990 683 decimum
2020 643 2106 682 re-

519 724 609 795 gni
639 721 722 776 sui
743 735 968 775 annum.
1007 718 1108 786 Qui
1159 718 1369 774 Moabia
1397 728 1616 774 centum
1658 720 1823 774 millia
1868 721 2104 775 virorum

519 817 589 871 ad
622 813 1050 883 obsequendum,
1087 811 1171 865 vel
1194 810 1718 882 Constantinopolim
1740 814 2100 884 pergendum,

521 908 635 962 filio
669 905 909 962 tradidit.
954 903 1128 970 Quam
1166 918 1288 958 cum
1318 919 1415 973 per
1437 919 1597 958 omne
1623 919 1849 959 vernum
1886 912 2104 973 tempus

519 997 800 1052 obsidione
846 994 1127 1064 cingerent
1157 994 1206 1059 δ,
1251 1002 1307 1048 et
1332 992 1490 1048 famis
1515 1009 1580 1049 ac
1605 994 1927 1065 pestilentia:
1951 994 2107 1050 labo-

520 1102 638 1143 rem
682 1100 791 1140 non
845 1084 1157 1149 tolerarent,
1206 1084 1393 1139 relicta
1427 1085 1582 1151 urbe,
1641 1085 1873 1155 plurima
1908 1086 2105 1157 Oppida

520 1179 817 1249 capientes,
874 1175 1058 1231 onusti
1089 1174 1272 1245 praeda
1322 1176 1647 1230 Damascum
1689 1177 1759 1230 ad
1792 1186 1814 1216 ο
1853 1191 2039 1245 regem
2071 1192 2103 1230 a

522 1284 630 1339 quo
655 1266 843 1323 directi
870 1265 1085 1320 fuerant
1114 1263 1391 1320 salutifere
1435 1272 1559 1333 post
1586 1265 1866 1319 biennium
1893 1266 2103 1321 revise-

523 1366 671 1414 runt.
712 1356 953 1428 Expletis
980 1370 1109 1426 ergo
1141 1355 1349 1411 Moabia
1381 1356 1713 1425 principatus
1742 1357 1825 1410 sui
1848 1357 2008 1411 annis
2033 1356 2104 1411 20

522 1458 578 1504 et
602 1463 738 1519 quos
771 1446 1005 1503 civiliter
1044 1445 1180 1500 vixit
1215 1445 1267 1509 5,
1304 1446 1554 1500 humanae
1597 1453 1805 1501 naturai
1860 1446 2104 1502 debitum

527 1539 713 1596 solvit.

596 1630 686 1684 17.
709 1628 843 1684 Δεῖνα
867 1628 990 1694 711,
1018 1628 1387 1682 Romanorum
1414 1627 1784 1696 sexagesimus
1803 1626 2108 1683 Constanti-

2205 448 2397 505 Gothis
2423 449 2710 519 praefectus
2738 461 2929 522 regnat
2958 452 3117 506 annis
3143 454 3194 508 8.
3234 451 3337 520 Qui
3363 451 3473 523 jam
3502 455 3552 510 in
3583 471 3754 527 supra-

2206 539 2316 596 fata
2342 557 2449 597 tera
2476 545 2602 598 anni
2632 544 2776 598 tertii
2806 555 3019 614 sceptra
3050 545 3194 615 regia
3223 545 3487 603 meditans
3515 550 3754 607 civitatem

2206 634 2379 689 Toleti
2398 635 2536 690 mire
2554 644 2610 691 et
2629 636 2859 706 eleganti
2889 637 3077 692 labore
3102 647 3346 702 renovat,
3372 653 3524 708 quam
3546 648 3596 695 et
3615 657 3756 711 opere

2205 724 2500 793 sculptorio
2523 725 2880 781 versificando
2913 726 3257 795 pertitulans,
3292 728 3408 784 lrec
3432 729 3484 782 in
3510 740 3755 799 portarum

2205 815 2354 871 aditu
2394 816 2783 887 epigrammata
2819 817 2979 888 stylo.
3002 816 3182 874 ferreo
3217 818 3273 873 in
3304 818 3473 875 nitido
3506 820 3757 892 lucidoque

2206 920 2476 960 marmore
2503 915 2693 961 exarat
2721 921 2736 961 Ξ

2299 1014 2472 1083 lirexit
2493 1016 2676 1068 factore
2704 1019 2811 1083 Deo
2834 1033 2925 1069 rex
2954 1020 3159 1083 inclytus
3181 1021 3359 1071 urbem

2302 1077 2501 1127 Wamba
2523 1092 2626 1129 suae
2647 1080 2903 1132 celebrem
2928 1077 3233 1145 protendens
3256 1084 3425 1144 gentis
3447 1083 3677 1134 honorem.

2205 1170 2264 1226 In
2291 1171 2569 1226 memoriis
2608 1187 2825 1242 quoque
2854 1179 3153 1243 martyrum
3171 1214 3187 1237 ,
3217 1187 3358 1242 quas
3390 1188 3545 1242 super
3568 1174 3757 1229 easdem

2206 1268 2487 1330 portarum
2518 1261 2810 1315 turriculas
2836 1261 3091 1327 titulavit,
3121 1261 3239 1317 haec
3261 1261 3510 1317 similiter
3526 1263 3755 1317 exaravit.

2302 1372 2400 1436 Yos
2421 1374 2574 1421 sancti
2594 1372 2805 1430 Domini,
2830 1386 3037 1436 quorum
3064 1374 3144 1423 hic
3166 1376 3428 1435 praeputia
3452 1373 3616 1435 fulget,

2300 1434 2435 1485 Hanc
2458 1436 2633 1484 urbem
2657 1441 2709 1485 et
2732 1434 2930 1498 plebem
2954 1437 3103 1486 solito
3120 1434 3324 1486 servate
3351 1439 3375 1475 ε
3401 1434 3573 1486 favore.

2278 1538 2369 1592 22.
2411 1538 2509 1593 llic
2537 1553 2680 1593 anno
2713 1538 2865 1608 regni
2895 1538 2979 1593 sui
3002 1547 3221 1609 quarto,
3254 1539 3307 1593 in
3331 1554 3438 1594 tera
3461 1539 3575 1605 715,
3597 1539 3645 1593 in
3665 1538 3755 1594 To-

2208 1629 2387 1685 letana
2420 1630 2557 1685 urbe
2595 1629 2651 1682 in
2684 1629 2858 1683 beata:
2887 1628 3081 1683 matris
3118 1628 3334 1684 Domini
3367 1627 3539 1684 Mariae
3568 1626 3754 1698 virginis

525 1736 628 1776 nus
657 1718 968 1776 Constantis
995 1717 1136 1772 illius
1164 1714 1391 1785 imperio
1415 1723 1725 1781 coronatur,
1753 1731 1865 1786 reg.
1891 1731 1981 1771 an.
2013 1716 2101 1780 15,
2138 1716 2183 1775 Β
2208 1720 2353 1776 sedis
2372 1722 2510 1775 amo
2533 1720 2587 1775 in
2607 1719 2904 1775 secretario
2925 1730 3045 1790 post
3070 1728 3375 1775 transactus
3394 1730 3513 1775 octo
3534 1719 3752 1774 etdeeem

524 1812 762 1883 peractis
790 1825 821 1863 a
845 1808 1111 1880 principio
1155 1805 1341 1861 mundi
1379 1804 1541 1861 5885.
1598 1805 1698 1861 Hic
1747 1806 1892 1876 apud
1936 1804 2106 1876 Syra-

525 1919 713 1961 cusam
758 1902 983 1958 audiens
1027 1900 1291 1957 seditione
1327 1913 1549 1953 suorum
1577 1898 1818 1954 occisum
1866 1904 2102 1967 patrem,

527 2010 652 2051 cum
675 1993 847 2049 classe
891 2007 998 2061 qua
1030 1991 1208 2060 potuit
1237 1987 1506 2043 Palatium
1545 1988 1695 2058 petit,
1753 1995 1809 2042 et
1849 1988 2106 2042 thronum

526 2084 712 2156 gloria:
741 2082 1119 2151 triumphando
1140 2081 1475 2137 conscendit.

600 2176 687 2232 18.
722 2173 894 2243 Hujus
944 2175 1275 2244 temporibus
1305 2174 1360 2228 in
1392 2189 1501 2229 :era
1534 2171 1655 2235 7l6,
1714 2187 1857 2228 anno
1895 2169 2106 2241 imperii

527 2265 646 2337 ejus
666 2266 876 2337 quinto,
903 2266 1142 2321 Arabum
1170 2265 1261 2330 61,
1290 2265 1412 2320 Yzit
1436 2273 1594 2320 natus
1624 2264 1849 2320 Moabia:
1873 2264 2111 2320 obtinuit

528 2359 806 2430 regiminis
832 2358 1009 2413 locum
1036 2358 1194 2413 annis
1224 2357 1654 2427 jocundissimus
1699 2358 1892 2424 tribus,
1936 2365 1993 2411 et
2024 2372 2112 2411 re-

529 2450 621 2522 gni
647 2447 765 2518 ejus
800 2450 1013 2506 cunctis
1044 2465 1156 2507 suae
1189 2450 1382 2519 patriae
1413 2450 1647 2506 subditis
1691 2449 2000 2506 nationibus
2028 2448 2112 2502 vir

529 2544 758 2599 nimium
787 2543 1095 2614 gratissime
1123 2542 1378 2598 habitus:
1406 2543 1498 2612 qui
1522 2541 1722 2597 nullam
1769 2556 2006 2611 unquam
2032 2540 2113 2611 (ut

529 2631 840 2687 hominibus
868 2632 1036 2687 moris
1061 2632 1166 2703 est)
1194 2631 1296 2691 sibi
1337 2631 1537 2703 regalis
1562 2630 1765 2702 fastigii
1794 2646 1958 2686 causa
1994 2630 2111 2700 glo-

528 2727 670 2783 riam
699 2725 983 2796 appetivit,
1037 2725 1132 2780 sed
1158 2726 1519 2780 communiter
1537 2739 1663 2779 cum
1690 2724 1945 2779 omnibus
1982 2723 2111 2778 civi-

531 2817 657 2872 liter
685 2816 839 2871 vixit.
903 2815 1004 2875 Hic
1048 2815 1268 2885 impleto
1312 2815 1547 2871 triennio
1590 2814 1855 2870 Moabiam
1906 2815 2111 2884 prolem

532 2920 900 2964 successorem
926 2905 1160 2975 reliquit,
1186 2904 1430 2975 paternis
1453 2905 1697 2961 moribus
1722 2903 1992 2959 similem:
2017 2905 2109 2973 qui

533 3009 593 3055 ut
617 2999 685 3054 ad
706 2997 977 3068 fastigium
1018 2996 1168 3066 regni
1200 2996 1449 3064 pervenit
1478 2984 1695 3051 tertiam
1725 2994 1912 3049 tributi
1937 2995 2113 3050 omni-

2205 1813 2671 1884 perturbationum
2716 1821 2773 1867 et
2817 1812 3156 1867 diversarum
3201 1811 3434 1868 cladium
3479 1827 3658 1877 annos,
3697 1811 3755 1865 ad

2208 1903 2381 1957 instar
2417 1901 2661 1958 mulieris
2696 1902 2842 1957 illius
2876 1902 2931 1956 in
2970 1902 3266 1972 Evangelio
3301 1919 3477 1961 curvat
3511 1902 3751 1959 concilium

2209 1992 2402 2048 salutis
2428 2000 2612 2062 parat,
2652 2000 2814 2062 atque
2842 2008 3032 2048 omnes
3059 1993 3338 2064 Hispania:
3365 1993 3635 2064 Galliasque
3658 1992 3751 2063 epi-

2210 2102 2404 2157 scopos
2427 2087 2761 2159 synodaliter
2790 2094 3076 2157 aggregat,
3100 2104 3226 2143 cum
3252 2088 3449 2158 quibus
3475 2096 3527 2143 et
3552 2097 3750 2156 tempora

2211 2180 2414 2248 absque
2442 2178 2687 2234 conciliis
2708 2179 2737 2218 h
2762 2179 3150 2248 prmtereuutia
3178 2179 3315 2234 satis
3335 2179 3583 2247 deplorat.
3603 2178 3653 2232 lu
3671 2178 3751 2232 hoc

2211 2284 2341 2325 vero
2374 2269 2797 2325 consolationem
2837 2284 2961 2325 cum
3013 2270 3331 2326 tantimodis
3370 2270 3498 2324 viris
3537 2276 3746 2339 receptat.

2213 2361 2401 2434 (quod)
2434 2361 2755 2432 praenitente
2788 2369 2917 2416 tunc
2945 2361 3295 2417 sanctissimo
3314 2357 3627 2422 Hildefonso,
3647 2356 3749 2412 ωεις

2212 2454 2357 2509 litlue
2383 2469 2479 2510 ore
2504 2468 2668 2509 aureo
2699 2453 2754 2507 in
2779 2452 2934 2508 libris
2955 2451 3189 2507 diversis
3217 2451 3518 2521 eloquente,
3544 2457 3682 2517 atque
3698 2446 3747 2500 de

2212 2545 2519 2616 virginitate
2542 2553 2743 2599 nostra:
2770 2545 3000 2599 domina:
3027 2543 3215 2599 Marite
3242 2558 3452 2612 semper
3472 2541 3669 2610 virginis
3688 2537 3748 2591 ni-

2214 2637 2328 2693 tido
2352 2638 2629 2708 politoque
2654 2635 2888 2707 eloquio,
2914 2636 3106 2692 ordine
3133 2650 3433 2707 synonyme
3461 2631 3744 2704 perﬂerentc,

2214 2737 2273 2785 ut
2301 2729 2537 2784 anchora
2565 2726 2690 2781 fidei
2720 2724 2839 2795 ejus
2869 2734 3114 2795 tempore
3158 2726 3219 2780 in
3257 2725 3405 2781 omni
3437 2738 3528 2779 sua
3556 2718 3747 2776 Ecclesia

2215 2818 2499 2883 insidente,
2525 2815 2720 2871 libellis
2743 2816 2814 2870 ab
2835 2830 2901 2871 eo
2933 2814 3096 2870 editis
3120 2822 3181 2870 et
3206 2830 3305 2885 per
3342 2812 3556 2870 lber-iam
3583 2809 3747 2863 discur-

2216 2909 2368 2974 satis,
2390 2915 2452 2962 ut
2477 2922 2604 2962 vere
2626 2922 2658 2961 a
2684 2906 2896 2977 magnis
2917 2906 3167 2962 conciliis
3188 2904 3425 2963 ﬁdelium
3448 2900 3747 2961 lectitantium

2216 3006 2472 3054 recreata:
2509 3003 2637 3053 sunt
2675 3004 2905 3063 mentes,
2941 3004 3104 3066 atque
3144 3012 3180 3050 a
3223 2995 3409 3051 rivulis
3437 2992 3746 3050 doctrinarum

533 3094 634 3155 bus
656 3060 983 3147 condonavit
1010 3107 1023 3142 :
1050 3060 1143 3159 qui
1172 3060 1383 3144 bloabia
1406 3087 1686 3144 dimidium
1711 3087 1839 3141 anni
1866 3086 1919 3141 in
1948 3101 2111 3157 regno
2139 3060 2187 3126 θ
2215 3090 2355 3146 eoin
2381 3098 2621 3159 tempore
2639 3060 2966 3161 magnopere
2980 3060 3251 3144 consolati
3272 3096 3396 3144 sunt
3415 3083 3746 3157 pusillanimes.

533 3196 760 3238 manens
785 3183 853 3235 ab
880 3180 1114 3235 haclnce
1137 3179 1407 3235 discessit.

606 3274 693 3329 19.
754 3271 927 3342 Hujus
954 3272 1288 3343 temporibus
1317 3272 1369 3326 in
1389 3287 1500 3328 tera
1538 3272 1662 3338 716,
1715 3288 1858 3328 anno
1900 3272 2115 3343 imperii

538 3364 655 3435 ejus
709 3364 1001 3433 incipiente
1036 3373 1210 3429 sexto,
1258 3363 1498 3418 Arabum
1525 3363 1614 3430 6'2,
1662 3364 1870 3419 Moabia
1900 3363 2117 3432 juniore

535 3461 773 3519 mortuo,
802 3462 1120 3509 cunctorum
1146 3451 1386 3508 Arabum
1413 3455 1684 3510 exercitus
1706 3470 1846 3524 pene
1872 3470 1970 3525 per
1983 3471 2117 3525 qua-

536 3554 659 3601 tuor
688 3560 861 3599 annos
917 3545 973 3599 in
1016 3544 1150 3600 duos
1190 3545 1466 3615 principes
1513 3544 1710 3601 bifarie
1746 3555 1830 3601 est
1855 3546 2063 3601 divisus
2098 3564 2112 3601 :

533 3652 764 3706 quorum
797 3643 981 3691 tantus
1027 3645 1211 3690 manet
1252 3636 1555 3705 conﬂictus,
1606 3646 1664 3692 ut
1694 3638 2117 3694 innumerabiles

536 3737 784 3784 catervas
802 3736 1159 3798 utrorumque
1175 3729 1512 3785 devoraverit
1528 3730 1757 3801 gladius.
1775 3730 1926 3787 Tunc
1952 3731 2119 3800 impe-

536 3820 706 3875 ratori
735 3834 833 3889 per
858 3833 1050 3874 novem
1082 3834 1252 3874 annos
1272 3821 1339 3874 ab
1386 3836 1494 3875 uno
1528 3837 1594 3875 ex
1615 3821 1723 3875 illis
1748 3822 1966 3875 nomine
2000 3822 2115 3877 Mo-

539 3922 671 3963 roan
694 3907 742 3970 d,
780 3914 841 3960 ut
862 3907 914 3961 ei
958 3905 1224 3973 atljutoria
1251 3909 1480 3964 militum
1519 3910 1896 3979 epitularetur,
1924 3920 2017 3966 aut
2051 3927 2119 3968 ne

535 3996 911 4068 impediretur,
965 4011 1065 4068 pro
1092 4012 1419 4068 unoquoque
1450 4000 1538 4054 die
1573 4002 1787 4068 probati
1834 4003 1953 4056 auri
1979 4003 2119 4057 inte-

536 4086 619 4157 gri
660 4085 917 4159 ponderis
936 4084 1083 4140 mille
1105 4086 1398 4140 solidorum
1424 4096 1509 4142 est
1536 4104 1793 4144 numerus
1818 4090 2116 4158 exsolutus,

536 4184 596 4232 et
613 4175 760 4233 mula
804 4173 1033 4232 Arabica
1081 4191 1207 4230 cum
1242 4175 1542 4233 lectiserica
1589 4180 1845 4237 vestiaria
1891 4182 2120 4254 singulis

535 4263 725 4322 diebus
774 4280 937 4321 causa
976 4266 1159 4336 pacis,
1206 4282 1276 4323 ne
1320 4269 1731 4340 praepediretur,
1783 4274 1945 4329 simul
1993 4290 2119 4330 cum

535 4354 674 4424 polla
704 4365 729 4394 ο
750 4354 963 4421 decora,
996 4365 1193 4411 cuncta
1210 4372 1371 4427 supra
1394 4360 1670 4415 nominata
1691 4369 1811 4417 sunt
1833 4363 2115 4430 attributa,

536 4453 698 4514 atque
720 4444 895 4500 omnis
916 4454 1310 4502 retroactorum
1351 4455 1653 4519 temporum
1680 4453 1891 4508 exstitit
1937 4453 2112 4525 capti-

536 4532 674 4592 vitas
708 4532 967 4599 relaxata,
1020 4549 1356 4606 Quaecunque
1392 4538 1522 4593 olim
1551 4540 1727 4596 fuerat
1748 4544 2040 4613 captivata.

604 4621 695 4701 20.
750 4620 922 4691 Hujus
950 4624 1285 4695 temporibus
1323 4626 1377 4683 in
1402 4642 1512 4683 tera
1544 4628 1667 4695 720,
1725 4646 1867 4686 anno
1893 4632 2112 4703 imperii

538 4711 659 4782 ejus
686 4712 916 4781 decimo,
942 4714 1183 4770 Arabum
1216 4720 1551 4788 sexagesimo
1589 4730 1758 4785 sexto,
1797 4722 2117 4780 Abdamelic

541 4804 697 4874 apice
721 4804 874 4875 regni
901 4815 1179 4883 assumpto
1209 4819 1402 4877 regnat
1430 4824 1558 4864 anu.
1595 4811 1691 4869 20.
1733 4812 1833 4867 Hic
1861 4814 2116 4871 muluium

536 4893 710 4963 patris
735 4908 1068 4968 persequens
1093 4896 1237 4968 apud
1258 4895 1515 4963 Maccam,
1556 4899 1788 4956 Abralue
1813 4912 1873 4958 ut
1898 4904 2001 4975 ipsi
2024 4920 2120 4960 au-

539 4992 749 5041 tumant
774 4983 992 5043 domum
1017 4985 1161 5043 inter
1174 4985 1252 5045 Ur
1274 4985 1648 5046 Chaldteorum
1670 4998 1724 5046 et
1742 4991 1981 5050 Carrhas
2006 4995 2118 5051 Meo

537 5073 854 5147 sopotamia:
891 5089 990 5146 per
1013 5073 1205 5131 ducem
1233 5076 1457 5133 missum
1499 5078 1789 5147 interfecit,
1825 5092 1881 5139 et
1908 5084 2121 5155 sapien-

545 5162 758 5221 tissimo
785 5178 939 5219 more
958 5164 1136 5220 civilia
1160 5166 1299 5221 bella
1324 5167 1619 5239 praeliando
1654 5172 2046 5243 recomprimit.

607 5252 697 5311 21.
738 5251 907 5324 Hujus
934 5255 1297 5325 temporibus,
1331 5256 1384 5312 in
1418 5273 1526 5313 aera
1555 5259 1659 5315 7l2
1691 5259 1736 5328 τ,
1772 5275 1917 5318 anno
1948 5261 2119 5333 impe-

608 5391 635 5421 ι
674 5380 762 5448 Β..
802 5383 1085 5440 decoritas.

610 5449 638 5490 1³
676 5449 772 5523 AL,
799 5464 1059 5523 urgerent.

611 5529 637 5595 εξ
677 5518 767 5595 $ic
794 5518 1006 5595 Gentio.
1051 5525 1244 5581 Biclar.
1271 5544 1286 5595 ;
1318 5528 1426 5594 alii,
1452 5538 1523 5585 et.

612 5586 639 5625 ιι
670 5588 778 5657 AL,
806 5590 1049 5647 Maroan.

618 5669 642 5697 ε
672 5656 769 5724 δι,
792 5660 971 5730 palla:
1001 5663 1058 5716 Β.
1085 5665 1227 5735 ρτιια
1254 5669 1417 5724 habet
1437 5671 1505 5726 ad
1528 5676 1855 5739 marginem.
1884 5675 1936 5731 in
1964 5685 2115 5732 textu

2284 3182 2376 3238 25.
2417 3180 2587 3251 Hujus
2630 3180 2686 3235 in
2729 3188 2973 3250 tempore
3008 3180 3064 3234 in
3100 3194 3217 3234 aera
3255 3179 3375 3243 718,
3415 3191 3545 3232 anno
3578 3168 3745 3243 imperii

2216 3271 2333 3342 ejus
2360 3272 2610 3341 septimo,
2635 3270 2876 3326 Arabum
2904 3269 2993 3335 62,
3029 3268 3230 3325 bifarie
3254 3268 3471 3324 Abdalla
3496 3274 3546 3322 et
3566 3264 3745 3319 lloroan

2214 3380 2314 3435 pro
2344 3378 2509 3435 regno
2534 3362 2916 3433 incipientibus
2940 3361 3196 3433 prmliari,
3227 3362 3515 3418 Gothorum
3543 3354 3745 3425 Ervigius

2215 3463 2567 3511 consecratus
2588 3454 2643 3509 in
2668 3469 2833 3524 regno
2852 3461 3041 3524 regnat
3065 3468 3197 3507 ann.
3223 3453 3278 3506 7.
3300 3450 3459 3521 Cujus
3480 3450 3529 3504 in
3550 3456 3743 3513 tempom

2216 3544 2389 3601 fames
2411 3545 2589 3601 valida
2609 3545 2920 3614 Hispaniam
2945 3544 3318 3613 depopulatur.
3347 3542 3440 3599 Hic
3462 3554 3588 3595 anno
3604 3534 3743 3606 primo

2218 3637 2508 3694 concilium
2547 3634 2927 3690 duodecimum
2955 3632 3280 3689 Toletanum
3322 3633 3377 3688 in
3421 3644 3519 3685 aera
3553 3623 3639 3679 7l9
3669 3619 3744 3674 tri-

2217 3727 2364 3799 ginta
2404 3727 2642 3795 quinque
2678 3724 3053 3794 episcoporum
3095 3739 3223 3779 cum
3263 3716 3595 3779 inaestimabili
3628 3711 3742 3769 clem

2219 3819 2303 3874 vel
2326 3818 2757 3874 Christianorum
2787 3815 3012 3886 collegio
3040 3814 3462 3886 splendidissime
3488 3806 3674 3877 colligit.
3697 3802 3740 3855 In

2218 3908 2372 3977 cujus
2402 3906 2915 3978 tempore'Julianus
2941 3905 3231 3976 episcopus
3254 3920 3320 3960 ex
3344 3901 3553 3958 traduce
3575 3894 3741 3950 Judrco-

2219 4014 2359 4063 rum,
2381 4006 2441 4052 ut
2464 3995 2625 4052 ﬂores
2645 4011 2895 4051 rosarum
2917 3997 2983 4051 de
3008 3996 3151 4050 inter
3173 4011 3364 4066 vepres
3383 3992 3627 4063 spinarum
3644 3996 3741 4053 pro-

2220 4086 2430 4151 ductus,
2465 4087 2717 4142 omnibus
2751 4085 2940 4141 mundi
2972 4086 3219 4155 partibus
3246 4087 3302 4141 in
3327 4082 3554 4140 doctrina
3582 4068 3738 4131 Christi

2220 4183 2402 4231 manet
2431 4175 2742 4245 prteclarus,
2773 4174 2865 4245 qui
2892 4175 3058 4230 etiam
3083 4189 3115 4229 a
3142 4174 3450 4244 parentibus
3475 4160 3739 4225 Christianis

2218 4265 2533 4336 progenitus
2557 4264 2833 4335 splendide
2857 4264 2912 4319 in
2935 4265 3081 4319 omni
3103 4265 3385 4336 prudentia
3406 4260 3573 4316 Toleto
3595 4257 3736 4310 manel

2220 4356 2460 4419 edoctus,
2488 4354 2580 4410 ubi
2607 4362 2661 4410 et
2685 4357 3030 4425 postmodum
3058 4356 3114 4410 iu
3144 4356 3449 4428 episcopatu
3470 4343 3733 4407 exstititde-

2219 4452 2454 4499 curatus.

2288 4534 2375 4590 24.
2417 4534 2553 4589 AEra
2577 4533 2700 4602 726,
2722 4535 3092 4591 Romanorum
3136 4537 3198 4592 61
3223 4535 3538 4592 Justinianus
3555 4522 3732 4596 imperio

2217 4633 2528 4681 coronatur.
2563 4624 2828 4697 Regnavit
2852 4635 2978 4681 ante
3007 4626 3354 4696 dejectionem
3381 4622 3525 4678 annis
3548 4616 3620 4681 l0,
3638 4624 3731 4683 per-

2217 4720 2354 4775 actis
2386 4735 2418 4773 a
2444 4719 2712 4789 principio
2738 4719 2924 4775 mundi
2956 4720 3113 4774 annis
3136 4718 3298 4775 5895.
3339 4714 3496 4784 Huius
3530 4700 3730 4776 tempori-

2217 4812 2319 4867 bus
2338 4813 2393 4866 in
2414 4827 2522 4867 mra
2547 4811 2669 4877 726,
2696 4827 2839 4867 anno
2862 4813 3072 4882 imperii
3096 4812 3213 4881 ejus
3230 4812 3420 4881 primo,
3442 4804 3647 4860 Arabum
3663 4793 3727 4857 7°.

2216 4901 2531 4957 Abdamelic
2567 4902 2582 4941 ἱ
2617 4902 2826 4970 apicem
2864 4901 3062 4974 fastigii
3098 4909 3328 4972 quatuor
3363 4912 3453 4968 per
3482 4902 3628 4949 am
3642 4883 3725 4954 1³⁸³

2218 4993 2492 5063 regnando
2514 5000 2821 5062 retemptat.
3588 5070 3615 5076 ,.
3662 5063 3673 5076 .

2288 5085 2380 5140 25.
2420 5085 2590 5157 Hujus
2628 5095 2869 5156 tempore
2904 5087 2959 5142 in
2994 5101 3102 5143 tera
3125 5085 3247 5151 726,
3278 5098 3411 5139 anno
3435 5070 3615 5147 imperii
3636 5070 3723 5135 et”

2218 5176 2414 5244 primo,
2434 5175 2668 5230 Arabum
2696 5175 2782 5240 70,
2803 5185 3061 5247 regnante
3084 5173 3389 5232 Abdamelic
3411 5181 3538 5224 anno
3558 5158 3719 5230 quinto.
3796 5169 3802 5175 '

2218 5263 2380 5335 ES'lca
2420 5264 2487 5320 ad
2517 5264 2737 5320 tutelam
2778 5266 2929 5336 regni
2959 5264 3253 5321 Gothorum
3288 5261 3503 5332 primum
3535 5258 3580 5307 et
3609 5254 3721 5300 sum-

2219 5397 2393 5469 polgla;
2420 5396 2637 5469 contio.
2677 5398 2902 5465 Biclar.,
2929 5399 3126 5469 puella.

2294 5416 2982 5523 'r‘“s"a‘a‘.i""i'éi”'§""'7’i§'

2292 5539 2317 5579 ⁸
2356 5539 2450 5605 M.,
2477 5537 2692 5593 salvate.

2287 5608 2315 5647 ιι
2354 5608 2439 5667 Β..
2472 5608 2712 5662 concilio.

2296 5680 2310 5719 ί
2358 5678 2447 5734 Sic
2478 5678 2561 5742 B.;
2594 5678 2757 5733 Sand.
2789 5686 2841 5734 et
2869 5678 2963 5744 M.,
2991 5675 3297 5734 Abdamelic.
