4004 6172
423 200 549 263 lilii

419 338 567 380 mum
606 320 814 377 obtinet
854 316 1211 387 principatum
1257 330 1269 364 :

419 415 627 471 Gothos
658 425 849 467 acerra
882 414 1057 462 morte
1085 403 1428 474 persequitur
1457 419 1469 454 :
1498 400 1652 470 plaga
1678 399 1897 466 insuper
1919 396 2002 449 in-

420 501 654 575 guinalis
704 497 866 568 hujus
910 504 1153 565 tempore
1195 490 1692 548 immisericorditer
1739 486 1996 540 illabitur.

419 591 719 649 Concilium
759 603 900 643 anno
925 586 1041 657 ejus
1077 585 1252 656 primo
1289 582 1342 636 in
1378 597 1484 636 :era
1511 580 1613 634 726
1642 578 1783 649 apud
1810 577 2000 630 urbem

419 688 735 744 Toletanam
761 685 817 739 in
833 683 1065 744 ecclesia
1088 679 1427 750 praeteriensi
1453 689 1761 731 sanctorum
1789 680 2002 742 aposto-

419 777 593 833 lorum
642 755 813 830 Petn’
831 782 884 829 et
921 772 1073 827 Pauli
1115 771 1364 825 omnibus
1403 767 1671 837 Hispania:
1716 773 1771 819 et
1814 764 2000 819 Gallia;

418 865 759 938 pontificibus
786 862 1111 934 aggregatis,
1146 862 1318 915 beatae
1350 856 1627 913 memoriae
1656 855 1872 910 Juliano
1906 854 2001 908 do—

418 970 567 1014 ctore
587 956 842 1018 clareute,
860 955 963 1008 sub
980 950 1334 1022 sexagenario
1353 950 1726 1018 episcoporum
1750 958 1994 1007 numero,

417 1050 503 1106 vel
543 1047 825 1118 multiplici
861 1045 1295 1101 Christianorum
1339 1040 1583 1110 collegio,
1627 1037 1790 1102 clero,
1837 1044 2000 1104 atque

416 1142 565 1199 omni
601 1138 793 1210 vulgali
823 1150 848 1178 ι
880 1138 935 1192 in
970 1135 1200 1192 circuitu
1239 1132 1561 1188 ferventium
1600 1126 1818 1198 pepulo,
1859 1124 2001 1180 cele-

417 1233 558 1287 brat.
585 1229 641 1284 In
672 1243 779 1298 quo
806 1242 905 1296 pro
935 1224 1164 1281 diversis
1190 1222 1386 1285 causis,
1419 1220 1503 1275 vel
1536 1234 1633 1288 pro
1663 1216 1999 1271 absolutione

411 1319 703 1393 juramenti
734 1319 876 1387 quod
903 1314 1127 1385 przefato
1156 1314 1384 1383 principi
1410 1310 1629 1382 Ervigio
1658 1306 2000 1363 noxiabiliter

417 1410 740 1474 reddiderat,
774 1407 1038 1479 synodum
1066 1412 1129 1459 ut
1152 1403 1519 1459 exsolveretur
1542 1396 1865 1468 expostulat.

484 1522 573 1578 26.
610 1521 742 1591 Ejus
777 1520 830 1575 in
871 1526 1111 1587 tempore
1142 1516 1338 1570 librum
1365 1513 1431 1569 de
1460 1512 1631 1567 tribus
1658 1507 1993 1575 substantiis,

415 1629 576 1685 quem
602 1611 824 1699 dudum
872 1609 1099 1663 Romam
1146 1604 1517 1661 sanctissimus
1558 1599 1801 1655 Julianus
1844 1598 1996 1653 urbis
2023 1638 2074 1700 Β

416 1709 576 1780 regia:
602 1696 1058 1775 Lmetropolitanus
1099 1699 1380 1769 episcopus
1420 1695 1673 1757 miserat,
1721 1699 1776 1746 et
1817 1691 1995 1745 minus

414 1808 573 1856 caute
604 1796 887 1852 tractando
922 1807 1058 1862 papa
1089 1790 1364 1844 Romanus
1388 1784 1678 1840 arcendum
1704 1780 1992 1843 indixerat,

415 1895 484 1950 ob
520 1892 573 1948 id
606 1891 749 1961 quod
781 1888 1031 1943 voluntas
1068 1883 1252 1954 genuit
1286 1880 1649 1941 voluntatem,
1681 1881 1806 1928 ante
1844 1871 1997 1926 bien-

415 1986 562 2057 nium
594 1983 807 2037 tandem
834 1978 1124 2047 scripserat
1147 1971 1397 2029 veridicis
1425 1967 1744 2025 testimoniis
1761 2005 1775 2030 ,
1809 1964 1865 2018 in
1892 1963 1997 2017 hoc

415 2054 644 2134 concilio
690 2074 759 2129 ad
807 2070 1143 2126 exactionem
1188 2061 1396 2135 praefati
1443 2056 1703 2130 principis
1751 2054 1997 2110 Julianus

414 2170 695 2240 episcopus
751 2179 847 2235 per
903 2159 1120 2216 oracula
1175 2154 1438 2225 majorum
1483 2166 1547 2207 ea
1598 2164 1718 2219 quze
1768 2146 1996 2200 Romam

414 2236 788 2317 transmiserat
853 2267 982 2307 vera
1039 2263 1158 2305 esse
1223 2245 1549 2301 confirmans
1604 2236 1995 2309 apologeticum

416 2350 575 2415 facit;
604 2355 657 2405 et
680 2346 907 2402 Romam
929 2356 1026 2413 per
1051 2354 1177 2396 suos
1202 2336 1407 2408 legatos
1432 2329 1826 2389 ecclesiasticos
1852 2327 1996 2381 viros

413 2444 817 2515 presbyterum,
850 2437 1125 2491 diaconcm
1144 2473 1159 2498 ,
1199 2437 1253 2485 et
1281 2428 1664 2484 subdiaconem
1690 2417 1995 2476 eruditissi-

416 2509 552 2599 mos,
578 2509 611 2573 lt
643 2532 698 2586 in
738 2528 988 2585 omnibus
1027 2532 1083 2579 et
1120 2538 1219 2592 per
1258 2519 1439 2575 omnia
1464 2514 1661 2572 divinis
1701 2509 1996 2580 Scripturis

416 2627 676 2690 imbutos,
714 2623 913 2677 iterum
943 2632 1067 2673 cum
1097 2613 1344 2670 versibus
1378 2604 1771 2665 acclamatoriis
1805 2616 1996 2658 secun-

416 2722 542 2776 dum
568 2716 710 2789 quod
740 2720 796 2768 et
823 2712 953 2767 olim
984 2704 1355 2763 transmiserat
1381 2700 1449 2755 de
1475 2699 1630 2753 laude
1656 2691 1996 2766 imperatoris

416 2783 621 2865 mittit':
654 2804 799 2876 quod
828 2802 1000 2857 Roma
1042 2798 1202 2868 digne
1239 2802 1292 2850 et
1319 2793 1406 2862 pie
1446 2788 1670 2859 recipit,
1707 2794 1762 2841 et
1786 2783 1996 2840 cunctis

415 2898 702 2969 legendum
730 2892 919 2949 indicit
943 2908 958 2945 :
988 2896 1150 2958 atque
1171 2899 1381 2941 summo
1412 2879 1722 2950 imperatori
1748 2877 1880 2931 satis
1906 2890 1996 2930 ac-

414 2990 693 3048 clamando
722 3005 737 3042 :
772 2986 911 3040 Laus
939 2992 1051 3048 tua,
1079 2980 1241 3044 Deus,
1271 2979 1327 3031 in
1354 2976 1485 3045 ﬁnes
1515 2984 1688 3037 terrm,
1718 2969 1993 3041 cognitum
2022 2983 2070 3046 (ς

416 3084 562 3139 facit.
602 3081 704 3150 Qui
740 3087 795 3135 et
830 3075 1151 3145 rescriptum
1187 3073 1383 3127 domno
1418 3066 1630 3121 Juliano
1666 3078 1763 3134 per
1801 3075 1995 3131 supra-

415 3173 552 3228 fatos
580 3171 784 3240 legatos
812 3166 943 3222 satis
975 3178 1097 3219 cum
1126 3160 1419 3231 gratiarum
1448 3155 1661 3211 actione
1701 3150 1995 3208 honorifice

415 3261 672 3325 remittit,
711 3265 766 3314 et
798 3255 978 3313 omnia
1015 3264 1347 3323 quaecunque
1383 3246 1597 3318 scripsit
1627 3243 1774 3315 justa
1815 3249 1869 3298 et
1902 3240 1992 3310 pia

415 3367 532 3408 esse
557 3348 840 3420 depromit.

482 3463 573 3518 27.
611 3460 743 3515 Ᾰίηι
786 3457 917 3523 756,
973 3455 1341 3510 Romanorum
1385 3450 1453 3504 62
1507 3463 1602 3520 per
1655 3445 1992 3518 tyrannidem

416 3554 524 3609 Leo
565 3549 792 3620 imperio
835 3554 1144 3610 coronatur,
1192 3556 1420 3612 regnans
1467 3538 1796 3593 tumultuose
1836 3533 1994 3590 annis

416 3647 620 3710 tribus,
660 3640 896 3713 peractis
933 3654 965 3693 a
1002 3636 1266 3707 principio
1303 3630 1487 3687 mundi
1517 3630 1674 3685 annis
1702 3628 1860 3684 5898.
1890 3626 1995 3681 Hie

416 3732 807 3790 tumultualiter
845 3728 1148 3784 Iustiniano
1192 3722 1429 3792 dejecto,
1478 3719 1593 3791 ejus
1637 3734 1697 3774 se
1742 3716 1994 3773 sublimat

417 3831 659 3900 imperio.

483 3942 573 3997 28.
610 3939 778 4008 Hujus
804 3934 1155 4006 temporibus,
1181 3932 1237 3986 in
1262 3945 1369 3986 tera
1400 3923 1870 3997 septingentesima
1898 3920 1995 3975 tria-

416 4032 617 4104 gesima
652 4034 836 4092 sexta,
873 4024 1101 4095 septima
1135 4029 1191 4078 et
1220 4028 1432 4084 octava,
1471 4031 1613 4071 anno
1637 4012 1849 4083 imperii
1879 4009 1996 4080 ejus

418 4100 611 4194 primo,
636 4119 889 4183 secundo,
920 4123 974 4171 et
998 4114 1177 4178 tertio,
1204 4110 1443 4165 Arabum
1468 4106 1556 4170 79,
1588 4103 1658 4161 80
1687 4110 1743 4158 et
1769 4101 1858 4167 81,
1887 4100 1998 4156 Ab-

419 4213 646 4272 damelic
678 4222 906 4281 regnans
940 4204 1148 4277 peregit
1172 4201 1389 4256 tertium
1416 4197 1712 4261 decimum,
1742 4199 1995 4263 quartum

417 4306 684 4362 decimum
705 4309 758 4355 ct
782 4298 1047 4356 decimum
1076 4293 1323 4364 quintum
1344 4305 1562 4345 annum.

487 4416 577 4471 29.
618 4412 786 4482 Hujus
824 4396 1183 4479 temporibus,
1222 4406 1276 4460 in
1305 4417 1413 4460 :era
1449 4400 1573 4466 756,
1606 4413 1749 4454 anno
1786 4394 1996 4466 imperii

420 4507 614 4564 Leonis
642 4505 837 4574 primo,
865 4499 1100 4555 Arabum
1123 4497 1210 4563 80,
1242 4494 1553 4551 Abdamelic
1582 4493 1650 4548 l5
1675 4503 1724 4557 ο,
1754 4490 1918 4561 Egica
1942 4490 1996 4543 in

420 4597 693 4655 consortio
728 4593 878 4664 regni
912 4589 1231 4645 Witizanem
1270 4587 1437 4641 lilium
1472 4586 1575 4640 sibi
1611 4583 1880 4639 hzeredem
1922 4579 2003 4633 fa-

419 4688 570 4745 ciens
592 4685 891 4742 Gothorum
917 4695 1141 4758 regnum
1165 4683 1470 4746 retemptat.
1500 4675 1598 4729 Hic
1621 4673 1791 4743 patris
1819 4684 2004 4726 succe-

421 4779 555 4834 dens
583 4776 641 4831 in
679 4767 814 4830 solio
851 4786 1155 4844 quanquam
1194 4768 1516 4839 petulanter,
1555 4763 2004 4821 clementissimus

423 4877 601 4923 tamen
624 4865 927 4938 quindecim
955 4878 1054 4934 per
1078 4875 1247 4916 annos
1273 4866 1449 4913 exstat
1474 4858 1529 4911 in
1552 4871 1756 4926 regno:
1784 4855 1874 4924 qui
1894 4868 2003 4908 non

421 4957 598 5014 solum
622 4971 715 5012 eos
738 4969 874 5026 quos
896 4960 1051 5024 pater
1077 4952 1442 5011 damnarent,
1468 4946 1535 5001 ad
1558 4945 1786 5015 gratiam
1813 4941 2007 5012 recipit

423 5056 602 5105 tentes
643 5047 853 5112 exsilio,
894 5059 1080 5101 verum
1126 5043 1289 5098 etiam
1332 5038 1615 5096 clientulos
1653 5035 1680 5077 δ
1723 5042 1905 5090 manet
1950 5034 2005 5088 in

423 5138 777 5195 restaurando
808 5154 821 5190 :
855 5150 983 5193 nam
1011 5148 1147 5205 quos
1179 5132 1269 5188 ille
1303 5130 1455 5203 gravi
1487 5132 1827 5198 oppresserat
1849 5122 2002 5196 jugo,

498 5305 524 5333 δ
562 5292 648 5358 B.,
677 5290 899 5362 vulgari:

500 5362 530 5404 δ
565 5356 652 5427 C.,
683 5356 838 5417 Mfet
864 5359 1054 5426 Sand.,
1082 5359 1139 5414 in
1166 5358 1341 5413 omnia
1369 5356 1467 5410 Dei
1492 5370 1686 5419 servos,
1717 5360 1786 5407 et.

494 5443 523 5542 Σ
563 5428 911 5563 ξίῖοειίὲέηᾶη
927 5497 1236 5565 clientulas;
1256 5498 1317 5553 D.
1334 5497 1527 5562 Rodr.,
1544 5496 1695 5565 quasi
1712 5492 2001 5548 clientulos.

499 5589 524 5616 α
564 5572 649 5643 B.,
677 5572 766 5648 pio
799 5569 1089 5641 reparabat.
1725 5594 1728 5597 -

1844 188 2257 248 CHRONICON.

1316 317 1506 382 regnat
1546 321 1717 362 annos
1764 306 1846 360 l5.
1900 304 1998 358 llic
2028 306 2073 363 A
2099 302 2329 372 pristino
2359 303 2462 359 iste
2490 306 2780 360 reducebat
2809 307 2862 360 in
2889 306 3114 376 gaudio;
3145 314 3198 362 et
3227 320 3363 377 quos
3389 307 3478 364 ille
3499 324 3530 363 a
3556 325 3679 379 pro-

3540 197 3715 251 1'263.

2097 394 2217 461 prio
2246 394 2587 449 abdicaverat
2611 397 2746 462 solo,
2780 397 2880 451 iste
2902 398 2988 466 pie
3012 408 3036 435 θ
3066 397 3366 455 reformans
3396 402 3680 469 reparabat

2099 498 2165 536 ex
2202 484 2342 538 dono
2375 502 2387 537 :
2425 485 2612 555 sicque
2645 487 2953 542 convocatis
2986 489 3213 554 cunctis,
3244 498 3517 559 postremo
3547 508 3678 548 can--

2098 573 2274 674 tiones
2301 590 2438 643 quas
2463 591 2659 645 parens
2694 592 2844 633 more
2877 579 3219 634 subtraxerat
3254 581 3479 636 subdolo
3506 581 3551 649 τ,
3579 583 3679 639 istc
3704 612 3713 622 -

2099 667 2153 717 in
2191 674 2482 734 conspectu
2519 667 2759 721 omnium
2798 668 2961 738 digno
2996 670 3257 724 cremavit
3293 672 3541 728 incendio
3573 690 3587 727 :
3626 682 3678 729 et

2098 769 2204 810 non
2235 756 2409 810 solum
2437 757 2687 813 innoxios
2715 760 2740 798 8
2768 759 3026 825 reddidit,
3055 761 3101 814 si
3128 761 3352 828 vellent,
3377 764 3443 817 ab
3474 765 3681 820 insolu-

2099 846 2191 901 bili
2218 848 2448 910 vinculo,
2480 865 2664 905 verum
2703 851 2865 907 etiam
2894 853 3055 906 rebus
3083 853 3312 921 propriis
3346 854 3589 917 redditis,
3626 865 3680 911 ct

2096 936 2227 991 olim
2257 937 2369 1004 jam
2397 940 2527 993 ﬁsco
2556 940 2892 1010 mancipatis,
2920 943 3156 1011 palatino
3188 953 3454 999 restaurat
3481 946 3676 1001 oﬂicio.

2097 1027 2202 1082 Per
2241 1030 2381 1084 idem
2425 1037 2637 1100 tempus
2678 1032 2827 1087 Felix
2865 1034 3016 1088 urbis
3056 1036 3217 1104 regiae
3242 1036 3510 1093 Toletanae
3536 1041 3678 1094 sedis

2098 1123 2407 1192 episcopus,
2447 1124 2728 1193 gravitatis
2764 1132 2819 1179 et
2844 1126 3145 1194 prudentia:
3171 1128 3484 1184 excellentia
3513 1132 3677 1188 nimia

2097 1213 2289 1282 pollet,
2327 1223 2382 1268 et
2419 1215 2647 1269 concilia
2677 1217 2810 1271 satis
2842 1217 3101 1286 praeclara
3140 1218 3304 1275 etiam
3329 1222 3518 1278 adhuc
3557 1238 3678 1278 cum

2098 1304 2360 1359 ambobus
2382 1306 2714 1374 principibus
2738 1307 2869 1377 agit.

2165 1394 2256 1449 50.
2298 1394 2431 1449 IEra
2467 1396 2591 1463 858,
2623 1396 2988 1453 Romanorum
3015 1399 3084 1455 65
3107 1400 3423 1470 Apsimarus
3450 1404 3678 1474 imperio

2096 1495 2405 1551 coronatur,
2433 1502 2663 1558 regnans
2696 1489 2855 1543 annis
2885 1499 3121 1560 septem,
3148 1494 3382 1562 peractis
3408 1509 3439 1548 a
3468 1495 3675 1564 princi-

2095 1577 2187 1647 pio
2210 1577 2397 1633 mundi
2421 1578 2577 1632 annis
2599 1578 2758 1633 5905.
2791 1579 2960 1648 Hujus
2986 1583 3318 1651 temporibus
3346 1583 3401 1638 in
3422 1600 3533 1640 aera
3552 1586 3676 1650 758,

2097 1681 2240 1720 anno
2282 1667 2491 1736 imperii
2536 1666 2652 1736 ejus
2689 1669 2883 1738 primo,
2922 1669 3165 1727 Arabum
3194 1671 3290 1738 72,
3326 1675 3593 1745 simulque
3627 1685 3682 1732 et

2098 1757 2259 1812 tertio
2290 1766 2486 1827 erepto,
2526 1767 2783 1829 regnante
2812 1759 3126 1818 Abdamelic
3160 1777 3284 1817 ann.
3314 1764 3380 1818 l7
3402 1767 3454 1830 ιι,
3480 1766 3678 1822 Witiza

2097 1847 2368 1916 decrepito
2397 1846 2512 1915 jam
2537 1857 2690 1918 patre
2722 1849 2926 1917 pariter
2960 1860 3147 1921 regnat
3176 1870 3189 1906 :
3221 1854 3310 1922 qui
3350 1854 3404 1908 in
3435 1871 3543 1911 tera
3577 1858 3680 1912 759

2095 1938 2385 2008 supralata:
2406 1939 2573 1995 cladis
2592 1955 2700 1994 non
2726 1939 2961 1998 ferentes
2979 1944 3226 2011 exitium,
3250 1961 3349 2016 per
3369 1948 3680 2018 Hispaniam

2096 2043 2127 2082 e
2162 2027 2361 2097 palatio
2388 2029 2660 2098 vagitant,
2698 2046 2802 2100 qua
2834 2031 2899 2086 de
2933 2047 3093 2087 causa
3127 2035 3345 2104 propria
3379 2048 3552 2094 morte
3587 2040 3682 2095 de-

2095 2134 2251 2174 cesso
2277 2119 2389 2188 jam
2428 2127 2613 2190 patre,
2642 2120 3021 2179 ﬂorentissime
3058 2125 3362 2194 suprafatus
3388 2144 3487 2198 per
3509 2146 3681 2186 annos

2096 2229 2322 2286 regnum
2348 2223 2653 2285 retemptat,
2685 2227 2846 2287 atque
2871 2220 3051 2275 omnis
3088 2220 3341 2291 Hispania
3367 2223 3564 2294 gaudio
3593 2224 3680 2278 ni-

2095 2304 2206 2358 mio
2233 2303 2371 2359 freta
2394 2305 2646 2361 alacriter
2671 2307 2900 2362 laetatur.
2928 2308 3034 2363 Per
3058 2309 3197 2364 idem
3223 2318 3433 2380 tempus
3459 2310 3679 2367 Gunde-

2096 2392 2242 2449 ricus
2271 2394 2422 2449 urbis
2448 2396 2609 2464 regia:
2629 2396 2901 2453 Toletanre
2923 2399 3067 2454 sedis
3091 2401 3535 2471 mctropolitanus
3559 2404 3678 2473 epi-

2094 2498 2290 2553 scopus
2337 2485 2708 2541 sanctimoniae
2756 2488 2898 2542 dono
2941 2488 3165 2545 illustris
3214 2491 3474 2558 habetur,
3520 2500 3575 2548 et
3624 2493 3678 2548 in

2095 2572 2282 2627 multis
2309 2573 2645 2630 mirabilibus
2673 2583 2863 2631 auctor
2886 2576 3207 2634 celebratur.

2165 2666 2253 2720 51.
2286 2665 2418 2721 rEra
2445 2667 2568 2735 745,
2598 2667 2963 2725 Romanorum
2991 2670 3080 2736 64,
3106 2673 3198 2742 qui
3219 2681 3274 2729 et
3307 2673 3394 2741 61,
3422 2675 3679 2731 Iustinia-

2095 2773 2199 2811 nus
2245 2759 2396 2826 copia
2442 2767 2495 2813 et
2542 2759 2740 2815 virtute
2784 2760 3050 2818 Gazarum
3105 2765 3395 2821 auxiliatos
3444 2768 3674 2838 imperio

2097 2855 2449 2910 restauratur,
2488 2865 2720 2927 regnans
2758 2851 2953 2907 iterum
2981 2854 3139 2909 annis
3187 2854 3396 2922 decem,
3436 2858 3676 2927 peractis

2100 2955 2129 2994 a
2157 2940 2423 3011 principio
2456 2920 2643 2998 mdndi
2667 2944 2827 2999 annis
2854 2943 3016 2999 5915.

2166 3032 2255 3086 52.
2304 3031 2474 3101 Hujus
2513 3034 2845 3103 temporibus
2867 3034 2921 3089 in
2947 3051 3055 3091 mra
3096 3052 3261 3107 supra
3307 3039 3473 3105 dicta,
3528 3056 3675 3096 anno

2096 3120 2309 3190 imperii
2339 3120 2456 3191 ejus
2479 3123 2677 3191 primo,
2710 3123 2951 3179 Arabum
2981 3125 3071 3190 89,
3119 3127 3260 3195 apud
3306 3126 3515 3184 Arabes
3563 3130 3676 3185 Ulit

2094 3226 2319 3281 regnum
2354 3219 2663 3281 retemptat.
2698 3214 2752 3267 In
2782 3213 3057 3284 Hispaniis
3094 3230 3224 3272 vero
3244 3218 3441 3286 quinta
3458 3217 3673 3275 decimo

2095 3321 2237 3359 anno
2265 3304 2464 3360 Wiliza
2501 3314 2818 3375 persa‘verat
2839 3307 2893 3361 in
2925 3322 3111 3378 regno.

2164 3397 2255 3451 55.
2292 3396 2462 3465 Hujus
2505 3397 2857 3466 temporibus,
2890 3400 2944 3452 in
2983 3414 3091 3453 mra
3122 3399 3247 3463 748,
3274 3416 3418 3455 anno
3462 3401 3677 3472 imperii

2094 3486 2381 3541 Iustiniani
2408 3487 2590 3547 tertio,
2624 3487 2861 3543 Arabum
2893 3489 2981 3555 9i,
3016 3488 3129 3544 Ulit
3152 3498 3365 3560 sceptra
3392 3493 3544 3563 regni
3568 3493 3668 3548 Sa-

2096 3592 2437 3641 racenorum,
2481 3577 2774 3631 secundum
2800 3579 2945 3648 quod
2971 3589 3296 3648 exposuerat
3347 3589 3500 3651 pater
3529 3582 3668 3652 ejus,

2095 3675 2329 3738 quatuor
2371 3681 2471 3737 per
2516 3683 2688 3723 annos
2717 3668 3085 3740 belligerando
3127 3679 3318 3742 gentes
3350 3669 3463 3739 jam
3509 3687 3676 3744 regno

2094 3766 2254 3815 aucto
2280 3761 2296 3799 ί
2331 3758 2514 3814 multis
2538 3759 2835 3815 honoribus
2852 3760 3111 3831 praeditus
3132 3762 3426 3831 triumphat
3447 3778 3546 3833 per
3569 3779 3672 3819 au-

2094 3866 2195 3906 nos
2252 3866 2465 3906 novem.
2515 3852 2613 3907 Vir
2675 3852 2841 3907 totius
2887 3852 3189 3922 prudentiae
3236 3852 3293 3906 in
3347 3854 3682 3923 exponendis

2096 3943 2441 4008 exercitibus,
2489 3952 2701 3998 tantum
2756 3953 2814 3998 ut
2851 3959 2972 4000 eum
3016 3944 3200 4000 divino
3235 3959 3432 4015 expers
3488 3945 3675 4002 favore

2096 4043 2248 4098 esset,
2302 4047 2441 4103 pene
2471 4035 2713 4090 omnium
2758 4036 2999 4106 gentium
3048 4035 3270 4091 sibimet
3315 4036 3711 4107 proximarum.

2095 4126 2353 4208 virtutem
2385 4123 2397 4175 i
2444 4126 2809 4198 confregerit;
2844 4127 3275 4197 Romaniamque
3319 4127 3464 4184 inter
3501 4128 3683 4184 omnia

2098 4217 2317 4272 assidua
2370 4217 2671 4272 vastatione
2719 4217 2948 4272 debilem
2989 4216 3158 4272 fecit:
3215 4217 3420 4273 insulas
3466 4233 3683 4288 quoque

2016 4316 2074 4379 ι)
2098 4321 2264 4375 prope
2293 4308 2360 4361 ad
2389 4307 2851 4377 consumptionem
2892 4308 3115 4362 adduxit
3139 4326 3152 4361 :
3197 4306 3361 4363 India:
3394 4308 3531 4363 fines
3559 4325 3683 4363 vas-

2103 4395 2266 4449 tando
2311 4395 2591 4449 edomuit:
2633 4396 2882 4451 civitates
2927 4395 2995 4450 ad
3044 4395 3255 4450 irritam
3300 4395 3537 4465 inopiam
3586 4397 3682 4452 ad-

2100 4485 2253 4541 duxit
2281 4498 2295 4537 :
2323 4483 2558 4541 Castella
2605 4485 2916 4540 obsessione
2966 4484 3201 4539 alllixit:
3245 4485 3300 4538 in
3350 4484 3534 4555 Libya:
3581 4501 3681 4541 an-

2102 4575 2364 4632 fractibus
2404 4590 2620 4630 onlnem
2654 4575 3032 4630 Mauritaniam
3077 4572 3403 4646 subjugavit.
3438 4574 3497 4628 ln
3536 4575 3680 4631 oeci-

2102 4667 2224 4721 duis
2245 4680 2459 4736 quoque
2486 4665 2730 4735 partibus
2765 4679 2988 4734 regnum
3009 4661 3307 4720 Gothorum
3345 4664 3567 4733 antiqua
3595 4680 3684 4720 so-

2103 4753 2311 4808 liditate
2355 4766 2494 4822 pene
2520 4767 2619 4822 per
2660 4759 2932 4806 trecentos
2961 4751 3352 4821 quinquaginta
3402 4764 3575 4807 annos
3613 4754 3682 4807 ab

2103 4845 2240 4900 Era
2283 4836 2813 4914 quadringﬁntesima
2850 4842 2918 4898 ab
2950 4842 3176 4897 exordio
3209 4849 3265 4896 et
3299 4843 3566 4912 principio
3591 4844 3677 4898 sui

2106 4935 2379 4990 firmatum
2405 4951 2420 5000 ;
2450 4934 2594 5004 apud
2637 4932 2923 5004 Hispanias
2958 4947 3088 4987 vero
3139 4947 3169 4987 a
3209 4931 3512 5003 Liuvigildo
3538 4947 3680 5003 pene

2105 5040 2205 5095 per
2248 5032 2466 5080 centum
2511 5022 2866 5093 quadraginta
2913 5036 3084 5077 annos
3133 5021 3358 5092 paciﬁca
3408 5037 3580 5093 usque
3627 5024 3683 5078 in

2105 5133 2270 5172 teram
2309 5116 2411 5171 750
2445 5123 2773 5185 porrectum,
2810 5129 2908 5184 per
2955 5113 3147 5170 ducem
3176 5113 3260 5170 sui
3283 5113 3556 5171 exercitus
3579 5127 3685 5170 no-

2183 5277 2203 5317 f
2245 5276 2353 5343 AL,
2383 5275 2477 5330 sub
2505 5273 2647 5328 dolo.

2182 5352 2207 5390 8
2244 5349 2329 5412 Β.,
2360 5345 2484 5417 quia
2510 5343 2771 5399 innoxios.

2177 5421 2204 5460 δ
2234 5418 2320 5481 C.,
2348 5418 2432 5471 l5.

2185 5491 2197 5531 ί
2233 5488 2317 5547 Β..
2358 5482 2668 5540 mirabiliter
2688 5483 2913 5537 auctior.

2184 5560 2196 5608 ὁ
2234 5560 2293 5611 Β.
2307 5599 2321 5625 ,
2352 5557 2558 5610 uirtute.
