4020 6170
341 221 478 276 1205

939 219 1112 276 SAZC.
1155 221 1266 276 VIII
1299 222 1670 278 AUCTORES
1707 221 1874 277 ΔΝΜ
1907 223 2202 278 lNCERTl.
2244 258 2302 266 —
2335 227 2582 283 lSlDORl
2625 228 2960 285 PACENSIS
2990 239 2999 249 '

339 335 482 390 mine
529 331 681 386 Muta
712 342 737 370 ιι
780 346 1089 402 aggressum
1129 332 1385 395 edomuit,
1417 342 1472 386 et
1517 349 1682 404 regno
1730 335 1910 388 ablato
1939 339 1986 392 Α
2014 343 2171 401 tates,
2195 355 2312 407 quae
2345 340 2572 395 residua:
2600 353 2774 409 erant,
2805 345 2920 413 jam
2967 356 3168 402 coacta:
3194 350 3600 419 proclamitant,

335 422 594 494 vectigale
621 421 765 476 fecit.

403 514 493 571 54.
539 512 708 582 Hujus
759 512 1090 580 temporibus
1144 511 1196 564 in
1231 526 1338 565 aera
1372 511 1494 575 749,
1531 529 1671 566 anno
1701 513 1911 582 imperii

332 606 450 676 ejus
484 615 697 677 quarto,
743 604 981 660 Arabum
1022 604 1108 667 92,
1143 604 1251 659 Ulit
1283 615 1495 674 sceptra
1549 607 1696 674 regni
1749 607 1910 676 quin-

297 707 448 768 _tum
498 713 591 768 per
635 711 834 750 annum
884 696 1168 757 retinente,
1224 695 1524 749 Rudcricus
1585 696 1912 750 tumultuose

300 792 305 800 '
331 803 578 859 regnum,
596 788 846 841 hortante
877 793 1088 849 senatu,
1110 785 1328 838 invadit.
1360 785 1571 855 Regnat
1593 801 1732 841 anno
1761 802 1865 841 uno
1893 803 1904 838 :

330 893 456 932 nam
482 883 766 948 aggregata
789 875 941 943 copia
967 874 1240 928 exercitus
1268 875 1527 930 adversus
1571 875 1778 930 Arabes
1803 892 1907 929 una

331 983 452 1021 cum
482 967 681 1021 Mauris
711 981 740 1019 a
763 964 918 1018 Muza
948 963 1148 1027 missis,
1180 963 1235 1018 id
1279 971 1362 1018 est
1397 964 1574 1027 'l‘aric,
1635 964 1904 1030 Abuzara,

327 1064 383 1108 et
416 1054 627 1109 caeteris
659 1054 749 1108 diu
780 1053 882 1108 sibi
917 1052 1249 1121 provinciam
1291 1051 1549 1106 creditam
1587 1053 1908 1108 incursanti-

327 1145 448 1210 bus,
499 1143 764 1213 simulque
816 1151 872 1197 et
921 1142 1101 1212 plures
1140 1143 1167 1181 ιι
1209 1143 1458 1197 civitates
1505 1145 1907 1199 devastantibus

327 1252 469 1292 anno
523 1237 730 1306 imperii
777 1234 1066 1290 Justiniani
1110 1234 1320 1305 quinto,
1366 1235 1602 1289 Arabum
1655 1237 1743 1300 93,
1796 1235 1907 1290 Ulit

327 1340 498 1394 sexto,
543 1331 597 1384 in
646 1345 753 1385 tera
799 1328 903 1382 750
938 1327 1266 1382 transductis
1293 1339 1314 1365 ο
1345 1327 1728 1396 promontoriis
1788 1341 1906 1382 sese

327 1437 448 1476 cum
496 1422 576 1477 eis
605 1420 938 1491 confligendo
989 1419 1424 1490 recepit:coque
1460 1419 1664 1488 prazlio,
1720 1418 1904 1489 fugato

323 1512 468 1566 omni
516 1511 815 1566 Gothorum
859 1511 1118 1575 exercitu,
1171 1510 1260 1578 qui
1314 1525 1437 1564 cum
1475 1524 1540 1562 eo
1589 1511 1906 1566 aemulanter

322 1599 798 1668 fraudulenterque
849 1599 919 1653 ob
953 1598 1298 1652 ambitionem
1352 1598 1501 1665 regni
1550 1599 1899 1664 advenerant,

2015 434 2178 494 atque
2211 429 2483 485 suadendo
2513 440 2566 485 ct
2589 432 2861 488 irridendo
2885 443 3005 490 astu
3035 438 3267 506 quodam
3297 439 3469 499 fallit:
3500 461 3602 500 nec

2015 529 2183 577 mora,
2223 517 2391 583 petita
2436 521 2779 574 condonant:
2810 525 2902 578 sed
2953 525 3045 580 ubi
3101 527 3386 596 impetrata
3443 548 3598 602 pace.

2014 605 2186 658 territi
2233 616 2377 660 metu
2431 610 2795 676 recalcitrant,
2848 614 2915 667 ad
2962 625 3217 671 montana
3251 623 3439 690 templi
3490 625 3596 678 ite-

2013 709 2130 747 rum
2163 694 2498 766 efl‘ugientcs,
2550 699 2690 755 fame
2721 711 2775 756 et
2810 701 3022 759 diversa
3062 716 3238 762 morte
3289 712 3597 779 periclitan-

2013 791 2099 839 tur
2131 803 2142 838 :
2177 791 2192 808 ‘
2212 795 2372 856 atque
2399 789 2450 842 in
2491 792 2680 846 eadem
2710 792 2908 848 infelici
2953 795 3208 865 Hispania
3237 798 3496 857 Cordobze
3538 805 3598 859 in

2010 876 2136 930 sede
2161 877 2358 932 dudum
2388 881 2638 948 patricia,
2673 898 2792 951 quae
2815 900 3029 954 semper
3053 890 3263 944 exstitit
3291 907 3401 962 pra!
3424 906 3592 951 aete-

2009 963 2086 1055 ris
2121 965 2490 1034 adjacentibus
2523 971 2829 1028 civitatibus
2866 975 3292 1046 opulentissima,
3324 991 3375 1035 et
3423 1001 3593 1055 regno

2009 1053 2443 1125 Wisegothorum
2472 1061 2772 1129 primitivas
2801 1064 3062 1122 inferebat
3091 1069 3331 1137 delicias,
3366 1053 3591 1145 regnum

2007 1145 2227 1200 efferum
2256 1149 2544 1203 collocant.

2077 1237 2166 1291 57.
2197 1237 2330 1304 Quis
2355 1241 2498 1294 enim
2538 1258 2760 1299 narrare
2790 1255 2955 1314 queat
2978 1254 3128 1302 tanta
3153 1250 3426 1318 pericula?
3456 1251 3591 1319 Quis

2007 1328 2348 1385 dinumerare
2374 1339 2481 1385 tam
2506 1332 2808 1402 importuna
2833 1335 3146 1409 naufragia?
3174 1340 3309 1395 Nam
3336 1343 3383 1396 si
3402 1346 3583 1400 omnia

2007 1418 2250 1472 membra
2273 1429 2616 1475 verterentur
2641 1422 2695 1475 in
2731 1423 2963 1492 linguas,
2989 1428 3213 1483 omnino
3243 1445 3584 1500 nequaquam

2005 1504 2276 1576 Hispania:
2304 1508 2510 1576 ruinas,
2533 1510 2619 1565 vel
2648 1510 2764 1580 ejus
2809 1522 2887 1568 tot
2933 1523 3189 1587 tantaque
3238 1519 3380 1573 mala
3406 1522 3586 1580 dicere

2005 1598 2204 1668 poterit
2227 1598 2456 1653 humana
2489 1611 2702 1655 natura.
2734 1602 2840 1658 Sed
2871 1617 2930 1659 ut
2979 1606 3032 1660 in
3079 1609 3230 1664 brevi
3274 1621 3465 1667 cuncta
3508 1613 3585 1669 le-

322 1689 535 1743 cecidit.
569 1688 766 1758 Sicque
798 1703 1023 1758 regnum
1053 1686 1211 1741 simul
1245 1703 1366 1741 cum
1398 1687 1574 1755 patria
1612 1688 1751 1743 male
1777 1705 1901 1743 cum
1937 1671 1976 1728 Β
2007 1689 2148 1757 genti
2180 1699 2421 1744 renotem
2449 1690 2658 1761 ﬂagella
2709 1695 2756 1759 ε,
2786 1695 2990 1751 relictis
3037 1699 3218 1753 suaculi
3276 1701 3584 1756 innumera-

319 1779 634 1834 :cmulorum
657 1778 1025 1833 internecione
1047 1776 1245 1840 amisit,
1265 1785 1557 1845 peragentc
1584 1776 1693 1832 Ulit
1726 1793 1815 1831 an.
1842 1777 1895 1832 6.

391 1869 479 1925 35.
518 1869 624 1923 Per
671 1869 813 1924 idem
851 1877 1060 1936 tempus
1105 1868 1298 1922 divinae
1339 1869 1611 1923 memoria:
1650 1869 1900 1924 Sindcre-

323 1961 424 2014 dus
454 1959 606 2013 urbis
632 1959 793 2029 regia:
818 1957 1261 2025 mctropolitanus
1299 1957 1584 2026 episcopus
1612 1958 1899 2013 sanctimo-

319 2049 422 2104 ni:e
447 2049 625 2104 studio
663 2049 867 2104 claret:
913 2057 1072 2118 atque
1110 2049 1376 2119 longaevos
1406 2057 1459 2102 et
1497 2049 1694 2103 merito
1722 2050 1894 2104 hono-

319 2141 518 2196 rabiles
563 2141 727 2206 viros,
785 2156 921 2210 quos
989 2141 1044 2196 in
1099 2139 1372 2207 suprafata
1440 2139 1544 2194 sibi
1607 2139 1892 2193 commissa

316 2230 554 2286 Ecclesia
581 2231 793 2301 repetit,
832 2247 936 2285 non
965 2231 1259 2287 secundum
1301 2231 1580 2286 scientiam
1622 2228 1737 2284 zelo
1763 2244 1892 2283 sau-

315 2321 521 2375 ctitatis
569 2320 828 2386 stimulat,
870 2331 1030 2390 atque
1061 2321 1314 2375 instinctu
1354 2317 1467 2388 jam
1495 2320 1624 2374 dicti
1679 2318 1895 2374 Witizzn

313 2412 573 2484 principis
599 2425 694 2467 eos
724 2413 825 2467 sub
854 2411 970 2481 ejus
998 2419 1238 2483 tempore
1289 2425 1589 2467 convexare
1637 2425 1745 2465 non
1775 2425 1893 2464 ces-

312 2510 397 2558 sat
421 2521 433 2556 :
463 2503 554 2573 qui
578 2511 634 2558 et
655 2511 777 2573 post
803 2503 1069 2557 modicum
1091 2502 1340 2556 incursus
1365 2501 1604 2557 Arabum
1624 2514 1884 2569 expaves-

312 2609 462 2658 cens,
513 2610 621 2648 non
658 2603 716 2648 ut
767 2602 971 2664 pastor,
1017 2594 1111 2648 sed
1157 2602 1215 2647 ut
1264 2593 1634 2648 mercenarius
1687 2593 1889 2648 Christi

315 2700 448 2740 oves
491 2692 681 2739 contra
729 2685 944 2738 decreta
993 2682 1257 2752 majorum
1303 2681 1580 2748 deserens,
1632 2682 1892 2738 Romana:

310 2778 500 2848 patriae
521 2790 638 2832 sese
666 2776 918 2834 adventat
946 2777 995 2830 ἀ.

379 2869 470 2924 56.
523 2867 692 2937 Hujus
731 2869 1060 2937 temporibus
1098 2868 1151 2922 in
1195 2883 1303 2922 tera
1339 2867 1461 2932 749,
1507 2881 1648 2921 anno
1683 2866 1892 2936 imperii

308 2962 427 3032 ejus
449 2970 659 3032 quarto,
689 2961 925 3015 Arabum
963 2960 1052 3026 92,
1094 2959 1205 3014 Ulit
1242 2959 1296 3025 5,
1335 2959 1458 3014 dum
1487 2973 1584 3029 per
1627 2973 1888 3027 suprano—

309 3056 542 3110 minatos
589 3053 784 3108 missos
831 3065 854 3092 α
898 3052 1153 3122 Hispania
1202 3059 1522 3115 vastaretur,
1572 3059 1627 3105 et
1661 3052 1886 3106 nimium

309 3160 418 3200 non
465 3142 640 3198 solum
692 3141 897 3206 hostili,
939 3157 1125 3196 verum
1175 3141 1338 3195 etiam
1393 3140 1650 3194 intestino
1702 3138 1885 3195 furore

307 3235 706 3307 conﬂigeretur,
734 3233 886 3288 Muza
935 3242 990 3288 et
1041 3233 1153 3303 ipse
1197 3241 1256 3286 ut
1301 3231 1660 3286 miserrimam
1701 3232 1888 3288 adiens

315 3336 530 3397 gentem
565 3340 662 3395 per
705 3324 1029 3380 Gaditanum
1074 3323 1270 3378 fretum
1316 3323 1595 3378 columnas
1643 3323 1888 3379 Herculis

306 3418 703 3487 pertendentcs,
745 3424 800 3470 et
839 3416 994 3485 quasi
1043 3414 1174 3469 fumi
1226 3415 1424 3470 indicio
1474 3422 1662 3483 portus
1710 3415 1887 3470 aditus

307 3509 755 3573 demonstrantes,
796 3507 879 3562 vel
921 3506 1099 3562 claves
1128 3506 1180 3560 in
1220 3521 1382 3560 manu
1435 3505 1721 3560 transitum
1764 3506 1888 3560 His-

306 3598 479 3669 pania:
492 3598 979 3669 prmsagantes,vel
1010 3596 1458 3666 rcserantes,jam
1490 3597 1618 3652 olim
1650 3598 1789 3652 male
1810 3599 1888 3652 di-

306 3698 538 3759 reptam,
579 3699 635 3745 et
668 3691 889 3746 omnino
928 3691 1090 3760 impie
1125 3704 1434 3760 aggressam
1482 3691 1761 3759 perditans
1791 3706 1884 3759 pe-

305 3789 520 3836 netrat:
551 3791 713 3850 atque
739 3781 985 3836 Toletum
1011 3782 1201 3836 urbem
1237 3782 1436 3852 regiam
1481 3797 1650 3852 usque
1693 3783 1884 3836 irrum-

305 3873 499 3943 pendo,
538 3871 845 3940 adjacentes
875 3873 1122 3940 regiones
1151 3887 1284 3941 pace
1308 3873 1589 3928 fraudiflca
1637 3873 1774 3927 male
1803 3874 1883 3928 di-

303 3966 617 4024 verberans,
669 3963 956 4017 nonnullos
984 3963 1226 4017 seniores
1254 3963 1460 4018 nobiles
1497 3963 1644 4017 viros
1684 3963 1773 4031 qui
1805 3971 1884 4017 ut-

303 4067 517 4123 cunque
560 4061 929 4106 remanserant
961 4066 1058 4120 per
1093 4051 1296 4120 Oppam
1327 4052 1492 4106 filium
1534 4052 1710 4121 Egicae
1740 4053 1881 4121 regis

303 4160 335 4198 a
364 4143 550 4199 Toleto
593 4141 775 4212 fugam
804 4143 1168 4212 arripientem,
1197 4143 1373 4214 gladio
1394 4143 1616 4212 patibuli
1647 4143 1876 4214 jugulat,

1911 3015 1958 3077 ο

265 4225 281 4320 ἐ
307 4244 360 4291 et
396 4250 496 4306 per
517 4233 634 4303 ejus
662 4235 1001 4290 occasionem
1024 4241 1247 4290 cunctos
1274 4248 1403 4289 ense
1424 4235 1727 4289 detruncat.
1761 4234 1879 4290 Sic-

2005 1777 2202 1832 bilibus
2231 1779 2298 1832 ab
2326 1779 2497 1834 Adam
2531 1797 2700 1851 usque
2725 1800 2868 1839 nunc
2891 1786 3132 1842 cladibus
3158 1805 3294 1858 quas
3329 1807 3426 1861 per
3462 1793 3581 1846 inli-

2003 1867 2149 1923 nitas
2173 1869 2418 1946 regiones
2439 1879 2492 1924 et
2521 1872 2770 1927 civitates
2799 1877 3030 1932 crudelis
3082 1879 3262 1934 intulit
3305 1883 3502 1938 mundo
3546 1885 3572 1923 δ

2001 1955 2174 2012 hostis
2207 1957 2545 2027 immundus;
2573 1963 2832 2032 quidquid
2855 1965 3212 2024 historialiter
3233 1981 3386 2041 capta
3415 1972 3571 2041 Troja

1998 2047 2239 2116 pertulit,
2271 2049 2530 2120 quidquid
2558 2052 2929 2125 Hierosolyma
2955 2059 3208 2127 praedicta
3232 2075 3329 2129 per
3351 2063 3579 2132 prophe-

1999 2147 2180 2193 tarum
2231 2140 2442 2211 eloquia
2500 2142 2789 2212 bajulavit,
2837 2147 3097 2217 quidquid
3148 2149 3436 2221 Babylonia
3480 2167 3577 2221 per

1999 2229 2400 2299 Scripturarum
2453 2232 2662 2303 eloquia
2713 2237 2944 2302 sustulit,
2997 2238 3259 2310 quidquid
3305 2249 3577 2311 postremo

1997 2321 2168 2376 Roma
2207 2323 2571 2392 apostolorum
2601 2327 2878 2384 nobilitate
2908 2330 3159 2386 decorata
3190 2333 3575 2404 martyrialiter

1996 2410 2246 2478 confecit,
2271 2415 2450 2468 omnia
2481 2425 2533 2468 et
2565 2425 2642 2470 tot
2687 2417 2942 2488 Hispania
2986 2421 3254 2490 quondam
3298 2423 3568 2489 deliciosa,

1988 2499 2049 2559 'et
2075 2521 2216 2561 nunc
2245 2507 2443 2561 misera
2469 2507 2678 2575 effecta,
2704 2519 2810 2564 tam
2835 2511 2885 2565 in
2911 2512 3114 2568 honore
3137 2528 3297 2583 quam
3326 2515 3488 2569 etiam
3513 2515 3566 2569 in

1994 2595 2256 2650 dedecore
2286 2607 2506 2665 experta
2533 2597 2654 2652 fuit.

2062 2687 2150 2742 58.
2180 2687 2313 2742 Nam
2347 2688 2400 2742 in
2430 2705 2534 2742 tera
2583 2689 2704 2756 750,
2745 2705 2886 2744 anno
2936 2693 3144 2762 imperii
3195 2691 3310 2760 ejus
3353 2694 3405 2759 6,
3429 2695 3561 2748 Ara-

1993 2775 2120 2831 bum
2150 2775 2242 2841 94,
2272 2777 2424 2832 Muza
2455 2779 2684 2848 expletis
2710 2780 3019 2850 quindecim
3046 2782 3340 2846 mensibus,
3372 2798 3402 2836 a
3425 2783 3565 2852 prin-

1993 2866 2127 2936 cipis
2146 2867 2298 2935 jussu
2329 2869 2697 2938 praemonitus,
2723 2869 3032 2924 Abdallaziz
3066 2872 3081 2910 i
3115 2870 3284 2924 ﬁlium
3319 2871 3562 2942 linquens

1993 2959 2049 3013 in
2087 2958 2262 3014 locum
2299 2976 2478 3024 suum,
2503 2960 2656 3017 lectis
2680 2962 2949 3030 Hispania:
2975 2962 3280 3017 senioribus
3317 2963 3407 3032 qui
3439 2979 3563 3017 eva-

1991 3059 2174 3105 serant
2219 3050 2480 3121 gladium,
2515 3066 2636 3105 cum
2674 3067 2807 3106 auro
2836 3060 3144 3121 argentove,
3179 3053 3559 3121 trapecitarum

1987 3144 2165 3199 studio
2219 3144 2604 3212 comprobato,
2652 3144 2732 3198 vel
2776 3144 3063 3215 insignium
3115 3151 3553 3199 ornamentorum

1986 3243 2148 3304 atque
2190 3233 2550 3302 pretiosorum
2589 3233 2846 3302 lapidum,
2870 3233 3288 3304 margaritarum
3317 3239 3371 3287 et
3405 3232 3558 3286 unio-

1986 3341 2114 3378 num
2171 3324 2316 3394 (quo
2345 3325 2535 3378 ardere
2565 3324 2698 3378 solet
2727 3326 2948 3379 ambitio
2977 3322 3383 3395 matronarum)
3433 3339 3559 3378 con-

1985 3416 2150 3487 gerie,
2175 3416 2441 3485 simulque
2466 3415 2736 3484 Hispaniae
2761 3417 2968 3472 cunctis
2993 3417 3178 3486 spoliis
3206 3415 3251 3480 i,
3269 3415 3412 3486 quod
3446 3415 3558 3470 lon-

1983 3521 2110 3577 gum
2157 3513 2238 3560 est
2279 3505 2537 3571 scribere,
2578 3506 2859 3570 adunatis,
2898 3506 3008 3561 Ulit
3045 3506 3188 3576 regis
3218 3505 3558 3574 repatriando

1984 3610 2102 3651 sese
2127 3603 2418 3666 praisentat
2447 3596 2724 3652 obtutibus
2753 3611 2894 3651 anno
2921 3597 3070 3666 regni
3093 3595 3209 3666 ejus
3256 3604 3498 3650 extremo
3537 3613 3552 3648 :

1983 3699 2142 3756 quem
2178 3692 2230 3740 et
2259 3685 2351 3738 Dei
2394 3693 2524 3739 nutu
2552 3685 2748 3739 iratum
2787 3686 2985 3755 reperit
3016 3686 3319 3756 repedando
3343 3693 3398 3742 et
3419 3685 3557 3740 male

1982 3779 2049 3833 de
2075 3787 2362 3846 conspectu
2395 3777 2654 3846 principis
2681 3779 2892 3832 cervice
2916 3785 3073 3833 tenus
3106 3777 3322 3846 ejicitur
3348 3777 3556 3848 pompi-

1982 3869 2150 3923 sando
2178 3870 2299 3922 ιη..
2322 3869 2540 3924 nomine
2563 3868 2910 3934 Theudimer,
2938 3869 3029 3938 qui
3061 3869 3112 3922 in
3145 3868 3416 3938 Hispania:
3437 3882 3554 3938 par-

1981 3961 2125 4014 tibus
2165 3975 2272 4014 non
2311 3960 2553 4015 modicas
2581 3958 2819 4014 Arabum
2860 3959 3114 4015 intulerat
3153 3975 3342 4025 neces,
3372 3968 3427 4014 et
3461 3959 3551 4013 diu

1979 4052 2262 4122 exagitatis
2295 4067 2480 4122 pacem
2511 4068 2636 4107 cum
2681 4053 2761 4106 eis
2815 4051 3044 4108 fmderat
3093 4051 3415 4106 habendam.
3447 4049 3552 4104 Sed

1978 4145 2140 4198 etiam
2161 4145 2260 4198 sub
2282 4145 2443 4214 Egica
2465 4151 2519 4199 et
2542 4143 2742 4199 Witiza
2763 4143 3063 4200 Gothorum
3085 4144 3322 4215 regibus,
3338 4143 3391 4197 in
3405 4141 3551 4198 Grat-

1977 4248 2070 4288 cos
2105 4234 2196 4303 qui
2228 4247 2478 4303 aequoreo
2521 4232 2539 4272 ι
2580 4234 2865 4305 navalique
2911 4235 3327 4294 descenderant,
3357 4249 3452 4288 sua
3496 4232 3549 4286 in

304 4340 409 4394 que
425 4340 531 4379 non
553 4325 728 4380 solum
751 4325 1063 4380 ulteriorem
1087 4325 1418 4394 Hispaniam,
1441 4325 1536 4379 sed
1556 4323 1719 4379 etiam
1742 4325 1877 4380 cite-
1903 4352 1960 4418 υ
1978 4326 2149 4396 patria
2197 4326 2261 4380 de
2305 4326 2482 4394 palma
2535 4326 2778 4382 victoriae
2835 4327 3282 4396 triumphaverat.
3317 4324 3451 4379 Nam
3496 4333 3553 4377 et

303 4416 501 4472 riorem
527 4431 697 4486 usque
717 4417 854 4470 ultra
871 4415 1353 4487 Ca3saraugustam,
1369 4414 1798 4484 antiquissimam
1813 4434 1878 4474 ac

302 4507 736 4564 florentissimam
775 4508 1070 4573 civitatem,
1097 4507 1294 4562 dudum
1315 4505 1427 4576 jam
1443 4506 1646 4575 judicio
1665 4510 1760 4565 Dei
1786 4526 1878 4580 pa-

303 4606 479 4653 tenter
499 4607 758 4667 apertam,
791 4598 990 4668 gladio,
1028 4597 1167 4652 fame
1186 4605 1240 4651 et
1260 4597 1570 4666 captivitate
1591 4599 1880 4669 depopula-

302 4698 417 4744 tur:
437 4693 455 4712 ⁸
473 4688 492 4727 ί
507 4689 753 4744 civitates
767 4689 992 4744 decoras
1014 4689 1134 4758 igne
1154 4689 1544 4744 eoncrcmando
1557 4690 1874 4759 praecipitat,

301 4780 546 4835 seniores
574 4787 629 4834 et
656 4785 902 4849 potentes
932 4779 1111 4834 saeculi
1143 4779 1291 4834 cruci
1330 4778 1619 4846 adjudicat,
1651 4779 1879 4848 juvenes

303 4881 464 4942 atque
521 4871 782 4926 lactentes
827 4869 1151 4942 pugionibus
1219 4853 1487 4935 trucidaP;
1517 4870 1702 4939 sicque
1749 4871 1876 4925 dum

304 4963 392 5016 tali
439 4970 646 5016 terrore
673 4969 897 5017 cunctos
945 4960 1202 5024 stimulat,
1231 4972 1418 5028 pacem
1450 4959 1716 5014 nonnullae
1747 4959 1879 5013 civi-

373 5127 397 5156 ι
428 5114 519 5179 Μ.,
544 5123 599 5170 et
613 5114 800 5179 Sand.,
822 5113 995 5168 Muze.

372 5185 400 5223 δ
425 5183 533 5254 AL,
555 5184 846 5254 plerasque.

375 5265 398 5292 ε
428 5253 487 5307 Β.
501 5293 516 5318 ,
540 5253 864 5308 traductivis.

371 5321 398 5361 δ
428 5323 513 5394 8.,
551 5323 607 5377 in
637 5321 950 5377 Romaniam
969 5325 1193 5394 patriam
1221 5340 1274 5378 se
1295 5323 1556 5377 adventat.

377 5403 401 5430 ο
431 5391 540 5461 AL,
569 5391 1012 5461 suprauominutis
1037 5394 1227 5446 missis.

379 5461 397 5498 ί
427 5459 560 5584 gnat
579 5459 850 5518 asteriscis
867 5462 1208 5516 includuntur
1233 5463 1421 5517 desunt
1449 5465 1588 5532 apud
1619 5462 1874 5518 Marcam.

485 5568 522 5584 ..
551 5539 749 5584 euntem
779 5530 1016 5584 Daaclla:
1049 5531 1140 5584 alii
1171 5541 1226 5584 ut
1255 5533 1306 5584 in
1339 5541 1483 5584 textu

375 5532 401 5570 ⁸
440 5530 522 5600 Β.,
551 5539 749 5600 epotam
778 5530 1016 5600 pagella;
1049 5531 1140 5585 alii
1171 5541 1226 5584 ut
1255 5533 1306 5585 in
1339 5541 1483 5588 textu

368 5601 398 5641 ι
438 5598 528 5653 Sic
553 5598 623 5652 Μ.
653 5595 734 5662 8.,
761 5595 1171 5662 intulitmuudus
1200 5603 1310 5654 iste.
1395 5657 1401 5660 _

1982 4417 2148 4471 multa
2185 4418 2235 4472 ei
2261 4416 2495 4487 dignitas
2531 4426 2586 4472 et
2621 4418 2792 4473 honor
2827 4415 3089 4482 refertur,
3120 4431 3220 4471 nec
3267 4431 3375 4471 non
3421 4422 3475 4469 et
3519 4428 3549 4466 a

1979 4507 2304 4562 Christianis
2334 4507 2698 4563 Orientalibus
2741 4508 3071 4577 perquisitus
3125 4507 3399 4571 laudatur,
3429 4519 3550 4559 cum

1978 4609 2127 4655 tanta
2159 4601 2213 4655 in
2239 4617 2303 4656 eo
2328 4601 2544 4656 inventa
2574 4609 2716 4656 esset
2759 4617 2901 4656 verae
2947 4601 3071 4656 fidei
3121 4601 3455 4665 constantia,
3492 4610 3552 4655 ut

1976 4708 2165 4748 omnes
2187 4687 2296 4748 D’eo
2324 4693 2508 4748 laudes
2534 4693 2800 4748 referrent
2823 4709 2928 4747 non
2955 4693 3196 4748 modicas
3227 4711 3239 4745 :
3285 4691 3388 4746 fuit
3407 4691 3551 4746 enim

1979 4784 2378 4854 Scripturarum
2404 4793 2631 4851 amator,
2656 4784 2962 4854 eloquentia
3005 4784 3286 4849 mirificus,
3319 4783 3372 4838 in
3415 4798 3552 4852 pra:-

1975 4875 2063 4931 liis
2091 4877 2375 4948 expeditus
2398 4918 2413 4942 ,
2440 4877 2534 4947 qui
2567 4885 2623 4932 et
2649 4877 2787 4946 apud
2814 4875 3322 4931 Almiralmuminim
3351 4887 3389 4914 ιι·
3418 4889 3549 4944 pru-

1977 4969 2190 5024 dentior
2211 4969 2353 5024 inter
2371 4976 2595 5024 caeteros
2616 4968 2885 5033 inventus,
2903 4969 3106 5023 utiliter
3121 4975 3204 5023 est
3231 4967 3549 5032 honoratus,

2061 5125 2076 5164 ι
2119 5124 2211 5190 Μ.,
2241 5122 2572 5189 Abdelladiz;
2600 5123 2685 5189 C.,
2714 5124 3001 5186 Abdilazis.

2055 5192 2068 5265 ᾖ
2115 5193 2208 5265 Sic
2227 5193 2620 5265 Lf._B.,_cuncta
2639 5194 2933 5265 superﬁcie,
2959 5194 3116 5265 quod.
3147 5193 3242 5265 5L,
3269 5207 3406 5265 qua.

2052 5263 2076 5302 ιι
2111 5261 2358 5345 Quaa‘hic
2378 5260 2837 5345 videnturOdeesSe
2865 5260 3074 5334 supplet
3111 5260 3289 5318 abbas
3320 5263 3385 5317 de
3410 5260 3547 5315 Lon-

1975 5347 2177 5403 gnerue
2202 5333 2424 5398 addens,
2454 5333 2517 5385 At
2552 5332 2784 5402 quidam.
2931 5332 2946 5334 V
2967 5332 2982 5333 ί

2054 5401 2070 5440 ι
2103 5403 2169 5484 .B.
2201 5401 2514 5484 addit‘intra
2565 5403 2962 5484 parenthesim,
2985 5404 3296 5458 charactere
3340 5398 3543 5465 Italico,

1975 5473 2198 5544 agmine.
2227 5472 2296 5525 Μ.
2325 5481 2378 5526 et
2406 5471 2560 5536 Man,
2585 5475 2639 5527 in
2670 5471 2886 5553 firmis.
2956 5543 2966 5554 ο
3013 5543 3023 5554 .

2049 5555 2087 5582 ιη
2113 5542 2275 5596 Sand.
2302 5553 2354 5595 et
2377 5541 2534 5607 Marx,
2566 5545 2714 5595 Amtr
2739 5542 3079 5595 Almutmmn.

3461 241 3605 296 1201

3589 5325 3602 5372 t
