4004 6172
352 465 481 524 lilii}

1755 459 2166 516 CHRONICON.

3470 456 3604 509 12⁷266

348 587 402 634 et
423 582 635 648 pactum
660 565 805 645 quod
829 571 1032 628 dudum
1067 571 1136 626 ab
1159 569 1466 625 Abdallaziz
1503 578 1804 640 acceperat,
1837 568 1926 622 ﬁr-
1954 575 2002 630 Α
2030 570 2231 640 Hispali
2285 569 2488 626 divitiis
2539 577 2593 624 et
2649 569 2915 624 honorum
2963 567 3199 623 fascibus
3245 583 3367 624 cum
3423 571 3603 641 regina

351 671 508 723 miter
536 669 605 722 ab
644 680 711 721 eo
740 670 1040 734 reparatur.
1099 661 1296 732 Sicque
1339 662 1602 716 hactenus
1647 666 1927 731 permanet
2027 663 2296 734 Hispania:
2316 662 2368 717 in
2397 659 2646 730 conjugio
2673 659 2938 729 copulata,
2959 659 3094 716 tilias
3122 676 3305 732 regum
3333 677 3395 716 ac
3409 662 3608 731 princi-

352 760 642 824 stabilitus,
682 767 745 813 ut
791 755 1098 811 nullatenus
1152 769 1182 808 a
1237 753 1643 809 successoribus
1689 751 1928 805 Arabum
2026 767 2153 822 pum
2179 752 2485 822 pellicatas,
2514 761 2569 806 et
2595 751 2964 822 imprudenter
3003 751 3292 806 distractas
3320 760 3607 817 mstuaret,

353 859 517 906 tanta:
543 849 628 903 vis
649 844 1342 918 proligationisssolvatur,
1358 852 1412 897 et
1432 843 1508 897 sic
1531 842 1597 896 ad
1618 840 1930 911 Hispaniam
2030 843 2293 899 seditione
2337 860 2558 899 suorum
2615 843 2779 908 facta,
2830 842 3062 897 orationi
3113 843 3348 906 instans,
3387 843 3611 899 consilio

355 947 562 997 remeat
580 938 974 1008 gaudibundus.

2030 933 2170 1003 Ajub
2191 935 2488 990 occiditur:
2513 943 2674 1003 atque
2697 950 2762 989 eo
2785 933 3098 1002 Hispaniam
3125 933 3412 1000 retinente,
3428 949 3614 988 mense

423 1033 513 1089 39.
541 1030 897 1087 Athanaildus
917 1038 1039 1100 post
1066 1037 1297 1084 mortem
1325 1027 1494 1096 ipsius
1521 1025 1673 1079 multi
1710 1023 1934 1079 honoris
2035 1025 2272 1096 impleto,
2305 1026 2509 1081 Alahor
2545 1027 2596 1081 in
2633 1042 2794 1097 regno
2845 1026 3118 1096 Hesperia:
3161 1042 3257 1097 per
3295 1027 3613 1098 principalia

337 1133 413 1181 et
445 1121 831 1194 magnitudinis
855 1121 1105 1175 habetur.
1135 1119 1265 1172 Erat
1292 1117 1434 1173 enim
1460 1116 1513 1170 in
1534 1115 1785 1170 omnibus
1803 1129 1935 1182 opu-

365 1213 696 1269 lentissimus
714 1211 980 1273 dominus,
1005 1217 1061 1265 et
1083 1210 1134 1263 in
1158 1208 1289 1278 ipsis
1312 1207 1533 1261 nimium
1560 1204 1801 1275 pecunia;
1827 1202 1938 1256 dis-

359 1313 616 1376 pensator
646 1321 659 1356 :
692 1301 786 1358 sed
812 1311 933 1372 post
965 1301 1234 1356 modicum
1267 1299 1592 1354 Alhoozzam
1621 1311 1716 1351 rex
1747 1294 1939 1364 Hispa-

362 1394 506 1448 niam
553 1392 902 1463 aggrediens,
931 1391 1114 1446 nescio
1158 1405 1266 1458 quo
1310 1387 1493 1443 furore
1531 1393 1811 1455 arreptus,
1833 1399 1939 1438 non

364 1483 603 1538 modicas
638 1480 864 1550 injurias
899 1481 954 1535 in
979 1495 1102 1535 eum
1131 1479 1332 1543 attulit,
1355 1487 1410 1533 et
1434 1479 1488 1532 in
1512 1485 1595 1531 ter
1613 1476 1801 1531 novies
1821 1473 1942 1528 mil-

364 1573 434 1628 lia
458 1573 755 1628 solidorum
769 1571 1062 1626 damnavit.
1089 1569 1404 1636 Quoaudito
1427 1567 1697 1623 exercitus
1708 1566 1800 1635 qui
1818 1579 1942 1619 cum

365 1665 500 1719 duce
531 1663 677 1732 Belgi
705 1663 1056 1726 advenerant,
1082 1661 1183 1716 sub
1212 1660 1384 1729 spatio
1407 1659 1521 1712 fere
1548 1659 1711 1712 trium
1733 1657 1944 1710 dierum

365 1755 547 1809 omnia
591 1760 803 1823 parant,
827 1761 883 1806 et
925 1752 1087 1807 citius
1115 1752 1182 1806 ad
1213 1751 1558 1813 Alhoozzam,
1589 1752 1946 1818 cognomento

367 1845 720 1908 Ahulchatar,
749 1843 981 1913 gratiam
1005 1842 1033 1882 δ
1064 1850 1340 1907 revocant,
1369 1840 1703 1909 diversisque
1734 1835 1949 1892 muniﬁ-

368 1937 668 1993 cationibus
703 1935 1100 1991 remunerando
1137 1934 1448 1988 sublimant.

437 2026 528 2080 40.
561 2025 912 2095 Supradictus
936 2024 1045 2080 Ulit
1068 2024 1538 2079 Amiralmuminin
1565 2022 1729 2094 (quod
1753 2021 1948 2076 idioma

369 2119 520 2190 regni
548 2119 601 2172 in
624 2119 803 2187 lingua
825 2132 1013 2173 eorum
1039 2124 1256 2172 resonat
1279 2118 1454 2170 omnia
1478 2131 1720 2185 prospere
1745 2110 1950 2184 gerens)

368 2207 613 2278 praevisis
642 2218 664 2245 ο
708 2207 876 2275 copiis
921 2207 1294 2260 universarum
1341 2205 1604 2275 gentium,
1633 2217 1731 2256 nec
1762 2216 1870 2256 non
1898 2206 1954 2254 et

374 2317 600 2357 munera
636 2300 904 2370 Hispanize
922 2315 1045 2354 cum
1070 2299 1369 2370 puellarum
1393 2296 1686 2352 decoritate
1717 2294 1818 2348 sibi
1859 2307 1955 2348 ex-

372 2393 566 2456 hibita,
591 2401 646 2447 et
671 2391 726 2446 in
752 2391 926 2447 oculis
951 2389 1068 2459 ejus
1095 2389 1383 2460 prtevalida
1435 2387 1574 2442 fama
1610 2387 1954 2457 parvipensa,

373 2485 500 2540 dum
524 2501 646 2539 eum
675 2484 960 2540 tormentis
988 2483 1329 2554 plectendum
1359 2482 1516 2537 morti
1539 2480 1832 2549 adjudicat,
1857 2479 1959 2534 im-

373 2583 587 2647 petratu
639 2589 738 2643 pro
791 2588 857 2628 eo
905 2572 1196 2642 prmsulum
1246 2571 1332 2626 vel
1388 2571 1709 2640 Optimatum
1763 2567 1960 2636 quibus

378 2665 544 2720 multa
577 2679 642 2721 ex
678 2664 782 2719 illis
809 2662 1232 2718 alﬁuentissimis
1264 2662 1465 2717 divitiis
1502 2661 1642 2716 bona
1667 2659 1958 2722 obtulerat,

379 2755 525 2810 mille
541 2754 706 2810 millia
727 2763 781 2809 et
793 2754 973 2808 decies
992 2763 1220 2809 centena
1234 2752 1401 2806 millia
1424 2749 1716 2806 solidorum
1734 2761 1960 2802 numero

379 2845 656 2909 damnans,
679 2845 787 2901 Ulit
809 2846 931 2900 vita:
957 2844 1246 2900 terminum
1275 2845 1450 2899 dando
1472 2859 1503 2897 e
1531 2840 1728 2897 saeculo
1745 2841 1960 2910 migrat.

381 2934 532 3002 Quod
569 2936 658 2990 ille
695 2935 920 2991 consilio
949 2934 1269 2990 nobilissimi
1307 2933 1408 2989 viri
1446 2932 1670 2996 Urbani,
1694 2929 1963 2986 Africanae

381 3028 616 3098 regionis
640 3028 741 3082 sub
761 3026 1013 3097 dogmate
1039 3024 1316 3081 catholicae
1341 3023 1463 3080 ﬁdei
1487 3023 1684 3086 exorti,
1709 3021 1803 3092 qui
1837 3035 1961 3076 cum

379 3133 446 3173 eo
479 3125 702 3173 cunctas
726 3117 998 3186 Hispaniae
1040 3117 1422 3171 adventaverat
1449 3114 1677 3184 patrias,
1717 3119 1958 3181 accepto,

381 3207 757 3276 complendum
806 3221 907 3276 pro
952 3205 1121 3261 nihilo
1165 3213 1404 3274 exoptat,
1445 3214 1604 3274 atque
1649 3218 1750 3274 pro
1793 3203 1960 3257 multa

383 3299 657 3368 opulentia
680 3315 872 3369 parum
903 3299 1212 3368 impositum
1255 3315 1396 3354 onus
1437 3299 1749 3354 existimat:
1781 3298 1964 3366 sicque

386 3389 733 3457 ﬁdejussores
756 3390 934 3448 dando
961 3406 1060 3462 per
1084 3406 1211 3446 suos
1231 3390 1455 3446 libertos
1481 3390 1786 3460 congeriem
1814 3403 1968 3443 num-

388 3496 601 3536 morum
636 3481 958 3546 dinumerat,
984 3489 1148 3550 atque
1182 3481 1320 3536 mira
1347 3481 1632 3536 velocitate
1661 3479 1970 3550 impositum

386 3571 598 3640 pondus
634 3578 848 3626 exactat
881 3569 930 3635 ά,
960 3571 1148 3642 sicque
1190 3571 1522 3627 successoris
1569 3580 1812 3639 tempore
1839 3569 1971 3624 ﬁsco

388 3663 650 3732 assignat.

461 3751 549 3806 ll.
581 3755 597 3771 ‘
637 3764 659 3792 ε
688 3752 857 3822 Hujus
886 3753 1220 3823 temporibus
1251 3752 1303 3805 in
1342 3766 1448 3805 mra
1480 3751 1606 3816 752,
1637 3755 1654 3772 ‘
1686 3765 1828 3804 anno
1875 3750 1976 3804 im-

387 3843 526 3913 perii
555 3841 675 3913 ejus
697 3853 908 3908 octavo,
937 3844 1176 3898 Arabum
1207 3843 1297 3908 96,
1325 3842 1430 3898 Ulit
1459 3851 1672 3897 mortuo
1697 3840 1974 3895 Zulemam

389 3935 651 4006 sanguine
678 3933 846 3988 frater
870 3935 1167 3991 honoriﬁce
1192 3934 1486 3990 secundum
1517 3934 1820 4002 expositum
1868 3931 1977 3986 fra-

391 4026 496 4081 tris
521 4027 763 4081 succedit
787 4027 842 4080 in
872 4042 1059 4097 regno.
1101 4027 1310 4096 Regnat
1335 4041 1462 4080 ann.
1491 4025 1543 4078 3.
1600 4023 1700 4078 Hic
1750 4022 1979 4079 infestus

391 4116 691 4180 Romaniae,
719 4116 944 4172 fratrem
987 4133 1095 4172 non
1129 4117 1196 4171 de
1225 4117 1388 4172 simili
1427 4124 1598 4171 matre
1638 4116 1978 4186 progenitum

395 4208 698 4264 Muzzilima
725 4211 964 4275 nomine,
993 4226 1115 4266 cum
1138 4218 1355 4265 centum
1385 4209 1620 4264 millibus
1645 4216 1979 4263 armatorum

394 4298 466 4353 ad
495 4299 775 4355 delendam
801 4299 1121 4355 Romaniam
1145 4301 1331 4355 mittit.
1373 4299 1471 4355 Hic
1498 4299 1814 4370 Pergamum
1844 4301 1984 4354 anti-

394 4391 701 4464 quissimam
728 4401 776 4445 et
805 4393 1234 4462 ﬂorentissimam
1279 4393 1418 4446 Asia:
1447 4392 1704 4445 civitatem
1731 4390 1862 4446 bello
1889 4392 1985 4445 im-

393 4483 609 4554 petitam
630 4484 806 4554 gladio
829 4483 990 4540 simul
1017 4500 1140 4538 cum
1165 4485 1287 4550 igne
1314 4483 1489 4538 ﬁnivit
1517 4483 1816 4539 seductione
1837 4481 1987 4537 dece-

393 4582 538 4644 ptam
591 4573 633 4626 f.
685 4575 886 4630 Deinde
929 4575 1450 4645 Constantinopolim
1500 4591 1819 4646 properans,
1859 4573 1986 4629 dum

393 4666 695 4734 periclitari
741 4683 798 4722 se
827 4668 1058 4722 diversis
1094 4668 1508 4723 necessitatibus
1538 4667 1842 4722 Muzzilima
1867 4682 1988 4736 pro-

2027 1113 2178 1183 jussa
2193 1117 2446 1176 succedit,
2465 1117 2549 1171 cui
2574 1117 2638 1170 de
2654 1125 2826 1170 morte
2849 1116 3154 1170 Abdallaziz
3180 1117 3248 1170 ita
3273 1117 3524 1182 edicitur,
3557 1125 3616 1170 ut

2036 1208 2189 1278 quasi
2219 1207 2445 1262 consilio
2468 1207 2704 1278 Egilonis
2740 1209 2901 1277 regize
2929 1205 3174 1277 conjugis
3205 1208 3474 1278 quondam
3507 1208 3620 1263 Hu-

2039 1302 2205 1358 derici
2235 1303 2397 1371 regis,
2427 1318 2588 1372 quam
2617 1302 2717 1357 sibi
2763 1300 3290 1370 sociaverat,jugum
3327 1301 3619 1356 Arahicum

2041 1411 2070 1450 a
2110 1411 2207 1450 sua
2236 1396 2444 1450 cervice
2472 1402 2759 1450 conaretur
2785 1402 3030 1448 avertere
3061 1395 3109 1458 3,
3134 1402 3189 1448 et
3226 1409 3448 1464 regnum
3478 1393 3622 1448 inva-

2043 1506 2162 1544 sum
2189 1490 2421 1545 Hiberia:
2448 1490 2664 1546 sibimet
2685 1499 3030 1560 retemptare.

2115 1602 2203 1656 43.
2229 1601 2362 1656 Aira
2390 1602 2512 1666 754,
2544 1603 2909 1658 Romanorum
2932 1603 2999 1658 64
3027 1603 3356 1673 Philippicus
3397 1598 3624 1671 imperio

2046 1702 2338 1749 coronatur
2365 1709 2600 1764 regnans
2619 1693 2854 1749 civiliter
2879 1695 3153 1764 quadrans
3173 1710 3296 1750 cum
3318 1709 3480 1756 anno,
3505 1708 3627 1763 per—

2049 1784 2186 1838 actis
2213 1799 2243 1838 a
2279 1783 2546 1854 principio
2576 1784 2760 1839 mundi
2799 1785 2956 1839 annis
2977 1783 3135 1838 59l6.
3166 1783 3336 1853 Hujus
3389 1792 3628 1851 tempore

2051 1875 2104 1929 in
2127 1891 2235 1930 tura
2258 1875 2552 1946 supralata,
2577 1892 2718 1933 anno
2739 1877 3023 1948 Philippici
3055 1879 3249 1948 primo,
3274 1877 3513 1932 Arabum
3538 1877 3629 1940 98,

2051 1965 2324 2021 Zulemam
2350 1965 2744 2022 Saracenorum
2773 1981 2938 2039 regno
2970 1975 3233 2037 retempto
3265 1977 3446 2038 regnat
3478 1965 3633 2020 annis

2055 2059 2246 2114 tribus.
2283 2058 2490 2114 Arabes
2521 2060 2838 2115 Romaniam
2889 2061 3088 2116 acriter
3129 2061 3476 2131 populantur.
3506 2060 3635 2114 Per-

2055 2165 2270 2220 gamum
2297 2151 2730 2220 antiquissimam
2751 2168 2815 2207 ac
2853 2150 3288 2207 ﬂorentissimam
3330 2151 3472 2206 Asia:
3497 2151 3623 2205 civi-

2057 2247 2221 2294 tatem
2261 2239 2442 2296 ultrici
2473 2243 2722 2298 incendio
2747 2252 3097 2298 concremant
3124 2244 3174 2298 ιι.
3201 2242 3372 2312 Hujus
3395 2251 3639 2313 tempore

2057 2331 2259 2386 Alahor
2281 2347 2379 2402 per
2401 2331 2714 2404 Hispaniam
2744 2333 2974 2390 lacertos
2998 2332 3242 2403 judicum
3266 2334 3449 2398 mittit,
3473 2341 3638 2403 atque

2060 2421 2375 2477 debellando
2403 2430 2459 2478 et
2493 2424 2828 2493 paciﬁcando
2868 2440 3004 2495 pene
3042 2440 3141 2494 per
3167 2435 3277 2479 tres
3317 2439 3488 2480 annos
3511 2424 3639 2486 Gal-

2061 2512 2187 2567 liam
2234 2513 2638 2570 Narbonensem
2692 2517 2864 2586 petit,
2917 2524 2973 2573 et
3027 2516 3288 2586 paulatim
3324 2517 3638 2587 Hispaniam

2061 2603 2372 2659 ulteriorem
2401 2607 2680 2677 vectigalia
2705 2609 2976 2665 censendo
3002 2625 3330 2681 componens
3347 2651 3361 2674 ,
3393 2609 3460 2664 ad
3484 2609 3644 2664 Hibe-

2063 2695 2198 2750 riam
2229 2696 2538 2753 citeriorcm
2565 2715 2622 2754 se
2651 2700 2881 2771 subrigit
2917 2704 2959 2767 ί,
2985 2716 3219 2771 regnans
3251 2716 3424 2756 annos
3454 2715 3645 2770 supra-

2065 2786 2318 2857 scriptos.

2135 2898 2226 2952 44.
2267 2897 2400 2954 ,ιΕιὫ
2429 2899 2553 2964 756,
2583 2900 2954 2958 Romanorum
2997 2903 3066 2957 65
3106 2902 3428 2958 Anastasius
3478 2903 3650 2972 impe-

2065 2988 2148 3043 rio
2173 2997 2465 3046 coronatur
2487 3031 2502 3056 ,
2537 3007 2767 3061 regnans
2787 2993 3019 3048 civiliter
3059 2993 3293 3050 dodrans
3321 3009 3442 3048 cum
3485 3009 3646 3059 anno,

2066 3084 2302 3152 peractis
2331 3100 2362 3138 a
2391 3084 2660 3156 principio
2680 3087 2866 3142 mundi
2909 3087 3068 3141 annis
3119 3086 3278 3142 59l8.
3311 3084 3480 3154 Hujus
3509 3092 3649 3140 tem-

2068 3175 2291 3245 poribus
2318 3175 2599 3231 Zulemam
2633 3176 2874 3231 Arabum
2899 3192 3122 3247 regnum
3147 3184 3335 3231 tenens
3361 3175 3530 3231 ﬁlium
3556 3191 3653 3244 pa-

1989 3273 2037 3336 c
2071 3265 2176 3318 trui
2199 3264 2366 3320 Omar
2393 3267 2630 3328 nomine,
2661 3267 2745 3321 vel
2777 3266 3000 3321 fratrem
3029 3263 3146 3332 ejus
3172 3265 3271 3320 lzit
3305 3265 3406 3319 sibi
3437 3280 3654 3320 succes-

2069 3371 2222 3411 sores
2266 3356 2416 3426 regni
2471 3356 2718 3412 adciscit.
2763 3357 2820 3412 ln
2853 3357 3110 3427 Hispania
3139 3372 3269 3412 vero
3296 3356 3500 3412 Alahor
3539 3355 3651 3426 jam

2070 3448 2246 3503 dictus
2269 3448 2550 3518 patriciam
2577 3447 2590 3498 i
2623 3448 2924 3504 Cordobam
2939 3449 3248 3505 obseditans
3261 3449 3653 3504 Saracenorum

2071 3540 2403 3610 disponendo
2432 3556 2657 3610 regnum
2696 3550 2984 3612 retemptat
3017 3542 3066 3607 ιι,
3093 3550 3254 3611 atque
3283 3556 3371 3596 res
3401 3541 3606 3596 ablatas
3634 3540 3652 3580 ι

2071 3637 2326 3708 paciﬁcas
2360 3637 2687 3694 Christianis
2724 3639 2793 3694 ob
2821 3636 3102 3708 vectigalia
3140 3637 3410 3692 thesauris
3429 3635 3660 3706 publicis

2074 3728 2355 3784 inferenda
2387 3729 2672 3784 instaurat.
2705 3729 2906 3784 Mauris
2944 3729 3144 3784 dudum
3190 3727 3479 3798 Hispanias
3507 3743 3657 3782 com-

2074 3809 2381 3878 meantibus
2407 3836 2596 3892 pinnas
2616 3837 2718 3892 pro
2769 3821 3038 3876 thesauris
3085 3821 3367 3876 absconsis
3416 3821 3658 3889 irrogat:

2075 3923 2240 3986 atque
2282 3915 2336 3969 in
2359 3914 2536 3970 cilicio
2558 3925 2612 3970 et
2642 3915 2842 3978 cinere,
2893 3913 3172 3970 vermibus
3214 3912 3300 3967 vel
3327 3910 3590 3983 pediculis
3619 3920 3660 3948 ιιι

2077 4008 2496 4064 scaturientibus
2525 4007 2772 4078 alligatos
2795 4005 2848 4060 in
2880 4019 3098 4062 carcere
3128 4013 3183 4061 et
3210 4005 3417 4060 catenis
3441 4011 3667 4060 onustos

2081 4110 2410 4172 retemptat;
2435 4109 2490 4156 et
2518 4101 2958 4171 qumstionando,
2989 4098 3071 4154 vel
3100 4099 3342 4153 diversas
3366 4113 3553 4167 pinnas
3583 4096 3666 4151 in-

2080 4192 2322 4259 ferendo,
2355 4191 2606 4264 ﬂagellat.

2151 4302 2241 4357 45.
2269 4304 2373 4358 Per
2386 4304 2528 4358 idem
2553 4310 2765 4372 tempus
2785 4302 3076 4371 incipiente
3091 4315 3198 4356 aera
3225 4299 3348 4362 757,
3377 4314 3518 4354 anno
3540 4296 3668 4352 Ara-

2084 4397 2212 4451 bum
2241 4393 2361 4460 100,
2414 4397 2468 4450 in
2498 4395 2758 4465 Hispania
2785 4395 3080 4465 deliquium
3111 4393 3241 4449 solis
3297 4393 3364 4448 ab
3393 4393 3527 4447 hora
3559 4391 3666 4447 diei

2085 4489 2311 4559 septima
2358 4503 2528 4558 usque
2578 4490 2631 4543 in
2656 4489 2847 4543 horam
2873 4503 3070 4542 nonam
3103 4487 3236 4548 ﬁeri,
3272 4485 3444 4542 stellis
3470 4485 3602 4541 visis
3638 4502 3668 4540 a

2017 4580 2364 4684 Dnonnullis
2403 4580 2569 4635 fuisse
2623 4579 3003 4650 dignoscitur;
3035 4594 3066 4632 a
3108 4577 3382 4648 plerisque
3419 4592 3526 4632 non
3566 4575 3670 4631 nisi

2091 4682 2335 4743 tempore
2374 4672 2554 4727 Zamaa
2595 4671 2925 4727 successoris
2970 4671 3074 4725 hoc
3120 4669 3435 4742 apparuisse
3459 4668 3676 4724 convin-

395 4757 573 4826 spieit,
607 4758 830 4814 alterius
858 4760 1116 4830 principis
1136 4758 1292 4828 jussu
1319 4774 1428 4816 non
1482 4759 1707 4813 nimium
1759 4757 1991 4821 feliciter
2091 4767 2253 4821 citur.

397 4850 697 4918 repedavit.

471 4942 560 4997 42.
597 4943 701 4997 Per
731 4945 870 4999 idem
909 4953 1136 5014 tempus,
1173 4945 1226 4998 in
1281 4958 1390 4997 atra
1431 4941 1558 5004 755,
1587 4957 1728 4996 anno
1780 4941 1990 5012 imperii

2163 4855 2252 4910 46.
2284 4854 2418 4910 Era
2459 4854 2584 4919 757,
2617 4848 2984 4909 Romanorum
3016 4853 3084 4908 66
3106 4851 3442 4918 Arthemius,
3474 4851 3568 4922 qui
3619 4859 3676 4908 et

2093 4949 2452 5013 Theodosius,
2489 4947 2718 5017 imperio
2754 4954 3067 5009 coronatur,
3101 4959 3332 5016 regnans
3362 4942 3520 4998 annis
3544 4943 3685 4998 duo-«

395 5037 520 5106 eius
567 5039 624 5102 9,
665 5037 905 5093 Arabum
937 5037 1026 5101 97,
1055 5035 1366 5092 Abdallalil
1410 5049 1626 5089 omnem
1677 5033 1990 5104 Hispaniam
2092 5043 2214 5106 bus,
2247 5041 2480 5110 peractis
2505 5055 2535 5094 a
2561 5038 2828 5109 principio
2872 5037 3057 5092 mundi
3106 5036 3263 5091 annis
3315 5033 3474 5090 5920.
3506 5032 3677 5103 Hujus

393 5145 500 5200 per
541 5137 650 5184 tres
699 5143 870 5183 annos
919 5128 1020 5182 sub
1042 5126 1326 5183 censuario
1370 5123 1502 5194 jugo
1535 5123 1990 5193 paciﬁcans,cum

474 5282 498 5309 α
540 5269 630 5324 Sic
663 5268 732 5322 lli.
767 5267 961 5333 Marc.,
997 5265 1404 5338 proﬂigationis.
1433 5265 1518 5330 B.,
1565 5273 1725 5317 tantm
1760 5263 1860 5316 vim
1899 5280 1993 5334 per

395 5342 689 5410 ligationis.

477 5410 503 5449 δ
545 5410 626 5471 8.,
652 5408 929 5462 Abuliatar
950 5408 1142 5477 gratia.

478 5490 499 5516 ε
543 5478 733 5540 Sand.,
758 5479 1064 5548 prmmissis.

475 5549 502 5587 ἀ
544 5548 636 5603 Sic
658 5547 824 5602 Sand.
860 5548 954 5619 8.,
975 5556 1204 5618 exoptat.
1232 5547 1324 5613 M.,
1350 5549 1598 5619 congerit.

479 5631 503 5658 ο
539 5619 828 5673 Asteriscis
854 5615 1284 5673 inclusa'desunt
1313 5615 1467 5687 apud
1488 5618 1556 5671 Μ.
1588 5628 1642 5672 et
1677 5615 1845 5671 Sand.

483 5689 501 5728 τ
547 5690 630 5751 8.,
663 5687 763 5742 Hic
789 5689 969 5742 Asiam
991 5687 1123 5742 bello
1151 5683 1470 5757 impeditam,
1492 5687 1668 5758 gladio
1695 5683 1854 5758 simgul
1873 5701 1992 5758 cum

400 5761 523 5828 igne
551 5759 736 5826 ﬁnivit,
758 5759 1045 5828 deceptam.
1075 5755 1237 5812 Deest
1273 5759 1326 5810 in
1356 5757 1417 5812 C.
1445 5755 1748 5828 deceptam.
1769 5755 1990 5828 Contin.

404 5819 604 5883 Hicla'r.
637 5836 696 5881 ut
722 5819 775 5882 in
801 5819 970 5891 tex'tu,
989 5828 1188 5882 rectius
1210 5835 1356 5882 certe
1374 5845 1400 5891 ;~
1430 5843 1534 5882 non
1557 5819 1701 5882 enim
1725 5826 1871 5892 Asia,
1897 5826 1992 5881 sed

406 5899 714 5968 supradicta
746 5898 937 5954 civitas
975 5897 1318 5969 Pergamum,
1343 5898 1511 5953 deleta
1537 5896 1654 5952 fuit.

2093 5135 2429 5206 temporibus
2453 5131 2673 5186 tutelam
2696 5131 2766 5186 ob
2787 5128 3202 5185 sanctimoniam
3225 5127 3359 5198 legis
3377 5141 3488 5183 suae
3513 5123 3680 5182 Omar

2169 5273 2193 5311 ⁸
2217 5270 2287 5324 Μ.
2317 5278 2372 5324 et
2397 5266 2588 5328 Sand.,
2612 5275 2858 5321 evertere.

2165 5341 2190 5381 ιι
2223 5341 2356 5396 Vide
2378 5355 2529 5394 num.
2557 5338 2646 5393 41.

2163 5411 2314 5549 ὶβὸἰξ
2343 5411 2476 5466 Mar.
2536 5419 2591 5464 et
2629 5407 2820 5473 Sand.,
2863 5407 2949 5473 B.,
2996 5404 3229 5461 Iberiam
3271 5406 3565 5462 citeriorem
3626 5421 3682 5461 se

2236 5500 2284 5549 gi
2315 5521 2328 5534 .
2488 5536 2495 5542 ,
3341 5507 3346 5510 ·

2093 5484 2328 5550 subrigit.
2488 5536 2495 5542 ,
3341 5507 3346 5510 -

2153 5551 2182 5600 'i
2223 5551 2312 5616 M.,
2341 5551 2588 5616 patriam.

2167 5622 2194 5660 ιι
2225 5621 2316 5678 Sic
2335 5616 2470 5676 Mar.
2496 5621 2557 5674 Β.
2583 5636 2690 5675 non
2711 5619 2876 5676 habet
2897 5634 3132 5690 regnum,
3157 5625 3214 5674 et
3235 5617 3355 5676 loco
3381 5616 3677 5674 obseditans

2093 5692 2246 5764 ponit
2267 5693 2553 5764 obsidione.
2581 5691 2672 5754 Μ..
2704 5691 2972 5764 prwsidio.

2175 5763 2191 5802 ι
2223 5764 2315 5818 Sic
2340 5763 2400 5817 Β.
2428 5762 2552 5828 Alii,
2581 5757 2737 5834 atque
2764 5761 3013 5818 resculas.
3043 5757 3138 5828 M.,
3160 5759 3401 5819 miulas.

2169 5846 2206 5874 ω
2239 5835 2324 5901 8.,
2349 5831 2678 5905 pedutrculis.
