4020 6170
398 430 530 483 ΙΞοΠ
1027 423 1200 479 S.EC.
1245 421 1356 478 V'lll
1392 418 1761 477 AUCTORES
1800 416 1960 472 ANK!
1996 416 2292 472 lNCERTl.
2324 447 2395 457 —
2419 414 2669 472 [SIDORI
2703 412 3040 470 PACENSIS
3518 409 3660 469 1268

390 537 542 592 fratri
568 533 773 590 suolzit
793 530 1000 599 gerenti
1027 528 1387 601 gubernacula
1415 528 1565 599 regni
1593 527 1643 581 ei
1672 525 1896 581 adciseit
1917 537 1965 579 ει.
1998 532 2047 588 Α
2075 526 2232 579 annis
2266 524 2426 579 5944.
2476 523 2578 578 Hic
2615 523 2726 578 Leo
2774 523 3030 578 militaris
3068 521 3369 592 disciplinae
3405 531 3662 591 expertus

390 627 491 694 Qui
520 626 683 682 Οιτιιιι⁵
701 630 931 678 vacante
961 622 1104 677 omni
1131 620 1320 691 pnnlio
1350 627 1512 674 tanta:
1538 616 1891 689 benignitatis
1916 623 1971 668 et

388 720 661 791 patientia:
713 718 768 771 in
811 732 975 786 regno
1003 715 1243 780 exstitit,
1291 721 1350 767 ut
1380 713 1646 766 hactenus
1703 716 1886 762 tantus
1922 708 1971 760 ei

393 818 563 864 honor
590 807 813 876 lausque
858 806 1143 869 referatur,
1175 812 1235 856 ut
1282 818 1391 857 non
1422 799 1597 855 solum
1647 814 1677 852 a
1707 796 1838 859 suis,
1879 794 1972 850 sed

390 904 555 955 ctiam
581 901 648 955 ab
674 898 912 954 externis
943 912 1056 967 prae
1083 894 1293 950 cunctis
1320 892 1604 947 retroactis
1637 888 1974 961 principibus

390 992 753 1049 beatificctur.
787 990 960 1044 Tanta
991 995 1173 1040 autem
1201 983 1557 1040 sanctimonia
1588 981 1636 1036 ei
1661 978 1971 1040 ascribitur,

392 1089 593 1153 quanta
623 1079 754 1135 nulli
784 1093 1021 1148 unquam
1052 1092 1117 1132 ex
1149 1073 1388 1128 Arabum
1415 1080 1594 1143 gente.
1629 1068 1735 1123 Sed
1770 1066 1822 1121 in
1854 1079 1975 1135 reg-

392 1188 524 1229 num
548 1187 656 1227 non
676 1171 765 1227 diu
795 1167 1158 1241 gubernacula
1195 1173 1486 1235 prorogata
1514 1168 1641 1217 sunt
1671 1158 1722 1213 δ.

462 1262 553 1317 47.
576 1262 745 1333 Igitur
765 1260 866 1316 lzit
887 1256 1266 1330 gubernaculis
1290 1254 1440 1325 regni
1458 1254 1857 1308 Saracenorum
1885 1249 1977 1304 de-

393 1356 614 1410 cedente
636 1352 801 1409 fratre
829 1367 928 1423 per
954 1349 1348 1405 successionem
1374 1345 1531 1416 plene
1557 1343 1810 1412 acceptis,
1825 1356 1982 1396 exer-

396 1446 537 1502 citus
560 1443 772 1515 generis
800 1443 884 1498 sui
912 1441 1004 1511 qui
1031 1440 1172 1511 apud
1214 1439 1407 1494 Persas
1435 1436 1658 1491 tutelam
1694 1434 1975 1505 gerebant,

394 1537 747 1594 rebellionem
788 1534 961 1590 moliti
1004 1532 1188 1601 civilia.
1231 1538 1541 1602 praeparant
1580 1528 1759 1584 bella:
1794 1526 1980 1595 sicque
2021 1525 2029 1532 ”

394 1627 623 1682 fratrem
650 1627 849 1681 dudum
876 1640 1039 1694 supra
1062 1624 1416 1684 nominatum,
1445 1620 1713 1674 Muzilima
1740 1617 1976 1681 nomine,

395 1735 520 1773 cum
549 1718 762 1772 infinito
787 1717 1030 1771 exercitu
1057 1716 1298 1779 mittens,
1331 1715 1384 1768 in
1407 1714 1614 1782 campis
1639 1710 1981 1782 Babylonicis

396 1826 560 1881 supra
597 1809 804 1880 Tigrim
826 1809 1047 1863 fluvium
1074 1821 1255 1879 pugna
1278 1806 1587 1869 commissa,
1618 1805 1801 1859 statim
1834 1803 1980 1858 acies

2073 615 2193 670 fuit.
2223 613 2481 670 Saraceni
2509 616 2608 670 sub
2634 613 2820 680 Omar,
2849 615 2943 682 qui
2964 612 3125 668 fratri
3153 629 3381 682 regnum
3409 611 3665 668 decreve-

2075 716 2180 774 rat,
2212 709 2278 762 ad
2309 708 2581 763 modicum
2608 707 2886 776 degentes,
2911 704 3047 760 nihil
3068 719 3388 774 prosperum
3414 712 3663 774 captant:

2075 800 2174 855 sub
2221 799 2321 853 lzit
2365 813 2492 852 vero
2536 797 2722 866 prmlia
2772 794 2948 850 multa
2995 794 3557 865 exegeruntzquibus
3611 800 3663 847 et

2074 900 2197 961 post
2236 891 2505 946 modicum
2552 890 2651 945 sub
2694 889 2914 943 lliscam
2951 902 3050 941 suo
3086 900 3215 955 rege
3239 886 3430 940 urbem
3460 885 3668 954 regiam

2073 982 2491 1054 properantibus
2558 978 2976 1052 expugnandam
3010 1016 3026 1042 ,
3097 974 3414 1044 reipublicae
3486 973 3665 1028 accla-

2078 1052 2257 1127 mante
2283 1071 2431 1127 omni
2455 1078 2644 1127 senatu
2677 1069 2790 1123 L.o
2812 1067 3047 1137 imperii,
3075 1074 3136 1119 ut
3159 1064 3415 1130 diximus,
3430 1052 3686 1133 suscepit.

2078 1171 2314 1232 sceptra.

2149 1253 2238 1308 51.
2282 1253 2450 1322 Hujus
2496 1252 2832 1323 temporibus
2876 1250 2975 1305 lzit
3021 1264 3116 1303 rex
3168 1248 3565 1303 Saracenorum
3614 1246 3669 1299 in

2079 1362 2188 1402 tera
2236 1344 2511 1415 suprafata
2558 1344 2711 1414 regni
2738 1343 2998 1413 primaeva
3029 1340 3238 1395 obtinet
3261 1336 3624 1409 gubernacula
3652 1354 3666 1390 :

2082 1439 2206 1494 talis
2249 1438 2395 1493 enim
2433 1437 2575 1491 inter
2599 1436 2810 1490 Arabes
2834 1443 3051 1488 tenetur
3076 1432 3345 1501 perpetim
3370 1444 3583 1493 norma,
3608 1437 3668 1482 ut

2082 1544 2190 1583 non
2236 1527 2341 1581 nisi
2387 1541 2486 1596 per
2531 1533 2757 1580 cunctas
2808 1537 2996 1593 regum
3041 1521 3415 1577 successiones
3464 1533 3667 1589 praem-

2083 1619 2262 1690 gative
2309 1635 2339 1672 a
2392 1617 2634 1687 principe
2688 1615 2990 1685 percipiant
3047 1614 3314 1668 nomina:
3353 1620 3415 1666 ut
3459 1626 3524 1664 eo
3570 1610 3669 1664 de-

2082 1710 2307 1765 cedente
2357 1710 2561 1777 absque
2607 1706 2865 1762 seandalo
2907 1705 3104 1760 adeant
3151 1704 3431 1775 regiminis
3474 1703 3668 1773 guber-

2085 1803 2303 1857 uacula.

395 1900 857 1973 tyrannizantium
909 1899 1045 1953 mira
1099 1898 1356 1953 dilabitur
1404 1896 1548 1965 fuga,
1574 1906 1738 1964 atque
1787 1893 1980 1947 ducem
2016 1883 2058 1942 Β
2155 1896 2245 1950 52.
2288 1896 2391 1950 Per
2435 1895 2576 1949 idem
2609 1902 2822 1963 tempus
2862 1892 2918 1947 in
2960 1906 3069 1947 azra
3119 1890 3243 1955 759,
3282 1904 3424 1944 anno
3458 1885 3671 1957 imperii

397 1993 619 2049 sceleris
645 1992 865 2047 nomine
892 1991 991 2045 lzit
1042 1989 1489 2061 comprehensum
1529 1986 1683 2042 venia
1722 1998 1979 2041 concessa

400 2092 682 2140 reservant
706 2084 775 2138 ad
802 2084 989 2138 vitam.
1475 2146 1479 2150 ἢ

469 2174 559 2229 48.
589 2174 744 2230 Tunc
784 2174 840 2228 in
868 2174 1176 2230 Occidentis
1214 2174 1462 2244 partibus
1508 2173 1676 2227 multa
1718 2171 1797 2227 illi
1838 2186 1981 2241 prte-

398 2267 577 2323 liando
604 2267 928 2339 proveniunt
955 2283 1233 2338 prospera,
1274 2275 1435 2337 atque
1457 2282 1553 2338 per
1588 2268 1778 2321 ducem
1814 2265 1980 2320 Zama

397 2357 617 2413 nomine
656 2365 769 2413 tres
794 2358 973 2413 minus
992 2357 1267 2430 paululum
1295 2374 1466 2414 annos
1500 2359 1554 2412 in
1583 2356 1840 2428 Hispania
1885 2358 1982 2413 du-

398 2454 580 2501 catum
621 2447 944 2513 habentem,
986 2446 1300 2502 ulteriorem
1340 2447 1425 2502 vel
1466 2446 1777 2502 citeriorem
1818 2445 1983 2500 Hibe-

398 2537 536 2591 riam
560 2538 777 2609 proprio
803 2537 943 2609 stylo
967 2539 1034 2593 ad
1061 2537 1340 2609 vectigalia
1382 2537 1659 2594 inferenda
1700 2536 1978 2593 describit.

397 2626 608 2682 Praedia
640 2637 662 2666 ο
706 2636 761 2683 et
797 2627 1087 2693 manualia,
1127 2628 1210 2683 vel
1241 2628 1502 2699 quidquid
1546 2627 1676 2683 illud
1719 2636 1805 2683 est
1840 2628 1983 2698 quod

398 2718 529 2775 olim
551 2719 915 2787 praedabiliter
940 2720 1231 2775 indivisum
1262 2719 1621 2791 retemptabat
1644 2719 1699 2773 in
1725 2718 1983 2788 Hispania

401 2826 534 2879 gens
562 2811 738 2866 omnis
771 2811 1023 2878 Arabica,
1073 2821 1220 2868 sorte
1244 2812 1407 2867 sociis
1435 2811 1721 2866 dividendo
1752 2809 1983 2883 (partem

403 2901 625 2971 reliquit
668 2902 930 2959 militibus
974 2900 1361 2975 dividendam),
1384 2909 1593 2972 partem
1639 2917 1709 2956 ex
1752 2902 1899 2957 omni
1926 2917 1985 2957 re

404 2991 591 3047 mobili
611 3000 667 3047 et
694 2993 956 3049 immobili
996 2994 1127 3049 fisco
1170 2994 1423 3049 associat.
1467 2993 1749 3049 Postremo
1781 2991 1986 3048 Narbo-

405 3095 626 3137 nensem
653 3079 884 3138 Galliam
927 3098 1081 3139 suam
1118 3081 1269 3149 facit,
1299 3091 1624 3154 gentemque
1653 3083 1986 3138 Francorum

2081 1985 2278 2041 Leonis
2318 1984 2574 2048 secundo,
2625 1982 2866 2037 Arabum
2911 1980 3034 2043 105,
3078 1980 3306 2035 Ambiza
3347 1977 3516 2032 semis
3547 1990 3674 2029 cum

2080 2083 2314 2146 quatuor
2339 2074 2497 2129 annis
2523 2073 2889 2144 principatum
2914 2071 3185 2140 Hispania:
3212 2078 3336 2140 apte
3364 2074 3673 2137 retemptat,

2081 2169 2172 2238 qui
2198 2176 2253 2223 et
2288 2166 2402 2237 ipse
2448 2182 2573 2222 cum
2614 2173 2774 2237 gente
2807 2177 2829 2204 ε
2860 2164 3192 2222 Francorum
3240 2175 3448 2232 pugnas
3500 2158 3676 2212 medi-

2083 2264 2271 2328 tando,
2298 2272 2354 2318 et
2378 2277 2477 2332 per
2498 2261 2736 2316 directos
2753 2266 3002 2327 satrapas
3015 2254 3367 2324 insequendo,
3386 2250 3678 2306 infeliciter

2084 2362 2276 2412 certat.
2301 2352 2539 2408 Furtivis
2554 2367 2683 2405 vero
2698 2348 3107 2419 obreptiouibus
3125 2360 3224 2416 per
3243 2345 3573 2399 lacertorum
3592 2356 3677 2395 cu-

2083 2462 2215 2503 neos
2228 2444 2511 2500 nonnullas
2525 2443 2774 2497 civitates
2786 2441 2870 2494 vel
2885 2438 3105 2495 castella
3122 2435 3488 2493 demutilando
3498 2434 3690 2488 stimu-

2084 2538 2188 2593 lat:
2208 2539 2393 2607 sicque
2415 2534 2696 2606 vectigalia
2721 2532 3048 2589 Christianis
3074 2529 3343 2599 duplicata
3371 2525 3679 2596 exagitans,

2084 2631 2322 2688 fascibus
2346 2630 2617 2684 honorum
2642 2626 2785 2696 apud
2801 2623 3093 2694 Hispanias
3113 2621 3269 2677 valde
3288 2619 3609 2689 triumphat.

2158 2724 2248 2779 55.
2281 2721 2330 2794 [ί
2371 2720 2542 2790 Hujus
2573 2728 2630 2775 et
2656 2727 2901 2791 tempore
2930 2716 3101 2773 Judmi
3136 2715 3348 2780 tentati,
3383 2712 3546 2769 sicuti
3567 2711 3681 2781 jam

2087 2816 2145 2872 in
2174 2812 2462 2870 'l‘heodOsii
2487 2810 2712 2866 minoris
2741 2809 2979 2874 fuerant,
3002 2824 3035 2863 a
3065 2807 3302 2878 quodam
3339 2803 3526 2860 Judteo
3556 2811 3680 2858 sunt

2090 2906 2320 2972 seducti,
2370 2904 2464 2975 qui
2513 2910 2568 2959 et
2612 2918 2710 2973 per
2756 2900 3116 2972 antiphrasim
3160 2913 3359 2953 nomen
3408 2896 3682 2966 accipiens

2091 2999 2347 3065 Serenus,
2381 2996 2587 3052 nubilio
2627 3008 2815 3051 errore
2839 3008 2937 3049 eos
2963 2993 3183 3058 invasit,
3221 2990 3586 3059 Messiamque
3621 3004 3681 3045 se

2088 3088 2412 3161 prmdicans,
2463 3086 2585 3142 illos
2636 3085 2706 3141 ad
2754 3092 2957 3138 terram
3018 3080 3460 3153 repromissionis
3509 3079 3681 3134 velari

404 3170 779 3242 frequentibus
805 3172 963 3229 bellis
987 3173 1250 3240 stimulat,
1286 3181 1341 3228 et
1367 3172 1570 3229 electos
1602 3173 1802 3228 milites
1823 3172 1988 3228 Sara-
2017 3233 2059 3249 Α
2088 3182 2359 3246 enuntiat,
2409 3188 2573 3249 atque
2620 3179 2805 3233 omnia
2838 3193 2958 3248 qua:
2992 3176 3345 3247 possidebant
3370 3183 3429 3229 ut
3464 3174 3682 3229 amitte-

403 3279 659 3323 cenorum
682 3265 737 3319 in
763 3266 1082 3336 praedictum
1107 3265 1457 3322 Narbonense
1480 3266 1735 3336 oppidum
1754 3265 1824 3321 ad
1846 3279 1986 3336 pra:-

404 3355 542 3411 sidia
568 3358 766 3412 tuenda
793 3356 1050 3414 decenter
1069 3357 1297 3413 collocat
1322 3375 1335 3411 :
1362 3368 1525 3428 atque
1558 3357 1614 3412 in
1637 3355 1984 3413 concurrenti

404 3447 605 3502 virtute
646 3447 762 3518 jam
798 3449 978 3504 dictus
1021 3449 1130 3505 dux
1178 3449 1427 3506 Tolosam
1476 3465 1648 3520 usque
1693 3446 1986 3518 prmliando

406 3540 668 3610 pervenit,
698 3556 925 3613 eamque
948 3541 1229 3599 obsndione
1253 3543 1496 3615 cingens,
1525 3542 1709 3599 fundis
1733 3550 1788 3598 et
1812 3542 1991 3597 diver-

406 3631 484 3685 sis
511 3646 768 3702 generum
808 3632 1077 3689 machinis
1119 3649 1433 3705 expugnare
1468 3643 1698 3690 conatus
1738 3641 1822 3689 est
1846 3651 1859 3686 :
1886 3633 1991 3689 sic-

408 3737 513 3790 que
541 3720 875 3778 Francorum
922 3731 1110 3793 gentes
1158 3724 1252 3778 tali
1287 3725 1353 3780 de
1388 3724 1581 3781 nuntio
1622 3731 1804 3788 certae,
1849 3722 1991 3794 apud

406 3815 598 3868 ducem
622 3814 791 3884 ipsius
811 3816 987 3885 gentis
1012 3815 1290 3871 Eudonem
1318 3817 1535 3872 nomine
1562 3824 1988 3887 congregantur:

410 3903 503 3957 ubi
528 3902 655 3956 dum
701 3903 842 3971 apud
892 3903 1144 3960 Tolosam
1193 3906 1475 3974 utriusque
1526 3907 1800 3961 exercitus
1846 3905 1995 3961 acies

408 3994 561 4065 gravi
585 3994 931 4051 dimicatione
957 3996 1271 4068 confligunt,
1290 3999 1469 4052 Zama
1495 3998 1685 4053 ducem
1723 3998 1996 4054 exercitus

418 4085 815 4140 Saracenorum
866 4103 990 4142 cum
1037 4098 1194 4158 parte
1246 4089 1607 4144 multitudinis
1657 4098 1995 4160 congregata:

413 4173 707 4229 occidunt:
738 4175 1002 4247 reliquum
1049 4178 1348 4233 exercitum
1390 4195 1488 4249 per
1531 4179 1713 4251 fugam
1753 4180 1997 4251 elapsum

412 4274 732 4337 sequuntur.
770 4267 1011 4336 Quorum
1043 4268 1433 4325 Abderramam
1456 4272 1692 4343 suscepit
1721 4272 1996 4343 principa-

416 4367 527 4412 tum
578 4375 742 4413 unum
783 4376 880 4429 per
918 4377 1179 4426 mensem,
1211 4361 1383 4419 donec
1410 4363 1477 4418 ad
1505 4364 1821 4434 principalia
1845 4363 1997 4434 jussa

413 4453 621 4507 veniret
648 4452 876 4509 Ambiza
901 4452 927 4493 ἀ
960 4470 1146 4510 eorum
1170 4465 1369 4511 rector.

2012 3233 2061 3295 C

2090 3278 2214 3339 rent
2256 3271 2524 3341 imperat:
2558 3286 2666 3340 quo
2706 3268 2852 3324 facto
2895 3269 3086 3324 inanes
3117 3276 3173 3323 et
3202 3267 3357 3323 vacui
3403 3282 3679 3323 remanse«

2090 3370 2235 3418 runt.
2265 3360 2373 3416 Sed
2406 3360 2497 3415 ubi
2526 3360 2631 3415 hoc
2657 3359 2727 3414 ad
2750 3358 3032 3415 Ambizam
3058 3358 3325 3428 pervenit,
3348 3357 3533 3413 omnia
3556 3372 3679 3427 qua:

2094 3453 2393 3508 amiserant
2445 3450 2577 3506 ﬁsco
2616 3450 2873 3506 associat.
2903 3448 3171 3506 Serenum
3194 3450 3265 3505 ad
3294 3465 3354 3506 se
3378 3463 3684 3506 convocans

2089 3545 2267 3598 virum
2292 3542 2339 3597 si
2369 3540 2595 3597 Messias
2622 3556 2743 3597 esse
2762 3556 2884 3611 quae
2911 3541 3006 3596 Dei
3028 3539 3213 3598 facere
3241 3537 3553 3612 cogitaret.]
3581 3536 3686 3605 Qui

2091 3637 2220 3692 dum
2243 3643 2522 3705 postremo
2559 3633 2872 3705 suprafatus
2909 3632 3137 3691 Ambiza
3175 3649 3273 3704 per
3297 3650 3355 3690 se
3380 3633 3681 3704 expeditio-

2094 3742 2220 3783 nem
2260 3726 2601 3781 Francorum
2644 3725 2965 3797 ingeminat,
3019 3741 3142 3782 cum
3183 3726 3329 3780 omni
3378 3740 3542 3779 manu
3586 3740 3684 3794 pu-

2092 3816 2234 3873 blica
2258 3815 2630 3872 incursionem
2657 3815 2872 3871 illorum
2900 3817 3045 3872 illico
3074 3817 3385 3872 meditatur.
3427 3816 3530 3884 Qui
3556 3817 3683 3871 dum

2095 3910 2317 3967 rabidus
2360 3908 2624 3980 pervolat,
2668 3918 2844 3966 morte
2875 3910 3095 3979 propria
3121 3909 3244 3964 vitae
3266 3908 3559 3963 terminum
3589 3921 3689 3977 pa-

2096 4011 2182 4059 rat
2229 4017 2246 4057 :
2291 4010 2457 4073 atque
2508 4001 2720 4058 Hedera
2781 4001 3057 4058 consulem
3124 4001 3315 4073 patriae
3374 4000 3477 4056 sibi
3534 4014 3686 4055 com-

2084 4095 2277 4150 missa:
2301 4095 2388 4149 vel
2415 4094 2718 4164 principem
2753 4094 3025 4149 exercitus
3055 4092 3383 4163 repedantis,
3412 4091 3498 4147 vel
3527 4087 3688 4162 quasi

2098 4185 2423 4241 refrenantis
2445 4186 2503 4240 in
2527 4193 2775 4240 extremo
2800 4185 2924 4239 vitae
2948 4185 3156 4255 positus
3182 4183 3417 4240 ordinat.

2169 4278 2258 4333 54.
2298 4277 2398 4333 Cui
2433 4277 2617 4334 statim
2656 4278 2709 4332 in
2743 4291 2851 4332 aera
2891 4277 3012 4339 765,
3043 4292 3184 4332 anno
3214 4275 3477 4346 suprafati
3516 4275 3690 4344 impe-

2102 4371 2300 4427 ratoris
2346 4385 2485 4441 pene
2524 4369 2637 4440 jam
2688 4378 2873 4435 sexto,
2928 4369 3171 4424 Arabum
3212 4368 3331 4432 107,
3381 4367 3691 4421 Saracenos

2100 4465 2246 4520 labia
2285 4465 2505 4520 nomine
2528 4464 2737 4519 monitu
2773 4464 3077 4534 principum
3105 4463 3400 4518 succedens
3426 4462 3691 4516 terribilis

486 4545 576 4644 d9.
614 4547 718 4602 Per
749 4549 889 4644 idem
930 4556 1152 4644 templis
1184 4548 1508 4606 Fredoarius
1546 4550 1819 4606 Accitantc
1854 4551 1998 4605 sedis
2033 4583 2080 4644 ο
2102 4563 2400 4626 potestator
2425 4555 2543 4611 fere
2557 4555 2791 4610 triennio
2813 4554 3049 4610 crudelis
3066 4562 3347 4618 exaestuat,
3381 4562 3548 4624 atque
3572 4554 3690 4607 acri

415 4637 720 4706 episcopus,
767 4638 1013 4694 Urbanus
1058 4639 1351 4701 Toletanre.
1368 4641 1512 4697 sedis
1541 4643 1689 4697 urbis
1725 4642 1887 4712 regia:
1912 4657 2002 4697 ca-

418 4730 678 4786 tiicdralis
702 4739 991 4787 veteranus
1018 4733 1333 4798 melodicus,
1376 4745 1539 4805 atque
1573 4734 1813 4803 ejusdem
1860 4737 2004 4791 sedis

419 4822 680 4877 Evantius
704 4822 1138 4890 archidiaconus,
1170 4823 1395 4879 nimium
1424 4826 1687 4892 doctrina,
1714 4835 1769 4881 et
1796 4829 2004 4897 sapien-

419 4913 512 4979 tia,
536 4913 825 4969 sanctitate
851 4930 1086 4986 quoque,
1114 4922 1169 4968 et
1190 4915 1244 4969 in
1266 4917 1413 4971 omni
1438 4918 1734 4973 secundum
1762 4918 2004 4988 Scriptu-

420 5021 508 5059 ras
536 5020 650 5075 spe,
680 5006 783 5059 fide
807 5012 861 5060 et
884 5005 1150 5061 cltaritatc
1172 5006 1240 5061 ad
1269 5005 1676 5064 confortandam
1706 5007 2001 5065 Ecclesium

423 5096 511 5149 Dei
537 5097 667 5151 clari
698 5098 982 5152 habentur.

492 5186 579 5240 50.
610 5187 741 5243 dira
773 5188 892 5253 758,
934 5191 1297 5247 Romanorum
1332 5191 1400 5245 67
1449 5190 1559 5246 Leo
1591 5192 1816 5261 imperio
1850 5208 2004 5247 coro-

423 5288 599 5343 natur,
649 5292 840 5351 regnat
881 5283 1040 5338 annis
1072 5283 1165 5350 24,
1190 5284 1427 5354 peractis
1452 5300 1482 5338 a
1511 5284 1777 5355 principio
1814 5285 2002 5340 mundi

495 5443 519 5469 η
552 5431 642 5498 δίη
668 5433 846 5507 Hujus
871 5434 1189 5507 temporibus
1231 5435 1292 5489 ob
1316 5437 1716 5491 sanctimoniam
1744 5436 1870 5507 legis
1894 5455 2004 5491 sua:

426 5499 591 5579 (fruar
650 5499 881 5579 [mtrem
918 5499 1073 5579 suum
1133 5505 1270 5579 [sig
1311 5508 1400 5579 ad
1446 5499 1813 5579 gubernacula.
1861 5509 2003 5579 regni

424 5569 521 5620 sibi
562 5569 1079 5647 seciunradsciscit.
1133 5574 1195 5628 D.
1240 5569 1486 5647 Rodrigf,
1518 5593 1638 5629 cum
1690 5577 1748 5631 in
1785 5569 2002 5632 tutelam

428 5641 575 5703 regni
603 5640 847 5696 adscivit.

469 5709 528 5789 .b
559 5709 647 5764 Sic
780 5712 869 5789 B.,_
903 5712 1255 5789 gubernacula
1281 5754 1292 5766 .
1324 5755 1335 5766 .
1370 5756 1381 5768 .
1408 5716 1555 5789 plene
1576 5718 1791 5789 accepit.
1832 5718 2005 5771 Excr-

432 5780 869 5856 ritugencrissni
910 5780 1051 5849 apud
1102 5782 1288 5836 Persas
1316 5780 1529 5840 tutelam
1558 5780 1782 5856 geruliat.
1841 5789 2001 5841 rebs!-

430 5848 618 5905 liuurm
645 5849 875 5904 molitus.
947 5848 951 5849 ί
1426 5876 1433 5884 η

2105 4646 2320 4717 ingenio
2356 4645 2626 4715 Hispaniae
2668 4645 2973 4700 Saracenos
3000 4653 3055 4699 et
3079 4644 3295 4699 Mauros
3318 4658 3417 4713 pro
3443 4642 3692 4713 pacificis

2104 4738 2265 4792 rebus
2285 4735 2416 4791 olim
2441 4734 2636 4791 ablatis
2672 4735 2930 4806 exagitat,
2964 4744 3130 4805 atque
3165 4734 3493 4790 Christianis
3530 4733 3691 4805 plura

2106 4835 2393 4882 restaurat.

2172 4916 2261 4970 55.
2304 4915 2475 4985 Hujus
2518 4916 2851 4986 temporibus
2892 4915 2993 4972 lzit
3033 4926 3231 4987 quarto
3278 4917 3494 4987 expleto
3544 4933 3691 4972 anno

2103 5008 2171 5063 ab
2197 5008 2302 5063 hac
2338 5008 2457 5063 luce
2500 5007 2771 5078 migravit,
2804 5007 2962 5062 fratri
2991 5023 3213 5077 regnum
3244 5008 3562 5077 relinquens
3591 5008 3690 5062 Hi-

2103 5114 2252 5154 scam
2298 5099 2537 5165 nomine,
2587 5106 2643 5154 et
2672 5108 2795 5169 post
2822 5098 3042 5153 fratrem
3073 5106 3259 5152 natum
3292 5099 3498 5168 proprii
3529 5097 3691 5153 semi-

2106 5190 2190 5245 nis
2224 5190 2503 5246 adciscens
2532 5192 2752 5246 nomine
2777 5191 2967 5245 Alulit.
2993 5191 3095 5258 Qui
3126 5190 3343 5249 lliscam
3387 5190 3690 5262 primordio

2104 5298 2215 5338 suae
2246 5283 2533 5353 potestatis
2568 5284 2624 5338 in
2651 5300 2760 5339 tera
2796 5283 2916 5348 76],
2948 5300 3092 5340 anno
3119 5285 3329 5355 imperii
3357 5285 3557 5342 Leonis
3575 5285 3690 5355 iam

2178 5452 2199 5477 ε
2229 5439 2321 5494 Sic
2346 5439 2405 5494 Β.
2442 5440 2536 5503 Μ.,
2566 5440 2822 5508 prwdam.

2175 5509 2201 5549 δ
2230 5511 2313 5563 Al.
2326 5551 2339 5573 ,
2380 5509 2623 5564 Umbiza.

2179 5594 2202 5619 ε
2226 5581 2307 5644 8.,
2334 5590 2514 5634 contra
2537 5590 2732 5644 gentes.

2180 5650 2198 5691 τ
2239 5651 2402 5707 Uncis
2450 5649 2659 5705 inclusa
2701 5649 2955 5719 periocha
2982 5652 3132 5707 deest
3161 5653 3216 5708 in
3236 5654 3367 5708 edit.
3403 5652 3693 5719 Reperitur

2106 5732 2285 5777 autem
2317 5722 2368 5775 in
2394 5737 2495 5776 ms.
2525 5719 2914 5789 Complutensi,
2961 5730 3034 5789 et,
3078 5731 3137 5777 ut
3183 5726 3349 5780 refert
3388 5724 3452 5779 D.
3480 5719 3670 5779 Barca

2108 5796 2161 5852 in
2186 5793 2369 5849 Codice
2396 5791 2710 5849 Put'isit'usi.
