4020 6170
308 376 449 433 {2‘39

1721 374 2132 431 CHRONICON.

3421 379 3557 434 19.ῒο

303 490 437 547 dicti
472 503 609 560 pene
643 489 755 560 jam
787 492 995 562 quinto,
1036 491 1275 549 Arabum
1319 491 1444 560 106,
1478 492 1611 548 satis
1655 506 1714 547 se
1762 506 1877 545 mo-
1904 495 1953 550 Δ
1981 506 2091 545 sem
2117 490 2371 545 Mammct
2396 489 2547 554 adiit,
2578 490 2823 544 turbidus
2860 488 3225 546 Ahdcrraman
3269 507 3390 547 cum
3432 507 3549 547 nec-

299 580 518 637 destum
535 583 826 639 ostendens
846 584 1102 641 nonnulla
1126 600 1382 656 prospera
1404 601 1504 656 per
1528 586 1690 640 duces
1724 598 1880 639 exer—

299 674 441 729 citus
463 690 501 729 a-
519 689 578 730 se
621 675 817 731 missos
846 676 899 730 in
926 676 1188 733 Romania
1223 686 1365 733 terra
1392 685 1447 732 et
1468 677 1656 748 pelago
1690 677 1874 748 gessit.

301 760 354 833 ξι
389 762 447 817 In
484 764 726 820 occiduis
765 781 980 835 quoque
1024 768 1270 838 partibus
1312 783 1480 839 prope
1512 767 1643 823 nihil
1675 769 1879 823 clarum

298 852 553 925 peregit.]
599 854 801 910 Deinde
846 857 1139 926 cupiditate
1179 868 1478 929 prtereptus
1520 869 1623 924 est,
1649 868 1704 914 et
1731 867 1879 913 tanta

298 942 548 998 collectio
586 947 935 1015 pecuniarum
971 962 1068 1017 per
1104 950 1268 1004 duces
1309 950 1365 1005 in
1399 950 1669 1007 Orientem
1697 960 1752 1007 et
1776 952 1881 1007 Oc-

299 1032 569 1088 cidentem
616 1034 686 1089 ab
725 1036 839 1105 ipso
877 1037 1120 1093 missosb
1148 1047 1231 1094 est
1276 1039 1438 1106 facta,
1482 1050 1680 1111 quanta
1732 1043 1879 1098 nullo

300 1138 543 1193 unquam
582 1132 826 1196 tempore
867 1143 898 1181 a
934 1128 1152 1197 regibus
1177 1142 1198 1169 ο
1226 1131 1316 1200 qui
1358 1140 1483 1187 ante
1507 1148 1629 1187 eum
1662 1132 1878 1189 fuerunt

297 1214 510 1269 exstitit
551 1226 897 1289 congregata.
930 1218 1086 1275 Unde
1136 1235 1242 1275 non
1286 1222 1511 1278 modicae
1555 1224 1876 1293 populorum

297 1313 532 1361 catervae
552 1315 837 1364 cernentes
862 1309 916 1364 in
943 1324 1010 1365 eo
1040 1310 1339 1381 improbam
1363 1328 1584 1369 manere
1614 1315 1876 1385 cupidita—

297 1407 428 1465 tem,
462 1399 532 1454 ab
574 1398 690 1468 ejus
726 1402 929 1457 ditione
959 1418 1085 1457 suas
1113 1403 1357 1458 dividunt
1384 1414 1609 1470 mentes,
1649 1407 1740 1460 ubi
1768 1423 1874 1461 non

297 1489 510 1544 modica
551 1500 733 1561 strage
769 1506 869 1561 per
902 1501 1016 1548 tres
1050 1492 1163 1549 fere
1196 1502 1251 1548 et
1280 1503 1512 1563 quatuor
1539 1512 1711 1552 annos
1738 1498 1875 1551 civi-

298 1578 424 1634 liter
461 1578 625 1647 facta,
658 1583 745 1637 vix
773 1597 885 1638 sua:
908 1584 1157 1654 potestati
1186 1585 1493 1655 provincias
1517 1588 1758 1656 perditas
1791 1606 1875 1644 rc-

299 1671 572 1729 formavit.

365 1762 457 1817 56.
493 1762 665 1833 Hujus
714 1773 986 1835 tempore,
1034 1765 1088 1822 in
1130 1784 1238 1823 tera
1295 1768 1415 1836 766,
1467 1786 1610 1825 anno
1660 1769 1870 1840 imperii

297 1853 539 1924 ejusdem
576 1829 680 1922 ἰο,
726 1829 981 1915 Ara-humi
1009 1860 1131 1927 ιιι,
1171 1829 1489 1930 ιιιεοτιιη’6,
1547 1829 1753 1920 οίιίιίιέ
1790 1865 1874 1919 vir
1903 1829 1948 1887 ⁸

296 1947 515 2002 levitate
566 1947 794 2020 plenus,
850 1952 1171 2008 auctoritate
1222 1970 1254 2009 a
1298 1956 1435 2015 duce
1488 1955 1742 2013 Africano
1785 1974 1874 2013 ac-

296 2034 474 2107 cepta,
504 2040 597 2108 qui
634 2050 779 2097 sorte
809 2041 1079 2113 Hispaniae
1113 2054 1433 2115 potestatem
1464 2062 1676 2119 semper
1703 2064 1735 2102 a
1762 2065 1877 2104 mo-

297 2134 413 2189 nitu
457 2135 716 2205 principis
765 2136 867 2191 sibi
918 2137 1113 2208 gaudet
1153 2140 1271 2196 fore
1321 2141 1604 2206 collatam,
1651 2157 1749 2212 per
1781 2156 1873 2196 sex

300 2238 519 2278 menses
584 2225 787 2293 absque
846 2226 953 2281 ulla
1010 2228 1277 2298 gravitate
1339 2238 1669 2299 retemptans
1694 2270 1709 2296 ,
1765 2245 1878 2299 prae

296 2317 569 2387 paucitate
617 2318 770 2389 regni
819 2318 956 2374 nihil
1001 2319 1223 2392 dignum
1278 2322 1674 2393 adversamque
1724 2323 1876 2395 inge-

297 2408 495 2463 minat.

369 2498 459 2553 57.
501 2500 607 2555 Per
647 2499 790 2556 idem
834 2509 1044 2573 tempus
1068 2505 1133 2559 ad
1166 2506 1454 2577 regendam
1486 2505 1798 2576 Hispaniam
1824 2505 1880 2559 in

301 2604 410 2645 mra
441 2589 563 2656 767,
620 2606 761 2646 anno
810 2591 1021 2661 imperii
1070 2591 1308 2662 ejusdem
1354 2595 1442 2662 ll,
1472 2595 1707 2652 Arabum
1758 2596 1879 2660 ΗΞ,

302 2678 521 2735 Hiscam
558 2681 612 2746 7,
647 2681 912 2737 Antuman
957 2683 1025 2738 ab
1078 2681 1350 2740 Africanis
1398 2687 1641 2756 partibus
1688 2686 1885 2741 tacitus

307 2780 583 2844 properat.
622 2772 650 2813 (ι
699 2773 799 2830 Hic
853 2775 1090 2845 quinque
1132 2778 1406 2833 mensibus
1449 2778 1735 2849 Hispanias
1780 2794 1881 2849 gu-

303 2861 548 2917 bernavit
581 2882 594 2917 :
625 2871 749 2934 post
793 2880 931 2935 quos
976 2868 1144 2922 vitam
1198 2868 1392 2934 finivit,
1444 2877 1499 2924 et
1548 2870 1746 2925 missus
1799 2878 1883 2925 est

304 2953 442 3009 alius
483 2955 759 3011 Autuman
804 2957 1044 3015 nomine.
1097 2958 1197 3014 Hic
1246 2967 1482 3029 quatuor
1526 2977 1623 3033 per
1667 2977 1883 3021 menses

304 3043 445 3098 rexit
486 3052 690 3104 terram
719 3064 732 3100 :
761 3055 886 3117 post
933 3064 1093 3119 quem
1140 3048 1358 3105 Hiscam
1394 3050 1672 3107 substituit
1716 3051 1880 3107 alium

304 3132 854 3237 nomine-Alhaytam.
876 3136 977 3193 Hic
997 3138 1064 3192 ad
1086 3137 1398 3209 Hispaniam
1426 3142 1712 3211 regendam
1741 3149 1881 3197 stre-
1904 3171 1955 3237 ρ

305 3240 412 3281 nne
442 3226 674 3297 sigillum
714 3229 801 3284 vel
838 3231 1217 3287 auctoritatem
1257 3233 1609 3305 principalem
1636 3249 1667 3288 a
1691 3250 1881 3306 supra-

305 3314 431 3371 fatis
478 3318 727 3388 partibus
768 3320 989 3376 missam
1022 3329 1272 3393 patenter
1314 3324 1666 3392 demonstrat,
1719 3334 1883 3397 atque

304 3407 433 3462 dum
474 3408 660 3463 decem
685 3424 781 3479 per
801 3426 1015 3467 menses
1050 3413 1294 3469 turbidus
1320 3421 1526 3485 regnat,
1562 3414 1744 3469 nescio
1774 3430 1883 3486 quo

304 3505 427 3552 astu
458 3499 746 3555 nonnullos
770 3499 978 3558 Arabas
1003 3518 1061 3558 se
1085 3503 1221 3560 velle
1255 3520 1421 3575 regno
1459 3502 1690 3573 dejicere
1738 3504 1882 3559 illico

305 3587 633 3659 investigat:
662 3591 805 3647 unde
861 3600 917 3648 et
966 3608 1061 3649 eos
1105 3596 1525 3665 comprehensos
1572 3596 1884 3666 aliquandiu

304 3678 549 3735 diversas
595 3681 905 3738 rebellionis
951 3684 1265 3740 occasiones
1313 3684 1536 3756 flagellis
1578 3692 1880 3754 extorquet,

303 3775 359 3824 et
399 3778 459 3824 ut
492 3770 631 3826 clam
670 3771 857 3841 jussus
904 3774 974 3830 ab
1020 3774 1229 3830 azmulis
1270 3776 1649 3831 transmarinis
1684 3774 1880 3841 fuerat,

305 3871 492 3927 poenas
515 3859 813 3929 inferendo,
837 3873 1111 3933 postremo
1133 3865 1308 3935 capite
1331 3873 1562 3921 truncat.
1586 3866 1730 3922 inter
1749 3881 1885 3936 quos

303 3950 403 4005 Zat
425 3950 758 4010 Saracennm
794 3967 819 3996 ε
846 3972 1062 4027 genere,
1091 3957 1305 4026 plenum
1347 3957 1615 4024 facundia,
1654 3960 1883 4027 clarum,

303 4048 467 4111 atque
495 4042 832 4099 diversarum
872 4061 1051 4101 rerum
1091 4047 1556 4119 0pulentissimum
1587 4050 1881 4118 dominum,

304 4147 462 4202 pmna
509 4143 782 4191 extortum
820 4138 905 4193 vel
939 4137 1122 4211 ﬂagris
1152 4139 1397 4207 illusum,
1445 4149 1608 4212 atque
1646 4142 1886 4213 colaphis
1928 4138 1937 4145 ’

303 4237 524 4290 czesnm,
558 4226 734 4296 gladio
776 4229 1048 4284 verberat.
1087 4229 1187 4297 Qui
1218 4242 1325 4286 non
1365 4241 1487 4303 post
1526 4233 1725 4290 multos
1772 4236 1888 4292 dies

305 4313 372 4367 ad
393 4315 709 4384 petitionem
732 4319 905 4389 gentis
925 4334 1112 4375 eorum
1135 4337 1363 4392 quorum
1392 4324 1709 4396 sanguinem
1738 4325 1889 4382 fude-

308 4415 409 4471 rat,
438 4424 469 4462 a
496 4409 678 4481 Libya:
697 4414 940 4482 partibus
963 4415 1336 4486 principaliter
1370 4417 1607 4472 monitus
1633 4417 1887 4473 Mammet

1978 582 2103 636 dum
2136 581 2322 636 fuisset
2359 588 2602 650 repertus
2639 579 2681 648 τ,
2721 582 2901 636 statim
2936 581 3222 654 Alhaytam
3249 598 3278 637 a
3305 582 3559 639 Matntnet

1977 671 2147 743 rigide
2190 679 2368 727 exstat
2408 672 2849 742 comprehensus.
2893 672 3063 740 Quem
3095 674 3222 728 dum
3250 675 3304 729 in
3335 690 3553 730 carcere

1977 778 2316 833 nequaquam
2351 763 2673 833 impunitum
2700 764 2949 820 sulferret
2970 766 3223 834 positum,
3261 766 3378 821 sine
3404 782 3553 821 mora

1976 850 2191 908 fortiter
2232 851 2555 924 flagellatnm
2582 892 2597 915 ,
2656 854 2884 923 turpiter
2923 852 3325 923 adjudicatum,
3379 857 3554 927 capite

1978 944 2336 1010 decalvatum,
2354 945 2507 1000 asino
2529 947 2925 1015 pompizantem
2963 956 3087 1016 post
3118 954 3267 1019 terga
3293 946 3432 1003 facie
3460 964 3554 1018 per

1975 1035 2180 1106 plateas
2208 1037 2518 1103 detrahunt,
2562 1038 2810 1094 manibus
2852 1046 2975 1108 post
3028 1046 3240 1108 tergum
3293 1040 3554 1107 vinetum,

1976 1125 2061 1180 vel
2085 1127 2292 1182 catenis
2320 1126 2512 1182 ferreis
2542 1126 2819 1197 alligatum
2848 1142 2861 1181 :
2889 1138 3050 1198 atque
3076 1145 3181 1185 non
3206 1140 3326 1200 post
3358 1132 3553 1188 multos

1976 1214 2092 1269 dies
2115 1215 2239 1270 duci
2265 1216 2522 1271 Africano
2549 1218 2574 1257 ε
2602 1216 2695 1285 qui
2730 1216 2832 1271 hoc
2857 1226 2915 1271 ut
2955 1217 3135 1272 ferunt
3170 1218 3307 1274 clam
3335 1220 3438 1275 iter
3468 1236 3551 1275 or-

1976 1304 2229 1369 dinando,
2267 1305 2555 1375 Alhaytam
2602 1306 2911 1361 reddiderat
2939 1309 3220 1375 monitum,
3245 1311 3347 1365 sub
3375 1321 3557 1366 custo-

1975 1394 2064 1447 dia
2115 1401 2495 1464 retemptatum
2562 1394 2747 1466 dirigit
2799 1397 3251 1465 prmsentandum.
3315 1399 3553 1470 Denique

1975 1484 2102 1538 dum
2129 1485 2257 1554 quid
2303 1483 2370 1540 de
2416 1500 2480 1540 eo
2507 1485 2662 1540 ﬁeret
2702 1501 2731 1538 a
2760 1484 3029 1555 regalibus
3058 1487 3273 1542 sedibus
3298 1488 3441 1558 regis
3461 1505 3554 1543 et:-

1975 1580 2332 1641 spectaretur,
2368 1574 2540 1644 stylus
2572 1573 2758 1627 multis
2799 1574 3341 1631 sermocinationibus
3385 1577 3553 1632 invol-

1974 1663 2139 1725 vitur,
2166 1670 2221 1716 et
2251 1662 2477 1717 diversis
2498 1660 2717 1730 judiciis
2744 1661 3021 1731 impetitur
3049 1664 3099 1715 ιι.
3131 1662 3238 1718 Sed
3266 1679 3387 1719 cum
3417 1665 3549 1720 nihil
3587 1670 3602 1724 λ.

1973 1753 2025 1810 ei
2051 1753 2330 1819 inferrent,
2362 1754 2427 1809 de
2446 1752 2534 1807 die
2558 1754 2609 1806 in
2640 1753 2779 1808 diem
2805 1755 3188 1819 evanescendo,
3219 1770 3316 1824 per
3335 1757 3551 1827 longum

1976 1845 2194 1900 evanuit
2219 1854 2451 1916 tempus,
2497 1853 2551 1899 et
2586 1843 2711 1914 quia
2740 1859 2864 1897 cum
2887 1841 3158 1898 Africanis
3191 1846 3206 1885 ί
3240 1847 3553 1901 adventaret

1975 1936 2220 2006 partibus
2244 1934 2493 1990 Mammet
2512 1934 2747 1988 Alarcila
2768 1933 2886 2003 ejus
2905 1934 3021 1989 vice
3043 1934 3097 1987 in
3127 1933 3245 1990 loco
3271 1934 3554 1991 exstiterat

1974 2029 2183 2100 positus
2207 2043 2393 2083 mense
2420 2025 2705 2095 completo.

2047 2119 2136 2175 58.
2162 2119 2526 2175 Abderraman
2548 2117 2633 2171 vir
2668 2117 2894 2189 belliger
2916 2118 2971 2172 in
2994 2132 3102 2173 :era
3126 2117 3249 2183 769,
3281 2130 3424 2173 anno
3454 2117 3556 2172 im-

1975 2211 2111 2283 perii
2159 2210 2398 2279 ejusdem
2443 2209 2762 2265 duodecimo
2791 2209 3120 2275 semissario,
3157 2209 3397 2265 Arabum
3428 2210 3552 2274 115,

1978 2302 2198 2359 Hiscam
2226 2302 2278 2368 9,
2303 2302 2355 2355 in
2385 2309 2651 2370 potestate
2680 2311 2934 2373 properat
2956 2301 3313 2367 lzetahundus,
3344 2302 3557 2358 cunctis

1977 2410 2076 2464 per
2098 2392 2388 2447 triennium
2411 2390 2563 2445 valde
2586 2390 2858 2460 przelatus.
2882 2389 3125 2460 Cumque
3164 2391 3389 2447 nimium
3412 2400 3557 2447 esset

1981 2483 2323 2540 animositate
2363 2492 2418 2538 et
2463 2482 2633 2553 gloria
2664 2483 2942 2553 prmditus,
2981 2499 3122 2540 unus
3154 2499 3222 2538 ex
3252 2483 3558 2541 Maurorum

1982 2586 2140 2649 gente
2172 2575 2388 2631 nomine
2413 2575 2627 2629 Munniz
2652 2572 2698 2640 i,
2726 2576 2948 2631 audiens
2973 2591 3071 2646 per
3098 2576 3282 2649 Libya:
3305 2576 3439 2633 lines
3466 2576 3559 2634 Ju-

1982 2670 2163 2724 dicum
2205 2683 2346 2723 saeva
2402 2668 2707 2723 temeritate
2754 2669 2986 2740 opprimi
3030 2685 3176 2735 suos,
3206 2684 3428 2741 pacem,
3461 2686 3560 2727 nec

1982 2778 2133 2817 mora
2172 2776 2338 2832 agens
2365 2776 2486 2815 cum
2519 2761 2761 2825 Francis,
2805 2762 3143 2833 tyrannidem
3182 2762 3327 2819 illico
3355 2779 3562 2835 pra‘pa-

1984 2861 2069 2907 rat
2094 2855 2352 2908 adversus
2374 2851 2644 2921 Hispania:
2679 2853 2980 2908 Saracenos
3001 2892 3016 2917 ,
3063 2861 3119 2908 et
3147 2853 3272 2924 quia
3300 2862 3419 2909 erat
3457 2852 3562 2909 for-

1985 2944 2114 2997 titer
2152 2942 2207 2997 in
2250 2942 2437 3012 praelia
2462 2942 2776 3011 expeditus,
2820 2957 3009 2998 omnes
3038 2944 3143 2999 hoc
3180 2953 3563 3015 cognoscentes

1984 3035 2143 3090 divisi
2173 3042 2298 3090 sunt
2326 3035 2373 3100 ιι,
2402 3042 2457 3089 et
2484 3034 2667 3105 palatii
2693 3036 3046 3091 conturbatur
3077 3043 3252 3092 status
3284 3054 3297 3090 :
3330 3037 3424 3093 sed
3456 3052 3562 3092 non

1984 3134 2107 3195 post
2134 3125 2329 3180 multos
2358 3124 2472 3179 dies
2494 3125 2889 3196 expeditionem
2919 3125 3090 3195 przelii
3122 3127 3333 3196 agitans
3358 3126 3564 3183 Abder-

1984 3231 2191 3273 ramam
2228 3225 2720 3287 supramemoratns
2754 3216 2771 3253 1
2828 3215 3081 3270 rebellem
3118 3216 3562 3273 immisericordi-

1982 3320 2067 3368 ter
2098 3312 2401 3384 insequitur
2446 3313 2799 3367 conturbatus
2824 3322 2885 3365 ω.
2924 3309 3128 3383 Nempe
3155 3310 3245 3366 ubi
3292 3311 3349 3365 in
3382 3308 3562 3367 Cerri-

1982 3406 2194 3462 tanensi
2255 3405 2450 3475 oppido
2503 3403 2772 3474 reperitur
2817 3402 3049 3457 vallatus
3072 3444 3086 3468 ,
3135 3402 3414 3459 obsidione
3464 3417 3561 3472 op-

1980 3509 2222 3567 pressus,
2268 3502 2323 3550 et
2368 3495 2678 3564 aliquandiu
2730 3492 2870 3549 infra
2910 3503 3172 3559 muratus,
3210 3492 3417 3565 judicio
3464 3493 3561 3550 Dei

1982 3585 2166 3641 statim
2207 3586 2263 3640 in
2303 3583 2485 3658 fugam
2512 3585 2797 3656 prosiliens
2849 3585 2991 3641 cedit
3034 3595 3462 3643 exattctoratus:
3508 3595 3564 3641 et

1984 3682 2109 3752 quia
2143 3697 2175 3737 a
2209 3681 2469 3753 sanguine
2494 3679 2943 3746 Christianorum,
2972 3694 3134 3751 quem
3163 3679 3361 3735 ibidem
3411 3679 3563 3734 inno-

1985 3780 2193 3828 centem
2215 3771 2445 3837 fuderat,
2476 3771 2701 3825 nimium
2728 3778 2846 3825 erat
2872 3769 3199 3841 crapulatus,
3226 3777 3282 3825 et
3319 3770 3562 3825 Anahadi

1986 3864 2211 3920 illustris
2246 3863 2480 3935 episcopi
2524 3871 2577 3919 et
2610 3864 2806 3919 decore
2835 3861 3135 3931 juventutis
3159 3861 3558 3931 proceritatem,

1986 3971 2146 4025 quam
2179 3956 2301 4027 igne
2348 3963 2686 4011 cremaverat
2721 3964 2769 4021 ιι,
2821 3953 2977 4009 valde
3016 3953 3315 4008 exhaustus
3338 3992 3354 4019 ,
3402 3960 3563 4022 atque

1988 4049 2122 4103 adeo
2143 4050 2212 4105 ob
2237 4050 2342 4104 hoc
2360 4046 2470 4118 jam
2499 4049 2630 4105 satis
2651 4048 2953 4113 damnatus,
2982 4046 3215 4103 civitatis
3232 4045 3567 4116 plenitudine

1987 4140 2117 4197 olim
2155 4141 2480 4198 abundantia
2524 4157 2785 4213 aquarum
2809 4140 3073 4195 allluentis
3106 4139 3196 4195 siti
3242 4145 3565 4209 praeventus,

1989 4230 2115 4286 dum
2145 4247 2252 4302 quo
2288 4231 2569 4302 aufugeret
2614 4248 2721 4287 non
2769 4230 2989 4301 reperit,
3032 4229 3328 4285 moriturus
3381 4228 3564 4282 statim

1989 4323 2231 4377 exercitu
2275 4323 2590 4391 insequente
2636 4324 2691 4376 in
2734 4321 2962 4375 diversis
3007 4318 3341 4374 anfractibus
3385 4326 3567 4371 manet

1992 4411 2224 4482 elapsus.
2262 4413 2329 4466 Et
2351 4414 2474 4482 quia
2494 4411 2658 4466 filiam
2685 4427 2835 4466 suam
2858 4411 2965 4466 dux
2994 4409 3326 4464 Francorum
3346 4407 3566 4462 nomine

306 4500 538 4555 mittitur
582 4500 886 4560 Saracenus
913 4521 1035 4561 cum
1078 4507 1341 4563 relatione
1386 4509 1724 4565 auctoritatis
1762 4511 1884 4566 abs-

1991 4505 2142 4559 Eudo
2171 4520 2333 4559 causa
2373 4503 2593 4559 foederis
2632 4506 2679 4557 ei
2731 4502 2784 4556 in
2830 4499 3078 4571 conjugio
3107 4498 3462 4570 copulandam
3496 4498 3566 4553 ob

304 4603 487 4655 consa,
519 4598 581 4644 ut
626 4592 997 4649 Abderraman
1039 4595 1092 4649 in
1129 4595 1248 4665 ejus
1279 4597 1399 4652 loco
1429 4600 1631 4668 absque
1662 4608 1885 4654 cuncta-

305 4678 453 4735 tione
486 4691 703 4737 maneat
727 4692 1064 4756 prorogatus.
1094 4684 1202 4742 Sed
1224 4688 1317 4744 ubi
1356 4688 1538 4744 sedem
1574 4688 1887 4745 Corduben-

376 4885 402 4913 ι
430 4872 597 4930 Uncis
620 4876 823 4933 inclusa
848 4877 1044 4934 desunt
1071 4880 1123 4934 in
1148 4880 1209 4933 Β.

378 4943 408 4984 δ
432 4944 522 5020 9.,
546 4947 611 5020 ab
643 4946 857 5020 Qriente
885 4959 933 5002 et
956 4948 1244 5020 Occidente
1265 4950 1363 5020 ipsi
1392 4952 1571 5004 misso.

377 5026 399 5091 ξ
428 5014 520 5091 §ic
547 5016 621 5091 ιι.
647 5018 707 5072 Β.
736 5028 790 5091 et
823 5019 1013 5081 Sand.,
1047 5021 1104 5074 in
1130 5014 1292 5091 reges;

374 5084 402 5123 ἀ
431 5085 640 5161 Sient"
673 5089 767 5158 qui
797 5091 1143 5161 prosequitur
1171 5084 1238 5143 ξι
1265 5091 1394 5147 Post
1426 5105 1586 5161 quem
1608 5091 1755 5147 lscar
1792 5110 1882 5150 so-

303 5153 419 5221 lita,
448 5157 537 5224 qui
568 5153 713 5231 dum:
732 5153 1099 5231 quatuor-per
1142 5177 1357 5231 menses
1412 5153 1675 5231 gravitate
1720 5163 1884 5220 alium

302 5229 677 5295 sustentando,
701 5230 999 5286 honoribus
1019 5230 1229 5295 infulat,
1259 5229 1485 5286 Alcalan
1510 5231 1746 5287 nomine.
1788 5235 1887 5291 llic

301 5294 372 5382 ad
412 5296 726 5382 Hispaniam
764 5302 1065 5382 regendam
1128 5310 1374 5382 strenue_
1406 5301 1673 5382 sigillum,
1718 5314 1824 5360 etc.
1862 5327 1878 5358 ι

302 5366 363 5420 Β.
391 5366 721 5437 post—verba,
755 5366 943 5444 tacitus
978 5383 1241 5443 properat,
1275 5373 1421 5442 legit,
1458 5366 1557 5444 'qui
1598 5366 1721 5428 dum
1754 5393 1886 5444 qua-

304 5393 363 5420 ι›.
392 5393 513 5437 post
541 5393 721 5435 \‘Cl'uu,
755 5393 943 5425 mcuus
978 5393 1241 5443 properat,
1277 5393 1421 5442 tegit,
1468 5393 1556 5444 qut
1598 5393 1721 5428 aum
1790 5394 1884 5431 ua-

300 5447 423 5516 tuor
444 5455 537 5509 per
564 5454 762 5516 m_e_n_s_es
794 5440 957 5516 alium
986 5444 1344 5516 sustentando,
1377 5444 1660 5516 honoribus
1692 5393 1884 5516 influlut

301 5506 533 5584 {licitam
551 5510 619 5563 ad
637 5508 685 5561 Η
690 5510 949 5584 ispaniam
970 5512 1245 5584 regendam
1260 5506 1487 5577 strenue,
1503 5506 1759 5584 sigillum,
1776 5526 1883 5571 etc.

305 5576 499 5650 Verba,
530 5589 641 5650 post
662 5576 810 5650 quem
850 5580 897 5633 11
902 5576 1063 5636 iscum
1090 5582 1354 5638 substituit
1378 5576 1771 5639 alium'nomiue
1795 5587 1885 5640 Al-

302 5645 538 5721 haytam,
574 5645 825 5721 leguntur
867 5653 1006 5721 apud
1040 5653 1100 5707 D.
1132 5653 1319 5721 liodr.,
1366 5670 1414 5710 ρ.
1445 5653 1510 5709 12
1535 5654 1671 5709 Hist.
1715 5654 1880 5711 Arah.

378 5731 398 5755 ε
442 5716 532 5785 Μ.,
560 5716 971 5777 Saracenorum.

1988 4595 2416 4666 persecutionem
2460 4594 2697 4647 Arabum
2727 4591 3076 4648 differendam
3093 4590 3207 4659 jam
3246 4590 3372 4647 olim
3400 4590 3568 4645 tradi-

1989 4688 2143 4742 derat
2172 4686 2239 4741 ad
2279 4701 2407 4741 suos
2447 4685 2633 4740 libitus
2666 4683 3048 4750 inclinandam,
3078 4683 3204 4738 dum
3239 4697 3361 4737 eam
3402 4680 3569 4736 tardi-

2068 4884 2086 4922 ί
2118 4884 2209 4955 Sic
2247 4883 2317 4955 Μ.
2350 4884 2432 4949 8.,
2461 4882 2714 4955 extemplo
2745 4900 2836 4937 nec
2857 4881 2983 4936 dum
3013 4891 3262 4951 repertus.

2063 4955 2088 4992 ⁸
2117 4954 2176 5007 Β.
2216 4954 2339 5007 add.
2371 4970 2509 5008 eum.

2058 5024 2086 5064 ὶι
2118 5023 2210 5078 Sic
2254 5024 2313 5077 B.
2360 5023 2454 5088 M.,
2486 5023 2652 5093 stylus
2699 5022 2877 5077 multis
2920 5037 3049 5093 vane
3096 5019 3567 5093 sermocinantibus

1986 5093 2251 5148 involutus
2272 5094 2393 5162 fuit,
2423 5104 2471 5148 et
2500 5088 2715 5148 diversis
2737 5094 2958 5163 judiciis
2986 5091 3272 5161 impetitur.
3317 5088 3423 5146 Sed
3447 5106 3566 5145 cum

1989 5163 2121 5218 nihil
2145 5165 2191 5217 ei
2217 5164 2449 5233 inferret.
2478 5166 2563 5228 B.,
2596 5163 2727 5218 nihil
2758 5165 3058 5233 inferentes.

2067 5235 2081 5306 ξ
2246 5232 2477 5306 _interim
2502 5235 2627 5306 quia
2672 5250 2737 5287 ea:
2776 5232 3063 5302 Africanis.

2063 5301 2077 5353 i
2122 5305 2214 5359 Sic
2245 5303 2303 5357 Β.
2336 5304 2462 5370 Alii,
2491 5301 2712 5358 Mutua.

2064 5374 2089 5449 ξ
2122 5373 2313 5449 Sicll.
2338 5375 2423 5449 ἢν
2463 5376 2701 5449 ontnibus
2741 5376 2839 5429 hoc
2889 5376 3308 5447 agnoscentibus,
3360 5373 3567 5449 palatii.

1990 5443 2153 5500 Solus
2194 5443 2261 5497 Μ.
2284 5445 2431 5499 addit
2454 5445 2604 5500 diuisi
2630 5456 2772 5499 sunt.

2070 5513 2086 5552 1
2117 5515 2199 5585 8.,
2233 5524 2720 5585 supranumeratus.

2063 5596 2101 5623 ιιι
2131 5584 2217 5646 0.,
2246 5585 2631 5639 conturbatum.

2060 5665 2084 5690 η
2116 5652 2212 5733 Sic
2230 5653 2642 5733 il._B.,‘decora.’
2663 5657 3010 5727 proceritatis,
3049 5675 3200 5730 quem
3233 5661 3350 5733 igne
3373 5672 3562 5714 crema-

1988 5734 2150 5781 rcrut.
2179 5722 2369 5791 Sand.,
2400 5722 3134 5786 decore...concremaverat.

3556 5922 3595 5965 ἶ
