4020 6170
484 306 608 360 1271

1084 302 1255 358 S;EC.
1300 303 1410 358 Vill
1448 302 1822 359 AUCTORES
1861 300 2023 357 ANNI
2060 304 2360 359 lNCBliTl.
2399 333 2469 342 —
2503 302 2755 358 lSlDORl
2791 303 3125 360 PACENSIS

3613 307 3771 364 {273

482 429 557 474 tat
580 421 645 473 de
674 433 833 473 manu
861 419 1300 487 persequentium
1327 416 1684 481 liberandam,
1711 431 1863 471 suam
1902 414 2064 471 morti
2094 420 2143 480 Α
2170 416 2313 470 lores
2337 414 2619 485 repletam,
2653 422 2712 468 ut
2739 414 2949 469 diceres
2988 416 3270 486 augustale
3314 430 3434 474 csse
3482 421 3772 492 malogra—

482 509 717 563 debitam
753 512 1022 576 prtcparat
1067 505 1305 560 animum
1329 517 1355 545 α
1388 522 1399 557 :
1431 505 1622 574 sicque
1662 504 1790 559 dum
1821 520 1943 559 eum
1972 519 2073 574 pu-

482 600 619 655 blica
650 612 843 652 manus
887 596 1209 668 insequitur,
1243 612 1364 651 sese
1392 597 1447 650 in
1494 596 1747 651 scissuris
1795 605 2073 668 petrarum

480 692 549 747 ab
582 690 691 745 alto
737 689 1026 761 pinnaculo
1044 686 1158 756 jam
1189 688 1502 742 vulneratus
1536 686 1838 743 cavillando
1882 687 2071 758 praeci-

484 784 655 855 pitat,
703 792 867 854 atque
919 797 989 836 ne
1040 781 1195 835 vivus
1243 779 1792 850 comprehenderetur
1835 780 2073 834 animam

483 879 703 935 exhalat
734 896 747 931 :
781 876 935 948 cujus
960 883 1123 947 caput
1155 875 1339 930 statim
1367 874 1459 929 ubi
1507 887 1629 928 eum
1669 869 1940 940 iacentem
1988 884 2073 924 re-

485 977 741 1040 pererunt
766 1009 781 1034 ,
826 968 1118 1032 trucidant,
1155 978 1210 1020 et
1234 966 1348 1037 regi
1394 981 1498 1019 una
1525 980 1649 1025 cum
1699 963 1807 1017 lilia
1834 961 2073 1017 Eudouis

491 1065 771 1121 .nemorati
798 1065 951 1120 ducis
974 1071 1302 1133 pnesentant
1327 1078 1341 1117 :
1372 1078 1534 1133 quam
1564 1061 1653 1116 ille
1682 1061 1851 1123 maria
1898 1068 2072 1114 trans-

491 1168 707 1214 t'cctans
743 1158 964 1213 sublimi
998 1156 1229 1229 principi
1271 1162 1525 1225 procurat
1565 1152 1862 1209 honoriﬁce
1910 1151 2075 1208 desti-

486 1249 746 1306 nandam.

557 1340 647 1395 59.
704 1340 857 1394 Tune
890 1338 1263 1393 Abdcrraman
1299 1336 1645 1391 multitudine
1681 1334 1765 1390 sui
1802 1332 2075 1389 exercitus

487 1433 751 1500 repletam
804 1428 1149 1499 prospiciens
1191 1435 1410 1487 terram,
1444 1433 1699 1479 montana
1727 1424 2074 1478 Vaccaeorum

490 1521 784 1580 dissecatis,
815 1525 871 1570 et
914 1516 1114 1570 fretosa
1144 1525 1203 1569 ut
1232 1516 1258 1553 δ
1298 1514 1457 1583 plana
1506 1513 1854 1583 percalcans,
1906 1520 2077 1567 terras

488 1608 823 1662 Francorum
853 1607 996 1660 intus
1045 1605 1370 1673 experditat,
1400 1612 1559 1673 atque
1588 1603 1723 1659 adeo
1767 1619 1863 1657 eas
1913 1617 2078 1673 pene-

490 1699 686 1753 trando
712 1699 891 1770 gladio
918 1698 1191 1761 verberat,
1247 1704 1309 1750 ut
1344 1695 1530 1766 prmlio
1578 1696 1646 1750 ab
1686 1694 1908 1749 Eudone
1937 1692 2075 1749 ultra

2175 512 2397 570 natum;
2449 513 2659 559 tantam
2711 504 2767 558 in
2822 519 2944 559 eam
2991 520 3128 574 pene
3178 521 3276 575 per
3321 516 3553 576 quatuor
3581 509 3770 568 animi

2173 595 2377 666 irrogat
2397 595 2771 664 petulantiam,
2797 603 2859 650 ut
2878 595 3139 666 paulatim
3168 597 3488 655 labefactata
3519 617 3551 656 a
3576 603 3770 659 diver-

2173 685 2251 742 sis‘
2278 688 2595 757 ambagibus
2623 694 2840 742 maneat
2864 689 3140 743 exsiccata
3178 689 3198 728 ί
3234 707 3247 743 :
3268 690 3593 764 iudicesque
3638 695 3772 766 ejus

2172 777 2422 847 praerepti
2453 778 2750 849 cupiditate
2798 778 2875 832 ita
2906 780 3228 836 blandiendo
3257 784 3313 836 in
3355 798 3478 838 eam
3513 796 3769 859 irrogant

2174 868 2442 923 maculam
2460 908 2474 934 ,
2507 877 2568 923 ut
2612 884 2719 923 non
2768 870 2944 926 solum
2971 886 3039 927 ex
3067 887 3134 927 eo
3164 879 3407 944 tempore
3433 877 3769 937 declinando

2173 964 2350 1011 exstet
2402 967 2461 1012 ut
2513 966 2744 1023 mortua,
2797 961 3153 1016 verumetiam
3205 978 3237 1018 a
3286 967 3499 1022 cunctis
3541 970 3773 1038 optimis

2174 1057 2391 1102 maneat
2419 1063 2808 1119 usquequaque
2849 1052 3083 1121 privata,
3122 1063 3287 1124 atque
3314 1057 3383 1112 ad
3425 1073 3773 1129 recuperan-

2175 1135 2299 1191 dam
2325 1151 2473 1209 spem
2505 1139 2529 1176 δ
2558 1137 2867 1193 omnimode
2895 1140 3155 1195 desolata.
3207 1142 3310 1209 Qui
3338 1153 3395 1199 et
3418 1147 3489 1202 ob
3517 1148 3624 1204 hoc
3648 1167 3773 1206 ωο-

2175 1225 2322 1280 nitus
2346 1226 2636 1294 praedictus
2656 1225 2979 1285 Abdilmelic
3008 1246 3041 1285 a
3070 1231 3360 1304 principali
3384 1234 3559 1304 jussu,
3592 1255 3777 1309 quare

2176 1314 2311 1368 nihil
2335 1315 2382 1369 ei
2406 1315 2462 1369 in
2488 1323 2637 1370 terra
2667 1315 3004 1376 Francorum
3044 1335 3363 1391 prosperum
3389 1326 3650 1392 eveniret,
3698 1330 3773 1383 ad

2176 1418 2368 1475 pugna:
2401 1405 2686 1462 victoriam
2739 1410 2926 1464 statim
2974 1425 3006 1464 e
3049 1409 3301 1469 Corduba
3347 1417 3603 1473 exsiliens
3639 1436 3771 1475 cum

2177 1494 2325 1548 omni
2381 1510 2544 1549 manu
2594 1497 2808 1566 publica
2855 1500 3169 1558 subvertere
3221 1505 3413 1563 nititur
3461 1509 3769 1579 Pyrenaiea

2178 1584 2596 1641 inhabitantium
2636 1587 2785 1660 juga,
2817 1600 2874 1645 et
2919 1593 3317 1663 expeditionem
3347 1613 3445 1668 per
3473 1599 3592 1656 loca
3638 1604 3749 1658 diri

2178 1691 2310 1747 gens
2338 1686 2587 1749 angusta,
2613 1680 2749 1735 nihil
2797 1697 3116 1755 prosperum
3145 1689 3333 1757 gessit.
3386 1690 3676 1750 Convictus
3702 1699 3776 1754 de

491 1790 681 1844 lluvios
701 1763 922 1844 nomine
949 1786 1262 1843 Garonuam
1290 1763 1373 1841 vel
1404 1787 1751 1843 Dornomiam
1797 1800 2076 1856 prmpara-
2110 1763 2152 1823 Β
2179 1767 2275 1822 Dei
2298 1770 2533 1838 90W“ia
2562 1785 2594 1824 ³
2616 1785 2723 1842 quo
2763 1771 3057 1831 Chris‘i‘mi
3087 1779 3302 1837 tandem
3332 1787 3589 1853 Ρεῳευά
3612 1804 3764 1843 ωσιιο

491 1887 579 1942 to,
610 1886 665 1932 et
693 1879 745 1933 in
778 1877 960 1948 fugam
1011 1878 1238 1947 dilapso,
1268 1879 1416 1934 solus
1444 1878 1587 1935 Deus
1626 1893 1912 1934 numerum
1960 1893 2078 1934 mo-

492 1968 747 2023 rientinm
777 1968 861 2022 vel
887 1968 1231 2037 pereuntium
1280 1976 1656 2039 recognoscat.
1688 1968 1839 2023 Tunc
1872 1967 2082 2023 Abder—

497 2075 703 2114 ramam
735 2057 1073 2130 suprafatum
1100 2059 1378 2114 Eudonem
1406 2060 1598 2115 ducem
1622 2058 1928 2129 insequens,
1955 2058 2080 2112 dum

495 2154 863 2209 Turoneasem
894 2152 1193 2207 Ecclesium
1220 2152 1423 2222 palatia
1458 2150 1721 2207 diruendo
1747 2158 1803 2205 et
1826 2148 2083 2205 ecclesias

495 2244 782 2300 ustulando
809 2244 1108 2314 depraadari
1130 2242 1425 2312 desiderat,
1450 2258 1573 2299 cum
1595 2240 1816 2297 consule
1838 2239 2083 2295 Francia:

494 2336 776 2393 interioris
798 2334 1033 2391 Austrim
1087 2335 1307 2390 nomine
1355 2333 1571 2398 Carolo,
1604 2333 1719 2387 viro
1768 2332 1836 2385 ab
1868 2330 2084 2385 ineunte

491 2437 652 2484 actate
679 2426 957 2495 belligero,
988 2433 1043 2481 et
1072 2425 1152 2480 rei
1182 2424 1434 2480 militaris
1463 2429 1719 2495 experto,
1762 2422 1830 2477 ab
1861 2420 2084 2478 Eudone

495 2517 811 2588 prmmonito
848 2531 963 2572 sese
998 2514 1278 2571 infrontat.
1305 2514 1410 2571 Ubi
1438 2515 1564 2570 dum
1594 2528 1732 2584 pene
1753 2526 1852 2582 per
1878 2518 2085 2581 septem

498 2610 613 2663 dies
669 2608 887 2679 utrique
928 2607 996 2662 de
1038 2623 1233 2679 pugnae
1287 2606 1540 2663 conﬂictu
1584 2604 1929 2669 excruciant,
1967 2617 2087 2659 sese

495 2706 773 2771 postremo
802 2698 855 2752 in
878 2698 1045 2754 aciem
1089 2707 1303 2768 parant,
1329 2707 1495 2769 atque
1520 2698 1649 2753 dum
1696 2696 1898 2752 acriter
1925 2693 2087 2751 dimi-

500 2799 627 2843 cant
653 2796 842 2860 gcntes
870 2786 1318 2858 septentrionales
1344 2788 1402 2845 in
1452 2788 1564 2844 ictu
1609 2787 1753 2843 oculi
1801 2793 1862 2842 ut
1906 2786 2087 2857 paries

502 2879 806 2935 immobiles
834 2888 1227 2952 permanentes,
1255 2880 1395 2935 sicut
1415 2887 1471 2935 et
1499 2894 1636 2934 zona
1675 2878 1872 2949 rigoris
1891 2877 2088 2949 glacia-

502 2969 629 3026 liter
667 2979 888 3025 manent
943 2967 1210 3035 astricta),
1238 2971 1447 3026 Arabes
1483 2970 1663 3040 gladio
1702 2978 1947 3026 enecant.
1980 2968 2089 3025 Sed

503 3062 594 3119 ubi
640 3077 773 3135 gens
818 3062 1048 3118 Austris:
1115 3060 1257 3117 mole
1319 3062 1685 3117 membrorum
1749 3060 2040 3133 prmvalida
2063 3101 2081 3127 ,

501 3162 556 3209 et
593 3152 770 3210 ferrea
816 3170 974 3210 manu
1012 3167 1110 3223 per
1161 3152 1329 3209 ardua
1375 3152 1779 3222 pectorablliter
1824 3150 2085 3210 ferientes

504 3260 682 3315 regem
713 3236 993 3301 inventum
1020 3243 1355 3299 exanimant.
1403 3242 1599 3299 Statim
1629 3251 1791 3300 nocte
1834 3243 2084 3315 praelium

502 3335 819 3399 dirimente,
851 3333 1254 3407 despicabiliter
1304 3333 1511 3406 gladios
1557 3332 1787 3399 elevant,
1839 3340 2001 3407 atque
2030 3333 2085 3388 in

501 3425 607 3480 alio
636 3424 723 3480 die
749 3424 990 3480 videntes
1034 3431 1213 3480 castra
1263 3423 1503 3480 Arabum
1555 3423 1964 3480 innumerabilia
2018 3423 2086 3478 ad

502 3531 735 3588 pugnam
782 3531 900 3572 sese
934 3524 1235 3582 reservant,
1266 3522 1321 3571 et
1372 3523 1729 3587 exsurgentes
1783 3516 1849 3572 de
1893 3515 2087 3586 vagina

504 3623 602 3663 sua
632 3607 867 3663 diluculo
890 3606 1232 3678 prospiciunt
1261 3606 1604 3677 Europenses
1648 3605 1888 3662 Arabum
1914 3613 2090 3661 tento-

502 3697 583 3752 ria
608 3697 876 3762 ordinata,
907 3707 963 3753 et
997 3697 1345 3754 tabernacula
1375 3698 1470 3769 ubi
1492 3696 1707 3754 fuerant
1742 3706 1919 3755 castra
1946 3698 2089 3756 loca-

503 3800 587 3855 ta,
617 3790 923 3845 nescientes
952 3798 1146 3846 cuncta
1169 3806 1287 3846 esse
1334 3806 1622 3862 pervacua,
1645 3798 1698 3845 et
1725 3799 1978 3860 putantes
2021 3791 2090 3846 ab

504 3882 698 3936 intimo
757 3897 878 3936 esse
937 3881 1331 3938 Saracenorum
1385 3882 1680 3954 phalanges
1729 3884 1796 3938 ad
1846 3884 2089 3953 prtelium

506 3979 857 4041 prmparatas,
901 3972 1176 4027 mittentes
1221 3973 1622 4043 exploratorum
1679 3971 1855 4029 ollicia
1882 4015 1896 4039 ,
1955 3990 2089 4031 cun-

506 4065 592 4112 cta
630 4067 945 4128 repererunt
979 4058 1375 4115 lsmaelitarum
1422 4060 1635 4130 agmina
1673 4060 1925 4132 ell'ugata,
1976 4078 2092 4121 om-

507 4163 712 4220 nesque
760 4149 924 4204 tacite
978 4150 1346 4222 pernoctando
1390 4165 1589 4206 cuneos
1645 4150 1920 4221 dill'ugisse
1951 4162 1974 4191 ε
2009 4168 2093 4209 re-

446 4236 455 4247 ’
505 4240 812 4311 patriando.
872 4243 1215 4314 Europcnses
1264 4258 1415 4310 vero,
1447 4242 1663 4299 solliciti
1718 4259 1788 4300 ne
1842 4261 1941 4316 per
2009 4261 2094 4303 se-

471 4332 668 4388 ”mitas
696 4333 1070 4391 delitescentes
1098 4335 1308 4406 aliquas
1359 4334 1597 4391 facerent
1640 4337 1958 4394 simulanter
2002 4354 2093 4395 ce—

2111 3109 2157 3172 C

2181 1859 2314 1915 tinm
2350 1862 2639 1931 pinnacula
2686 1864 2984 1923 retinentes
3026 1871 3411 1937 prmstolabant
3459 1878 3766 1936 misericor-

2182 1952 2344 2018 diam,
2377 1962 2432 2008 et
2478 1954 2633 2009 devia
2663 1956 2893 2026 amplius
2919 1959 3047 2017 hinc
3076 1961 3202 2018 inde
3230 1981 3353 2021 cum
3384 1984 3550 2026 manu
3587 1969 3692 2028 veli
3704 1977 3763 2029 1a

2182 2053 2442 2114 appetens
2469 2044 2605 2113 loca,
2636 2047 2818 2103 multis
2853 2050 2967 2107 suis
3011 2051 3367 2114 bellatoribus
3389 2063 3622 2129 perditis
3647 2079 3766 2121 sese

2186 2136 2377 2207 reeip't
2398 2138 2452 2192 in
2481 2138 2661 2210 plana,
2701 2142 3046 2212 repatriando
3075 2162 3173 2217 per
3198 2150 3372 2207 devia.

2252 2229 2339 2283 61.
2372 2229 2468 2285 Cui
2498 2239 2553 2286 et
2591 2247 2717 2287 mox
2762 2243 2884 2304 post
2931 2236 3201 2293 modicum
3244 2240 3300 2295 in
3327 2256 3434 2297 mra
3465 2244 3593 2310 775,
3620 2262 3764 2302 anno

2183 2318 2380 2376 Leonis
2405 2321 2533 2391 imp.
2564 2323 2646 2388 l7,
2668 2322 2907 2381 Arabum
2936 2326 3067 2392 H9,
3103 2328 3322 2386 Hiscam
3365 2334 3449 2398 15,
3484 2352 3766 2394 successsr

2183 2410 2331 2465 venit
2376 2412 2594 2466 nomine
2628 2412 2868 2484 Aucupa,
2902 2417 2996 2488 qui
3025 2417 3153 2477 dum
3199 2429 3468 2493 potestate
3507 2430 3767 2497 ptzeeelsa

2184 2502 2551 2573 genealogiam
2604 2511 2660 2560 et
2707 2506 2841 2577 legis
2896 2523 3008 2564 sua:
3053 2513 3356 2570 custodiam
3408 2528 3607 2575 cuncta
3660 2531 3767 2576 tre-

2185 2602 2357 2648 meret
2403 2594 2683 2666 llispania,
2734 2615 3122 2670 prmcessorem
3162 2606 3376 2664 vinculo
3418 2609 3668 2681 alligans,
3687 2613 3769 2682 ᾔεις

2185 2682 2332 2738 dices
2355 2684 2423 2740 ab
2450 2700 2516 2741 eo
2552 2689 2875 2759 praepositos
2896 2690 3114 2748 fortiter
3153 2695 3395 2755 damnat.
3440 2699 3605 2757 Certe
3640 2704 3769 2760 dum

2186 2777 2537 2832 cmremonias
2590 2778 2725 2849 legis
2771 2792 3083 2854 exaggerat,
3129 2786 3550 2859 descriptionem
3588 2792 3772 2864 populi

2187 2865 2365 2922 facere
2394 2868 2643 2939 imperat,
2666 2879 2829 2941 atque
2855 2876 3197 2932 exactionem
3228 2878 3417 2935 tributi
3453 2882 3626 2938 ardue
3653 2887 3772 2955 agi-

2188 2965 2267 3012 tat
2298 2976 2312 3013 :
2344 2973 2631 3029 perversos
2667 2961 2957 3033 Hispaniae,
2990 2967 3075 3022 vel
3105 2967 3334 3027 diversis
3363 2971 3513 3028 vitiis
3531 2973 3775 3044 implies.

2187 3055 2293 3115 tos,
2319 3049 2530 3105 ratibus
2548 3053 2830 3122 appositis,
2862 3068 2961 3123 per
2989 3057 3158 3112 maria
3191 3061 3509 3117 transvolat.
3551 3063 3773 3121 Fiseum

2184 3158 2254 3198 ex
2289 3141 2518 3197 diversis
2538 3144 2914 3201 occasionibus
2936 3148 3340 3219 promptissime
3360 3152 3497 3208 ditat
3528 3171 3541 3209 :
3587 3156 3773 3212 abste-

2183 3230 2326 3286 mius
2354 3247 2420 3286 ex
2445 3231 2593 3287 omni
2636 3234 2850 3290 occulta
2897 3236 3113 3293 datione
3136 3239 3164 3278 ι
3194 3253 3511 3310 perseverat
3535 3260 3550 3299 :
3601 3249 3775 3302 uerni-

2183 3336 2309 3377 nem
2334 3323 2438 3377 nisi
2464 3336 2563 3392 per
2577 3322 2847 3393 justitiam
2874 3328 3107 3398 propriae
3134 3329 3271 3401 legis
3297 3332 3519 3389 damnat
3550 3353 3564 3389 :
3606 3351 3774 3406 expe-

2186 3412 2444 3469 ditionem
2471 3412 2802 3471 Francorum
2832 3433 2957 3473 cum
2983 3419 3325 3477 multitudine
3361 3424 3641 3481 exercitus
3680 3428 3774 3482 ad-

2187 3511 2438 3576 temptat:
2463 3504 2657 3562 deinde
2681 3507 2750 3562 ad
2771 3508 3310 3581 Cmsaraugustanam
3337 3514 3616 3570 civitatem
3643 3532 3768 3586 pro-

2187 3595 2455 3667 grediens,
2483 3612 2602 3652 sese
2630 3613 2754 3654 cum
2782 3598 2992 3656 infinita
3012 3601 3186 3660 classe
3211 3612 3336 3673 apte
3362 3615 3630 3675 receptat.
3670 3607 3774 3664 Sed

2187 3686 2281 3743 ubi
2312 3687 2659 3743 rebellionem
2702 3689 3010 3747 Maurorum
3054 3708 3154 3763 per
3195 3696 3451 3765 epistolas
3478 3698 3551 3753 ab
3591 3697 3775 3754 Africa

2190 3777 2384 3833 missas
2414 3778 2592 3835 subito
2622 3779 2850 3847 lectitat,
2896 3784 3013 3839 sine
3056 3801 3205 3842 mora
3238 3795 3440 3856 quanta
3484 3790 3662 3859 potuit
3689 3805 3777 3844 ve-

2191 3866 2410 3923 locitate
2433 3868 2739 3926 Cordubam
2764 3873 3004 3943 repedat,
3022 3877 3410 3934 transdnctivis
3427 3881 3443 3920 ί
3460 3889 3774 3949 promonto-

2192 3957 2289 4012 riis
2316 3972 2435 4013 sese
2464 3968 2721 4031 receptat.
2749 3960 2962 4019 Arabes
2989 3964 3107 4020 sine
3129 3963 3328 4023 effectu
3351 3967 3423 4022 ad
3462 3983 3774 4040 propugna-

2193 4045 2312 4101 cula
2340 4045 2647 4105 Maurorum
2684 4051 2924 4116 mittens,
2957 4054 3185 4111 navibus
3216 4058 3661 4129 prmstolabiliter
3684 4062 3777 4116 ad-

2192 4140 2427 4197 ventatis
2473 4140 2644 4195 maria
2691 4151 3012 4199 transnatat.
3047 4145 3105 4201 Si
3155 4161 3293 4217 quos
3322 4163 3390 4204 ex
3437 4151 3518 4205 eis
3566 4160 3778 4207 eontra-

2196 4228 2435 4285 dictores
2462 4231 2547 4286 vel
2567 4229 2811 4299 bifarios,
2840 4250 2934 4290 seu
2957 4235 3129 4292 malei
3166 4240 3584 4305 machinatores.
3612 4252 3777 4313 atque

2195 4321 2479 4378 liaareticos
2520 4323 2678 4395 (quos
2702 4325 2778 4381 illi
2816 4342 3048 4399 augures
3086 4331 3110 4370 ιι
3142 4335 3361 4406 vocant)
3403 4337 3625 4406 reperit,
3669 4337 3778 4408 gla-

509 4424 673 4489 latas,
727 4426 962 4496 undique
1006 4424 1291 4496 stupefacti
1341 4427 1395 4481 in
1451 4426 1681 4482 circuitu
1724 4443 1842 4484 sese
1892 4429 2084 4486 frustra

2199 4414 2289 4518 dio
2329 4414 2558 4518 jugulat.
2591 4416 2789 4488 Sicque
2832 4430 3027 4477 cuncta
3078 4425 3284 4494 optime
3320 4426 3681 4498 disponendo,
3725 4439 3778 4485 et

509 4524 809 4586 recaptant,
861 4524 917 4571 et
964 4517 1057 4587 qui
1112 4516 1180 4571 ad
1227 4527 1615 4589 persequentes
1654 4527 1840 4589 gentes
1888 4536 2084 4577 memo-

2199 4505 2477 4562 Tinacrios
2504 4505 2518 4545 ¹
2542 4517 2728 4578 portus
2749 4511 3119 4584 pervigilando
3142 4518 3373 4591 propria:
3393 4520 3513 4575 sedi
3540 4521 3778 4577 clemen—

512 4616 658 4662 ratas
707 4607 854 4662 nullo
903 4609 1062 4665 modo
1107 4609 1350 4681 vigilant,
1382 4610 1568 4681 spoliis
1621 4619 1829 4667 tantum
1864 4620 1919 4669 et
1973 4632 2091 4670 ma-

511 4700 691 4756 nubiis
720 4700 974 4757 decenter
1015 4703 1204 4760 divisis
1229 4705 1285 4759 in
1313 4719 1440 4760 suas
1466 4721 1524 4761 se
1555 4705 1660 4760 laeti
1701 4708 1969 4777 recipiunt
1996 4724 2092 4779 pa-

513 4791 667 4846 trias.

583 4880 670 4935 60.
704 4880 855 4936 Tunc
896 4882 950 4937 in
999 4898 1107 4938 mra
1137 4882 1261 4948 772,
1294 4900 1435 4942 anno
1477 4885 1689 4955 imperii
1734 4885 1972 4957 ejusdem
2003 4888 2089 4954 ll,

509 4971 749 5027 Arabum
778 4972 899 5038 illi,
934 4974 1151 5029 lliscam
1199 4974 1286 5040 1‘2,
1316 4975 1639 5035 Abdilmelic
1674 4976 1702 5017 «ι
1732 4993 1798 5033 ex
1826 4978 1987 5034 nobili
2015 4976 2095 5032 fa-

512 5063 659 5119 milia
687 5079 849 5134 super
877 5064 1192 5135 llispaniam
1222 5066 1328 5125 dux
1381 5067 1617 5122 mittitur
1663 5067 1731 5123 ad
1774 5068 2093 5140 principalia

504 5153 788 5222 jussa.Qui
806 5155 930 5210 dum
955 5171 1072 5210 eam
1099 5166 1221 5226 post
1250 5163 1327 5213 tot
1343 5166 1600 5229 tantaque
1622 5158 1807 5229 prmlia
1841 5170 1864 5197 ο
1897 5158 2097 5229 reperit

511 5248 764 5303 munibus
791 5248 949 5303 bonis
977 5248 1236 5318 opimam,
1260 5249 1404 5305 etita
1433 5250 1619 5307 lloride
1643 5260 1762 5321 pust
1792 5258 1970 5305 tantos
2002 5251 2096 5305 do-

585 5397 608 5423 ε·
638 5386 723 5450 υ.,
751 5402 924 5442 suum.
949 5427 963 5441 .
986 5428 1000 5442 .
1046 5388 1296 5443 debitum.
1321 5426 1335 5442 .
1357 5427 1371 5441 .
1421 5390 1677 5444 animum.

589 5455 617 5494 1’
664 5456 748 5520 8.,
777 5468 845 5511 et.

588 5538 609 5599 ιξ
649 5527 743 5599 Sic
862 5529 952 5599 Β..
982 5530 1171 5599 quique
1211 5546 1374 5599 cuneo
1402 5528 1591 5599 stricto
1612 5528 1914 5599 ili/fugiunt.

585 5592 610 5631 ά
648 5594 726 5663 Β..
760 5592 1021 5650 Abdclmél
1044 5592 1305 5663 cISand.,
1333 5596 1670 5653 Abdilmcler.

595 5673 617 5699 ι’
652 5662 708 5730 Β.
731 5702 744 5726 ,
776 5665 1027 5730 pericula.

597 5732 613 5772 ε
650 5729 719 5788 Μ.
763 5729 816 5785 ει
853 5733 1041 5800 Santi”
1077 5735 1453 5802 ambaginibus.
1478 5775 1488 5787 .
1511 5775 1522 5789 .
1564 5746 1824 5792 exsecuta.

2194 4607 2277 4652 ter
2302 4613 2360 4653 se
2389 4600 2626 4656 resdtuit
2650 4619 2662 4655 :
2696 4602 2789 4671 qui
2819 4610 2874 4658 et
2902 4615 3026 4674 post
3049 4606 3326 4676 paululum
3351 4620 3574 4680 peracto
3614 4614 3773 4683 quin-

2194 4688 2430 4755 quennio
2492 4688 2811 4746 Abdilmelic
2855 4693 3081 4762 praefato
3139 4710 3366 4767 regnum
3419 4708 3771 4770 reseramus,

2194 4779 2513 4835 inﬁrmitate
2563 4792 2868 4852 correptus,
2912 4801 3039 4841 mox
3087 4787 3347 4859 languore
3375 4793 3442 4847 ad
3474 4792 3665 4848 vitalia
3696 4811 3774 4849 re-

2196 4873 2392 4928 deunie
2430 4889 2461 4928 e
2494 4876 2694 4930 saeculo
2724 4876 2942 4948 migrat.

2264 4964 2352 5019 62.
2408 4964 2511 5020 Per
2543 4966 2685 5022 idem
2717 4977 2926 5039 tempus
2945 4970 3044 5024 viri
3086 4971 3355 5037 doctores,
3386 4983 3443 5027 et
3471 4976 3765 5031 sanctimo-

2195 5056 2298 5110 nia:
2320 5056 2499 5111 studio
2528 5057 2661 5111 satis
2688 5058 2952 5127 pollentes
2992 5060 3240 5118 Urbanus
3266 5071 3321 5118 et
3374 5063 3636 5121 Evantius
3663 5066 3765 5122 lani

2195 5152 2263 5207 ad
2286 5152 2569 5207 Dominum
2597 5165 2879 5226 pergentes
2915 5158 3199 5228 quiescunt
3224 5160 3277 5214 in
3304 5175 3456 5229 pace.

2266 5246 2353 5301 65.
2386 5245 2705 5302 Abdilmelic
2727 5264 2855 5305 vero
2875 5266 3140 5308 consensu
3166 5252 3407 5309 omnium
3433 5252 3488 5307 in
3516 5268 3624 5308 τοι-ιι
3648 5251 3767 5317 780,

2273 5382 2297 5457 ξ
2332 5380 2421 5457 9.,
2449 5399 2481 5436 a
2515 5382 2875 5457 recuperanda
2898 5403 3007 5457 spe.
3063 5404 3075 5411 '

2265 5451 2293 5491 ιι
2331 5451 2416 5517 8.,
2453 5451 2818 5506 occultatione.

2273 5521 2287 5560 ί
2333 5523 2521 5586 Saud.,
2550 5518 2891 5578 transductis.

2270 5590 2283 5640 i
2333 5593 2417 5657 B.,
2458 5591 2603 5645 ntali.

2272 5663 2291 5700 '~'
2333 5664 2423 5717 Sic
2446 5662 2513 5715 Μ.
2543 5672 2597 5716 ct
2633 5662 2797 5719 Samii.
2825 5662 2906 5727 8.,
2933 5681 3137 5719 mures.
3162 5665 3250 5728 (2.,
3278 5682 3506 5719 murrea.

2276 5733 2291 5773 ι
2337 5734 2524 5801 Santl.,
2559 5734 2873 5796 trimacrios,
2916 5734 2997 5796 13.,
3034 5734 3319 5790 'I'inarrios.
3350 5734 3441 5789 Μ..
3464 5736 3677 5808 patrios.
