4020 6170
357 328 498 386 Ιῖῖό

1767 326 2188 384 CIIRONICON.

3479 344 3617 399 1274

354 452 498 492 amo
521 436 729 505 imperii
745 435 942 491 Leon's
966 436 1058 502 22,
1081 436 1317 492 Arabum
1346 436 1466 502 124,
1491 438 1808 508 lliscamQO,
1837 445 1933 498 eli-
1960 449 2006 502 A
2034 441 2207 508 piunt,
2245 441 2560 499 Abdilmelic
2591 454 2864 514 prostrato
2904 457 2959 504 et
2985 466 3150 520 regno
3175 451 3292 520 ejus
3319 463 3616 524 assumpto,

352 532 503 594 gitur
522 528 576 582 in
606 542 771 593 regno
792 527 1052 581 Arabum.
1094 527 1260 597 lgitur
1287 528 1502 583 lliscam
1530 543 1833 600 praeventus
1855 535 1937 588 fu-

361 638 480 675 rore
501 620 706 689 iniquo,
740 626 795 672 et
817 618 1125 687 cupiditatis
1139 619 1376 674 relaxato
1397 620 1513 675 sine
1534 623 1762 679 termino
1785 623 1938 680 freno

351 707 408 783 [ε
441 711 604 780 erepit
649 711 701 764 in
745 725 870 764 suos
908 710 1028 778 plus
1069 710 1226 764 solito
1275 712 1633 769 debacchari:
1674 715 1835 788 unde]
1883 717 1938 772 in

353 804 496 864 bello
511 818 700 863 omnes
722 803 863 858 illico
892 819 1002 858 sua:
1029 804 1311 873 potestatis
1335 814 1521 875 gentes
1547 807 1832 874 prosiliunt
1859 809 1940 863 in-

360 897 576 951 testino.
653 896 786 950 Nam
831 904 885 949 et
936 906 1126 951 cuncta
1154 896 1243 950 illa
1295 907 1446 952 vasta
1487 899 1738 963 solitudo,
1794 903 1938 956 unde

361 1003 474 1058 ipsa
515 987 689 1042 oritur
717 986 948 1041 Arabica
995 986 1303 1052 multitudo,
1328 988 1659 1058 impietatem
1695 989 1937 1059 judtcum

361 1093 466 1131 non
499 1075 754 1139 ferentes,
783 1083 974 1130 cuncta
999 1077 1325 1132 conturbant
1355 1077 1407 1132 in
1437 1079 1580 1144 dolo,
1600 1090 1760 1150 atque
1787 1083 1937 1137 occi-

358 1168 590 1224 dentalis
609 1168 784 1242 plaga,
813 1169 897 1223 cui
912 1168 1031 1238 plus
1051 1185 1161 1239 pne
1181 1171 1393 1226 caeteris
1412 1171 1578 1228 dediti
1604 1176 1931 1242 suntMauri,

359 1270 415 1318 et
441 1276 503 1316 ea
531 1276 650 1330 qua:
685 1261 752 1316 ad
801 1259 1151 1315 Meridianam
1200 1277 1260 1317 se
1296 1264 1524 1334 subrigit
1569 1281 1781 1333 zonam,
1829 1283 1936 1322 uno

361 1353 587 1408 consilio
631 1351 947 1417 etl‘crantes,
993 1353 1233 1409 cervices
1275 1355 1485 1424 publice
1538 1358 1820 1414 excutiunt
1867 1361 1934 1415 ab

359 1443 589 1498 Arabico
602 1441 750 1512 jugo.
813 1441 920 1496 Sed
947 1443 1037 1497 ubi
1072 1443 1139 1497 ad
1163 1443 1376 1498 Hiscam
1407 1446 1647 1501 auditum
1689 1449 1934 1517 pervenit

359 1534 809 1603 tyrannizantium
830 1533 1134 1598 multitudo,
1164 1542 1378 1588 centum
1409 1537 1576 1591 millia
1600 1547 1931 1594 armatorum

357 1625 528 1679 electa
578 1624 773 1678 auxilia
801 1624 975 1678 valida
1020 1625 1165 1680 illico
1204 1627 1477 1682 ministrat
1504 1631 1625 1684 duci
1655 1629 1928 1686 Africano.

357 1718 570 1774 Cultum
610 1717 831 1772 fratrem
855 1718 1116 1773 exercitui
1139 1719 1378 1775 Orientis
1400 1722 1518 1776 scil.
1544 1733 1595 1778 et
1623 1721 1929 1778 Occidentis

358 1809 670 1881 praefectum
694 1809 833 1863 bello
870 1809 1061 1864 ducem
1089 1809 1330 1880 designat
1359 1827 1372 1864 :
1421 1813 1662 1868 exercitu
1687 1813 1930 1868 bconsti-

359 1910 476 1958 tuto
501 1915 596 1970 per
617 1909 821 1955 turmas
862 1908 917 1956 et
943 1900 1234 1972 phalanges
1259 1902 1598 1960 dinumerato
1619 1947 1632 1968 ,
1677 1905 1931 1961 Africano

357 2009 416 2050 se
437 1995 733 2064 suscipiunt
761 1994 908 2051 solo:
940 1996 1126 2064 sicque
1147 1997 1375 2050 consilio
1399 1997 1663 2052 definiunt
1689 2000 1928 2069 proprio,

357 2094 417 2139 ut
443 2084 645 2152 patrias
669 2083 975 2137 Maurorum
1002 2083 1352 2139 discursando
1376 2093 1431 2139 et
1451 2085 1628 2155 gladio
1665 2085 1926 2150 feriendo,

357 2176 425 2230 ad
448 2175 791 2244 Tingitanum
814 2189 984 2243 usque
1015 2184 1303 2245 properent
1331 2175 1571 2246 pelagus.
1633 2176 1738 2232 Sed
1780 2176 1930 2230 Mau-

358 2284 539 2323 rorum
569 2269 668 2322 hoc
699 2282 1090 2336 recognoscens
1111 2267 1396 2322 multitudo
1425 2267 1477 2320 in
1505 2282 1736 2336 pugnam
1779 2267 1928 2330 nudi,

357 2358 767 2428 prmpcndiculis
789 2357 1164 2412 tantummodo
1192 2367 1317 2412 ante
1360 2357 1604 2428 pudenda
1633 2357 1929 2426 praecincti,

356 2465 389 2505 e
425 2450 691 2505 montanis
747 2449 878 2504 locis
922 2450 1208 2520 prosiliunt
1247 2450 1412 2504 illico.
1489 2449 1595 2503 Sed
1627 2451 1715 2503 ubi
1766 2449 1934 2504 frater

357 2538 576 2594 fluvium
607 2538 874 2593 Mafanum
894 2540 1248 2609 pervenisset,
1275 2540 1473 2594 acriter
1495 2541 1708 2609 utrique
1753 2539 1935 2594 confli-

357 2641 488 2700 gunt
512 2632 565 2685 in
591 2631 814 2700 pnelio:
867 2631 1036 2685 Mauri
1082 2640 1278 2687 tetrum
1330 2631 1563 2686 colorem
1621 2631 1776 2700 equis
1824 2630 1936 2701 pul-

357 2722 664 2776 cbrioribus
714 2721 1150 2785 demonstrando,
1202 2731 1258 2777 et
1287 2723 1424 2776 albis
1449 2723 1700 2778 dentibus
1735 2720 1936 2777 confri-

355 2813 548 2876 cando,
583 2813 763 2867 hostes
794 2821 1021 2877 terrent,
1071 2815 1210 2868 unde
1243 2813 1455 2882 equites
1480 2811 1722 2882 Egyptii
1747 2812 1932 2866 statim

361 2903 605 2958 resiliunt
635 2902 906 2975 fugiendo.
980 2903 1087 2959 Sed
1107 2905 1184 2958 illi
1211 2904 1338 2957 dum
1369 2903 1598 2974 amplius
1625 2903 1936 2973 impressio-

358 3010 481 3049 nem
513 2994 717 3050 faciunt
758 2995 1092 3064 desperando
1133 2995 1343 3066 equites
1385 2995 1580 3050 iterum
1614 2993 1830 3048 Arabici
1879 3002 1936 3048 et

359 3085 596 3158 {Egyptii
611 3086 726 3141 sine
748 3103 898 3142 mora
925 3089 995 3142 ob
1020 3089 1160 3143 cutis
1174 3087 1407 3142 colorem
1420 3085 1754 3151 dissiliendo,
1783 3093 1934 3154 terga

357 3191 478 3230 cum
507 3193 602 3232 sua
625 3184 680 3231 et
706 3191 1049 3232 ascensorum
1077 3177 1430 3232 internicione
1454 3183 1668 3231 vertunt
1707 3190 1939 3245 expave-

360 3267 596 3324 scendo:
651 3275 812 3336 atque
863 3268 987 3322 dum
1009 3283 1105 3338 per
1143 3267 1343 3324 fretosa
1382 3276 1434 3322 et
1477 3267 1632 3322 devia
1671 3267 1939 3321 cursitant

361 3355 761 3412 transfretando
784 3355 988 3426 absque
1033 3357 1212 3426 aliquo
1247 3357 1561 3419 retinaculo,
1613 3355 1697 3410 vel
1740 3355 1937 3410 virium

361 3449 719 3518 reparatione,
754 3449 1040 3504 multitudo
1079 3449 1167 3504 illa
1220 3449 1427 3518 deperit
1452 3457 1662 3502 vastam
1692 3461 1790 3517 per
1824 3464 1940 3502 ere-

361 3548 539 3601 mllm;
587 3539 770 3607 sicque
795 3539 970 3594 omnis
1001 3539 1087 3593 illa
1134 3539 1378 3594 collectio
1413 3539 1651 3593 Orientis
1683 3538 1938 3592 videlicet

361 3639 415 3684 et
447 3629 754 3686 Occidentis
793 3645 892 3699 per
918 3630 1094 3697 fugam
1126 3629 1330 3698 dilapsa
1372 3628 1782 3683 contabuitullo
1814 3629 1936 3684 abs-

361 3733 466 3788 que
493 3719 746 3772 remedio.
807 3716 1208 3786 Duaneipsius
1241 3718 1529 3780 exercitus,
1556 3715 1803 3770 Cultumc
1841 3732 1938 3770 no-

364 3808 526 3872 mine,
559 3809 808 3864 contritis
833 3807 858 3847 ἀ
895 3807 1058 3862 sociis
1088 3805 1384 3876 iugulatur,
1414 3817 1577 3877 atque
1601 3823 1709 3863 non
1747 3817 1937 3877 sponte

363 3900 551 3958 intres
581 3907 785 3955 turmas
815 3908 1008 3954 cuncta
1041 3908 1254 3953 caterva
1277 3899 1560 3956 dividitur:
1600 3900 1784 3968 sicque
1812 3915 1938 3969 pars

363 4006 469 4047 una
505 3990 698 4058 gladio,
737 3991 819 4045 vel
852 4006 1012 4046 manu
1041 3989 1303 4045 victorum
1333 3999 1545 4045 tenetur
1567 4029 1582 4054 ,
1631 3990 1736 4043 alia
1773 4004 1938 4058 vaga-

364 4083 540 4138 bunde
562 4098 657 4151 per
680 4084 822 4137 viam
847 4100 951 4152 qua
967 4092 1187 4140 venerat
1203 4081 1484 4151 aufugiens
1506 4083 1802 4152 repatriare
1829 4099 1938 4138 am-

365 4177 516 4231 biens
551 4177 848 4231 trucidatur
878 4188 930 4230 οε
990 4177 1144 4232 tertia
1192 4192 1318 4245 pars
1350 4177 1402 4230 in
1452 4176 1742 4230 amentiam
1783 4191 1938 4231 versa

365 4263 547 4322 nescio
584 4279 690 4332 quo
719 4265 1044 4332 properavit.
1123 4264 1267 4333 Belgi
1304 4263 1471 4318 frater
1505 4279 1563 4318 se
1582 4264 1770 4318 ducem
1802 4280 1939 4333 prte-

367 4357 498 4409 bens
548 4355 632 4410 ltis
663 4395 676 4417 ,
745 4355 826 4408 vir
846 4370 1040 4423 genere
1088 4355 1278 4423 plenus
1311 4396 1324 4419 ,
1382 4365 1437 4409 et
1480 4355 1646 4410 armis
1690 4356 1938 4411 militari-

366 4445 464 4500 bus
499 4453 768 4514 expertus,
798 4445 924 4509 lteu,
964 4445 1098 4514 prob
1137 4445 1326 4501 dolor!
1395 4446 1704 4515 Hispaniam
1735 4449 1936 4502 advcn-
1970 4469 2018 4528 ι)

368 4534 520 4587 tavit.

437 4623 522 4677 64.
551 4623 627 4678 Eo
653 4630 911 4693 tempore,
929 4633 988 4678 ut
1008 4640 1170 4694 supra
1197 4627 1448 4686 diximus,
1470 4627 1645 4682 intera
1661 4629 1942 4693 780,anno

367 4714 576 4784 imperii
611 4715 806 4770 Leonis
831 4717 902 4770 2?.
922 4757 937 4777 ,
965 4717 1180 4772 lliscam
1207 4718 1276 4772 20
1295 4757 1310 4781 ,
1346 4718 1662 4774 Abdilmelic
1691 4719 1942 4789 Hispanis

366 4811 614 4872 prteerat.
669 4803 910 4872 Cumque
932 4805 1075 4874 Belgi
1099 4821 1220 4859 cum
1249 4805 1469 4874 praefata
1493 4808 1650 4861 tertia
1677 4819 1830 4876 parte
1862 4808 1944 4862 in-

369 4893 556 4962 telligit
583 4895 862 4962 pervenire
883 4897 948 4948 ad
970 4906 1204 4965 portum,
1239 4913 1403 4951 naves
1424 4899 1793 4966 retemptando
1826 4897 1942 4966 ejus

370 4985 590 5054 impedit
624 4984 642 5023 ι
680 4987 984 5042 transitum.
1069 4987 1172 5042 Sed
1210 4988 1299 5042 ubi
1329 4987 1595 5056 Hispaniae
1633 4988 1800 5043 Mauri
1841 4990 1943 5044 hoc

370 5074 440 5126 ita
481 5083 846 5144 cognoverunt
894 5075 1111 5138 factum,
1153 5076 1205 5130 in
1253 5076 1436 5145 pra-lio
1467 5080 1796 5146 congregati,
1848 5096 1943 5134 cu-

439 5242 470 5351 3
493 5229 674 5353 lUncis
718 5230 924 5286 inclusa
967 5232 1216 5301 leguntur
1261 5231 1313 5284 in
1354 5229 1422 5284 M.
1448 5270 1462 5291 ,
1512 5231 1704 5286 desunt
1743 5232 1794 5286 in
1825 5233 1946 5289 aliis

473 5320 490 5353 ί
513 5338 528 5351 .

371 5314 505 5353 (ξουίι
513 5338 528 5351 .

397 5438 408 5449 .
444 5369 469 5407 ι’
510 5370 588 5429 B.,
615 5379 769 5449 atque
783 5369 974 5424 Zultau
995 5388 1148 5441 super
1170 5370 1395 5426 Orientis
1412 5370 1604 5426 scilicet
1625 5383 1670 5426 et
1693 5371 1946 5430 Occiden-

373 5440 437 5492 tis
467 5440 716 5493 exercitu.

443 5520 465 5544 ο
505 5509 587 5568 B.,
618 5508 830 5562 Zultan.

441 5577 465 5616 ά
512 5578 592 5637 B.,
618 5580 928 5631 conterritis.

449 5661 470 5686 ο
511 5649 600 5701 Sic
631 5647 730 5710 51.;
785 5649 840 5701 I3.
884 5651 1166 5718 rcpatriure
1201 5653 1444 5705 (nubitur.

451 5718 466 5756 ί
508 5719 589 5780 B.,
631 5719 704 5771 cis
726 5719 960 5786 denrgat.

1965 3126 2014 3187 C

2037 533 2410 586 transmarinis
2449 535 2723 591 sodalibus
2762 539 3007 606 praebere
3039 541 3104 594 ad
3130 543 3419 596 transitum
3469 545 3620 598 navi-

2038 621 2274 687 gerium:
2322 631 2481 692 atque
2510 625 2562 678 in
2593 633 2702 680 tres
2734 636 2940 684 turmas
2963 631 3141 693 divisi,
3175 647 3336 686 unam
3365 633 3432 686 ad
3459 633 3618 688 Tole-

2038 717 2150 764 tum
2179 713 2478 780 praevalidm
2498 716 2732 770 civitatis
2758 733 2969 771 murum
2986 720 3256 774 destinant
3277 721 3575 778 fcriendum
3601 741 3613 776 τ

2036 802 2197 855 aliam
2225 803 2293 858 ad
2316 804 2631 860 Abdiimelic
2652 807 2899 862 Corduba
2924 810 2977 862 in
3007 811 3132 864 sede
3151 810 3389 881 dirigunt
3417 815 3440 852 ε
3457 811 3618 881 jugu-

2036 893 2284 949 landum:
2319 899 2533 951 tertiam
2557 898 2623 952 ad
2644 898 2982 968 Septitanum
3018 903 3044 942 ι·
3078 913 3293 972 portum
3338 907 3617 976 porrigunt

2033 987 2104 1040 ob
2129 997 2432 1055 praeventus
2453 991 2871 1059 suprafatorum,
2901 996 2992 1063 qui
3021 996 3086 1050 de
3105 997 3286 1066 praelio
3310 1008 3616 1066 evaserant,

2028 1072 2380 1145 jugulandum
2417 1080 2460 1131 ἱ.
2504 1079 2609 1135 Sed
2637 1081 2954 1138 Abdilmelic
2996 1087 3277 1156 utriusque
3300 1089 3615 1146 lacertorum

2035 1166 2257 1221 brachia
2287 1169 2524 1234 mittens,
2562 1187 2724 1226 unam
2753 1182 2984 1229 turmam
3015 1192 3111 1247 per
3137 1179 3304 1234 lilium
3340 1181 3560 1252 Hemer
3589 1182 3602 1232 i

2033 1259 2368 1314 obsidionem
2399 1261 2586 1316 Toleto
2640 1278 2736 1331 per
2765 1266 2949 1334 viginti
2989 1277 3194 1338 septem
3241 1271 3354 1325 dies
3398 1281 3615 1340 proten-

2034 1347 2251 1403 dentem
2281 1350 2476 1419 gladio,
2532 1353 2849 1409 duodecimo
2878 1357 2946 1411 ab
2992 1359 3121 1412 urbe
3174 1359 3425 1414 ntilliario
3467 1360 3614 1415 forti-

2035 1448 2119 1494 ter
2149 1441 2413 1496 dissecat:
2448 1443 2610 1497 aliam
2633 1459 2729 1514 per
2757 1445 3048 1502 Almuzaor
3081 1447 3332 1513 Arabem,
3359 1450 3482 1504 licet
3496 1466 3614 1504 cum

2033 1544 2130 1583 sua
2153 1529 2234 1584 vel
2260 1532 2530 1586 exercitus
2556 1533 2912 1589 internicione
2936 1535 3257 1593 refrenando
3282 1541 3614 1605 reverberat,

2029 1631 2087 1676 et
2118 1621 2172 1674 in
2216 1621 2376 1676 aliam
2419 1633 2627 1692 partem
2680 1625 2944 1680 declinat:
2997 1629 3211 1682 tertiam
3246 1646 3364 1699 quae
3405 1630 3608 1684 Mcssu—

2034 1711 2141 1764 lam
2193 1712 2464 1767 civitatem
2519 1715 2587 1769 ad
2632 1719 3160 1785 comprehendendos
3205 1735 3298 1774 eos
3340 1721 3431 1790 qui
3482 1729 3618 1774 tute-

2033 1801 2140 1855 lam
2169 1803 2362 1873 navigii
2395 1805 2670 1875 gerebant,
2722 1809 3057 1872 adventarat,
3096 1825 3192 1880 per
3235 1811 3380 1880 Belgi
3404 1812 3489 1866 cui
3518 1812 3613 1865 du-

2031 1893 2160 1948 dum
2188 1897 2474 1951 transitum
2505 1898 2878 1969 denegaverat,
2925 1902 3151 1957 navibus
3180 1903 3495 1972 pratparatis
3517 1903 3615 1956 ob-

2035 1995 2276 2041 truncat.

2104 2079 2192 2133 65.
2237 2079 2388 2136 Tunc
2413 2080 2731 2137 Abdilmelic
2753 2084 3029 2138 exterritis
3051 2086 3262 2140 czeteris
3293 2101 3390 2139 suo
3420 2085 3471 2139 in
3500 2085 3617 2140 loco

2033 2185 2154 2225 sese
2203 2181 2440 2241 receptat
2473 2213 2487 2238 ,
2529 2175 2823 2230 admonens
2850 2191 2948 2244 per
2975 2177 3264 2246 epistolare
3321 2179 3614 2247 alloquium

2032 2263 2199 2333 Belgi,
2243 2270 2304 2316 ut
2327 2265 2550 2332 pristina
2581 2265 2634 2319 in
2664 2265 2839 2319 insula
2871 2282 2990 2321 sese
3025 2269 3279 2337 recipiat:
3346 2269 3438 2323 sed
3468 2269 3614 2340 Belgi

2033 2351 2159 2405 dum
2189 2359 2371 2406 tantas
2403 2351 2558 2407 famis
2587 2352 2828 2421 injurias,
2859 2371 2993 2425 quas
3017 2357 3067 2411 ei
3099 2358 3312 2412 tandem
3338 2358 3612 2423 intulerat,

2033 2441 2227 2496 anxius
2282 2451 2336 2495 et
2365 2442 2504 2496 male
2535 2443 2752 2498 dolosus
2787 2454 3109 2500 rememorat
3158 2447 3341 2516 pnelia
3386 2463 3482 2517 per
3505 2447 3613 2502 Ab-

2035 2533 2336 2587 derramam
2356 2552 2367 2586 :
2390 2543 2444 2588 et
2463 2534 2671 2603 objecta
2691 2534 2782 2590 diu
2797 2538 3169 2601 obsistentem,
3198 2537 3500 2592 Cordubam
3516 2555 3617 2609 pe-

2036 2631 2236 2688 netrat,
2290 2631 2451 2692 atque
2497 2623 2814 2681 Abdilmelic
2837 2627 3109 2697 reperiens
3137 2643 3167 2680 a
3197 2627 3323 2682 tlliis
3354 2629 3486 2693 suis,
3533 2627 3618 2682 vel

2036 2727 2249 2767 amanu
2285 2713 2496 2781 publica
2527 2713 2842 2777 desolatum,
2896 2715 2978 2770 vel
3026 2717 3339 2771 arundineis
3388 2717 3614 2772 sudibus

2036 2804 2431 2868 excruciatum,
2477 2812 2639 2873 atque
2675 2806 2864 2860 mortis
2905 2806 3238 2875 quatiamine
3284 2823 3381 2877 per
3425 2822 3619 2876 corpus

2037 2895 2276 2964 graviter
2299 2893 2614 2964 expolitum,
2643 2902 2917 2964 postremo
2962 2895 3137 2964 gladio
3161 2897 3412 2950 trucidat.
3478 2895 3618 2949 Tan-

2039 2994 2126 3041 tus
2151 3001 2278 3040 vero
2302 2986 2444 3040 inter
2463 2984 2766 3042 Orientales
2795 2987 2822 3026 ¹ι
2849 3002 2974 3041 cum
3017 2987 3152 3043 (luce
3176 2988 3344 3058 Belgi,
3389 2998 3442 3042 et
3465 2987 3621 3044 Occi-

2041 3075 2282 3132 dentales
2308 3091 2430 3131 cum
2460 3074 2572 3130 filio
2595 3076 2836 3146 liumeya
2893 3077 3150 3132 collectus
3198 3085 3282 3132 est
3327 3077 3617 3142 exercitus,

2042 3167 2309 3237 completa
2331 3184 2440 3222 aera
2474 3165 2745 3237 suprafata
2775 3205 2792 3231 ,
2823 3182 2964 3222 anno
2986 3166 3195 3236 imperii
3229 3166 3424 3220 Leonis
3452 3181 3614 3234 supra

2039 3259 2203 3323 dicto,
2257 3257 2493 3311 Arabum
2511 3255 2624 3324 jam
2670 3257 3004 3325 prtescripto,
3055 3256 3268 3311 lliscam
3298 3255 3621 3309 Amiralmu-

2040 3349 2206 3404 minin
2221 3348 2336 3418 jam
2357 3357 2564 3413 notato,
2611 3357 2664 3402 et
2691 3357 2836 3402 tanta
2861 3347 3078 3402 fuerunt
3121 3347 3307 3416 praelia
3353 3349 3420 3402 ab
3461 3347 3621 3401 utris-

2038 3454 2142 3507 que
2161 3447 2392 3508 patrata,
2425 3445 2684 3508 quantum
2708 3439 2938 3491 humana
2971 3438 3062 3492 vix
3085 3453 3305 3493 narrare
3330 3438 3619 3508 przevaleat

2037 3529 2239 3598 lingua.
2282 3527 2388 3582 Sed
2418 3527 2543 3596 quia
2583 3542 2920 3596 nequaquam
2949 3542 3012 3582 ea
3055 3528 3267 3598 ignorat
3321 3528 3498 3583 onmis
3530 3527 3611 3582 lli-

2037 3619 2257 3689 spania,
2289 3619 2411 3674 ideo
2462 3619 2552 3674 illa
2610 3619 2833 3673 minime
2885 3621 3153 3674 recenseri
3203 3628 3314 3674 tam
3355 3619 3610 3690 tragical

2037 3712 2173 3766 bella
2198 3713 2299 3767 ista
2319 3711 2559 3767 decrevit
2584 3712 2832 3766 historia:
2868 3713 2994 3781 quia
3011 3711 3122 3781 jam
3149 3712 3204 3765 in
3231 3713 3334 3766 alia
3351 3713 3614 3782 Epitome,

2037 3803 2270 3874 qualiter
2290 3813 2482 3858 cuncta
2507 3803 2832 3858 exstiterunt
2854 3811 3019 3874 gesta,
3054 3812 3300 3874 patenter
3324 3812 3378 3858 et
3400 3803 3618 3874 pagina-

2038 3897 2162 3952 liter
2185 3905 2367 3952 manet
2390 3905 2578 3951 nostro
2605 3897 2744 3967 stylo
2771 3898 3099 3968 conscripta.

2108 3987 2195 4042 66.
2237 3987 2405 4056 Hujus
2435 3988 2490 4042 in
2529 3997 2789 4058 tempore,
2838 3989 2892 4042 in
2933 4005 3040 4044 :era
3084 3989 3207 4054 771,
3237 4006 3377 4046 anno
3406 3989 3620 4060 imperii

2038 4079 2232 4134 Leonis
2259 4079 2350 4144 25,
2381 4079 2616 4134 Arabum
2648 4080 2769 4146 125,
2795 4080 2958 4134 Alulit
2979 4081 3204 4152 pulcher
3220 4081 3619 4136 Antiralmumi-

2039 4172 2131 4226 nin
2156 4171 2339 4226 debito
2367 4172 2421 4227 in
2453 4171 2572 4226 loco
2607 4188 2638 4226 a
2665 4173 2873 4227 cunctis
2903 4173 3226 4227 sublimatur
3247 4173 3300 4226 in
3329 4172 3461 4227 solio
3485 4190 3499 4228 :
3531 4171 3618 4227 cui

2039 4261 2156 4316 sine
2193 4277 2343 4316 mora
2387 4262 2455 4315 ab
2489 4261 2591 4315 lziz
2637 4276 2802 4330 regno
2830 4262 3044 4330 dempto
3078 4269 3359 4331 permanet
3385 4261 3619 4317 dodrans

2039 4366 2161 4404 cum
2190 4365 2352 4403 anno.
2379 4349 2532 4403 Tunc
2566 4349 2823 4405 intestino
2853 4349 3033 4404 furore
3067 4349 3244 4404 omnis
3271 4351 3621 4405 conturbatur

2043 4439 2316 4508 Hispania.

2109 4529 2198 4584 67.
2229 4529 2285 4582 In
2319 4544 2428 4582 aera
2457 4528 2580 4594 782,
2624 4545 2766 4584 anno
2798 4530 3008 4599 imperii
3053 4530 3248 4585 Leonis
3281 4530 3495 4600 expleto
3523 4530 3614 4595 24,

2038 4622 2199 4676 Alulit
2221 4622 2416 4692 primo,
2440 4620 2732 4677 Albucatar
2758 4624 2954 4679 missus
2975 4625 3042 4679 ad
3071 4624 3549 4694 principaliajussa
3574 4637 3612 4663 π’

2038 4713 2218 4767 omnia
2248 4710 2520 4780 suprafata
2542 4714 2695 4766 sedat
2728 4714 2999 4768 scandala.
3029 4715 3179 4770 Tunc
3203 4715 3496 4770 Abulcatar
3518 4731 3616 4768 no-

2041 4801 2184 4856 mine
2225 4801 2467 4856 Alltozan
2511 4812 2538 4840 ιι
2569 4802 2798 4859 sollicite
2835 4805 2936 4859 sibi
2973 4805 3314 4860 commissam
3355 4813 3509 4860 curat
3530 4820 3624 4874 ge-

2043 4906 2162 4946 rere
2187 4892 2418 4960 patriam
2445 4907 2458 4945 :
2491 4901 2652 4962 atque
2683 4895 2921 4949 exercitu
2948 4909 3014 4950 ex
3043 4896 3418 4951 transmarinis
3453 4895 3627 4966 parti-

2040 4981 2142 5036 bus
2197 4983 2314 5036 sine
2371 4998 2521 5037 mora
2575 4985 2834 5053 superbos
2883 4985 3153 5055 Hispania:
3199 4986 3465 5041 domando
3519 4987 3619 5044 sub

2044 5075 2260 5128 nomine
2311 5075 2478 5143 praelii
2523 5076 2683 5130 mittit
2737 5078 2790 5132 in
2831 5077 3087 5143 Africam,
3133 5088 3189 5134 et
3223 5078 3347 5149 quia
3393 5085 3618 5133 cunctus

2119 5231 2144 5306 ἕ
2180 5229 2640 5306 Bellicer.,__Anr_t.,
2669 5232 2876 5306 p._lOlg,
2908 5232 3203 5306 Cordubam
3229 5250 3347 5287 ense
3362 5233 3618 5306 dirigam.

2117 5302 2142 5374 ιθ
2186 5300 2277 5374 Sic
2301 5300 2510 5374 [ιι-εἶμι,
2532 5301 2606 5374 ΔΜ.
2643 5311 2700 5356 et
2715 5302 2914 5367 Sand.;
2949 5302 3031 5367 B.,
3056 5305 3421 5374 septimanam.

2126 5370 2138 5408 ί
2188 5370 2268 5432 Β.,
2311 5368 2651 5437 vigilandum.

2120 5438 2134 5486 i
2184 5439 2275 5492 Sic
2298 5439 2389 5502 B.;
2445 5439 2536 5501 Μ..
2567 5439 2885 5506 llumeiam;
2925 5443 3112 5508 Santl.,
3155 5441 3406 5496 Ilumoia.

2121 5508 2144 5546 ’ί
2188 5509 2278 5562 Sic
2303 5508 2406 5571 M.;
2437 5510 2521 5574 B.,
2551 5511 2867 5564 Onentalia.

2127 5575 2154 5660 ξ
2185 5578 2274 5660 Sic
2304 5577 2518 5660 514.15.,
2543 5581 2788 5660 stragica.

2121 5655 2155 5677 "
2185 5647 2317 5710 C.,a
2339 5649 2617 5717 principali
2639 5647 2812 5717 jussu.

2123 5727 2147 5755 η
2176 5717 2263 5770 Sic
2296 5733 2423 5772 mss.
2457 5720 2516 5772 (Σ.
2549 5729 2595 5772 ct
2625 5719 2692 5772 Μ.
2718 5728 2771 5773 ct
2791 5722 2875 5776 ed.
2903 5723 3063 5776 Santi.
3092 5723 3172 5782 B.,
3203 5721 3384 5776 Αἰαίη.
