  <div class='ocr_page' id='page_1' title='image "/cluster/home/n/w/nwhite01/storage/ocr_20150623/96/hvd.32044052819901/643.png"; bbox 0 0 4020 6170; ppageno 0'>
   <div class='ocr_carea' id='block_1_1' title="bbox 404 270 543 327">
    <p class='ocr_par' dir='ltr' id='par_1_1' title="bbox 404 270 543 327">
     <span class='ocr_line' id='line_1_1' title="bbox 404 270 543 327; baseline -0.014 0"><span class='ocrx_word' id='word_1_1' title='bbox 404 270 543 327; x_wconf 67' lang='grc' dir='ltr'><strong>ηἷδ</strong></span> 
     </span>
    </p>
   </div>
   <div class='ocr_carea' id='block_1_2' title="bbox 1000 260 3038 323">
    <p class='ocr_par' dir='ltr' id='par_1_2' title="bbox 1000 260 3038 323">
     <span class='ocr_line' id='line_1_2' title="bbox 1000 260 3038 323; baseline -0.001 0"><span class='ocrx_word' id='word_1_2' title='bbox 1000 265 1175 323; x_wconf 63' lang='grc' dir='ltr'><strong>ελΕΟ.</strong></span> <span class='ocrx_word' id='word_1_3' title='bbox 1215 264 1328 321; x_wconf 75' lang='lat' dir='ltr'><strong>VIII</strong></span> <span class='ocrx_word' id='word_1_4' title='bbox 1360 261 1733 320; x_wconf 81' lang='lat' dir='ltr'><strong>AUCTORES</strong></span> <span class='ocrx_word' id='word_1_5' title='bbox 1769 260 1932 316; x_wconf 78' lang='lat' dir='ltr'><strong>ANNl</strong></span> <span class='ocrx_word' id='word_1_6' title='bbox 1972 260 2267 317; x_wconf 64' lang='lat' dir='ltr'><strong>lNCEth.</strong></span> <span class='ocrx_word' id='word_1_7' title='bbox 2307 293 2378 302; x_wconf 88' lang='lat'><strong>—-—</strong></span> <span class='ocrx_word' id='word_1_8' title='bbox 2414 264 2667 320; x_wconf 78' lang='lat' dir='ltr'><strong>lSlDORl</strong></span> <span class='ocrx_word' id='word_1_9' title='bbox 2702 265 3038 322; x_wconf 79' lang='lat' dir='ltr'><strong>PACENSIS</strong></span> 
     </span>
    </p>
   </div>
   <div class='ocr_carea' id='block_1_3' title="bbox 3536 251 3710 325">
    <p class='ocr_par' dir='ltr' id='par_1_3' title="bbox 3536 251 3710 325">
     <span class='ocr_line' id='line_1_3' title="bbox 3536 251 3710 325; baseline -0.006 0"><span class='ocrx_word' id='word_1_10' title='bbox 3536 251 3710 325; x_wconf 67' lang='lat'><strong>1213</strong></span> 
     </span>
    </p>
   </div>
   <div class='ocr_carea' id='block_1_4' title="bbox 400 374 3705 450">
    <p class='ocr_par' dir='ltr' id='par_1_4' title="bbox 400 374 3705 450">
     <span class='ocr_line' id='line_1_4' title="bbox 400 374 3705 450; baseline -0.005 -12"><span class='ocrx_word' id='word_1_11' title='bbox 400 383 597 439; x_wconf 76' lang='lat' dir='ltr'><strong>Oriens</strong></span> <span class='ocrx_word' id='word_1_12' title='bbox 615 379 870 436; x_wconf 89' lang='lat' dir='ltr'><strong>seductus</strong></span> <span class='ocrx_word' id='word_1_13' title='bbox 890 380 1164 443; x_wconf 89' lang='lat' dir='ltr'><strong>manebat,</strong></span> <span class='ocrx_word' id='word_1_14' title='bbox 1187 377 1429 433; x_wconf 84' lang='lat' dir='ltr'><strong>inaudita</strong></span> <span class='ocrx_word' id='word_1_15' title='bbox 1452 375 1505 431; x_wconf 90' lang='lat' dir='ltr'><strong>in</strong></span> <span class='ocrx_word' id='word_1_16' title='bbox 1526 374 1711 445; x_wconf 61' lang='lat' dir='ltr'><strong>praelia</strong></span> <span class='ocrx_word' id='word_1_17' title='bbox 1738 387 1988 429; x_wconf 75' lang='lat' dir='ltr'><strong>surrexe-</strong></span> <span class='ocrx_word' id='word_1_18' title='bbox 2018 381 2060 435; x_wconf 87' lang='lat' dir='ltr'><strong>A</strong></span> <span class='ocrx_word' id='word_1_19' title='bbox 2092 375 2458 432; x_wconf 74' lang='lat' dir='ltr'><strong>Romanorum</strong></span> <span class='ocrx_word' id='word_1_20' title='bbox 2494 377 2564 433; x_wconf 85' lang='lat'><strong>68</strong></span> <span class='ocrx_word' id='word_1_21' title='bbox 2596 377 2984 433; x_wconf 65' lang='lat' dir='ltr'><strong>Constantinus</strong></span> <span class='ocrx_word' id='word_1_22' title='bbox 3018 376 3214 431; x_wconf 81' lang='lat' dir='ltr'><strong>Leonis</strong></span> <span class='ocrx_word' id='word_1_23' title='bbox 3244 376 3386 432; x_wconf 82' lang='lat' dir='ltr'><strong>ﬁlius</strong></span> <span class='ocrx_word' id='word_1_24' title='bbox 3430 387 3554 448; x_wconf 79' lang='lat' dir='ltr'><strong>post</strong></span> <span class='ocrx_word' id='word_1_25' title='bbox 3578 395 3705 450; x_wconf 69' lang='lat' dir='ltr'><strong>pa.</strong></span> 
     </span>
    </p>
   </div>
   <div class='ocr_carea' id='block_1_5' title="bbox 401 471 1317 537">
    <p class='ocr_par' dir='ltr' id='par_1_5' title="bbox 401 471 1317 537">
     <span class='ocr_line' id='line_1_5' title="bbox 401 471 1317 537; baseline -0.008 -8"><span class='ocrx_word' id='word_1_26' title='bbox 401 482 533 531; x_wconf 89' lang='lat' dir='ltr'><strong>runt</strong></span> <span class='ocrx_word' id='word_1_27' title='bbox 561 472 842 529; x_wconf 84' lang='lat' dir='ltr'><strong>audientes</strong></span> <span class='ocrx_word' id='word_1_28' title='bbox 865 471 1035 537; x_wconf 80' lang='lat' dir='ltr'><strong>Alulit</strong></span> <span class='ocrx_word' id='word_1_29' title='bbox 1055 471 1317 527; x_wconf 88' lang='lat' dir='ltr'><strong>occisum.</strong></span> 
     </span>
    </p>
   </div>
   <div class='ocr_carea' id='block_1_6' title="bbox 392 564 777 623">
    <p class='ocr_par' dir='ltr' id='par_1_6' title="bbox 392 564 777 623">
     <span class='ocr_line' id='line_1_6' title="bbox 392 564 777 623; baseline -0.016 0"><span class='ocrx_word' id='word_1_30' title='bbox 392 622 395 623; x_wconf 30' lang='grc' dir='ltr'><em>ν</em></span> <span class='ocrx_word' id='word_1_31' title='bbox 475 564 543 619; x_wconf 85' lang='lat' dir='ltr'><strong>Et</strong></span> <span class='ocrx_word' id='word_1_32' title='bbox 571 564 777 619; x_wconf 91' lang='lat' dir='ltr'><strong>statim.</strong></span> 
     </span>
    </p>
   </div>
   <div class='ocr_carea' id='block_1_7' title="bbox 473 645 1985 719">
    <p class='ocr_par' dir='ltr' id='par_1_7' title="bbox 473 645 1985 719">
     <span class='ocr_line' id='line_1_7' title="bbox 473 645 1985 719; baseline -0.008 -8"><span class='ocrx_word' id='word_1_33' title='bbox 473 654 565 712; x_wconf 85' lang='lat'><strong>68.</strong></span> <span class='ocrx_word' id='word_1_34' title='bbox 596 654 655 708; x_wconf 90' lang='lat' dir='ltr'><strong>1n</strong></span> <span class='ocrx_word' id='word_1_35' title='bbox 682 668 790 708; x_wconf 68' lang='lat' dir='ltr'><strong>aera</strong></span> <span class='ocrx_word' id='word_1_36' title='bbox 821 651 944 717; x_wconf 73' lang='lat'><strong>782,</strong></span> <span class='ocrx_word' id='word_1_37' title='bbox 976 666 1119 707; x_wconf 89' lang='lat' dir='ltr'><strong>anno</strong></span> <span class='ocrx_word' id='word_1_38' title='bbox 1147 649 1217 705; x_wconf 71' lang='grc'><strong>24</strong></span> <span class='ocrx_word' id='word_1_39' title='bbox 1244 648 1458 719; x_wconf 89' lang='lat' dir='ltr'><strong>imperii</strong></span> <span class='ocrx_word' id='word_1_40' title='bbox 1476 647 1674 703; x_wconf 85' lang='lat' dir='ltr'><strong>Leonis</strong></span> <span class='ocrx_word' id='word_1_41' title='bbox 1701 645 1985 716; x_wconf 89' lang='lat' dir='ltr'><strong>completo,</strong></span> 
     </span>
    </p>
   </div>
   <div class='ocr_carea' id='block_1_8' title="bbox 400 736 1990 813">
    <p class='ocr_par' dir='ltr' id='par_1_8' title="bbox 400 736 1990 813">
     <span class='ocr_line' id='line_1_8' title="bbox 400 736 1990 813; baseline -0.008 -13"><span class='ocrx_word' id='word_1_42' title='bbox 400 743 644 801; x_wconf 81' lang='lat' dir='ltr'><strong>Arabum</strong></span> <span class='ocrx_word' id='word_1_43' title='bbox 670 744 791 807; x_wconf 77' lang='lat' dir='ltr'><strong>l20,</strong></span> <span class='ocrx_word' id='word_1_44' title='bbox 818 743 1108 813; x_wconf 74' lang='lat' dir='ltr'><strong>incipiente</strong></span> <span class='ocrx_word' id='word_1_45' title='bbox 1134 756 1260 796; x_wconf 92' lang='lat' dir='ltr'><strong>cum</strong></span> <span class='ocrx_word' id='word_1_46' title='bbox 1287 739 1321 795; x_wconf 87' lang='lat'><strong>6</strong></span> <span class='ocrx_word' id='word_1_47' title='bbox 1339 747 1502 809; x_wconf 84' lang='lat' dir='ltr'><strong>atque</strong></span> <span class='ocrx_word' id='word_1_48' title='bbox 1528 738 1634 793; x_wconf 81' lang='lat' dir='ltr'><strong>lziz</strong></span> <span class='ocrx_word' id='word_1_49' title='bbox 1661 736 1831 790; x_wconf 87' lang='lat' dir='ltr'><strong>Alulit</strong></span> <span class='ocrx_word' id='word_1_50' title='bbox 1851 750 1990 804; x_wconf 89' lang='lat' dir='ltr'><strong>pene</strong></span> 
     </span>
    </p>
   </div>
   <div class='ocr_carea' id='block_1_9' title="bbox 404 823 1993 904">
    <p class='ocr_par' dir='ltr' id='par_1_9' title="bbox 404 823 1993 904">
     <span class='ocr_line' id='line_1_9' title="bbox 404 823 1993 904; baseline -0.007 -16"><span class='ocrx_word' id='word_1_51' title='bbox 404 848 608 889; x_wconf 88' lang='lat' dir='ltr'><strong>annum</strong></span> <span class='ocrx_word' id='word_1_52' title='bbox 632 832 689 887; x_wconf 89' lang='lat' dir='ltr'><strong>in</strong></span> <span class='ocrx_word' id='word_1_53' title='bbox 716 846 881 904; x_wconf 82' lang='lat' dir='ltr'><strong>regno</strong></span> <span class='ocrx_word' id='word_1_54' title='bbox 902 838 1173 895; x_wconf 87' lang='lat' dir='ltr'><strong>manente,</strong></span> <span class='ocrx_word' id='word_1_55' title='bbox 1198 845 1322 885; x_wconf 91' lang='lat' dir='ltr'><strong>cum</strong></span> <span class='ocrx_word' id='word_1_56' title='bbox 1348 827 1641 884; x_wconf 85' lang='lat' dir='ltr'><strong>Abulcatar</strong></span> <span class='ocrx_word' id='word_1_57' title='bbox 1665 823 1993 881; x_wconf 79' lang='lat' dir='ltr'><strong>tumultuose</strong></span> 
     </span>
    </p>
   </div>
   <div class='ocr_carea' id='block_1_10' title="bbox 404 919 1993 994">
    <p class='ocr_par' dir='ltr' id='par_1_10' title="bbox 404 919 1993 994">
     <span class='ocr_line' id='line_1_10' title="bbox 404 919 1993 994; baseline -0.005 -17"><span class='ocrx_word' id='word_1_58' title='bbox 404 922 717 994; x_wconf 83' lang='lat' dir='ltr'><strong>imperaret,</strong></span> <span class='ocrx_word' id='word_1_59' title='bbox 761 923 997 993; x_wconf 85' lang='lat' dir='ltr'><strong>cogitare</strong></span> <span class='ocrx_word' id='word_1_60' title='bbox 1030 935 1221 976; x_wconf 87' lang='lat' dir='ltr'><strong>omnes</strong></span> <span class='ocrx_word' id='word_1_61' title='bbox 1260 919 1542 987; x_wconf 88' lang='lat' dir='ltr'><strong>incipiunt,</strong></span> <span class='ocrx_word' id='word_1_62' title='bbox 1575 923 1636 971; x_wconf 90' lang='lat' dir='ltr'><strong>ut</strong></span> <span class='ocrx_word' id='word_1_63' title='bbox 1673 930 1796 971; x_wconf 91' lang='lat' dir='ltr'><strong>eum</strong></span> <span class='ocrx_word' id='word_1_64' title='bbox 1826 928 1993 983; x_wconf 80' lang='lat' dir='ltr'><strong>regno</strong></span> 
     </span>
    </p>
   </div>
   <div class='ocr_carea' id='block_1_11' title="bbox 406 1007 1993 1081">
    <p class='ocr_par' dir='ltr' id='par_1_11' title="bbox 406 1007 1993 1081">
     <span class='ocr_line' id='line_1_11' title="bbox 406 1007 1993 1081; baseline -0.006 -12"><span class='ocrx_word' id='word_1_65' title='bbox 406 1010 678 1081; x_wconf 87' lang='lat' dir='ltr'><strong>dejiciant,</strong></span> <span class='ocrx_word' id='word_1_66' title='bbox 705 1019 867 1081; x_wconf 90' lang='lat' dir='ltr'><strong>atque</strong></span> <span class='ocrx_word' id='word_1_67' title='bbox 892 1026 989 1081; x_wconf 91' lang='lat' dir='ltr'><strong>per</strong></span> <span class='ocrx_word' id='word_1_68' title='bbox 1014 1008 1274 1065; x_wconf 88' lang='lat' dir='ltr'><strong>Zumabel</strong></span> <span class='ocrx_word' id='word_1_69' title='bbox 1296 1022 1322 1049; x_wconf 81' lang='grc' dir='ltr'>ι</span> <span class='ocrx_word' id='word_1_70' title='bbox 1352 1009 1528 1062; x_wconf 83' lang='lat' dir='ltr'><strong>virum</strong></span> <span class='ocrx_word' id='word_1_71' title='bbox 1557 1007 1737 1077; x_wconf 81' lang='lat' dir='ltr'><strong>gentis</strong></span> <span class='ocrx_word' id='word_1_72' title='bbox 1759 1021 1869 1061; x_wconf 64' lang='lat' dir='ltr'><strong>sua:</strong></span> <span class='ocrx_word' id='word_1_73' title='bbox 1896 1020 1993 1058; x_wconf 85' lang='lat' dir='ltr'><strong>au-</strong></span> 
     </span>
    </p>
   </div>
   <div class='ocr_carea' id='block_1_12' title="bbox 408 1096 1993 1171">
    <p class='ocr_par' dir='ltr' id='par_1_12' title="bbox 408 1096 1993 1171">
     <span class='ocr_line' id='line_1_12' title="bbox 408 1096 1993 1171; baseline -0.003 -15"><span class='ocrx_word' id='word_1_74' title='bbox 408 1102 659 1157; x_wconf 87' lang='lat' dir='ltr'><strong>ctoritate</strong></span> <span class='ocrx_word' id='word_1_75' title='bbox 696 1102 1066 1171; x_wconf 67' lang='lat' dir='ltr'><strong>prmcinctum,</strong></span> <span class='ocrx_word' id='word_1_76' title='bbox 1115 1100 1162 1155; x_wconf 83' lang='lat' dir='ltr'><strong>ei</strong></span> <span class='ocrx_word' id='word_1_77' title='bbox 1209 1098 1657 1169; x_wconf 84' lang='lat' dir='ltr'><strong>tyrannizantem,</strong></span> <span class='ocrx_word' id='word_1_78' title='bbox 1699 1112 1732 1153; x_wconf 88' lang='lat' dir='ltr'><strong>a</strong></span> <span class='ocrx_word' id='word_1_79' title='bbox 1773 1096 1993 1152; x_wconf 77' lang='lat' dir='ltr'><strong>civitate</strong></span> 
     </span>
    </p>
   </div>
   <div class='ocr_carea' id='block_1_13' title="bbox 406 1188 1991 1261">
    <p class='ocr_par' dir='ltr' id='par_1_13' title="bbox 406 1188 1991 1261">
     <span class='ocr_line' id='line_1_13' title="bbox 406 1188 1991 1261; baseline -0.004 -13"><span class='ocrx_word' id='word_1_80' title='bbox 406 1192 677 1259; x_wconf 83' lang='lat' dir='ltr'><strong>Corduba,</strong></span> <span class='ocrx_word' id='word_1_81' title='bbox 720 1201 850 1249; x_wconf 92' lang='lat' dir='ltr'><strong>tunc</strong></span> <span class='ocrx_word' id='word_1_82' title='bbox 899 1192 1029 1248; x_wconf 90' lang='lat' dir='ltr'><strong>sede</strong></span> <span class='ocrx_word' id='word_1_83' title='bbox 1078 1191 1248 1261; x_wconf 84' lang='lat' dir='ltr'><strong>regia,</strong></span> <span class='ocrx_word' id='word_1_84' title='bbox 1292 1190 1608 1244; x_wconf 82' lang='lat' dir='ltr'><strong>abstrahere</strong></span> <span class='ocrx_word' id='word_1_85' title='bbox 1649 1188 1707 1243; x_wconf 88' lang='lat' dir='ltr'><strong>in</strong></span> <span class='ocrx_word' id='word_1_86' title='bbox 1757 1202 1991 1258; x_wconf 87' lang='lat' dir='ltr'><strong>pugnam</strong></span> 
     </span>
    </p>
   </div>
   <div class='ocr_carea' id='block_1_14' title="bbox 409 1279 1993 1351">
    <p class='ocr_par' dir='ltr' id='par_1_14' title="bbox 409 1279 1993 1351">
     <span class='ocr_line' id='line_1_14' title="bbox 409 1279 1993 1351; baseline -0.004 -11"><span class='ocrx_word' id='word_1_87' title='bbox 409 1284 769 1341; x_wconf 85' lang='lat' dir='ltr'><strong>communiter</strong></span> <span class='ocrx_word' id='word_1_88' title='bbox 795 1284 1189 1339; x_wconf 88' lang='lat' dir='ltr'><strong>machinantur.</strong></span> <span class='ocrx_word' id='word_1_89' title='bbox 1225 1282 1467 1351; x_wconf 86' lang='lat' dir='ltr'><strong>Denique</strong></span> <span class='ocrx_word' id='word_1_90' title='bbox 1495 1281 1587 1335; x_wconf 90' lang='lat' dir='ltr'><strong>ubi</strong></span> <span class='ocrx_word' id='word_1_91' title='bbox 1621 1281 1725 1335; x_wconf 86' lang='lat' dir='ltr'><strong>hoc</strong></span> <span class='ocrx_word' id='word_1_92' title='bbox 1748 1279 1993 1334; x_wconf 76' lang='lat' dir='ltr'><strong>diversas</strong></span> 
     </span>
    </p>
   </div>
   <div class='ocr_carea' id='block_1_15' title="bbox 406 1369 1995 1443">
    <p class='ocr_par' dir='ltr' id='par_1_15' title="bbox 406 1369 1995 1443">
     <span class='ocr_line' id='line_1_15' title="bbox 406 1369 1995 1443; baseline -0.005 -12"><span class='ocrx_word' id='word_1_93' title='bbox 406 1377 719 1431; x_wconf 82' lang='lat' dir='ltr'><strong>occasiones</strong></span> <span class='ocrx_word' id='word_1_94' title='bbox 742 1374 1103 1429; x_wconf 89' lang='lat' dir='ltr'><strong>machinando</strong></span> <span class='ocrx_word' id='word_1_95' title='bbox 1127 1373 1268 1428; x_wconf 84' lang='lat' dir='ltr'><strong>illico</strong></span> <span class='ocrx_word' id='word_1_96' title='bbox 1292 1374 1604 1443; x_wconf 87' lang='lat' dir='ltr'><strong>impetrant,</strong></span> <span class='ocrx_word' id='word_1_97' title='bbox 1645 1369 1873 1427; x_wconf 88' lang='lat' dir='ltr'><strong>oonsilio</strong></span> <span class='ocrx_word' id='word_1_98' title='bbox 1902 1369 1995 1424; x_wconf 89' lang='lat' dir='ltr'><strong>de-</strong></span> 
     </span>
    </p>
   </div>
   <div class='ocr_carea' id='block_1_16' title="bbox 407 1458 1995 1533">
    <p class='ocr_par' dir='ltr' id='par_1_16' title="bbox 407 1458 1995 1533">
     <span class='ocr_line' id='line_1_16' title="bbox 407 1458 1995 1533; baseline -0.005 -13"><span class='ocrx_word' id='word_1_99' title='bbox 407 1465 563 1521; x_wconf 86' lang='lat' dir='ltr'><strong>finito</strong></span> <span class='ocrx_word' id='word_1_100' title='bbox 602 1465 918 1522; x_wconf 86' lang='lat' dir='ltr'><strong>simulanter</strong></span> <span class='ocrx_word' id='word_1_101' title='bbox 955 1463 1217 1519; x_wconf 88' lang='lat' dir='ltr'><strong>Zumahel</strong></span> <span class='ocrx_word' id='word_1_102' title='bbox 1262 1461 1443 1533; x_wconf 84' lang='lat' dir='ltr'><strong>fugam</strong></span> <span class='ocrx_word' id='word_1_103' title='bbox 1489 1461 1797 1517; x_wconf 86' lang='lat' dir='ltr'><strong>meditatur.</strong></span> <span class='ocrx_word' id='word_1_104' title='bbox 1842 1458 1995 1513; x_wconf 85' lang='lat' dir='ltr'><strong>Tunc</strong></span> 
     </span>
    </p>
   </div>
   <div class='ocr_carea' id='block_1_17' title="bbox 406 1553 1991 1625">
    <p class='ocr_par' dir='ltr' id='par_1_17' title="bbox 406 1553 1991 1625">
     <span class='ocr_line' id='line_1_17' title="bbox 406 1553 1991 1625; baseline -0.005 -14"><span class='ocrx_word' id='word_1_105' title='bbox 406 1556 703 1611; x_wconf 84' lang='lat' dir='ltr'><strong>Abuleatar</strong></span> <span class='ocrx_word' id='word_1_106' title='bbox 724 1572 847 1612; x_wconf 92' lang='lat' dir='ltr'><strong>cum</strong></span> <span class='ocrx_word' id='word_1_107' title='bbox 869 1555 1040 1611; x_wconf 87' lang='lat' dir='ltr'><strong>classe</strong></span> <span class='ocrx_word' id='word_1_108' title='bbox 1058 1554 1242 1625; x_wconf 86' lang='lat' dir='ltr'><strong>palatii</strong></span> <span class='ocrx_word' id='word_1_109' title='bbox 1262 1554 1410 1610; x_wconf 89' lang='lat' dir='ltr'><strong>nulla</strong></span> <span class='ocrx_word' id='word_1_110' title='bbox 1428 1553 1821 1609; x_wconf 85' lang='lat' dir='ltr'><strong>intercurrente</strong></span> <span class='ocrx_word' id='word_1_111' title='bbox 1839 1563 1991 1605; x_wconf 87' lang='lat' dir='ltr'><strong>mora</strong></span> 
     </span>
    </p>
   </div>
   <div class='ocr_carea' id='block_1_18' title="bbox 404 1642 1992 1716">
    <p class='ocr_par' dir='ltr' id='par_1_18' title="bbox 404 1642 1992 1716">
     <span class='ocr_line' id='line_1_18' title="bbox 404 1642 1992 1716; baseline -0.001 -16"><span class='ocrx_word' id='word_1_112' title='bbox 404 1661 648 1716; x_wconf 71' lang='lat' dir='ltr'><strong>praeceps</strong></span> <span class='ocrx_word' id='word_1_113' title='bbox 689 1646 1010 1716; x_wconf 84' lang='lat' dir='ltr'><strong>insequitur.</strong></span> <span class='ocrx_word' id='word_1_114' title='bbox 1050 1647 1118 1700; x_wconf 89' lang='lat' dir='ltr'><strong>Et</strong></span> <span class='ocrx_word' id='word_1_115' title='bbox 1148 1645 1274 1715; x_wconf 87' lang='lat' dir='ltr'><strong>quia</strong></span> <span class='ocrx_word' id='word_1_116' title='bbox 1331 1643 1576 1714; x_wconf 86' lang='lat' dir='ltr'><strong>plerique</strong></span> <span class='ocrx_word' id='word_1_117' title='bbox 1609 1642 1701 1712; x_wconf 88' lang='lat' dir='ltr'><strong>qui</strong></span> <span class='ocrx_word' id='word_1_118' title='bbox 1753 1656 1877 1696; x_wconf 90' lang='lat' dir='ltr'><strong>cum</strong></span> <span class='ocrx_word' id='word_1_119' title='bbox 1918 1653 1992 1699; x_wconf 85' lang='lat' dir='ltr'><strong>.eo</strong></span> 
     </span>
    </p>
   </div>
   <div class='ocr_carea' id='block_1_19' title="bbox 2089 465 3702 539">
    <p class='ocr_par' dir='ltr' id='par_1_19' title="bbox 2089 465 3702 539">
     <span class='ocr_line' id='line_1_19' title="bbox 2089 465 3702 539; baseline 0.002 -18"><span class='ocrx_word' id='word_1_120' title='bbox 2089 475 2227 521; x_wconf 84' lang='lat' dir='ltr'><strong>trem</strong></span> <span class='ocrx_word' id='word_1_121' title='bbox 2256 467 2482 538; x_wconf 86' lang='lat' dir='ltr'><strong>imperio</strong></span> <span class='ocrx_word' id='word_1_122' title='bbox 2513 475 2824 534; x_wconf 89' lang='lat' dir='ltr'><strong>coronatur,</strong></span> <span class='ocrx_word' id='word_1_123' title='bbox 2854 482 3087 538; x_wconf 80' lang='lat' dir='ltr'><strong>regnans</strong></span> <span class='ocrx_word' id='word_1_124' title='bbox 3106 465 3175 522; x_wconf 75' lang='grc'><strong>55</strong></span> <span class='ocrx_word' id='word_1_125' title='bbox 3198 465 3702 539; x_wconf 70' lang='lat' dir='ltr'><strong>annisd,peractis</strong></span> 
     </span>
    </p>
   </div>
   <div class='ocr_carea' id='block_1_20' title="bbox 2088 555 3701 627">
    <p class='ocr_par' dir='ltr' id='par_1_20' title="bbox 2088 555 3701 627">
     <span class='ocr_line' id='line_1_20' title="bbox 2088 555 3701 627; baseline 0.001 -16"><span class='ocrx_word' id='word_1_126' title='bbox 2088 573 2120 611; x_wconf 87' lang='lat' dir='ltr'><strong>a</strong></span> <span class='ocrx_word' id='word_1_127' title='bbox 2153 556 2417 627; x_wconf 87' lang='lat' dir='ltr'><strong>principio</strong></span> <span class='ocrx_word' id='word_1_128' title='bbox 2447 557 2633 612; x_wconf 87' lang='lat' dir='ltr'><strong>mundi</strong></span> <span class='ocrx_word' id='word_1_129' title='bbox 2670 572 2841 627; x_wconf 89' lang='lat' dir='ltr'><strong>usque</strong></span> <span class='ocrx_word' id='word_1_130' title='bbox 2892 558 2950 612; x_wconf 90' lang='lat' dir='ltr'><strong>in</strong></span> <span class='ocrx_word' id='word_1_131' title='bbox 2987 572 3190 613; x_wconf 83' lang='lat' dir='ltr'><strong>annum</strong></span> <span class='ocrx_word' id='word_1_132' title='bbox 3222 555 3570 613; x_wconf 82' lang='lat' dir='ltr'><strong>Constantini</strong></span> <span class='ocrx_word' id='word_1_133' title='bbox 3608 557 3701 613; x_wconf 77' lang='grc'><strong>10</strong></span> 
     </span>
    </p>
   </div>
   <div class='ocr_carea' id='block_1_21' title="bbox 2090 647 2437 702">
    <p class='ocr_par' dir='ltr' id='par_1_21' title="bbox 2090 647 2437 702">
     <span class='ocr_line' id='line_1_21' title="bbox 2090 647 2437 702; baseline 0.006 -2"><span class='ocrx_word' id='word_1_134' title='bbox 2090 647 2251 702; x_wconf 88' lang='lat' dir='ltr'><strong>annis</strong></span> <span class='ocrx_word' id='word_1_135' title='bbox 2274 647 2437 702; x_wconf 69' lang='grc'><strong>5954.</strong></span> 
     </span>
    </p>
   </div>
   <div class='ocr_carea' id='block_1_22' title="bbox 2159 735 3696 808">
    <p class='ocr_par' dir='ltr' id='par_1_22' title="bbox 2159 735 3696 808">
     <span class='ocr_line' id='line_1_22' title="bbox 2159 735 3696 808; baseline 0.003 -18"><span class='ocrx_word' id='word_1_136' title='bbox 2159 735 2386 793; x_wconf 73' lang='lat' dir='ltr'><strong>72.&#39;Hic</strong></span> <span class='ocrx_word' id='word_1_137' title='bbox 2423 746 2650 807; x_wconf 89' lang='lat' dir='ltr'><strong>paterno</strong></span> <span class='ocrx_word' id='word_1_138' title='bbox 2686 745 2978 794; x_wconf 86' lang='lat' dir='ltr'><strong>coronatus</strong></span> <span class='ocrx_word' id='word_1_139' title='bbox 3015 738 3257 807; x_wconf 89' lang='lat' dir='ltr'><strong>imperio,</strong></span> <span class='ocrx_word' id='word_1_140' title='bbox 3307 754 3433 793; x_wconf 81' lang='lat' dir='ltr'><strong>mox</strong></span> <span class='ocrx_word' id='word_1_141' title='bbox 3476 752 3696 808; x_wconf 82' lang='lat' dir='ltr'><strong>parens</strong></span> 
     </span>
    </p>
   </div>
   <div class='ocr_carea' id='block_1_23' title="bbox 2089 827 3695 893">
    <p class='ocr_par' dir='ltr' id='par_1_23' title="bbox 2089 827 3695 893">
     <span class='ocr_line' id='line_1_23' title="bbox 2089 827 3695 893; baseline 0.002 -11"><span class='ocrx_word' id='word_1_142' title='bbox 2089 827 2233 882; x_wconf 88' lang='lat' dir='ltr'><strong>diem</strong></span> <span class='ocrx_word' id='word_1_143' title='bbox 2260 827 2452 883; x_wconf 85' lang='lat' dir='ltr'><strong>clausit</strong></span> <span class='ocrx_word' id='word_1_144' title='bbox 2472 837 2809 893; x_wconf 81' lang='lat' dir='ltr'><strong>extremum;</strong></span> <span class='ocrx_word' id='word_1_145' title='bbox 2839 828 2980 884; x_wconf 86' lang='lat' dir='ltr'><strong>filius</strong></span> <span class='ocrx_word' id='word_1_146' title='bbox 3009 829 3079 884; x_wconf 86' lang='lat' dir='ltr'><strong>ab</strong></span> <span class='ocrx_word' id='word_1_147' title='bbox 3106 829 3413 885; x_wconf 83' lang='lat' dir='ltr'><strong>Ardabasto</strong></span> <span class='ocrx_word' id='word_1_148' title='bbox 3438 830 3543 885; x_wconf 85' lang='lat' dir='ltr'><strong>sibi</strong></span> <span class='ocrx_word' id='word_1_149' title='bbox 3582 846 3695 885; x_wconf 82' lang='lat' dir='ltr'><strong>co-</strong></span> 
     </span>
    </p>
   </div>
   <div class='ocr_carea' id='block_1_24' title="bbox 2091 917 3692 992">
    <p class='ocr_par' dir='ltr' id='par_1_24' title="bbox 2091 917 3692 992">
     <span class='ocr_line' id='line_1_24' title="bbox 2091 917 3692 992; baseline 0.002 -20"><span class='ocrx_word' id='word_1_150' title='bbox 2091 920 2347 989; x_wconf 85' lang='lat' dir='ltr'><strong>gnatione</strong></span> <span class='ocrx_word' id='word_1_151' title='bbox 2373 917 2579 988; x_wconf 77' lang='lat' dir='ltr'><strong>juncta,</strong></span> <span class='ocrx_word' id='word_1_152' title='bbox 2610 921 2827 990; x_wconf 63' lang='lat' dir='ltr'><strong>praeripi</strong></span> <span class='ocrx_word' id='word_1_153' title='bbox 2863 935 3020 974; x_wconf 90' lang='lat' dir='ltr'><strong>suum</strong></span> <span class='ocrx_word' id='word_1_154' title='bbox 3057 922 3332 991; x_wconf 80' lang='lat' dir='ltr'><strong>cognoscit</strong></span> <span class='ocrx_word' id='word_1_155' title='bbox 3365 922 3692 992; x_wconf 69' lang='lat' dir='ltr'><strong>imperium.</strong></span> 
     </span>
    </p>
   </div>
   <div class='ocr_carea' id='block_1_25' title="bbox 2094 1010 3695 1081">
    <p class='ocr_par' dir='ltr' id='par_1_25' title="bbox 2094 1010 3695 1081">
     <span class='ocr_line' id='line_1_25' title="bbox 2094 1010 3695 1081; baseline 0.001 -16"><span class='ocrx_word' id='word_1_156' title='bbox 2094 1010 2202 1065; x_wconf 87' lang='lat' dir='ltr'><strong>Sed</strong></span> <span class='ocrx_word' id='word_1_157' title='bbox 2227 1011 2316 1066; x_wconf 89' lang='lat' dir='ltr'><strong>ubi</strong></span> <span class='ocrx_word' id='word_1_158' title='bbox 2352 1012 2691 1067; x_wconf 87' lang='lat' dir='ltr'><strong>Ardabastus</strong></span> <span class='ocrx_word' id='word_1_159' title='bbox 2726 1011 2888 1066; x_wconf 89' lang='lat' dir='ltr'><strong>tacite</strong></span> <span class='ocrx_word' id='word_1_160' title='bbox 2920 1010 3180 1080; x_wconf 87' lang='lat' dir='ltr'><strong>paulatim</strong></span> <span class='ocrx_word' id='word_1_161' title='bbox 3208 1026 3371 1066; x_wconf 88' lang='lat' dir='ltr'><strong>causa</strong></span> <span class='ocrx_word' id='word_1_162' title='bbox 3412 1013 3587 1081; x_wconf 66' lang='lat' dir='ltr'><strong>praelii</strong></span> <span class='ocrx_word' id='word_1_163' title='bbox 3624 1012 3695 1066; x_wconf 86' lang='lat' dir='ltr'><strong>in</strong></span> 
     </span>
    </p>
   </div>
   <div class='ocr_carea' id='block_1_26' title="bbox 2093 1097 3696 1170">
    <p class='ocr_par' dir='ltr' id='par_1_26' title="bbox 2093 1097 3696 1170">
     <span class='ocr_line' id='line_1_26' title="bbox 2093 1097 3696 1170; baseline 0.002 -18"><span class='ocrx_word' id='word_1_164' title='bbox 2093 1097 2228 1153; x_wconf 85' lang='lat' dir='ltr'><strong>alias</strong></span> <span class='ocrx_word' id='word_1_165' title='bbox 2262 1109 2450 1169; x_wconf 77' lang='lat' dir='ltr'><strong>gentes</strong></span> <span class='ocrx_word' id='word_1_166' title='bbox 2482 1108 2541 1154; x_wconf 92' lang='lat' dir='ltr'><strong>ut</strong></span> <span class='ocrx_word' id='word_1_167' title='bbox 2562 1099 2788 1170; x_wconf 79' lang='lat' dir='ltr'><strong>belliger</strong></span> <span class='ocrx_word' id='word_1_168' title='bbox 2815 1100 2949 1166; x_wconf 89' lang='lat' dir='ltr'><strong>abit,</strong></span> <span class='ocrx_word' id='word_1_169' title='bbox 2975 1099 3315 1155; x_wconf 87' lang='lat' dir='ltr'><strong>Constantini</strong></span> <span class='ocrx_word' id='word_1_170' title='bbox 3350 1115 3544 1155; x_wconf 89' lang='lat' dir='ltr'><strong>omnes</strong></span> <span class='ocrx_word' id='word_1_171' title='bbox 3577 1115 3696 1170; x_wconf 83' lang='lat' dir='ltr'><strong>pa-</strong></span> 
     </span>
    </p>
   </div>
   <div class='ocr_carea' id='block_1_27' title="bbox 2094 1189 3697 1259">
    <p class='ocr_par' dir='ltr' id='par_1_27' title="bbox 2094 1189 3697 1259">
     <span class='ocr_line' id='line_1_27' title="bbox 2094 1189 3697 1259; baseline 0.001 -15"><span class='ocrx_word' id='word_1_172' title='bbox 2094 1189 2205 1244; x_wconf 85' lang='lat' dir='ltr'><strong>latii</strong></span> <span class='ocrx_word' id='word_1_173' title='bbox 2239 1189 2477 1244; x_wconf 85' lang='lat' dir='ltr'><strong>asseclas</strong></span> <span class='ocrx_word' id='word_1_174' title='bbox 2511 1189 2908 1259; x_wconf 84' lang='lat' dir='ltr'><strong>bellatoresque</strong></span> <span class='ocrx_word' id='word_1_175' title='bbox 2939 1190 3041 1245; x_wconf 89' lang='lat' dir='ltr'><strong>sibi</strong></span> <span class='ocrx_word' id='word_1_176' title='bbox 3072 1190 3244 1245; x_wconf 85' lang='lat' dir='ltr'><strong>sociat</strong></span> <span class='ocrx_word' id='word_1_177' title='bbox 3269 1209 3283 1244; x_wconf 90' lang='lat'><strong>:</strong></span> <span class='ocrx_word' id='word_1_178' title='bbox 3313 1207 3438 1246; x_wconf 74' lang='lat' dir='ltr'><strong>mox</strong></span> <span class='ocrx_word' id='word_1_179' title='bbox 3464 1200 3528 1246; x_wconf 92' lang='lat' dir='ltr'><strong>ut</strong></span> <span class='ocrx_word' id='word_1_180' title='bbox 3552 1208 3697 1247; x_wconf 83' lang='lat' dir='ltr'><strong>eum</strong></span> 
     </span>
    </p>
   </div>
   <div class='ocr_carea' id='block_1_28' title="bbox 2092 1282 3697 1353">
    <p class='ocr_par' dir='ltr' id='par_1_28' title="bbox 2092 1282 3697 1353">
     <span class='ocr_line' id='line_1_28' title="bbox 2092 1282 3697 1353; baseline 0.001 -17"><span class='ocrx_word' id='word_1_181' title='bbox 2092 1282 2350 1351; x_wconf 85' lang='lat' dir='ltr'><strong>perspicit</strong></span> <span class='ocrx_word' id='word_1_182' title='bbox 2385 1282 2702 1346; x_wconf 75' lang='lat' dir='ltr'><strong>desolatam,</strong></span> <span class='ocrx_word' id='word_1_183' title='bbox 2741 1292 2795 1337; x_wconf 88' lang='lat' dir='ltr'><strong>et</strong></span> <span class='ocrx_word' id='word_1_184' title='bbox 2832 1283 2902 1338; x_wconf 89' lang='lat' dir='ltr'><strong>ab</strong></span> <span class='ocrx_word' id='word_1_185' title='bbox 2937 1283 3084 1338; x_wconf 89' lang='lat' dir='ltr'><strong>omni</strong></span> <span class='ocrx_word' id='word_1_186' title='bbox 3127 1292 3319 1338; x_wconf 87' lang='lat' dir='ltr'><strong>senatu</strong></span> <span class='ocrx_word' id='word_1_187' title='bbox 3348 1283 3462 1338; x_wconf 89' lang='lat' dir='ltr'><strong>fore</strong></span> <span class='ocrx_word' id='word_1_188' title='bbox 3484 1297 3697 1353; x_wconf 74' lang='lat' dir='ltr'><strong>pena-</strong></span> 
     </span>
    </p>
   </div>
   <div class='ocr_carea' id='block_1_29' title="bbox 2092 1372 3690 1443">
    <p class='ocr_par' dir='ltr' id='par_1_29' title="bbox 2092 1372 3690 1443">
     <span class='ocr_line' id='line_1_29' title="bbox 2092 1372 3690 1443; baseline 0.001 -17"><span class='ocrx_word' id='word_1_189' title='bbox 2092 1386 2275 1435; x_wconf 89' lang='lat' dir='ltr'><strong>cuum,</strong></span> <span class='ocrx_word' id='word_1_190' title='bbox 2292 1386 2412 1425; x_wconf 87' lang='lat' dir='ltr'><strong>cum</strong></span> <span class='ocrx_word' id='word_1_191' title='bbox 2432 1372 2613 1436; x_wconf 87' lang='lat' dir='ltr'><strong>sociis,</strong></span> <span class='ocrx_word' id='word_1_192' title='bbox 2635 1387 2771 1440; x_wconf 88' lang='lat' dir='ltr'><strong>quos</strong></span> <span class='ocrx_word' id='word_1_193' title='bbox 2789 1388 2974 1427; x_wconf 88' lang='lat' dir='ltr'><strong>secum</strong></span> <span class='ocrx_word' id='word_1_194' title='bbox 2994 1372 3342 1437; x_wconf 79' lang='lat' dir='ltr'><strong>adunaverat,</strong></span> <span class='ocrx_word' id='word_1_195' title='bbox 3357 1388 3690 1443; x_wconf 85' lang='lat' dir='ltr'><strong>properans,</strong></span> 
     </span>
    </p>
   </div>
   <div class='ocr_carea' id='block_1_30' title="bbox 2093 1460 3691 1532">
    <p class='ocr_par' dir='ltr' id='par_1_30' title="bbox 2093 1460 3691 1532">
     <span class='ocr_line' id='line_1_30' title="bbox 2093 1460 3691 1532; baseline -0.001 -15"><span class='ocrx_word' id='word_1_196' title='bbox 2093 1460 2504 1517; x_wconf 88' lang='lat' dir='ltr'><strong>Constantinum</strong></span> <span class='ocrx_word' id='word_1_197' title='bbox 2541 1475 2608 1516; x_wconf 76' lang='lat' dir='ltr'><strong>ex</strong></span> <span class='ocrx_word' id='word_1_198' title='bbox 2636 1461 2835 1531; x_wconf 84' lang='lat' dir='ltr'><strong>palatio</strong></span> <span class='ocrx_word' id='word_1_199' title='bbox 2875 1462 3162 1517; x_wconf 79' lang='lat' dir='ltr'><strong>exterritat</strong></span> <span class='ocrx_word' id='word_1_200' title='bbox 3197 1460 3573 1532; x_wconf 85' lang='lat' dir='ltr'><strong>jugulandum.</strong></span> <span class='ocrx_word' id='word_1_201' title='bbox 3603 1463 3691 1516; x_wconf 77' lang='lat' dir='ltr'><strong>At</strong></span> 
     </span>
    </p>
   </div>
   <div class='ocr_carea' id='block_1_31' title="bbox 2093 1548 3688 1622">
    <p class='ocr_par' dir='ltr' id='par_1_31' title="bbox 2093 1548 3688 1622">
     <span class='ocr_line' id='line_1_31' title="bbox 2093 1548 3688 1622; baseline 0.001 -19"><span class='ocrx_word' id='word_1_202' title='bbox 2093 1549 2186 1604; x_wconf 90' lang='lat' dir='ltr'><strong>ubi</strong></span> <span class='ocrx_word' id='word_1_203' title='bbox 2226 1548 2612 1606; x_wconf 87' lang='lat' dir='ltr'><strong>Constantinus</strong></span> <span class='ocrx_word' id='word_1_204' title='bbox 2638 1550 2998 1606; x_wconf 84' lang='lat' dir='ltr'><strong>Ardabastum</strong></span> <span class='ocrx_word' id='word_1_205' title='bbox 3033 1551 3219 1606; x_wconf 80' lang='lat' dir='ltr'><strong>venire</strong></span> <span class='ocrx_word' id='word_1_206' title='bbox 3266 1551 3516 1622; x_wconf 79' lang='lat' dir='ltr'><strong>intelligit</strong></span> <span class='ocrx_word' id='word_1_207' title='bbox 3552 1567 3688 1606; x_wconf 77' lang='lat' dir='ltr'><strong>omn</strong></span> 
     </span>
    </p>
   </div>
   <div class='ocr_carea' id='block_1_32' title="bbox 2094 1642 3685 1709">
    <p class='ocr_par' dir='ltr' id='par_1_32' title="bbox 2094 1642 3685 1709">
     <span class='ocr_line' id='line_1_32' title="bbox 2094 1642 3685 1709; baseline 0.003 -13"><span class='ocrx_word' id='word_1_208' title='bbox 2094 1642 2310 1699; x_wconf 89' lang='lat' dir='ltr'><strong>turbido</strong></span> <span class='ocrx_word' id='word_1_209' title='bbox 2337 1653 2667 1699; x_wconf 86' lang='lat' dir='ltr'><strong>armatorum</strong></span> <span class='ocrx_word' id='word_1_210' title='bbox 2688 1659 2877 1709; x_wconf 89' lang='lat' dir='ltr'><strong>cuneo,</strong></span> <span class='ocrx_word' id='word_1_211' title='bbox 2906 1660 2938 1699; x_wconf 86' lang='lat' dir='ltr'><strong>a</strong></span> <span class='ocrx_word' id='word_1_212' title='bbox 2962 1645 3090 1701; x_wconf 90' lang='lat' dir='ltr'><strong>sede</strong></span> <span class='ocrx_word' id='word_1_213' title='bbox 3113 1661 3237 1700; x_wconf 89' lang='lat' dir='ltr'><strong>cum</strong></span> <span class='ocrx_word' id='word_1_214' title='bbox 3262 1647 3376 1701; x_wconf 87' lang='lat' dir='ltr'><strong>suis</strong></span> <span class='ocrx_word' id='word_1_215' title='bbox 3394 1645 3685 1708; x_wconf 65' lang='lat' dir='ltr'><strong>assiliens,</strong></span> 
     </span>
    </p>
   </div>
   <div class='ocr_carea' id='block_1_33' title="bbox 408 1720 3686 1809">
    <p class='ocr_par' dir='ltr' id='par_1_33' title="bbox 408 1720 3686 1809">
     <span class='ocr_line' id='line_1_33' title="bbox 408 1720 3686 1809; baseline -0.002 -14"><span class='ocrx_word' id='word_1_216' title='bbox 408 1736 662 1795; x_wconf 84' lang='lat' dir='ltr'><strong>rebellem</strong></span> <span class='ocrx_word' id='word_1_217' title='bbox 711 1744 1126 1807; x_wconf 89' lang='lat' dir='ltr'><strong>persequuntur,</strong></span> <span class='ocrx_word' id='word_1_218' title='bbox 1168 1751 1275 1791; x_wconf 89' lang='lat' dir='ltr'><strong>una</strong></span> <span class='ocrx_word' id='word_1_219' title='bbox 1313 1750 1438 1790; x_wconf 90' lang='lat' dir='ltr'><strong>cum</strong></span> <span class='ocrx_word' id='word_1_220' title='bbox 1475 1736 1631 1790; x_wconf 87' lang='lat' dir='ltr'><strong>hoste</strong></span> <span class='ocrx_word' id='word_1_221' title='bbox 1664 1734 1992 1797; x_wconf 85' lang='lat' dir='ltr'><strong>sentiebant,</strong></span> <span class='ocrx_word' id='word_1_222' title='bbox 2022 1720 2071 1781; x_wconf 82' lang='lat' dir='ltr'><strong>B</strong></span> <span class='ocrx_word' id='word_1_223' title='bbox 2101 1735 2555 1791; x_wconf 87' lang='lat' dir='ltr'><strong>confinitimarum</strong></span> <span class='ocrx_word' id='word_1_224' title='bbox 2579 1737 2775 1791; x_wconf 78' lang='lat' dir='ltr'><strong>auxilia</strong></span> <span class='ocrx_word' id='word_1_225' title='bbox 2797 1736 3001 1807; x_wconf 76' lang='lat' dir='ltr'><strong>expetit</strong></span> <span class='ocrx_word' id='word_1_226' title='bbox 3029 1738 3289 1809; x_wconf 82' lang='lat' dir='ltr'><strong>gentium.</strong></span> <span class='ocrx_word' id='word_1_227' title='bbox 3321 1737 3562 1806; x_wconf 82' lang='lat' dir='ltr'><strong>Denique</strong></span> <span class='ocrx_word' id='word_1_228' title='bbox 3585 1737 3686 1791; x_wconf 76' lang='lat' dir='ltr'><strong>ubi</strong></span> 
     </span>
    </p>
   </div>
   <div class='ocr_carea' id='block_1_34' title="bbox 409 1826 1989 1894">
    <p class='ocr_par' dir='ltr' id='par_1_34' title="bbox 409 1826 1989 1894">
     <span class='ocr_line' id='line_1_34' title="bbox 409 1826 1989 1894; baseline -0.004 -9"><span class='ocrx_word' id='word_1_229' title='bbox 409 1830 637 1885; x_wconf 86' lang='lat' dir='ltr'><strong>consilio</strong></span> <span class='ocrx_word' id='word_1_230' title='bbox 677 1830 745 1884; x_wconf 92' lang='lat' dir='ltr'><strong>ad</strong></span> <span class='ocrx_word' id='word_1_231' title='bbox 787 1830 1086 1885; x_wconf 88' lang='lat' dir='ltr'><strong>destinatas</strong></span> <span class='ocrx_word' id='word_1_232' title='bbox 1119 1826 1342 1883; x_wconf 89' lang='lat' dir='ltr'><strong>insidias</strong></span> <span class='ocrx_word' id='word_1_233' title='bbox 1369 1842 1491 1882; x_wconf 91' lang='lat' dir='ltr'><strong>cum</strong></span> <span class='ocrx_word' id='word_1_234' title='bbox 1534 1834 1834 1882; x_wconf 85' lang='lat' dir='ltr'><strong>memorato</strong></span> <span class='ocrx_word' id='word_1_235' title='bbox 1862 1839 1989 1894; x_wconf 83' lang='lat' dir='ltr'><strong>rege</strong></span> 
     </span>
    </p>
   </div>
   <div class='ocr_carea' id='block_1_35' title="bbox 408 1912 1992 1990">
    <p class='ocr_par' dir='ltr' id='par_1_35' title="bbox 408 1912 1992 1990">
     <span class='ocr_line' id='line_1_35' title="bbox 408 1912 1992 1990; baseline -0.003 -19"><span class='ocrx_word' id='word_1_236' title='bbox 408 1918 617 1973; x_wconf 88' lang='lat' dir='ltr'><strong>alacres</strong></span> <span class='ocrx_word' id='word_1_237' title='bbox 644 1926 956 1990; x_wconf 83' lang='lat' dir='ltr'><strong>properant.</strong></span> <span class='ocrx_word' id='word_1_238' title='bbox 987 1916 1107 1972; x_wconf 79' lang='lat' dir='ltr'><strong>Mox</strong></span> <span class='ocrx_word' id='word_1_239' title='bbox 1153 1917 1383 1973; x_wconf 82' lang='lat' dir='ltr'><strong>invicem</strong></span> <span class='ocrx_word' id='word_1_240' title='bbox 1407 1915 1583 1985; x_wconf 85' lang='lat' dir='ltr'><strong>juncti</strong></span> <span class='ocrx_word' id='word_1_241' title='bbox 1610 1914 1851 1985; x_wconf 71' lang='lat' dir='ltr'><strong>praelium</strong></span> <span class='ocrx_word' id='word_1_242' title='bbox 1878 1912 1992 1983; x_wconf 86' lang='lat' dir='ltr'><strong>agi-</strong></span> 
     </span>
    </p>
   </div>
   <div class='ocr_carea' id='block_1_36' title="bbox 407 2008 1992 2082">
    <p class='ocr_par' dir='ltr' id='par_1_36' title="bbox 407 2008 1992 2082">
     <span class='ocr_line' id='line_1_36' title="bbox 407 2008 1992 2082; baseline -0.003 -14"><span class='ocrx_word' id='word_1_243' title='bbox 407 2019 526 2069; x_wconf 88' lang='lat' dir='ltr'><strong>tant</strong></span> <span class='ocrx_word' id='word_1_244' title='bbox 553 2013 729 2082; x_wconf 84' lang='lat' dir='ltr'><strong>gladio</strong></span> <span class='ocrx_word' id='word_1_245' title='bbox 753 2013 985 2079; x_wconf 79' lang='lat' dir='ltr'><strong>vindice,</strong></span> <span class='ocrx_word' id='word_1_246' title='bbox 1028 2010 1269 2068; x_wconf 90' lang='lat' dir='ltr'><strong>nonnulli</strong></span> <span class='ocrx_word' id='word_1_247' title='bbox 1313 2011 1539 2069; x_wconf 87' lang='lat' dir='ltr'><strong>comites</strong></span> <span class='ocrx_word' id='word_1_248' title='bbox 1580 2010 1721 2080; x_wconf 84' lang='lat' dir='ltr'><strong>regis</strong></span> <span class='ocrx_word' id='word_1_249' title='bbox 1748 2024 1779 2063; x_wconf 91' lang='lat' dir='ltr'><strong>a</strong></span> <span class='ocrx_word' id='word_1_250' title='bbox 1803 2008 1992 2078; x_wconf 77' lang='lat' dir='ltr'><strong>pnelio</strong></span> 
     </span>
    </p>
   </div>
   <div class='ocr_carea' id='block_1_37' title="bbox 409 2100 1990 2176">
    <p class='ocr_par' dir='ltr' id='par_1_37' title="bbox 409 2100 1990 2176">
     <span class='ocr_line' id='line_1_37' title="bbox 409 2100 1990 2176; baseline -0.005 -15"><span class='ocrx_word' id='word_1_251' title='bbox 409 2121 469 2161; x_wconf 88' lang='lat' dir='ltr'><strong>se</strong></span> <span class='ocrx_word' id='word_1_252' title='bbox 491 2105 816 2176; x_wconf 75' lang='lat' dir='ltr'><strong>disiungunt,</strong></span> <span class='ocrx_word' id='word_1_253' title='bbox 849 2105 1142 2174; x_wconf 85' lang='lat' dir='ltr'><strong>statimque</strong></span> <span class='ocrx_word' id='word_1_254' title='bbox 1185 2117 1309 2158; x_wconf 90' lang='lat' dir='ltr'><strong>eum</strong></span> <span class='ocrx_word' id='word_1_255' title='bbox 1338 2109 1398 2157; x_wconf 90' lang='lat' dir='ltr'><strong>ut</strong></span> <span class='ocrx_word' id='word_1_256' title='bbox 1426 2100 1600 2159; x_wconf 91' lang='lat' dir='ltr'><strong>solum</strong></span> <span class='ocrx_word' id='word_1_257' title='bbox 1644 2106 1990 2169; x_wconf 82' lang='lat' dir='ltr'><strong>exsuperant.</strong></span> 
     </span>
    </p>
   </div>
   <div class='ocr_carea' id='block_1_38' title="bbox 411 2189 1995 2267">
    <p class='ocr_par' dir='ltr' id='par_1_38' title="bbox 411 2189 1995 2267">
     <span class='ocr_line' id='line_1_38' title="bbox 411 2189 1995 2267; baseline -0.004 -15"><span class='ocrx_word' id='word_1_258' title='bbox 411 2197 609 2267; x_wconf 89' lang='lat' dir='ltr'><strong>Sicque</strong></span> <span class='ocrx_word' id='word_1_259' title='bbox 633 2196 827 2253; x_wconf 89' lang='lat' dir='ltr'><strong>occisis</strong></span> <span class='ocrx_word' id='word_1_260' title='bbox 851 2196 1105 2267; x_wconf 82' lang='lat' dir='ltr'><strong>propriis,</strong></span> <span class='ocrx_word' id='word_1_261' title='bbox 1130 2203 1186 2251; x_wconf 94' lang='lat' dir='ltr'><strong>et</strong></span> <span class='ocrx_word' id='word_1_262' title='bbox 1214 2210 1321 2250; x_wconf 90' lang='lat' dir='ltr'><strong>una</strong></span> <span class='ocrx_word' id='word_1_263' title='bbox 1344 2208 1468 2249; x_wconf 90' lang='lat' dir='ltr'><strong>cum</strong></span> <span class='ocrx_word' id='word_1_264' title='bbox 1496 2192 1669 2248; x_wconf 89' lang='lat' dir='ltr'><strong>tribus</strong></span> <span class='ocrx_word' id='word_1_265' title='bbox 1694 2189 1995 2260; x_wconf 88' lang='lat' dir='ltr'><strong>conjunctis</strong></span> 
     </span>
    </p>
   </div>
   <div class='ocr_carea' id='block_1_39' title="bbox 408 2287 1142 2374">
    <p class='ocr_par' dir='ltr' id='par_1_39' title="bbox 408 2287 1142 2374">
     <span class='ocr_line' id='line_1_39' title="bbox 408 2287 1142 2374; baseline -0.001 -31"><span class='ocrx_word' id='word_1_266' title='bbox 408 2287 700 2374; x_wconf 61' lang='lat' dir='ltr'><strong>fugientem</strong></span> <span class='ocrx_word' id='word_1_267' title='bbox 724 2295 1142 2359; x_wconf 87' lang='lat' dir='ltr'><strong>persequuntur.</strong></span> 
     </span>
    </p>
   </div>
   <div class='ocr_carea' id='block_1_40' title="bbox 480 2374 1994 2451">
    <p class='ocr_par' dir='ltr' id='par_1_40' title="bbox 480 2374 1994 2451">
     <span class='ocr_line' id='line_1_40' title="bbox 480 2374 1994 2451; baseline -0.004 -17"><span class='ocrx_word' id='word_1_268' title='bbox 480 2379 567 2434; x_wconf 89' lang='lat'><strong>69.</strong></span> <span class='ocrx_word' id='word_1_269' title='bbox 597 2378 647 2451; x_wconf 64' lang='grc' dir='ltr'><strong>[ιν</strong></span> <span class='ocrx_word' id='word_1_270' title='bbox 671 2378 843 2449; x_wconf 82' lang='lat' dir='ltr'><strong>Hujus</strong></span> <span class='ocrx_word' id='word_1_271' title='bbox 875 2388 1117 2449; x_wconf 88' lang='lat' dir='ltr'><strong>tempore</strong></span> <span class='ocrx_word' id='word_1_272' title='bbox 1149 2378 1232 2433; x_wconf 83' lang='lat' dir='ltr'><strong>vir</strong></span> <span class='ocrx_word' id='word_1_273' title='bbox 1261 2376 1655 2441; x_wconf 88' lang='lat' dir='ltr'><strong>sanctissimus,</strong></span> <span class='ocrx_word' id='word_1_274' title='bbox 1681 2384 1735 2431; x_wconf 90' lang='lat' dir='ltr'><strong>et</strong></span> <span class='ocrx_word' id='word_1_275' title='bbox 1765 2375 1833 2430; x_wconf 89' lang='lat' dir='ltr'><strong>ab</strong></span> <span class='ocrx_word' id='word_1_276' title='bbox 1863 2374 1994 2444; x_wconf 83' lang='lat' dir='ltr'><strong>ipsis</strong></span> 
     </span>
    </p>
   </div>
   <div class='ocr_carea' id='block_1_41' title="bbox 409 2463 1995 2540">
    <p class='ocr_par' dir='ltr' id='par_1_41' title="bbox 409 2463 1995 2540">
     <span class='ocr_line' id='line_1_41' title="bbox 409 2463 1995 2540; baseline -0.006 -12"><span class='ocrx_word' id='word_1_277' title='bbox 409 2471 692 2528; x_wconf 88' lang='lat' dir='ltr'><strong>cunabulis</strong></span> <span class='ocrx_word' id='word_1_278' title='bbox 728 2472 781 2526; x_wconf 90' lang='lat' dir='ltr'><strong>in</strong></span> <span class='ocrx_word' id='word_1_279' title='bbox 822 2470 916 2527; x_wconf 88' lang='lat' dir='ltr'><strong>Dei</strong></span> <span class='ocrx_word' id='word_1_280' title='bbox 956 2470 1252 2540; x_wconf 85' lang='lat' dir='ltr'><strong>persistens</strong></span> <span class='ocrx_word' id='word_1_281' title='bbox 1294 2470 1515 2524; x_wconf 79' lang='lat' dir='ltr'><strong>servitio</strong></span> <span class='ocrx_word' id='word_1_282' title='bbox 1550 2466 1722 2522; x_wconf 83' lang='lat' dir='ltr'><strong>Cixila</strong></span> <span class='ocrx_word' id='word_1_283' title='bbox 1766 2465 1822 2520; x_wconf 89' lang='lat' dir='ltr'><strong>in</strong></span> <span class='ocrx_word' id='word_1_284' title='bbox 1867 2463 1995 2519; x_wconf 85' lang='lat' dir='ltr'><strong>sede</strong></span> 
     </span>
    </p>
   </div>
   <div class='ocr_carea' id='block_1_42' title="bbox 411 2553 1995 2630">
    <p class='ocr_par' dir='ltr' id='par_1_42' title="bbox 411 2553 1995 2630">
     <span class='ocr_line' id='line_1_42' title="bbox 411 2553 1995 2630; baseline -0.008 -12"><span class='ocrx_word' id='word_1_285' title='bbox 411 2571 593 2618; x_wconf 87' lang='lat' dir='ltr'><strong>manet</strong></span> <span class='ocrx_word' id='word_1_286' title='bbox 618 2561 894 2617; x_wconf 83' lang='lat' dir='ltr'><strong>Toletana.</strong></span> <span class='ocrx_word' id='word_1_287' title='bbox 935 2562 1002 2616; x_wconf 86' lang='lat' dir='ltr'><strong>Et</strong></span> <span class='ocrx_word' id='word_1_288' title='bbox 1028 2560 1153 2629; x_wconf 90' lang='lat' dir='ltr'><strong>quia</strong></span> <span class='ocrx_word' id='word_1_289' title='bbox 1191 2560 1258 2614; x_wconf 89' lang='lat' dir='ltr'><strong>ab</strong></span> <span class='ocrx_word' id='word_1_290' title='bbox 1300 2558 1635 2630; x_wconf 81' lang='lat' dir='ltr'><strong>ingressione</strong></span> <span class='ocrx_word' id='word_1_291' title='bbox 1670 2554 1908 2611; x_wconf 84' lang='lat' dir='ltr'><strong>Arabum</strong></span> <span class='ocrx_word' id='word_1_292' title='bbox 1941 2553 1995 2607; x_wconf 90' lang='lat' dir='ltr'><strong>in</strong></span> 
     </span>
    </p>
   </div>
   <div class='ocr_carea' id='block_1_43' title="bbox 409 2645 1998 2720">
    <p class='ocr_par' dir='ltr' id='par_1_43' title="bbox 409 2645 1998 2720">
     <span class='ocr_line' id='line_1_43' title="bbox 409 2645 1998 2720; baseline -0.006 -13"><span class='ocrx_word' id='word_1_293' title='bbox 409 2649 686 2720; x_wconf 71' lang='lat' dir='ltr'><strong>supralata</strong></span> <span class='ocrx_word' id='word_1_294' title='bbox 716 2651 957 2707; x_wconf 88' lang='lat' dir='ltr'><strong>Ecclesia</strong></span> <span class='ocrx_word' id='word_1_295' title='bbox 995 2659 1160 2715; x_wconf 81' lang='lat' dir='ltr'><strong>esset,</strong></span> <span class='ocrx_word' id='word_1_296' title='bbox 1200 2648 1646 2719; x_wconf 87' lang='lat' dir='ltr'><strong>metropolitanus</strong></span> <span class='ocrx_word' id='word_1_297' title='bbox 1665 2654 1750 2701; x_wconf 91' lang='lat' dir='ltr'><strong>est</strong></span> <span class='ocrx_word' id='word_1_298' title='bbox 1782 2645 1998 2700; x_wconf 89' lang='lat' dir='ltr'><strong>ordina-</strong></span> 
     </span>
    </p>
   </div>
   <div class='ocr_carea' id='block_1_44' title="bbox 410 2734 1996 2799">
    <p class='ocr_par' dir='ltr' id='par_1_44' title="bbox 410 2734 1996 2799">
     <span class='ocr_line' id='line_1_44' title="bbox 410 2734 1996 2799; baseline -0.004 -5"><span class='ocrx_word' id='word_1_299' title='bbox 410 2746 501 2795; x_wconf 89' lang='lat' dir='ltr'><strong>tus</strong></span> <span class='ocrx_word' id='word_1_300' title='bbox 543 2753 558 2792; x_wconf 91' lang='lat'><strong>:</strong></span> <span class='ocrx_word' id='word_1_301' title='bbox 596 2736 698 2793; x_wconf 90' lang='lat' dir='ltr'><strong>fuit</strong></span> <span class='ocrx_word' id='word_1_302' title='bbox 743 2740 887 2794; x_wconf 87' lang='lat' dir='ltr'><strong>enim</strong></span> <span class='ocrx_word' id='word_1_303' title='bbox 931 2739 1305 2795; x_wconf 89' lang='lat' dir='ltr'><strong>sanctimoniis</strong></span> <span class='ocrx_word' id='word_1_304' title='bbox 1338 2738 1600 2799; x_wconf 83' lang='lat' dir='ltr'><strong>eruditus,</strong></span> <span class='ocrx_word' id='word_1_305' title='bbox 1645 2734 1996 2791; x_wconf 85' lang='lat' dir='ltr'><strong>ecclesiarum</strong></span> 
     </span>
    </p>
   </div>
   <div class='ocr_carea' id='block_1_45' title="bbox 411 2823 2001 2901">
    <p class='ocr_par' dir='ltr' id='par_1_45' title="bbox 411 2823 2001 2901">
     <span class='ocr_line' id='line_1_45' title="bbox 411 2823 2001 2901; baseline -0.004 -16"><span class='ocrx_word' id='word_1_306' title='bbox 411 2835 761 2892; x_wconf 83' lang='lat' dir='ltr'><strong>restaurator,</strong></span> <span class='ocrx_word' id='word_1_307' title='bbox 785 2836 842 2884; x_wconf 89' lang='lat' dir='ltr'><strong>et</strong></span> <span class='ocrx_word' id='word_1_308' title='bbox 859 2827 1011 2900; x_wconf 89' lang='lat' dir='ltr'><strong>scptu</strong></span> <span class='ocrx_word' id='word_1_309' title='bbox 1039 2828 1157 2901; x_wconf 78' lang='lat' dir='ltr'><strong>(sic)</strong></span> <span class='ocrx_word' id='word_1_310' title='bbox 1182 2844 1294 2898; x_wconf 87' lang='lat' dir='ltr'><strong>spe,</strong></span> <span class='ocrx_word' id='word_1_311' title='bbox 1316 2827 1421 2883; x_wconf 83' lang='lat' dir='ltr'><strong>fide</strong></span> <span class='ocrx_word' id='word_1_312' title='bbox 1449 2835 1505 2882; x_wconf 88' lang='lat' dir='ltr'><strong>et</strong></span> <span class='ocrx_word' id='word_1_313' title='bbox 1518 2825 1784 2882; x_wconf 84' lang='lat' dir='ltr'><strong>cbaritate</strong></span> <span class='ocrx_word' id='word_1_314' title='bbox 1804 2823 2001 2878; x_wconf 90' lang='lat' dir='ltr'><strong>firmis-</strong></span> 
     </span>
    </p>
   </div>
   <div class='ocr_carea' id='block_1_46' title="bbox 411 2914 1997 2987">
    <p class='ocr_par' dir='ltr' id='par_1_46' title="bbox 411 2914 1997 2987">
     <span class='ocr_line' id='line_1_46' title="bbox 411 2914 1997 2987; baseline -0.003 -13"><span class='ocrx_word' id='word_1_315' title='bbox 411 2919 610 2984; x_wconf 73' lang='lat' dir='ltr'><strong>simus,</strong></span> <span class='ocrx_word' id='word_1_316' title='bbox 661 2917 867 2973; x_wconf 89' lang='lat' dir='ltr'><strong>meritis</strong></span> <span class='ocrx_word' id='word_1_317' title='bbox 910 2916 1027 2987; x_wconf 83' lang='lat' dir='ltr'><strong>ejus</strong></span> <span class='ocrx_word' id='word_1_318' title='bbox 1087 2918 1425 2974; x_wconf 89' lang='lat' dir='ltr'><strong>innotescant</strong></span> <span class='ocrx_word' id='word_1_319' title='bbox 1473 2917 1703 2972; x_wconf 88' lang='lat' dir='ltr'><strong>cunctis.</strong></span> <span class='ocrx_word' id='word_1_320' title='bbox 1753 2914 1997 2982; x_wconf 86' lang='lat' dir='ltr'><strong>Quodam</strong></span> 
     </span>
    </p>
   </div>
   <div class='ocr_carea' id='block_1_47' title="bbox 410 3006 1996 3068">
    <p class='ocr_par' dir='ltr' id='par_1_47' title="bbox 410 3006 1996 3068">
     <span class='ocr_line' id='line_1_47' title="bbox 410 3006 1996 3068; baseline -0.003 -2"><span class='ocrx_word' id='word_1_321' title='bbox 410 3011 501 3068; x_wconf 88' lang='lat' dir='ltr'><strong>die</strong></span> <span class='ocrx_word' id='word_1_322' title='bbox 529 3010 691 3066; x_wconf 83' lang='lat' dir='ltr'><strong>homo</strong></span> <span class='ocrx_word' id='word_1_323' title='bbox 718 3010 909 3066; x_wconf 74' lang='lat' dir='ltr'><strong>lneresi</strong></span> <span class='ocrx_word' id='word_1_324' title='bbox 939 3008 1243 3066; x_wconf 87' lang='lat' dir='ltr'><strong>Sabelliana</strong></span> <span class='ocrx_word' id='word_1_325' title='bbox 1271 3008 1525 3066; x_wconf 83' lang='lat' dir='ltr'><strong>seductus</strong></span> <span class='ocrx_word' id='word_1_326' title='bbox 1545 3007 1713 3063; x_wconf 74' lang='lat' dir='ltr'><strong>voluit</strong></span> <span class='ocrx_word' id='word_1_327' title='bbox 1739 3006 1996 3062; x_wconf 85' lang='lat' dir='ltr'><strong>accedere</strong></span> 
     </span>
    </p>
   </div>
   <div class='ocr_carea' id='block_1_48' title="bbox 413 3099 2000 3174">
    <p class='ocr_par' dir='ltr' id='par_1_48' title="bbox 413 3099 2000 3174">
     <span class='ocr_line' id='line_1_48' title="bbox 413 3099 2000 3174; baseline -0.004 -17"><span class='ocrx_word' id='word_1_328' title='bbox 413 3117 541 3159; x_wconf 86' lang='lat' dir='ltr'><strong>core</strong></span> <span class='ocrx_word' id='word_1_329' title='bbox 580 3099 784 3174; x_wconf 64' lang='grc' dir='ltr'><strong>[Γονιῆ</strong></span> <span class='ocrx_word' id='word_1_330' title='bbox 824 3099 1054 3173; x_wconf 86' lang='lat' dir='ltr'><strong>coram],</strong></span> <span class='ocrx_word' id='word_1_331' title='bbox 1076 3100 1410 3171; x_wconf 88' lang='lat' dir='ltr'><strong>perquisitus</strong></span> <span class='ocrx_word' id='word_1_332' title='bbox 1457 3107 1542 3156; x_wconf 92' lang='lat' dir='ltr'><strong>est</strong></span> <span class='ocrx_word' id='word_1_333' title='bbox 1584 3100 1654 3155; x_wconf 89' lang='lat' dir='ltr'><strong>ab</strong></span> <span class='ocrx_word' id='word_1_334' title='bbox 1683 3113 1749 3153; x_wconf 88' lang='lat' dir='ltr'><strong>eo</strong></span> <span class='ocrx_word' id='word_1_335' title='bbox 1787 3104 1844 3152; x_wconf 88' lang='lat' dir='ltr'><strong>ut</strong></span> <span class='ocrx_word' id='word_1_336' title='bbox 1876 3111 2000 3152; x_wconf 90' lang='lat' dir='ltr'><strong>cum</strong></span> 
     </span>
    </p>
   </div>
   <div class='ocr_carea' id='block_1_49' title="bbox 414 3185 1998 3259">
    <p class='ocr_par' dir='ltr' id='par_1_49' title="bbox 414 3185 1998 3259">
     <span class='ocr_line' id='line_1_49' title="bbox 414 3185 1998 3259; baseline -0.004 -14"><span class='ocrx_word' id='word_1_337' title='bbox 414 3190 508 3246; x_wconf 89' lang='lat' dir='ltr'><strong>tali</strong></span> <span class='ocrx_word' id='word_1_338' title='bbox 533 3199 687 3248; x_wconf 88' lang='lat' dir='ltr'><strong>reatu</strong></span> <span class='ocrx_word' id='word_1_339' title='bbox 713 3199 860 3247; x_wconf 89' lang='lat' dir='ltr'><strong>esset</strong></span> <span class='ocrx_word' id='word_1_340' title='bbox 887 3191 1097 3256; x_wconf 89' lang='lat' dir='ltr'><strong>concio,</strong></span> <span class='ocrx_word' id='word_1_341' title='bbox 1123 3189 1320 3259; x_wconf 90' lang='lat' dir='ltr'><strong>illeque</strong></span> <span class='ocrx_word' id='word_1_342' title='bbox 1342 3190 1617 3259; x_wconf 84' lang='lat' dir='ltr'><strong>abnegans</strong></span> <span class='ocrx_word' id='word_1_343' title='bbox 1639 3186 1731 3243; x_wconf 89' lang='lat' dir='ltr'><strong>tali</strong></span> <span class='ocrx_word' id='word_1_344' title='bbox 1754 3185 1956 3242; x_wconf 80' lang='lat' dir='ltr'><strong>scelere</strong></span> <span class='ocrx_word' id='word_1_345' title='bbox 1984 3199 1998 3239; x_wconf 92' lang='lat'><strong>:</strong></span> 
     </span>
    </p>
   </div>
   <div class='ocr_carea' id='block_1_50' title="bbox 412 3277 2000 3352">
    <p class='ocr_par' dir='ltr' id='par_1_50' title="bbox 412 3277 2000 3352">
     <span class='ocr_line' id='line_1_50' title="bbox 412 3277 2000 3352; baseline -0.003 -16"><span class='ocrx_word' id='word_1_346' title='bbox 412 3281 505 3352; x_wconf 89' lang='lat' dir='ltr'><strong>qui</strong></span> <span class='ocrx_word' id='word_1_347' title='bbox 531 3281 714 3337; x_wconf 84' lang='lat' dir='ltr'><strong>statim</strong></span> <span class='ocrx_word' id='word_1_348' title='bbox 745 3282 817 3336; x_wconf 89' lang='lat' dir='ltr'><strong>ita</strong></span> <span class='ocrx_word' id='word_1_349' title='bbox 847 3296 876 3336; x_wconf 87' lang='lat' dir='ltr'><strong>a</strong></span> <span class='ocrx_word' id='word_1_350' title='bbox 903 3281 1146 3337; x_wconf 61' lang='lat' dir='ltr'><strong>daemone</strong></span> <span class='ocrx_word' id='word_1_351' title='bbox 1171 3287 1254 3336; x_wconf 88' lang='lat' dir='ltr'><strong>est</strong></span> <span class='ocrx_word' id='word_1_352' title='bbox 1282 3289 1550 3349; x_wconf 75' lang='lat' dir='ltr'><strong>arreptus,</strong></span> <span class='ocrx_word' id='word_1_353' title='bbox 1582 3287 1642 3334; x_wconf 92' lang='lat' dir='ltr'><strong>ut</strong></span> <span class='ocrx_word' id='word_1_354' title='bbox 1668 3277 1845 3333; x_wconf 91' lang='lat' dir='ltr'><strong>omnis</strong></span> <span class='ocrx_word' id='word_1_355' title='bbox 1868 3291 2000 3332; x_wconf 82' lang='lat' dir='ltr'><strong>con-</strong></span> 
     </span>
    </p>
   </div>
   <div class='ocr_carea' id='block_1_51' title="bbox 412 3368 1999 3441">
    <p class='ocr_par' dir='ltr' id='par_1_51' title="bbox 412 3368 1999 3441">
     <span class='ocr_line' id='line_1_51' title="bbox 412 3368 1999 3441; baseline -0.002 -16"><span class='ocrx_word' id='word_1_356' title='bbox 412 3379 606 3427; x_wconf 83' lang='lat' dir='ltr'><strong>ventus</strong></span> <span class='ocrx_word' id='word_1_357' title='bbox 626 3370 869 3428; x_wconf 72' lang='lat' dir='ltr'><strong>ecclesiae</strong></span> <span class='ocrx_word' id='word_1_358' title='bbox 905 3372 959 3427; x_wconf 90' lang='lat' dir='ltr'><strong>in</strong></span> <span class='ocrx_word' id='word_1_359' title='bbox 986 3379 1207 3441; x_wconf 89' lang='lat' dir='ltr'><strong>stupore</strong></span> <span class='ocrx_word' id='word_1_360' title='bbox 1241 3378 1637 3427; x_wconf 82' lang='lat' dir='ltr'><strong>reverteretur:</strong></span> <span class='ocrx_word' id='word_1_361' title='bbox 1663 3368 1851 3438; x_wconf 88' lang='lat' dir='ltr'><strong>sicque</strong></span> <span class='ocrx_word' id='word_1_362' title='bbox 1871 3382 1999 3423; x_wconf 89' lang='lat' dir='ltr'><strong>san—</strong></span> 
     </span>
    </p>
   </div>
   <div class='ocr_carea' id='block_1_52' title="bbox 413 3459 2000 3527">
    <p class='ocr_par' dir='ltr' id='par_1_52' title="bbox 413 3459 2000 3527">
     <span class='ocr_line' id='line_1_52' title="bbox 413 3459 2000 3527; baseline -0.004 -9"><span class='ocrx_word' id='word_1_363' title='bbox 413 3469 533 3518; x_wconf 89' lang='lat' dir='ltr'><strong>ctus</strong></span> <span class='ocrx_word' id='word_1_364' title='bbox 560 3467 622 3516; x_wconf 92' lang='lat' dir='ltr'><strong>ut</strong></span> <span class='ocrx_word' id='word_1_365' title='bbox 654 3461 887 3517; x_wconf 87' lang='lat' dir='ltr'><strong>orationi</strong></span> <span class='ocrx_word' id='word_1_366' title='bbox 915 3477 974 3517; x_wconf 90' lang='lat' dir='ltr'><strong>se</strong></span> <span class='ocrx_word' id='word_1_367' title='bbox 999 3461 1166 3527; x_wconf 83' lang='lat' dir='ltr'><strong>dedit,</strong></span> <span class='ocrx_word' id='word_1_368' title='bbox 1196 3468 1251 3517; x_wconf 88' lang='lat' dir='ltr'><strong>et</strong></span> <span class='ocrx_word' id='word_1_369' title='bbox 1289 3469 1491 3517; x_wconf 80' lang='lat' dir='ltr'><strong>sanctae</strong></span> <span class='ocrx_word' id='word_1_370' title='bbox 1522 3459 1768 3516; x_wconf 69' lang='lat' dir='ltr'><strong>ecclesiae</strong></span> <span class='ocrx_word' id='word_1_371' title='bbox 1810 3473 2000 3514; x_wconf 89' lang='lat' dir='ltr'><strong>sanum</strong></span> 
     </span>
    </p>
   </div>
   <div class='ocr_carea' id='block_1_53' title="bbox 415 3549 2001 3622">
    <p class='ocr_par' dir='ltr' id='par_1_53' title="bbox 415 3549 2001 3622">
     <span class='ocr_line' id='line_1_53' title="bbox 415 3549 2001 3622; baseline 0 -17"><span class='ocrx_word' id='word_1_372' title='bbox 415 3549 652 3607; x_wconf 67' lang='lat' dir='ltr'><strong>reddidit</strong></span> <span class='ocrx_word' id='word_1_373' title='bbox 686 3559 740 3606; x_wconf 93' lang='lat' dir='ltr'><strong>et</strong></span> <span class='ocrx_word' id='word_1_374' title='bbox 771 3551 1017 3608; x_wconf 77' lang='lat' dir='ltr'><strong>illaesum.</strong></span> <span class='ocrx_word' id='word_1_375' title='bbox 1055 3551 1155 3619; x_wconf 87' lang='lat' dir='ltr'><strong>Qui</strong></span> <span class='ocrx_word' id='word_1_376' title='bbox 1184 3560 1239 3607; x_wconf 90' lang='lat' dir='ltr'><strong>ct</strong></span> <span class='ocrx_word' id='word_1_377' title='bbox 1268 3568 1460 3610; x_wconf 85' lang='lat' dir='ltr'><strong>novem</strong></span> <span class='ocrx_word' id='word_1_378' title='bbox 1498 3567 1594 3622; x_wconf 91' lang='lat' dir='ltr'><strong>per</strong></span> <span class='ocrx_word' id='word_1_379' title='bbox 1620 3566 1791 3607; x_wconf 88' lang='lat' dir='ltr'><strong>annos</strong></span> <span class='ocrx_word' id='word_1_380' title='bbox 1826 3551 2001 3607; x_wconf 80' lang='lat' dir='ltr'><strong>vicem</strong></span> 
     </span>
    </p>
   </div>
   <div class='ocr_carea' id='block_1_54' title="bbox 414 3645 2005 3719">
    <p class='ocr_par' dir='ltr' id='par_1_54' title="bbox 414 3645 2005 3719">
     <span class='ocr_line' id='line_1_54' title="bbox 414 3645 2005 3719; baseline -0.001 -20"><span class='ocrx_word' id='word_1_381' title='bbox 414 3645 801 3714; x_wconf 82' lang='lat' dir='ltr'><strong>apostolicatus</strong></span> <span class='ocrx_word' id='word_1_382' title='bbox 828 3662 1091 3719; x_wconf 80' lang='lat' dir='ltr'><strong>peragens</strong></span> <span class='ocrx_word' id='word_1_383' title='bbox 1128 3648 1182 3702; x_wconf 92' lang='lat' dir='ltr'><strong>in</strong></span> <span class='ocrx_word' id='word_1_384' title='bbox 1223 3662 1285 3703; x_wconf 86' lang='lat' dir='ltr'><strong>ea</strong></span> <span class='ocrx_word' id='word_1_385' title='bbox 1325 3647 1589 3703; x_wconf 84' lang='lat' dir='ltr'><strong>cbaritate</strong></span> <span class='ocrx_word' id='word_1_386' title='bbox 1619 3661 1783 3718; x_wconf 85' lang='lat' dir='ltr'><strong>quam</strong></span> <span class='ocrx_word' id='word_1_387' title='bbox 1811 3645 2005 3702; x_wconf 70' lang='lat' dir='ltr'><strong>coivat</strong></span> 
     </span>
    </p>
   </div>
   <div class='ocr_carea' id='block_1_55' title="bbox 416 3738 1233 3808">
    <p class='ocr_par' dir='ltr' id='par_1_55' title="bbox 416 3738 1233 3808">
     <span class='ocr_line' id='line_1_55' title="bbox 416 3738 1233 3808; baseline 0.004 -19"><span class='ocrx_word' id='word_1_388' title='bbox 416 3738 542 3793; x_wconf 60' lang='lat' dir='ltr'><strong>Vitae</strong></span> <span class='ocrx_word' id='word_1_389' title='bbox 564 3738 724 3808; x_wconf 80' lang='lat' dir='ltr'><strong>hujus</strong></span> <span class='ocrx_word' id='word_1_390' title='bbox 755 3740 1045 3795; x_wconf 86' lang='lat' dir='ltr'><strong>terminum</strong></span> <span class='ocrx_word' id='word_1_391' title='bbox 1069 3740 1233 3796; x_wconf 69' lang='lat' dir='ltr'><strong>dedit.</strong></span> 
     </span>
    </p>
   </div>
   <div class='ocr_carea' id='block_1_56' title="bbox 487 3826 1999 3898">
    <p class='ocr_par' dir='ltr' id='par_1_56' title="bbox 487 3826 1999 3898">
     <span class='ocr_line' id='line_1_56' title="bbox 487 3826 1999 3898; baseline 0.001 -19"><span class='ocrx_word' id='word_1_392' title='bbox 487 3826 574 3881; x_wconf 90' lang='lat'><strong>70.</strong></span> <span class='ocrx_word' id='word_1_393' title='bbox 617 3826 788 3897; x_wconf 86' lang='lat' dir='ltr'><strong>Tunc]</strong></span> <span class='ocrx_word' id='word_1_394' title='bbox 838 3836 999 3897; x_wconf 82' lang='lat' dir='ltr'><strong>atque</strong></span> <span class='ocrx_word' id='word_1_395' title='bbox 1056 3829 1314 3893; x_wconf 88' lang='lat' dir='ltr'><strong>Toabam,</strong></span> <span class='ocrx_word' id='word_1_396' title='bbox 1365 3830 1458 3898; x_wconf 85' lang='lat' dir='ltr'><strong>qui</strong></span> <span class='ocrx_word' id='word_1_397' title='bbox 1511 3828 1687 3884; x_wconf 74' lang='lat' dir='ltr'><strong>valida</strong></span> <span class='ocrx_word' id='word_1_398' title='bbox 1736 3826 1999 3897; x_wconf 88' lang='lat' dir='ltr'><strong>adjutoria</strong></span> 
     </span>
    </p>
   </div>
   <div class='ocr_carea' id='block_1_57' title="bbox 415 3915 1999 3989">
    <p class='ocr_par' dir='ltr' id='par_1_57' title="bbox 415 3915 1999 3989">
     <span class='ocr_line' id='line_1_57' title="bbox 415 3915 1999 3989; baseline 0.003 -19"><span class='ocrx_word' id='word_1_399' title='bbox 415 3915 638 3970; x_wconf 77' lang='lat' dir='ltr'><strong>Zimaeli</strong></span> <span class='ocrx_word' id='word_1_400' title='bbox 676 3917 1010 3985; x_wconf 66' lang='lat' dir='ltr'><strong>praebuerat,</strong></span> <span class='ocrx_word' id='word_1_401' title='bbox 1051 3918 1106 3973; x_wconf 90' lang='lat' dir='ltr'><strong>in</strong></span> <span class='ocrx_word' id='word_1_402' title='bbox 1143 3922 1292 3989; x_wconf 81' lang='lat' dir='ltr'><strong>regni</strong></span> <span class='ocrx_word' id='word_1_403' title='bbox 1323 3921 1460 3976; x_wconf 90' lang='lat' dir='ltr'><strong>solio</strong></span> <span class='ocrx_word' id='word_1_404' title='bbox 1484 3921 1797 3977; x_wconf 77' lang='lat' dir='ltr'><strong>sublimant.</strong></span> <span class='ocrx_word' id='word_1_405' title='bbox 1847 3920 1999 3975; x_wconf 76' lang='lat' dir='ltr'><strong>Tunc</strong></span> 
     </span>
    </p>
   </div>
   <div class='ocr_carea' id='block_1_58' title="bbox 417 4005 1996 4075">
    <p class='ocr_par' dir='ltr' id='par_1_58' title="bbox 417 4005 1996 4075">
     <span class='ocr_line' id='line_1_58' title="bbox 417 4005 1996 4075; baseline 0.005 -15"><span class='ocrx_word' id='word_1_406' title='bbox 417 4005 508 4061; x_wconf 89' lang='lat' dir='ltr'><strong>ille</strong></span> <span class='ocrx_word' id='word_1_407' title='bbox 545 4005 613 4059; x_wconf 78' lang='lat' dir='ltr'><strong>ad</strong></span> <span class='ocrx_word' id='word_1_408' title='bbox 641 4007 938 4075; x_wconf 82' lang='lat' dir='ltr'><strong>reparanda</strong></span> <span class='ocrx_word' id='word_1_409' title='bbox 967 4011 1282 4075; x_wconf 86' lang='lat' dir='ltr'><strong>certamina,</strong></span> <span class='ocrx_word' id='word_1_410' title='bbox 1315 4026 1373 4067; x_wconf 90' lang='lat' dir='ltr'><strong>se</strong></span> <span class='ocrx_word' id='word_1_411' title='bbox 1402 4013 1543 4067; x_wconf 90' lang='lat' dir='ltr'><strong>inter</strong></span> <span class='ocrx_word' id='word_1_412' title='bbox 1566 4026 1692 4067; x_wconf 87' lang='lat' dir='ltr'><strong>suos</strong></span> <span class='ocrx_word' id='word_1_413' title='bbox 1716 4012 1950 4067; x_wconf 86' lang='lat' dir='ltr'><strong>occultat</strong></span> <span class='ocrx_word' id='word_1_414' title='bbox 1983 4030 1996 4067; x_wconf 91' lang='lat'><strong>:</strong></span> 
     </span>
    </p>
   </div>
   <div class='ocr_carea' id='block_1_59' title="bbox 418 4097 2002 4170">
    <p class='ocr_par' dir='ltr' id='par_1_59' title="bbox 418 4097 2002 4170">
     <span class='ocr_line' id='line_1_59' title="bbox 418 4097 2002 4170; baseline 0.004 -20"><span class='ocrx_word' id='word_1_415' title='bbox 418 4103 580 4164; x_wconf 84' lang='lat' dir='ltr'><strong>atque</strong></span> <span class='ocrx_word' id='word_1_416' title='bbox 616 4097 956 4166; x_wconf 76' lang='lat' dir='ltr'><strong>postmodum</strong></span> <span class='ocrx_word' id='word_1_417' title='bbox 986 4097 1272 4155; x_wconf 81' lang='lat' dir='ltr'><strong>infeliciter</strong></span> <span class='ocrx_word' id='word_1_418' title='bbox 1309 4101 1521 4157; x_wconf 71' lang='lat' dir='ltr'><strong>diversa</strong></span> <span class='ocrx_word' id='word_1_419' title='bbox 1546 4100 1728 4170; x_wconf 63' lang='lat' dir='ltr'><strong>praelia</strong></span> <span class='ocrx_word' id='word_1_420' title='bbox 1752 4116 1876 4156; x_wconf 92' lang='lat' dir='ltr'><strong>cum</strong></span> <span class='ocrx_word' id='word_1_421' title='bbox 1905 4117 2002 4157; x_wconf 88' lang='lat' dir='ltr'><strong>sua</strong></span> 
     </span>
    </p>
   </div>
   <div class='ocr_carea' id='block_1_60' title="bbox 419 4187 2002 4261">
    <p class='ocr_par' dir='ltr' id='par_1_60' title="bbox 419 4187 2002 4261">
     <span class='ocr_line' id='line_1_60' title="bbox 419 4187 2002 4261; baseline 0.004 -21"><span class='ocrx_word' id='word_1_422' title='bbox 419 4201 748 4257; x_wconf 89' lang='lat' dir='ltr'><strong>suorumque</strong></span> <span class='ocrx_word' id='word_1_423' title='bbox 797 4187 1153 4246; x_wconf 87' lang='lat' dir='ltr'><strong>internicione</strong></span> <span class='ocrx_word' id='word_1_424' title='bbox 1212 4192 1514 4261; x_wconf 75' lang='lat' dir='ltr'><strong>exagitans,</strong></span> <span class='ocrx_word' id='word_1_425' title='bbox 1554 4190 1671 4246; x_wconf 87' lang='lat' dir='ltr'><strong>dira</strong></span> <span class='ocrx_word' id='word_1_426' title='bbox 1722 4199 1897 4247; x_wconf 90' lang='lat' dir='ltr'><strong>morte</strong></span> <span class='ocrx_word' id='word_1_427' title='bbox 1943 4207 2002 4247; x_wconf 87' lang='lat' dir='ltr'><strong>se</strong></span> 
     </span>
    </p>
   </div>
   <div class='ocr_carea' id='block_1_61' title="bbox 420 4282 2003 4356">
    <p class='ocr_par' dir='ltr' id='par_1_61' title="bbox 420 4282 2003 4356">
     <span class='ocr_line' id='line_1_61' title="bbox 420 4282 2003 4356; baseline 0.002 -19"><span class='ocrx_word' id='word_1_428' title='bbox 420 4297 542 4337; x_wconf 87' lang='lat' dir='ltr'><strong>cum</strong></span> <span class='ocrx_word' id='word_1_429' title='bbox 597 4282 940 4340; x_wconf 85' lang='lat' dir='ltr'><strong>multitudine</strong></span> <span class='ocrx_word' id='word_1_430' title='bbox 986 4285 1035 4339; x_wconf 91' lang='lat' dir='ltr'><strong>ei</strong></span> <span class='ocrx_word' id='word_1_431' title='bbox 1082 4286 1452 4341; x_wconf 87' lang='lat' dir='ltr'><strong>consentiente</strong></span> <span class='ocrx_word' id='word_1_432' title='bbox 1497 4286 1694 4356; x_wconf 85' lang='lat' dir='ltr'><strong>perdit.</strong></span> <span class='ocrx_word' id='word_1_433' title='bbox 1749 4284 2003 4355; x_wconf 74' lang='lat' dir='ltr'><strong>Quisquis</strong></span> 
     </span>
    </p>
   </div>
   <div class='ocr_carea' id='block_1_62' title="bbox 416 4372 2080 4478">
    <p class='ocr_par' dir='ltr' id='par_1_62' title="bbox 416 4372 2080 4478">
     <span class='ocr_line' id='line_1_62' title="bbox 416 4372 2080 4478; baseline 0.004 -52"><span class='ocrx_word' id='word_1_434' title='bbox 416 4389 548 4429; x_wconf 71' lang='lat' dir='ltr'><strong>vero</strong></span> <span class='ocrx_word' id='word_1_435' title='bbox 574 4372 733 4443; x_wconf 83' lang='lat' dir='ltr'><strong>hujus</strong></span> <span class='ocrx_word' id='word_1_436' title='bbox 763 4375 841 4431; x_wconf 92' lang='lat' dir='ltr'><strong>rei</strong></span> <span class='ocrx_word' id='word_1_437' title='bbox 876 4385 1025 4447; x_wconf 86' lang='lat' dir='ltr'><strong>gesta</strong></span> <span class='ocrx_word' id='word_1_438' title='bbox 1047 4378 1194 4447; x_wconf 91' lang='lat' dir='ltr'><strong>cupit</strong></span> <span class='ocrx_word' id='word_1_439' title='bbox 1229 4379 1388 4445; x_wconf 88' lang='lat' dir='ltr'><strong>scire,</strong></span> <span class='ocrx_word' id='word_1_440' title='bbox 1438 4378 1646 4448; x_wconf 77' lang='lat' dir='ltr'><strong>singula</strong></span> <span class='ocrx_word' id='word_1_441' title='bbox 1672 4379 1725 4433; x_wconf 90' lang='lat' dir='ltr'><strong>in</strong></span> <span class='ocrx_word' id='word_1_442' title='bbox 1756 4378 1999 4448; x_wconf 81' lang='lat' dir='ltr'><strong>Epitome</strong></span> <span class='ocrx_word' id='word_1_443' title='bbox 2029 4415 2080 4478; x_wconf 58' lang='grc' dir='ltr'><strong>Β</strong></span> 
     </span>
    </p>
   </div>
   <div class='ocr_carea' id='block_1_63' title="bbox 421 4464 2000 4538">
    <p class='ocr_par' dir='ltr' id='par_1_63' title="bbox 421 4464 2000 4538">
     <span class='ocr_line' id='line_1_63' title="bbox 421 4464 2000 4538; baseline 0.003 -22"><span class='ocrx_word' id='word_1_444' title='bbox 421 4470 721 4532; x_wconf 83' lang='lat' dir='ltr'><strong>temporum</strong></span> <span class='ocrx_word' id='word_1_445' title='bbox 767 4464 908 4536; x_wconf 83' lang='lat' dir='ltr'><strong>legat</strong></span> <span class='ocrx_word' id='word_1_446' title='bbox 955 4480 1117 4535; x_wconf 88' lang='lat' dir='ltr'><strong>quam</strong></span> <span class='ocrx_word' id='word_1_447' title='bbox 1173 4466 1374 4522; x_wconf 89' lang='lat' dir='ltr'><strong>dudum</strong></span> <span class='ocrx_word' id='word_1_448' title='bbox 1424 4467 1755 4538; x_wconf 85' lang='lat' dir='ltr'><strong>collegimus,</strong></span> <span class='ocrx_word' id='word_1_449' title='bbox 1802 4467 1856 4520; x_wconf 92' lang='lat' dir='ltr'><strong>in</strong></span> <span class='ocrx_word' id='word_1_450' title='bbox 1898 4482 2000 4536; x_wconf 80' lang='lat' dir='ltr'><strong>qua</strong></span> 
     </span>
    </p>
   </div>
   <div class='ocr_carea' id='block_1_64' title="bbox 419 4557 2004 4630">
    <p class='ocr_par' dir='ltr' id='par_1_64' title="bbox 419 4557 2004 4630">
     <span class='ocr_line' id='line_1_64' title="bbox 419 4557 2004 4630; baseline 0.003 -22"><span class='ocrx_word' id='word_1_451' title='bbox 419 4563 610 4609; x_wconf 89' lang='lat' dir='ltr'><strong>cuncta</strong></span> <span class='ocrx_word' id='word_1_452' title='bbox 635 4557 866 4625; x_wconf 90' lang='lat' dir='ltr'><strong>reperiet</strong></span> <span class='ocrx_word' id='word_1_453' title='bbox 884 4558 1110 4612; x_wconf 85' lang='lat' dir='ltr'><strong>enodata</strong></span> <span class='ocrx_word' id='word_1_454' title='bbox 1133 4575 1148 4625; x_wconf 87' lang='lat'><strong>;</strong></span> <span class='ocrx_word' id='word_1_455' title='bbox 1176 4559 1267 4614; x_wconf 84' lang='lat' dir='ltr'><strong>ubi</strong></span> <span class='ocrx_word' id='word_1_456' title='bbox 1288 4567 1344 4613; x_wconf 89' lang='lat' dir='ltr'><strong>et</strong></span> <span class='ocrx_word' id='word_1_457' title='bbox 1370 4560 1551 4630; x_wconf 62' lang='lat' dir='ltr'><strong>praelia</strong></span> <span class='ocrx_word' id='word_1_458' title='bbox 1577 4558 1885 4614; x_wconf 78' lang='lat' dir='ltr'><strong>Maurorum</strong></span> <span class='ocrx_word' id='word_1_459' title='bbox 1911 4559 2004 4612; x_wconf 84' lang='lat' dir='ltr'><strong>ad-</strong></span> 
     </span>
    </p>
   </div>
   <div class='ocr_carea' id='block_1_65' title="bbox 419 4645 2003 4720">
    <p class='ocr_par' dir='ltr' id='par_1_65' title="bbox 419 4645 2003 4720">
     <span class='ocr_line' id='line_1_65' title="bbox 419 4645 2003 4720; baseline 0.003 -22"><span class='ocrx_word' id='word_1_460' title='bbox 419 4659 609 4701; x_wconf 71' lang='lat' dir='ltr'><strong>versus</strong></span> <span class='ocrx_word' id='word_1_461' title='bbox 629 4645 841 4702; x_wconf 92' lang='lat' dir='ltr'><strong>Cultum</strong></span> <span class='ocrx_word' id='word_1_462' title='bbox 864 4658 886 4687; x_wconf 73' lang='grc' dir='ltr'><strong>ο</strong></span> <span class='ocrx_word' id='word_1_463' title='bbox 913 4649 1283 4705; x_wconf 89' lang='lat' dir='ltr'><strong>dimicantium</strong></span> <span class='ocrx_word' id='word_1_464' title='bbox 1309 4659 1501 4705; x_wconf 88' lang='lat' dir='ltr'><strong>cuncta</strong></span> <span class='ocrx_word' id='word_1_465' title='bbox 1526 4650 1759 4720; x_wconf 88' lang='lat' dir='ltr'><strong>reperiet</strong></span> <span class='ocrx_word' id='word_1_466' title='bbox 1782 4648 2003 4718; x_wconf 87' lang='lat' dir='ltr'><strong>scripta,</strong></span> 
     </span>
    </p>
   </div>
   <div class='ocr_carea' id='block_1_66' title="bbox 418 4734 2007 4811">
    <p class='ocr_par' dir='ltr' id='par_1_66' title="bbox 418 4734 2007 4811">
     <span class='ocr_line' id='line_1_66' title="bbox 418 4734 2007 4811; baseline 0.003 -23"><span class='ocrx_word' id='word_1_467' title='bbox 418 4744 474 4789; x_wconf 91' lang='lat' dir='ltr'><strong>et</strong></span> <span class='ocrx_word' id='word_1_468' title='bbox 510 4734 781 4806; x_wconf 67' lang='lat' dir='ltr'><strong>Hispaniae</strong></span> <span class='ocrx_word' id='word_1_469' title='bbox 822 4738 962 4794; x_wconf 85' lang='lat' dir='ltr'><strong>bella</strong></span> <span class='ocrx_word' id='word_1_470' title='bbox 1013 4754 1079 4794; x_wconf 87' lang='lat' dir='ltr'><strong>eo</strong></span> <span class='ocrx_word' id='word_1_471' title='bbox 1122 4746 1365 4809; x_wconf 89' lang='lat' dir='ltr'><strong>tempore</strong></span> <span class='ocrx_word' id='word_1_472' title='bbox 1415 4739 1754 4796; x_wconf 88' lang='lat' dir='ltr'><strong>imminentia</strong></span> <span class='ocrx_word' id='word_1_473' title='bbox 1803 4739 2007 4811; x_wconf 83' lang='lat' dir='ltr'><strong>releget</strong></span> 
     </span>
    </p>
   </div>
   <div class='ocr_carea' id='block_1_67' title="bbox 421 4828 698 4884">
    <p class='ocr_par' dir='ltr' id='par_1_67' title="bbox 421 4828 698 4884">
     <span class='ocr_line' id='line_1_67' title="bbox 421 4828 698 4884; baseline -0.007 0"><span class='ocrx_word' id='word_1_474' title='bbox 421 4828 698 4884; x_wconf 85' lang='lat' dir='ltr'><strong>adnotata.</strong></span> 
     </span>
    </p>
   </div>
   <div class='ocr_carea' id='block_1_68' title="bbox 495 4918 1996 4994">
    <p class='ocr_par' dir='ltr' id='par_1_68' title="bbox 495 4918 1996 4994">
     <span class='ocr_line' id='line_1_68' title="bbox 495 4918 1996 4994; baseline 0.003 -23"><span class='ocrx_word' id='word_1_475' title='bbox 495 4918 580 4973; x_wconf 95' lang='lat'><strong>7|.</strong></span> <span class='ocrx_word' id='word_1_476' title='bbox 607 4918 739 4976; x_wconf 69' lang='lat' dir='ltr'><strong>Aira</strong></span> <span class='ocrx_word' id='word_1_477' title='bbox 766 4920 871 4978; x_wconf 73' lang='lat'><strong>782</strong></span> <span class='ocrx_word' id='word_1_478' title='bbox 886 4923 1170 4992; x_wconf 88' lang='lat' dir='ltr'><strong>completa,</strong></span> <span class='ocrx_word' id='word_1_479' title='bbox 1193 4930 1353 4994; x_wconf 90' lang='lat' dir='ltr'><strong>atque</strong></span> <span class='ocrx_word' id='word_1_480' title='bbox 1377 4921 1665 4993; x_wconf 87' lang='lat' dir='ltr'><strong>incipiente</strong></span> <span class='ocrx_word' id='word_1_481' title='bbox 1682 4920 1796 4991; x_wconf 89' lang='lat' dir='ltr'><strong>jam</strong></span> <span class='ocrx_word' id='word_1_482' title='bbox 1818 4920 1996 4986; x_wconf 87' lang='lat' dir='ltr'><strong>tertia,</strong></span> 
     </span>
    </p>
   </div>
   <div class='ocr_carea' id='block_1_69' title="bbox 497 5088 1892 5157">
    <p class='ocr_par' dir='ltr' id='par_1_69' title="bbox 497 5088 1892 5157">
     <span class='ocr_line' id='line_1_69' title="bbox 497 5088 1892 5157; baseline 0 -15"><span class='ocrx_word' id='word_1_483' title='bbox 497 5101 522 5130; x_wconf 69' lang='grc' dir='ltr'>α</span> <span class='ocrx_word' id='word_1_484' title='bbox 551 5088 641 5143; x_wconf 85' lang='lat' dir='ltr'><strong>Sic</strong></span> <span class='ocrx_word' id='word_1_485' title='bbox 668 5104 767 5145; x_wconf 91' lang='lat' dir='ltr'><strong>ms.</strong></span> <span class='ocrx_word' id='word_1_486' title='bbox 789 5091 883 5156; x_wconf 88' lang='lat' dir='ltr'><strong>B.;</strong></span> <span class='ocrx_word' id='word_1_487' title='bbox 913 5090 1006 5157; x_wconf 84' lang='lat' dir='ltr'><strong>M.,</strong></span> <span class='ocrx_word' id='word_1_488' title='bbox 1040 5090 1306 5157; x_wconf 85' lang='lat' dir='ltr'><strong>Zunahel;</strong></span> <span class='ocrx_word' id='word_1_489' title='bbox 1348 5091 1411 5145; x_wconf 90' lang='lat' dir='ltr'><strong>D.</strong></span> <span class='ocrx_word' id='word_1_490' title='bbox 1440 5090 1630 5153; x_wconf 84' lang='lat' dir='ltr'><strong>Ro.lr.,</strong></span> <span class='ocrx_word' id='word_1_491' title='bbox 1671 5088 1892 5143; x_wconf 78' lang='lat' dir='ltr'><strong>Zimael.</strong></span> 
     </span>
    </p>
   </div>
   <div class='ocr_carea' id='block_1_70' title="bbox 498 5158 2005 5242">
    <p class='ocr_par' dir='ltr' id='par_1_70' title="bbox 498 5158 2005 5242">
     <span class='ocr_line' id='line_1_70' title="bbox 498 5158 2005 5242; baseline 0 -27"><span class='ocrx_word' id='word_1_492' title='bbox 498 5158 711 5242; x_wconf 34' lang='lat' dir='ltr'><strong>b‘Uncis</strong></span> <span class='ocrx_word' id='word_1_493' title='bbox 733 5160 955 5242; x_wconf 54' lang='lat' dir='ltr'><strong>inclusa</strong></span> <span class='ocrx_word' id='word_1_494' title='bbox 1006 5162 1200 5218; x_wconf 90' lang='lat' dir='ltr'><strong>desunt</strong></span> <span class='ocrx_word' id='word_1_495' title='bbox 1237 5163 1292 5218; x_wconf 91' lang='lat' dir='ltr'><strong>in</strong></span> <span class='ocrx_word' id='word_1_496' title='bbox 1338 5163 1423 5227; x_wconf 89' lang='lat' dir='ltr'><strong>B.,</strong></span> <span class='ocrx_word' id='word_1_497' title='bbox 1476 5159 1546 5217; x_wconf 77' lang='grc' dir='ltr'><strong>Μ.</strong></span> <span class='ocrx_word' id='word_1_498' title='bbox 1591 5169 1646 5214; x_wconf 92' lang='lat' dir='ltr'><strong>et</strong></span> <span class='ocrx_word' id='word_1_499' title='bbox 1693 5160 1893 5224; x_wconf 83' lang='lat' dir='ltr'><strong>Sand.;</strong></span> <span class='ocrx_word' id='word_1_500' title='bbox 1926 5159 2005 5215; x_wconf 85' lang='lat' dir='ltr'><strong>le-</strong></span> 
     </span>
    </p>
   </div>
   <div class='ocr_carea' id='block_1_71' title="bbox 424 5230 1999 5372">
    <p class='ocr_par' dir='ltr' id='par_1_71' title="bbox 424 5230 1999 5372">
     <span class='ocr_line' id='line_1_71' title="bbox 424 5230 790 5300; baseline 0.016 -20"><span class='ocrx_word' id='word_1_501' title='bbox 424 5236 623 5300; x_wconf 60' lang='lat' dir='ltr'><strong>guntur</strong></span> <span class='ocrx_word' id='word_1_502' title='bbox 651 5230 702 5285; x_wconf 88' lang='lat' dir='ltr'><strong>in</strong></span> <span class='ocrx_word' id='word_1_503' title='bbox 729 5230 790 5286; x_wconf 90' lang='lat' dir='ltr'><strong>C.</strong></span> 
     </span>
     <span class='ocr_line' id='line_1_72' title="bbox 441 5298 1999 5372; baseline -0.001 -19"><span class='ocrx_word' id='word_1_504' title='bbox 441 5366 452 5372; x_wconf 89' lang='lat'><em>_</em></span> <span class='ocrx_word' id='word_1_505' title='bbox 499 5308 520 5337; x_wconf 71' lang='grc' dir='ltr'>ε</span> <span class='ocrx_word' id='word_1_506' title='bbox 552 5299 643 5354; x_wconf 86' lang='lat' dir='ltr'><strong>Sic</strong></span> <span class='ocrx_word' id='word_1_507' title='bbox 666 5299 758 5372; x_wconf 46' lang='lat' dir='ltr'><strong>AL,</strong></span> <span class='ocrx_word' id='word_1_508' title='bbox 785 5302 950 5356; x_wconf 90' lang='lat' dir='ltr'><strong>Sand.</strong></span> <span class='ocrx_word' id='word_1_509' title='bbox 982 5310 1037 5372; x_wconf 86' lang='lat' dir='ltr'><strong>et</strong></span> <span class='ocrx_word' id='word_1_510' title='bbox 1054 5300 1123 5372; x_wconf 18' lang='lat' dir='ltr'><strong>7D.</strong></span> <span class='ocrx_word' id='word_1_511' title='bbox 1152 5301 1375 5372; x_wconf 78' lang='lat' dir='ltr'><strong>Rodrig.</strong></span> <span class='ocrx_word' id='word_1_512' title='bbox 1397 5318 1411 5367; x_wconf 92' lang='lat'><strong>;</strong></span> <span class='ocrx_word' id='word_1_513' title='bbox 1435 5300 1520 5372; x_wconf 65' lang='lat' dir='ltr'><strong>B.,</strong></span> <span class='ocrx_word' id='word_1_514' title='bbox 1545 5298 1776 5372; x_wconf 63' lang='lat' dir='ltr'><strong>Zuftnnt.</strong></span> <span class='ocrx_word' id='word_1_515' title='bbox 1797 5299 1859 5372; x_wconf 83' lang='lat' dir='ltr'><strong>D.</strong></span> <span class='ocrx_word' id='word_1_516' title='bbox 1883 5298 1999 5353; x_wconf 83' lang='lat' dir='ltr'><strong>Nic.</strong></span> 
     </span>
    </p>
   </div>
   <div class='ocr_carea' id='block_1_72' title="bbox 389 5366 2003 5438">
    <p class='ocr_par' dir='ltr' id='par_1_72' title="bbox 389 5366 2003 5438">
     <span class='ocr_line' id='line_1_73' title="bbox 389 5366 2003 5438; baseline -0.001 -15"><span class='ocrx_word' id='word_1_517' title='bbox 389 5429 393 5435; x_wconf 39' lang='grc'><strong>,</strong></span> <span class='ocrx_word' id='word_1_518' title='bbox 428 5366 649 5438; x_wconf 80' lang='lat' dir='ltr'><strong>Anton.,</strong></span> <span class='ocrx_word' id='word_1_519' title='bbox 673 5369 766 5425; x_wconf 73' lang='lat' dir='ltr'><strong>lib.</strong></span> <span class='ocrx_word' id='word_1_520' title='bbox 804 5388 879 5435; x_wconf 77' lang='lat' dir='ltr'><strong>Vl,</strong></span> <span class='ocrx_word' id='word_1_521' title='bbox 914 5389 969 5426; x_wconf 93' lang='lat' dir='ltr'><strong>n.</strong></span> <span class='ocrx_word' id='word_1_522' title='bbox 1005 5371 1093 5436; x_wconf 82' lang='lat'><strong>66,</strong></span> <span class='ocrx_word' id='word_1_523' title='bbox 1120 5366 1367 5426; x_wconf 74' lang='lat' dir='ltr'><strong>adverst</strong></span> <span class='ocrx_word' id='word_1_524' title='bbox 1398 5369 1597 5425; x_wconf 75' lang='lat' dir='ltr'><strong>cultum</strong></span> <span class='ocrx_word' id='word_1_525' title='bbox 1625 5369 2003 5438; x_wconf 75' lang='lat' dir='ltr'><strong>(Christianum</strong></span> 
     </span>
    </p>
   </div>
   <div class='ocr_carea' id='block_1_73' title="bbox 427 5437 2007 5508">
    <p class='ocr_par' dir='ltr' id='par_1_73' title="bbox 427 5437 2007 5508">
     <span class='ocr_line' id='line_1_74' title="bbox 427 5437 2007 5508; baseline 0.001 -16"><span class='ocrx_word' id='word_1_526' title='bbox 427 5437 666 5508; x_wconf 66' lang='lat' dir='ltr'><strong>scilicet),</strong></span> <span class='ocrx_word' id='word_1_527' title='bbox 696 5440 980 5497; x_wconf 84' lang='lat' dir='ltr'><strong>manifesto</strong></span> <span class='ocrx_word' id='word_1_528' title='bbox 996 5456 1198 5505; x_wconf 90' lang='lat' dir='ltr'><strong>errore,</strong></span> <span class='ocrx_word' id='word_1_529' title='bbox 1223 5438 1374 5495; x_wconf 82' lang='lat' dir='ltr'><strong>Culta</strong></span> <span class='ocrx_word' id='word_1_530' title='bbox 1399 5441 1543 5496; x_wconf 91' lang='lat' dir='ltr'><strong>enim</strong></span> <span class='ocrx_word' id='word_1_531' title='bbox 1563 5454 1757 5495; x_wconf 87' lang='lat' dir='ltr'><strong>nomen</strong></span> <span class='ocrx_word' id='word_1_532' title='bbox 1781 5447 1862 5495; x_wconf 86' lang='lat' dir='ltr'><strong>est</strong></span> <span class='ocrx_word' id='word_1_533' title='bbox 1883 5453 2007 5508; x_wconf 87' lang='lat' dir='ltr'><strong>pro-</strong></span> 
     </span>
    </p>
   </div>
   <div class='ocr_carea' id='block_1_74' title="bbox 427 5506 1565 5578">
    <p class='ocr_par' dir='ltr' id='par_1_74' title="bbox 427 5506 1565 5578">
     <span class='ocr_line' id='line_1_75' title="bbox 427 5506 1565 5578; baseline 0.002 -18"><span class='ocrx_word' id='word_1_534' title='bbox 427 5506 604 5578; x_wconf 70' lang='lat' dir='ltr'><strong>prium</strong></span> <span class='ocrx_word' id='word_1_535' title='bbox 626 5506 862 5578; x_wconf 79' lang='lat' dir='ltr'><strong>hominis</strong></span> <span class='ocrx_word' id='word_1_536' title='bbox 889 5510 1269 5565; x_wconf 80' lang='lat' dir='ltr'><strong>Mahometani.</strong></span> <span class='ocrx_word' id='word_1_537' title='bbox 1560 5556 1565 5562; x_wconf 92' lang='lat'><strong>.</strong></span> 
     </span>
    </p>
   </div>
   <div class='ocr_carea' id='block_1_75' title="bbox 499 5575 2008 5647">
    <p class='ocr_par' dir='ltr' id='par_1_75' title="bbox 499 5575 2008 5647">
     <span class='ocr_line' id='line_1_76' title="bbox 499 5575 2008 5647; baseline 0.005 -19"><span class='ocrx_word' id='word_1_538' title='bbox 499 5575 524 5614; x_wconf 71' lang='grc' dir='ltr'>ἀ</span> <span class='ocrx_word' id='word_1_539' title='bbox 549 5575 734 5647; x_wconf 69' lang='lat' dir='ltr'><strong>SieM.</strong></span> <span class='ocrx_word' id='word_1_540' title='bbox 762 5579 918 5632; x_wconf 81' lang='lat' dir='ltr'><strong>Deest</strong></span> <span class='ocrx_word' id='word_1_541' title='bbox 939 5579 993 5633; x_wconf 92' lang='lat' dir='ltr'><strong>in</strong></span> <span class='ocrx_word' id='word_1_542' title='bbox 1018 5580 1083 5632; x_wconf 86' lang='grc' dir='ltr'><strong>Β.</strong></span> <span class='ocrx_word' id='word_1_543' title='bbox 1115 5595 1335 5647; x_wconf 82' lang='lat' dir='ltr'><strong>regnans</strong></span> <span class='ocrx_word' id='word_1_544' title='bbox 1359 5579 1459 5643; x_wconf 76' lang='lat'><strong>&#39;55;</strong></span> <span class='ocrx_word' id='word_1_545' title='bbox 1493 5577 1650 5646; x_wconf 88' lang='lat' dir='ltr'><strong>hujus</strong></span> <span class='ocrx_word' id='word_1_546' title='bbox 1672 5580 1802 5635; x_wconf 86' lang='lat' dir='ltr'><strong>edit.</strong></span> <span class='ocrx_word' id='word_1_547' title='bbox 1830 5588 2008 5636; x_wconf 76' lang='lat' dir='ltr'><strong>textus</strong></span> 
     </span>
    </p>
   </div>
   <div class='ocr_carea' id='block_1_76' title="bbox 431 5646 2006 5714">
    <p class='ocr_par' dir='ltr' id='par_1_76' title="bbox 431 5646 2006 5714">
     <span class='ocr_line' id='line_1_77' title="bbox 431 5646 2006 5714; baseline 0.001 -11"><span class='ocrx_word' id='word_1_548' title='bbox 431 5646 513 5703; x_wconf 78' lang='lat' dir='ltr'><strong>sic</strong></span> <span class='ocrx_word' id='word_1_549' title='bbox 550 5660 607 5700; x_wconf 79' lang='lat' dir='ltr'><strong>se</strong></span> <span class='ocrx_word' id='word_1_550' title='bbox 646 5646 844 5700; x_wconf 87' lang='lat' dir='ltr'><strong>habet:</strong></span> <span class='ocrx_word' id='word_1_551' title='bbox 874 5646 1183 5711; x_wconf 72' lang='lat' dir='ltr'><strong>coronatur,</strong></span> <span class='ocrx_word' id='word_1_552' title='bbox 1206 5649 1355 5702; x_wconf 76' lang='lat' dir='ltr'><strong>annis</strong></span> <span class='ocrx_word' id='word_1_553' title='bbox 1382 5664 1484 5704; x_wconf 79' lang='grc' dir='ltr'><strong>τυτ</strong></span> <span class='ocrx_word' id='word_1_554' title='bbox 1505 5650 1754 5714; x_wconf 73' lang='lat' dir='ltr'><strong>pcraclis,</strong></span> <span class='ocrx_word' id='word_1_555' title='bbox 1781 5659 1884 5705; x_wconf 77' lang='lat' dir='ltr'><strong>etc.</strong></span> <span class='ocrx_word' id='word_1_556' title='bbox 1911 5651 2006 5706; x_wconf 77' lang='lat' dir='ltr'><strong>Le-</strong></span> 
     </span>
    </p>
   </div>
   <div class='ocr_carea' id='block_1_77' title="bbox 2098 1829 3688 1902">
    <p class='ocr_par' dir='ltr' id='par_1_77' title="bbox 2098 1829 3688 1902">
     <span class='ocr_line' id='line_1_78' title="bbox 2098 1829 3688 1902; baseline 0.002 -18"><span class='ocrx_word' id='word_1_557' title='bbox 2098 1844 2158 1884; x_wconf 92' lang='lat' dir='ltr'><strong>se</strong></span> <span class='ocrx_word' id='word_1_558' title='bbox 2195 1845 2227 1883; x_wconf 87' lang='lat' dir='ltr'><strong>a</strong></span> <span class='ocrx_word' id='word_1_559' title='bbox 2262 1829 2613 1885; x_wconf 88' lang='lat' dir='ltr'><strong>multitudine</strong></span> <span class='ocrx_word' id='word_1_560' title='bbox 2646 1832 2906 1901; x_wconf 77' lang='lat' dir='ltr'><strong>prospicit</strong></span> <span class='ocrx_word' id='word_1_561' title='bbox 2938 1833 3321 1902; x_wconf 85' lang='lat' dir='ltr'><strong>constipatum,</strong></span> <span class='ocrx_word' id='word_1_562' title='bbox 3357 1847 3688 1902; x_wconf 85' lang='lat' dir='ltr'><strong>properans,</strong></span> 
     </span>
    </p>
   </div>
   <div class='ocr_carea' id='block_1_78' title="bbox 2094 1920 3687 1993">
    <p class='ocr_par' dir='ltr' id='par_1_78' title="bbox 2094 1920 3687 1993">
     <span class='ocr_line' id='line_1_79' title="bbox 2094 1920 3687 1993; baseline 0.003 -19"><span class='ocrx_word' id='word_1_563' title='bbox 2094 1927 2156 1974; x_wconf 91' lang='lat' dir='ltr'><strong>ut</strong></span> <span class='ocrx_word' id='word_1_564' title='bbox 2175 1920 2358 1974; x_wconf 89' lang='lat' dir='ltr'><strong>sedem</strong></span> <span class='ocrx_word' id='word_1_565' title='bbox 2379 1920 2661 1989; x_wconf 87' lang='lat' dir='ltr'><strong>pristinam</strong></span> <span class='ocrx_word' id='word_1_566' title='bbox 2691 1928 2927 1991; x_wconf 85' lang='lat' dir='ltr'><strong>appetat,</strong></span> <span class='ocrx_word' id='word_1_567' title='bbox 2960 1920 3317 1977; x_wconf 82' lang='lat' dir='ltr'><strong>Ardabastum</strong></span> <span class='ocrx_word' id='word_1_568' title='bbox 3342 1930 3401 1976; x_wconf 92' lang='lat' dir='ltr'><strong>ut</strong></span> <span class='ocrx_word' id='word_1_569' title='bbox 3418 1923 3687 1993; x_wconf 74' lang='lat' dir='ltr'><strong>palatium</strong></span> 
     </span>
    </p>
   </div>
   <div class='ocr_carea' id='block_1_79' title="bbox 2096 2008 3689 2080">
    <p class='ocr_par' dir='ltr' id='par_1_79' title="bbox 2096 2008 3689 2080">
     <span class='ocr_line' id='line_1_80' title="bbox 2096 2008 3689 2080; baseline 0.004 -16"><span class='ocrx_word' id='word_1_570' title='bbox 2096 2008 2388 2079; x_wconf 87' lang='lat' dir='ltr'><strong>relinquat,</strong></span> <span class='ocrx_word' id='word_1_571' title='bbox 2421 2010 2597 2066; x_wconf 87' lang='lat' dir='ltr'><strong>reddit</strong></span> <span class='ocrx_word' id='word_1_572' title='bbox 2624 2012 3002 2080; x_wconf 71' lang='lat' dir='ltr'><strong>pnemonitum</strong></span> <span class='ocrx_word' id='word_1_573' title='bbox 3030 2012 3167 2067; x_wconf 84' lang='lat' dir='ltr'><strong>:sed</strong></span> <span class='ocrx_word' id='word_1_574' title='bbox 3202 2027 3328 2067; x_wconf 76' lang='lat' dir='ltr'><strong>mox</strong></span> <span class='ocrx_word' id='word_1_575' title='bbox 3348 2012 3689 2070; x_wconf 80' lang='lat' dir='ltr'><strong>Ardabastus</strong></span> 
     </span>
    </p>
   </div>
   <div class='ocr_carea' id='block_1_80' title="bbox 2094 2102 3690 2175">
    <p class='ocr_par' dir='ltr' id='par_1_80' title="bbox 2094 2102 3690 2175">
     <span class='ocr_line' id='line_1_81' title="bbox 2094 2102 3690 2175; baseline 0.004 -21"><span class='ocrx_word' id='word_1_576' title='bbox 2094 2115 2164 2155; x_wconf 90' lang='lat' dir='ltr'><strong>ne</strong></span> <span class='ocrx_word' id='word_1_577' title='bbox 2182 2102 2598 2170; x_wconf 84' lang='lat' dir='ltr'><strong>properantibus</strong></span> <span class='ocrx_word' id='word_1_578' title='bbox 2635 2110 2820 2173; x_wconf 90' lang='lat' dir='ltr'><strong>portas</strong></span> <span class='ocrx_word' id='word_1_579' title='bbox 2854 2103 3099 2173; x_wconf 84' lang='lat' dir='ltr'><strong>aperiant</strong></span> <span class='ocrx_word' id='word_1_580' title='bbox 3132 2104 3388 2168; x_wconf 75' lang='lat' dir='ltr'><strong>civitatis,</strong></span> <span class='ocrx_word' id='word_1_581' title='bbox 3422 2107 3690 2175; x_wconf 82' lang='lat' dir='ltr'><strong>populum</strong></span> 
     </span>
    </p>
   </div>
   <div class='ocr_carea' id='block_1_81' title="bbox 2096 2191 3689 2266">
    <p class='ocr_par' dir='ltr' id='par_1_81' title="bbox 2096 2191 3689 2266">
     <span class='ocr_line' id='line_1_82' title="bbox 2096 2191 3689 2266; baseline 0.003 -20"><span class='ocrx_word' id='word_1_582' title='bbox 2096 2191 2272 2247; x_wconf 85' lang='lat' dir='ltr'><strong>reddit</strong></span> <span class='ocrx_word' id='word_1_583' title='bbox 2312 2192 2660 2249; x_wconf 85' lang='lat' dir='ltr'><strong>instructum.</strong></span> <span class='ocrx_word' id='word_1_584' title='bbox 2696 2193 2937 2265; x_wconf 79' lang='lat' dir='ltr'><strong>Denique</strong></span> <span class='ocrx_word' id='word_1_585' title='bbox 2977 2194 3070 2249; x_wconf 89' lang='lat' dir='ltr'><strong>ubi</strong></span> <span class='ocrx_word' id='word_1_586' title='bbox 3106 2192 3495 2251; x_wconf 85' lang='lat' dir='ltr'><strong>Constantinus</strong></span> <span class='ocrx_word' id='word_1_587' title='bbox 3531 2197 3689 2266; x_wconf 86' lang='lat' dir='ltr'><strong>oppi-</strong></span> 
     </span>
    </p>
   </div>
   <div class='ocr_carea' id='block_1_82' title="bbox 2096 2279 3684 2354">
    <p class='ocr_par' dir='ltr' id='par_1_82' title="bbox 2096 2279 3684 2354">
     <span class='ocr_line' id='line_1_83' title="bbox 2096 2279 3684 2354; baseline 0.005 -20"><span class='ocrx_word' id='word_1_588' title='bbox 2096 2279 2222 2335; x_wconf 91' lang='lat' dir='ltr'><strong>dum</strong></span> <span class='ocrx_word' id='word_1_589' title='bbox 2260 2281 2460 2350; x_wconf 89' lang='lat' dir='ltr'><strong>reperit</strong></span> <span class='ocrx_word' id='word_1_590' title='bbox 2500 2282 2910 2352; x_wconf 66' lang='lat' dir='ltr'><strong>praemunitum,</strong></span> <span class='ocrx_word' id='word_1_591' title='bbox 2959 2283 3297 2339; x_wconf 83' lang='lat' dir='ltr'><strong>obsidionem</strong></span> <span class='ocrx_word' id='word_1_592' title='bbox 3333 2287 3684 2354; x_wconf 61' lang='lat' dir='ltr'><strong>praetendens</strong></span> 
     </span>
    </p>
   </div>
   <div class='ocr_carea' id='block_1_83' title="bbox 2094 2372 3678 2442">
    <p class='ocr_par' dir='ltr' id='par_1_83' title="bbox 2094 2372 3678 2442">
     <span class='ocr_line' id='line_1_84' title="bbox 2094 2372 3678 2442; baseline 0.004 -17"><span class='ocrx_word' id='word_1_593' title='bbox 2094 2384 2219 2425; x_wconf 88' lang='lat' dir='ltr'><strong>cum</strong></span> <span class='ocrx_word' id='word_1_594' title='bbox 2255 2372 2423 2440; x_wconf 89' lang='lat' dir='ltr'><strong>copiis</strong></span> <span class='ocrx_word' id='word_1_595' title='bbox 2450 2372 2743 2427; x_wconf 87' lang='lat' dir='ltr'><strong>multarum</strong></span> <span class='ocrx_word' id='word_1_596' title='bbox 2781 2372 2839 2427; x_wconf 88' lang='lat' dir='ltr'><strong>in</strong></span> <span class='ocrx_word' id='word_1_597' title='bbox 2880 2373 3108 2429; x_wconf 84' lang='lat' dir='ltr'><strong>circuitu</strong></span> <span class='ocrx_word' id='word_1_598' title='bbox 3135 2373 3396 2442; x_wconf 80' lang='lat' dir='ltr'><strong>gentium,</strong></span> <span class='ocrx_word' id='word_1_599' title='bbox 3429 2375 3678 2431; x_wconf 75' lang='lat' dir='ltr'><strong>firmissi-</strong></span> 
     </span>
    </p>
   </div>
   <div class='ocr_carea' id='block_1_84' title="bbox 2096 2462 3677 2534">
    <p class='ocr_par' dir='ltr' id='par_1_84' title="bbox 2096 2462 3677 2534">
     <span class='ocr_line' id='line_1_85' title="bbox 2096 2462 3677 2534; baseline 0.004 -20"><span class='ocrx_word' id='word_1_600' title='bbox 2096 2474 2245 2515; x_wconf 90' lang='lat' dir='ltr'><strong>mum</strong></span> <span class='ocrx_word' id='word_1_601' title='bbox 2271 2470 2541 2530; x_wconf 71' lang='lat' dir='ltr'><strong>pneparat</strong></span> <span class='ocrx_word' id='word_1_602' title='bbox 2584 2462 2813 2529; x_wconf 89' lang='lat' dir='ltr'><strong>bellum;</strong></span> <span class='ocrx_word' id='word_1_603' title='bbox 2859 2478 3052 2533; x_wconf 88' lang='lat' dir='ltr'><strong>nempe</strong></span> <span class='ocrx_word' id='word_1_604' title='bbox 3082 2464 3173 2518; x_wconf 88' lang='lat' dir='ltr'><strong>ubi</strong></span> <span class='ocrx_word' id='word_1_605' title='bbox 3198 2479 3336 2534; x_wconf 88' lang='lat' dir='ltr'><strong>pene</strong></span> <span class='ocrx_word' id='word_1_606' title='bbox 3368 2480 3467 2534; x_wconf 86' lang='lat' dir='ltr'><strong>per</strong></span> <span class='ocrx_word' id='word_1_607' title='bbox 3501 2467 3677 2521; x_wconf 82' lang='lat' dir='ltr'><strong>trien-</strong></span> 
     </span>
    </p>
   </div>
   <div class='ocr_carea' id='block_1_85' title="bbox 2096 2549 3687 2625">
    <p class='ocr_par' dir='ltr' id='par_1_85' title="bbox 2096 2549 3687 2625">
     <span class='ocr_line' id='line_1_86' title="bbox 2096 2549 3687 2625; baseline 0.004 -22"><span class='ocrx_word' id='word_1_608' title='bbox 2096 2549 2251 2604; x_wconf 88' lang='lat' dir='ltr'><strong>nium</strong></span> <span class='ocrx_word' id='word_1_609' title='bbox 2279 2549 2421 2606; x_wconf 88' lang='lat' dir='ltr'><strong>fame</strong></span> <span class='ocrx_word' id='word_1_610' title='bbox 2444 2551 2682 2606; x_wconf 87' lang='lat' dir='ltr'><strong>civitatis</strong></span> <span class='ocrx_word' id='word_1_611' title='bbox 2701 2552 2954 2622; x_wconf 87' lang='lat' dir='ltr'><strong>populum</strong></span> <span class='ocrx_word' id='word_1_612' title='bbox 2978 2553 3207 2608; x_wconf 87' lang='lat' dir='ltr'><strong>reddidit</strong></span> <span class='ocrx_word' id='word_1_613' title='bbox 3229 2551 3527 2624; x_wconf 80' lang='lat' dir='ltr'><strong>fatigatum,</strong></span> <span class='ocrx_word' id='word_1_614' title='bbox 3550 2571 3687 2625; x_wconf 72' lang='lat' dir='ltr'><strong>paco</strong></span> 
     </span>
    </p>
   </div>
   <div class='ocr_carea' id='block_1_86' title="bbox 2097 2642 3683 2713">
    <p class='ocr_par' dir='ltr' id='par_1_86' title="bbox 2097 2642 3683 2713">
     <span class='ocr_line' id='line_1_87' title="bbox 2097 2642 3683 2713; baseline 0.003 -16"><span class='ocrx_word' id='word_1_615' title='bbox 2097 2657 2221 2697; x_wconf 91' lang='lat' dir='ltr'><strong>cum</strong></span> <span class='ocrx_word' id='word_1_616' title='bbox 2247 2642 2457 2698; x_wconf 79' lang='lat' dir='ltr'><strong>civibus</strong></span> <span class='ocrx_word' id='word_1_617' title='bbox 2486 2658 2585 2713; x_wconf 89' lang='lat' dir='ltr'><strong>per</strong></span> <span class='ocrx_word' id='word_1_618' title='bbox 2625 2644 2988 2700; x_wconf 87' lang='lat' dir='ltr'><strong>internuntios</strong></span> <span class='ocrx_word' id='word_1_619' title='bbox 3025 2652 3166 2709; x_wconf 85' lang='lat' dir='ltr'><strong>acta,</strong></span> <span class='ocrx_word' id='word_1_620' title='bbox 3208 2645 3284 2700; x_wconf 86' lang='lat' dir='ltr'><strong>illi</strong></span> <span class='ocrx_word' id='word_1_621' title='bbox 3321 2644 3683 2701; x_wconf 79' lang='lat' dir='ltr'><strong>Ardabastum</strong></span> 
     </span>
    </p>
   </div>
   <div class='ocr_carea' id='block_1_87' title="bbox 2097 2734 3682 2808">
    <p class='ocr_par' dir='ltr' id='par_1_87' title="bbox 2097 2734 3682 2808">
     <span class='ocr_line' id='line_1_88' title="bbox 2097 2734 3682 2808; baseline 0.003 -20"><span class='ocrx_word' id='word_1_622' title='bbox 2097 2734 2325 2790; x_wconf 80' lang='lat' dir='ltr'><strong>vinculis</strong></span> <span class='ocrx_word' id='word_1_623' title='bbox 2351 2735 2624 2805; x_wconf 84' lang='lat' dir='ltr'><strong>alligatum</strong></span> <span class='ocrx_word' id='word_1_624' title='bbox 2644 2735 2998 2792; x_wconf 87' lang='lat' dir='ltr'><strong>Constantino</strong></span> <span class='ocrx_word' id='word_1_625' title='bbox 3025 2747 3354 2807; x_wconf 66' lang='lat' dir='ltr'><strong>przesentant</strong></span> <span class='ocrx_word' id='word_1_626' title='bbox 3384 2738 3515 2793; x_wconf 87' lang='lat' dir='ltr'><strong>ferri</strong></span> <span class='ocrx_word' id='word_1_627' title='bbox 3542 2754 3682 2808; x_wconf 79' lang='lat' dir='ltr'><strong>pon-</strong></span> 
     </span>
    </p>
   </div>
   <div class='ocr_carea' id='block_1_88' title="bbox 2098 2824 3680 2895">
    <p class='ocr_par' dir='ltr' id='par_1_88' title="bbox 2098 2824 3680 2895">
     <span class='ocr_line' id='line_1_89' title="bbox 2098 2824 3680 2895; baseline 0.005 -17"><span class='ocrx_word' id='word_1_628' title='bbox 2098 2824 2227 2880; x_wconf 88' lang='lat' dir='ltr'><strong>dere</strong></span> <span class='ocrx_word' id='word_1_629' title='bbox 2248 2825 2382 2880; x_wconf 87' lang='lat' dir='ltr'><strong>satis</strong></span> <span class='ocrx_word' id='word_1_630' title='bbox 2403 2826 2734 2895; x_wconf 87' lang='lat' dir='ltr'><strong>depressum.</strong></span> <span class='ocrx_word' id='word_1_631' title='bbox 2763 2827 2913 2882; x_wconf 88' lang='lat' dir='ltr'><strong>Tunc</strong></span> <span class='ocrx_word' id='word_1_632' title='bbox 2935 2829 3070 2883; x_wconf 89' lang='lat' dir='ltr'><strong>tanti</strong></span> <span class='ocrx_word' id='word_1_633' title='bbox 3095 2843 3256 2884; x_wconf 85' lang='lat' dir='ltr'><strong>causa</strong></span> <span class='ocrx_word' id='word_1_634' title='bbox 3280 2828 3536 2886; x_wconf 78' lang='lat' dir='ltr'><strong>facinoris</strong></span> <span class='ocrx_word' id='word_1_635' title='bbox 3555 2846 3680 2886; x_wconf 83' lang='lat' dir='ltr'><strong>neo-</strong></span> 
     </span>
    </p>
   </div>
   <div class='ocr_carea' id='block_1_89' title="bbox 2101 2914 3688 2986">
    <p class='ocr_par' dir='ltr' id='par_1_89' title="bbox 2101 2914 3688 2986">
     <span class='ocr_line' id='line_1_90' title="bbox 2101 2914 3688 2986; baseline 0.004 -17"><span class='ocrx_word' id='word_1_636' title='bbox 2101 2914 2229 2969; x_wconf 89' lang='lat' dir='ltr'><strong>dum</strong></span> <span class='ocrx_word' id='word_1_637' title='bbox 2260 2914 2673 2985; x_wconf 82' lang='lat' dir='ltr'><strong>interrogatum,</strong></span> <span class='ocrx_word' id='word_1_638' title='bbox 2706 2916 2880 2973; x_wconf 89' lang='lat' dir='ltr'><strong>oculis</strong></span> <span class='ocrx_word' id='word_1_639' title='bbox 2906 2927 3258 2986; x_wconf 64' lang='lat' dir='ltr'><strong>excatcatum,</strong></span> <span class='ocrx_word' id='word_1_640' title='bbox 3291 2920 3480 2976; x_wconf 81' lang='lat' dir='ltr'><strong>exsilio</strong></span> <span class='ocrx_word' id='word_1_641' title='bbox 3519 2921 3688 2976; x_wconf 70' lang='lat' dir='ltr'><strong>mittit</strong></span> 
     </span>
    </p>
   </div>
   <div class='ocr_carea' id='block_1_90' title="bbox 2105 3004 2613 3062">
    <p class='ocr_par' dir='ltr' id='par_1_90' title="bbox 2105 3004 2613 3062">
     <span class='ocr_line' id='line_1_91' title="bbox 2105 3004 2613 3062; baseline 0.006 -3"><span class='ocrx_word' id='word_1_642' title='bbox 2105 3004 2197 3060; x_wconf 90' lang='lat' dir='ltr'><strong>diu</strong></span> <span class='ocrx_word' id='word_1_643' title='bbox 2225 3006 2613 3062; x_wconf 83' lang='lat' dir='ltr'><strong>excruciatum.</strong></span> 
     </span>
    </p>
   </div>
   <div class='ocr_carea' id='block_1_91' title="bbox 2172 3098 3685 3172">
    <p class='ocr_par' dir='ltr' id='par_1_91' title="bbox 2172 3098 3685 3172">
     <span class='ocr_line' id='line_1_92' title="bbox 2172 3098 3685 3172; baseline 0.004 -21"><span class='ocrx_word' id='word_1_644' title='bbox 2172 3098 2262 3154; x_wconf 80' lang='lat'><strong>75.</strong></span> <span class='ocrx_word' id='word_1_645' title='bbox 2303 3098 2472 3167; x_wconf 85' lang='lat' dir='ltr'><strong>Ilujus</strong></span> <span class='ocrx_word' id='word_1_646' title='bbox 2517 3106 2759 3170; x_wconf 88' lang='lat' dir='ltr'><strong>tempore</strong></span> <span class='ocrx_word' id='word_1_647' title='bbox 2783 3100 2881 3154; x_wconf 86' lang='lat' dir='ltr'><strong>lzit</strong></span> <span class='ocrx_word' id='word_1_648' title='bbox 2908 3099 3073 3156; x_wconf 84' lang='lat' dir='ltr'><strong>Alulit</strong></span> <span class='ocrx_word' id='word_1_649' title='bbox 3111 3103 3329 3172; x_wconf 86' lang='lat' dir='ltr'><strong>propria</strong></span> <span class='ocrx_word' id='word_1_650' title='bbox 3356 3109 3529 3157; x_wconf 87' lang='lat' dir='ltr'><strong>morte</strong></span> <span class='ocrx_word' id='word_1_651' title='bbox 3558 3101 3685 3157; x_wconf 86' lang='lat' dir='ltr'><strong>fun-</strong></span> 
     </span>
    </p>
   </div>
   <div class='ocr_carea' id='block_1_92' title="bbox 2101 3191 3685 3262">
    <p class='ocr_par' dir='ltr' id='par_1_92' title="bbox 2101 3191 3685 3262">
     <span class='ocr_line' id='line_1_93' title="bbox 2101 3191 3685 3262; baseline 0.002 -17"><span class='ocrx_word' id='word_1_652' title='bbox 2101 3197 2248 3245; x_wconf 91' lang='lat' dir='ltr'><strong>ctum</strong></span> <span class='ocrx_word' id='word_1_653' title='bbox 2281 3205 2392 3245; x_wconf 65' lang='lat' dir='ltr'><strong>suae</strong></span> <span class='ocrx_word' id='word_1_654' title='bbox 2432 3205 2622 3247; x_wconf 89' lang='lat' dir='ltr'><strong>omnes</strong></span> <span class='ocrx_word' id='word_1_655' title='bbox 2655 3191 2845 3261; x_wconf 58' lang='lat' dir='ltr'><strong>patria</strong></span> <span class='ocrx_word' id='word_1_656' title='bbox 2881 3192 3033 3248; x_wconf 89' lang='lat' dir='ltr'><strong>ocius</strong></span> <span class='ocrx_word' id='word_1_657' title='bbox 3065 3203 3478 3262; x_wconf 79' lang='lat' dir='ltr'><strong>recognoscent,</strong></span> <span class='ocrx_word' id='word_1_658' title='bbox 3522 3203 3685 3262; x_wconf 79' lang='lat' dir='ltr'><strong>atque</strong></span> 
     </span>
    </p>
   </div>
   <div class='ocr_carea' id='block_1_93' title="bbox 2098 3281 3686 3355">
    <p class='ocr_par' dir='ltr' id='par_1_93' title="bbox 2098 3281 3686 3355">
     <span class='ocr_line' id='line_1_94' title="bbox 2098 3281 3686 3355; baseline 0.001 -19"><span class='ocrx_word' id='word_1_659' title='bbox 2098 3281 2358 3337; x_wconf 79' lang='lat' dir='ltr'><strong>Abraliim</strong></span> <span class='ocrx_word' id='word_1_660' title='bbox 2389 3282 2610 3339; x_wconf 80' lang='lat' dir='ltr'><strong>fratrem</strong></span> <span class='ocrx_word' id='word_1_661' title='bbox 2654 3284 2710 3339; x_wconf 90' lang='lat' dir='ltr'><strong>in</strong></span> <span class='ocrx_word' id='word_1_662' title='bbox 2738 3300 2846 3339; x_wconf 75' lang='lat' dir='ltr'><strong>tera</strong></span> <span class='ocrx_word' id='word_1_663' title='bbox 2880 3284 3169 3355; x_wconf 84' lang='lat' dir='ltr'><strong>incipiente</strong></span> <span class='ocrx_word' id='word_1_664' title='bbox 3198 3284 3320 3350; x_wconf 78' lang='lat'><strong>785,</strong></span> <span class='ocrx_word' id='word_1_665' title='bbox 3361 3300 3504 3340; x_wconf 86' lang='lat' dir='ltr'><strong>anno</strong></span> <span class='ocrx_word' id='word_1_666' title='bbox 3541 3284 3686 3339; x_wconf 82' lang='lat' dir='ltr'><strong>Con-</strong></span> 
     </span>
    </p>
   </div>
   <div class='ocr_carea' id='block_1_94' title="bbox 2100 3375 3683 3447">
    <p class='ocr_par' dir='ltr' id='par_1_94' title="bbox 2100 3375 3683 3447">
     <span class='ocr_line' id='line_1_95' title="bbox 2100 3375 3683 3447; baseline 0 -17"><span class='ocrx_word' id='word_1_667' title='bbox 2100 3375 2321 3430; x_wconf 88' lang='lat' dir='ltr'><strong>stantini</strong></span> <span class='ocrx_word' id='word_1_668' title='bbox 2342 3375 2537 3446; x_wconf 88' lang='lat' dir='ltr'><strong>primo,</strong></span> <span class='ocrx_word' id='word_1_669' title='bbox 2561 3375 2800 3432; x_wconf 84' lang='lat' dir='ltr'><strong>Arabum</strong></span> <span class='ocrx_word' id='word_1_670' title='bbox 2821 3384 3171 3447; x_wconf 88' lang='lat' dir='ltr'><strong>percurrente</strong></span> <span class='ocrx_word' id='word_1_671' title='bbox 3191 3376 3314 3441; x_wconf 68' lang='lat'><strong>{27,</strong></span> <span class='ocrx_word' id='word_1_672' title='bbox 3332 3377 3683 3441; x_wconf 87' lang='lat' dir='ltr'><strong>substituunt,</strong></span> 
     </span>
    </p>
   </div>
   <div class='ocr_carea' id='block_1_95' title="bbox 2100 3467 3685 3538">
    <p class='ocr_par' dir='ltr' id='par_1_95' title="bbox 2100 3467 3685 3538">
     <span class='ocr_line' id='line_1_96' title="bbox 2100 3467 3685 3538; baseline 0.001 -17"><span class='ocrx_word' id='word_1_673' title='bbox 2100 3483 2261 3538; x_wconf 88' lang='lat' dir='ltr'><strong>quem</strong></span> <span class='ocrx_word' id='word_1_674' title='bbox 2290 3483 2320 3522; x_wconf 92' lang='lat' dir='ltr'><strong>a</strong></span> <span class='ocrx_word' id='word_1_675' title='bbox 2343 3467 2512 3523; x_wconf 80' lang='lat' dir='ltr'><strong>fratre</strong></span> <span class='ocrx_word' id='word_1_676' title='bbox 2542 3469 2827 3524; x_wconf 88' lang='lat' dir='ltr'><strong>constabat</strong></span> <span class='ocrx_word' id='word_1_677' title='bbox 2849 3469 3098 3524; x_wconf 90' lang='lat' dir='ltr'><strong>relictum</strong></span> <span class='ocrx_word' id='word_1_678' title='bbox 3117 3483 3238 3524; x_wconf 89' lang='lat' dir='ltr'><strong>esse</strong></span> <span class='ocrx_word' id='word_1_679' title='bbox 3262 3469 3546 3524; x_wconf 82' lang='lat' dir='ltr'><strong>vicarium.</strong></span> <span class='ocrx_word' id='word_1_680' title='bbox 3576 3467 3685 3523; x_wconf 87' lang='lat' dir='ltr'><strong>Sed</strong></span> 
     </span>
    </p>
   </div>
   <div class='ocr_carea' id='block_1_96' title="bbox 2102 3556 3685 3628">
    <p class='ocr_par' dir='ltr' id='par_1_96' title="bbox 2102 3556 3685 3628">
     <span class='ocr_line' id='line_1_97' title="bbox 2102 3556 3685 3628; baseline -0.001 -16"><span class='ocrx_word' id='word_1_681' title='bbox 2102 3557 2320 3613; x_wconf 85' lang='lat' dir='ltr'><strong>Moroan</strong></span> <span class='ocrx_word' id='word_1_682' title='bbox 2348 3574 2488 3613; x_wconf 88' lang='lat' dir='ltr'><strong>unus</strong></span> <span class='ocrx_word' id='word_1_683' title='bbox 2523 3574 2591 3627; x_wconf 63' lang='lat' dir='ltr'><strong>ex</strong></span> <span class='ocrx_word' id='word_1_684' title='bbox 2617 3556 2887 3613; x_wconf 78' lang='lat' dir='ltr'><strong>Arabibus</strong></span> <span class='ocrx_word' id='word_1_685' title='bbox 2916 3557 3171 3628; x_wconf 89' lang='lat' dir='ltr'><strong>palatium</strong></span> <span class='ocrx_word' id='word_1_686' title='bbox 3209 3557 3396 3612; x_wconf 83' lang='lat' dir='ltr'><strong>adiens</strong></span> <span class='ocrx_word' id='word_1_687' title='bbox 3425 3569 3449 3597; x_wconf 71' lang='grc' dir='ltr'>θ</span> <span class='ocrx_word' id='word_1_688' title='bbox 3478 3559 3685 3627; x_wconf 85' lang='lat' dir='ltr'><strong>peritu-</strong></span> 
     </span>
    </p>
   </div>
   <div class='ocr_carea' id='block_1_97' title="bbox 2102 3646 3685 3718">
    <p class='ocr_par' dir='ltr' id='par_1_97' title="bbox 2102 3646 3685 3718">
     <span class='ocr_line' id='line_1_98' title="bbox 2102 3646 3685 3718; baseline -0.002 -14"><span class='ocrx_word' id='word_1_689' title='bbox 2102 3665 2221 3704; x_wconf 89' lang='lat' dir='ltr'><strong>rum</strong></span> <span class='ocrx_word' id='word_1_690' title='bbox 2249 3648 2467 3715; x_wconf 88' lang='lat' dir='ltr'><strong>occidit,</strong></span> <span class='ocrx_word' id='word_1_691' title='bbox 2494 3656 2551 3704; x_wconf 91' lang='lat' dir='ltr'><strong>et</strong></span> <span class='ocrx_word' id='word_1_692' title='bbox 2572 3649 2858 3718; x_wconf 89' lang='lat' dir='ltr'><strong>imperium</strong></span> <span class='ocrx_word' id='word_1_693' title='bbox 2898 3648 2955 3703; x_wconf 86' lang='lat' dir='ltr'><strong>in</strong></span> <span class='ocrx_word' id='word_1_694' title='bbox 2999 3648 3211 3703; x_wconf 86' lang='lat' dir='ltr'><strong>diversa</strong></span> <span class='ocrx_word' id='word_1_695' title='bbox 3237 3646 3556 3702; x_wconf 86' lang='lat' dir='ltr'><strong>distractum</strong></span> <span class='ocrx_word' id='word_1_696' title='bbox 3590 3662 3685 3701; x_wconf 68' lang='lat' dir='ltr'><strong>ra-</strong></span> 
     </span>
    </p>
   </div>
   <div class='ocr_carea' id='block_1_98' title="bbox 2103 3737 3682 3812">
    <p class='ocr_par' dir='ltr' id='par_1_98' title="bbox 2103 3737 3682 3812">
     <span class='ocr_line' id='line_1_99' title="bbox 2103 3737 3682 3812; baseline -0.003 -15"><span class='ocrx_word' id='word_1_697' title='bbox 2103 3757 2233 3797; x_wconf 87' lang='lat' dir='ltr'><strong>cans</strong></span> <span class='ocrx_word' id='word_1_698' title='bbox 2271 3741 2462 3812; x_wconf 88' lang='lat' dir='ltr'><strong>arripit</strong></span> <span class='ocrx_word' id='word_1_699' title='bbox 2484 3756 2583 3811; x_wconf 88' lang='lat' dir='ltr'><strong>per</strong></span> <span class='ocrx_word' id='word_1_700' title='bbox 2618 3740 2954 3812; x_wconf 88' lang='lat' dir='ltr'><strong>tyrannidem</strong></span> <span class='ocrx_word' id='word_1_701' title='bbox 2990 3738 3245 3796; x_wconf 86' lang='lat' dir='ltr'><strong>ferociter</strong></span> <span class='ocrx_word' id='word_1_702' title='bbox 3275 3745 3535 3809; x_wconf 83' lang='lat' dir='ltr'><strong>appetens</strong></span> <span class='ocrx_word' id='word_1_703' title='bbox 3566 3737 3682 3793; x_wconf 84' lang='lat' dir='ltr'><strong>bel-</strong></span> 
     </span>
    </p>
   </div>
   <div class='ocr_carea' id='block_1_99' title="bbox 2102 3831 2234 3885">
    <p class='ocr_par' dir='ltr' id='par_1_99' title="bbox 2102 3831 2234 3885">
     <span class='ocr_line' id='line_1_100' title="bbox 2102 3831 2234 3885; baseline -0.008 0"><span class='ocrx_word' id='word_1_704' title='bbox 2102 3831 2234 3885; x_wconf 83' lang='lat' dir='ltr'><strong>lum.</strong></span> 
     </span>
    </p>
   </div>
   <div class='ocr_carea' id='block_1_100' title="bbox 2174 3915 3685 3990">
    <p class='ocr_par' dir='ltr' id='par_1_100' title="bbox 2174 3915 3685 3990">
     <span class='ocr_line' id='line_1_101' title="bbox 2174 3915 3685 3990; baseline -0.003 -16"><span class='ocrx_word' id='word_1_705' title='bbox 2174 3921 2261 3975; x_wconf 70' lang='lat'><strong>74.</strong></span> <span class='ocrx_word' id='word_1_706' title='bbox 2301 3922 2360 3976; x_wconf 88' lang='lat' dir='ltr'><strong>lu</strong></span> <span class='ocrx_word' id='word_1_707' title='bbox 2383 3937 2490 3977; x_wconf 72' lang='lat' dir='ltr'><strong>tera</strong></span> <span class='ocrx_word' id='word_1_708' title='bbox 2516 3920 2638 3985; x_wconf 73' lang='grc' dir='ltr'><strong>πει,</strong></span> <span class='ocrx_word' id='word_1_709' title='bbox 2669 3936 2813 3977; x_wconf 88' lang='lat' dir='ltr'><strong>anno</strong></span> <span class='ocrx_word' id='word_1_710' title='bbox 2842 3919 3054 3990; x_wconf 89' lang='lat' dir='ltr'><strong>imperii</strong></span> <span class='ocrx_word' id='word_1_711' title='bbox 3083 3917 3421 3974; x_wconf 68' lang='lat' dir='ltr'><strong>Constantini</strong></span> <span class='ocrx_word' id='word_1_712' title='bbox 3454 3917 3507 3980; x_wconf 69' lang='grc' dir='ltr'>Ξ,</span> <span class='ocrx_word' id='word_1_713' title='bbox 3547 3915 3685 3970; x_wconf 84' lang='lat' dir='ltr'><strong>Ara-</strong></span> 
     </span>
    </p>
   </div>
   <div class='ocr_carea' id='block_1_101' title="bbox 2103 4009 3685 4083">
    <p class='ocr_par' dir='ltr' id='par_1_101' title="bbox 2103 4009 3685 4083">
     <span class='ocr_line' id='line_1_102' title="bbox 2103 4009 3685 4083; baseline -0.003 -16"><span class='ocrx_word' id='word_1_714' title='bbox 2103 4013 2232 4067; x_wconf 85' lang='lat' dir='ltr'><strong>bum</strong></span> <span class='ocrx_word' id='word_1_715' title='bbox 2272 4012 2392 4076; x_wconf 70' lang='grc'>128,</span> <span class='ocrx_word' id='word_1_716' title='bbox 2418 4012 2744 4083; x_wconf 85' lang='lat' dir='ltr'><strong>belligerans</strong></span> <span class='ocrx_word' id='word_1_717' title='bbox 2773 4011 3080 4081; x_wconf 84' lang='lat' dir='ltr'><strong>suprafatus</strong></span> <span class='ocrx_word' id='word_1_718' title='bbox 3108 4009 3328 4065; x_wconf 80' lang='lat' dir='ltr'><strong>Moroan</strong></span> <span class='ocrx_word' id='word_1_719' title='bbox 3351 4024 3475 4064; x_wconf 86' lang='lat' dir='ltr'><strong>cum</strong></span> <span class='ocrx_word' id='word_1_720' title='bbox 3504 4010 3685 4074; x_wconf 76' lang='lat' dir='ltr'><strong>sociis,</strong></span> 
     </span>
    </p>
   </div>
   <div class='ocr_carea' id='block_1_102' title="bbox 2102 4098 3685 4172">
    <p class='ocr_par' dir='ltr' id='par_1_102' title="bbox 2102 4098 3685 4172">
     <span class='ocr_line' id='line_1_103' title="bbox 2102 4098 3685 4172; baseline -0.004 -16"><span class='ocrx_word' id='word_1_721' title='bbox 2102 4101 2360 4157; x_wconf 74' lang='lat' dir='ltr'><strong>Abrahim</strong></span> <span class='ocrx_word' id='word_1_722' title='bbox 2391 4102 2411 4141; x_wconf 68' lang='grc' dir='ltr'>ί</span> <span class='ocrx_word' id='word_1_723' title='bbox 2446 4103 2720 4172; x_wconf 86' lang='lat' dir='ltr'><strong>reperiens</strong></span> <span class='ocrx_word' id='word_1_724' title='bbox 2749 4117 2871 4157; x_wconf 80' lang='lat' dir='ltr'><strong>curn</strong></span> <span class='ocrx_word' id='word_1_725' title='bbox 2903 4100 3147 4165; x_wconf 81' lang='lat' dir='ltr'><strong>modicis,</strong></span> <span class='ocrx_word' id='word_1_726' title='bbox 3174 4116 3297 4153; x_wconf 85' lang='lat' dir='ltr'><strong>eum</strong></span> <span class='ocrx_word' id='word_1_727' title='bbox 3325 4098 3509 4153; x_wconf 70' lang='lat' dir='ltr'><strong>staziin</strong></span> <span class='ocrx_word' id='word_1_728' title='bbox 3537 4098 3685 4167; x_wconf 80' lang='lat' dir='ltr'><strong>pala-</strong></span> 
     </span>
    </p>
   </div>
   <div class='ocr_carea' id='block_1_103' title="bbox 2103 4189 3686 4263">
    <p class='ocr_par' dir='ltr' id='par_1_103' title="bbox 2103 4189 3686 4263">
     <span class='ocr_line' id='line_1_104' title="bbox 2103 4189 3686 4263; baseline -0.003 -16"><span class='ocrx_word' id='word_1_729' title='bbox 2103 4193 2237 4247; x_wconf 90' lang='lat' dir='ltr'><strong>tium</strong></span> <span class='ocrx_word' id='word_1_730' title='bbox 2278 4201 2535 4262; x_wconf 85' lang='lat' dir='ltr'><strong>appetens</strong></span> <span class='ocrx_word' id='word_1_731' title='bbox 2561 4192 2737 4263; x_wconf 77' lang='lat' dir='ltr'><strong>gladio</strong></span> <span class='ocrx_word' id='word_1_732' title='bbox 2774 4190 3050 4260; x_wconf 74' lang='lat' dir='ltr'><strong>p.:rcutit:</strong></span> <span class='ocrx_word' id='word_1_733' title='bbox 3084 4190 3270 4258; x_wconf 83' lang='lat' dir='ltr'><strong>sicque</strong></span> <span class='ocrx_word' id='word_1_734' title='bbox 3311 4189 3567 4243; x_wconf 84' lang='lat' dir='ltr'><strong>intestino</strong></span> <span class='ocrx_word' id='word_1_735' title='bbox 3614 4190 3686 4242; x_wconf 80' lang='lat' dir='ltr'><strong>ob</strong></span> 
     </span>
    </p>
   </div>
   <div class='ocr_carea' id='block_1_104' title="bbox 2104 4279 3687 4354">
    <p class='ocr_par' dir='ltr' id='par_1_104' title="bbox 2104 4279 3687 4354">
     <span class='ocr_line' id='line_1_105' title="bbox 2104 4279 3687 4354; baseline -0.003 -16"><span class='ocrx_word' id='word_1_736' title='bbox 2104 4285 2244 4339; x_wconf 86' lang='lat' dir='ltr'><strong>hanc</strong></span> <span class='ocrx_word' id='word_1_737' title='bbox 2266 4299 2379 4338; x_wconf 90' lang='lat' dir='ltr'><strong>rem</strong></span> <span class='ocrx_word' id='word_1_738' title='bbox 2402 4282 2584 4339; x_wconf 87' lang='lat' dir='ltr'><strong>furore</strong></span> <span class='ocrx_word' id='word_1_739' title='bbox 2618 4292 2943 4354; x_wconf 73' lang='lat' dir='ltr'><strong>pneventus,</strong></span> <span class='ocrx_word' id='word_1_740' title='bbox 2971 4280 3337 4352; x_wconf 87' lang='lat' dir='ltr'><strong>quinquennio</strong></span> <span class='ocrx_word' id='word_1_741' title='bbox 3363 4279 3687 4334; x_wconf 73' lang='lat' dir='ltr'><strong>tumultuose</strong></span> 
     </span>
    </p>
   </div>
   <div class='ocr_carea' id='block_1_105' title="bbox 2104 4370 3687 4445">
    <p class='ocr_par' dir='ltr' id='par_1_105' title="bbox 2104 4370 3687 4445">
     <span class='ocr_line' id='line_1_106' title="bbox 2104 4370 3687 4445; baseline -0.003 -16"><span class='ocrx_word' id='word_1_742' title='bbox 2104 4378 2307 4443; x_wconf 73' lang='lat' dir='ltr'><strong>virens,</strong></span> <span class='ocrx_word' id='word_1_743' title='bbox 2341 4386 2393 4433; x_wconf 91' lang='lat' dir='ltr'><strong>et</strong></span> <span class='ocrx_word' id='word_1_744' title='bbox 2418 4376 2631 4431; x_wconf 84' lang='lat' dir='ltr'><strong>diversa</strong></span> <span class='ocrx_word' id='word_1_745' title='bbox 2653 4374 2837 4445; x_wconf 66' lang='lat' dir='ltr'><strong>prteIia</strong></span> <span class='ocrx_word' id='word_1_746' title='bbox 2868 4388 3155 4437; x_wconf 75' lang='lat' dir='ltr'><strong>exercens,</strong></span> <span class='ocrx_word' id='word_1_747' title='bbox 3203 4370 3352 4426; x_wconf 85' lang='lat' dir='ltr'><strong>Azali</strong></span> <span class='ocrx_word' id='word_1_748' title='bbox 3382 4372 3408 4410; x_wconf 69' lang='grc' dir='ltr'><strong>Β</strong></span> <span class='ocrx_word' id='word_1_749' title='bbox 3435 4379 3687 4441; x_wconf 85' lang='lat' dir='ltr'><strong>patruum</strong></span> 
     </span>
    </p>
   </div>
   <div class='ocr_carea' id='block_1_106' title="bbox 2107 4463 3686 4538">
    <p class='ocr_par' dir='ltr' id='par_1_106' title="bbox 2107 4463 3686 4538">
     <span class='ocr_line' id='line_1_107' title="bbox 2107 4463 3686 4538; baseline -0.006 -13"><span class='ocrx_word' id='word_1_750' title='bbox 2107 4471 2173 4525; x_wconf 87' lang='lat' dir='ltr'><strong>de</strong></span> <span class='ocrx_word' id='word_1_751' title='bbox 2218 4468 2461 4531; x_wconf 85' lang='lat' dir='ltr'><strong>Abdella,</strong></span> <span class='ocrx_word' id='word_1_752' title='bbox 2503 4484 2664 4538; x_wconf 90' lang='lat' dir='ltr'><strong>quem</strong></span> <span class='ocrx_word' id='word_1_753' title='bbox 2709 4467 2813 4522; x_wconf 82' lang='lat' dir='ltr'><strong>sibi</strong></span> <span class='ocrx_word' id='word_1_754' title='bbox 2865 4463 3258 4535; x_wconf 89' lang='lat' dir='ltr'><strong>quamplurima</strong></span> <span class='ocrx_word' id='word_1_755' title='bbox 3299 4463 3686 4518; x_wconf 82' lang='lat' dir='ltr'><strong>lsmaclitarum</strong></span> 
     </span>
    </p>
   </div>
   <div class='ocr_carea' id='block_1_107' title="bbox 2107 4556 3689 4632">
    <p class='ocr_par' dir='ltr' id='par_1_107' title="bbox 2107 4556 3689 4632">
     <span class='ocr_line' id='line_1_108' title="bbox 2107 4556 3689 4632; baseline -0.003 -16"><span class='ocrx_word' id='word_1_756' title='bbox 2107 4560 2393 4617; x_wconf 86' lang='lat' dir='ltr'><strong>multitudo</strong></span> <span class='ocrx_word' id='word_1_757' title='bbox 2427 4562 2666 4632; x_wconf 78' lang='lat' dir='ltr'><strong>elegerat</strong></span> <span class='ocrx_word' id='word_1_758' title='bbox 2702 4559 3020 4629; x_wconf 85' lang='lat' dir='ltr'><strong>principem,</strong></span> <span class='ocrx_word' id='word_1_759' title='bbox 3058 4571 3091 4611; x_wconf 89' lang='lat' dir='ltr'><strong>a</strong></span> <span class='ocrx_word' id='word_1_760' title='bbox 3133 4557 3395 4612; x_wconf 83' lang='lat' dir='ltr'><strong>Damasco</strong></span> <span class='ocrx_word' id='word_1_761' title='bbox 3426 4571 3596 4626; x_wconf 86' lang='lat' dir='ltr'><strong>usque</strong></span> <span class='ocrx_word' id='word_1_762' title='bbox 3634 4556 3689 4611; x_wconf 90' lang='lat' dir='ltr'><strong>in</strong></span> 
     </span>
    </p>
   </div>
   <div class='ocr_carea' id='block_1_108' title="bbox 2107 4648 3688 4724">
    <p class='ocr_par' dir='ltr' id='par_1_108' title="bbox 2107 4648 3688 4724">
     <span class='ocr_line' id='line_1_109' title="bbox 2107 4648 3688 4724; baseline -0.005 -15"><span class='ocrx_word' id='word_1_763' title='bbox 2107 4669 2325 4724; x_wconf 88' lang='lat' dir='ltr'><strong>campos</strong></span> <span class='ocrx_word' id='word_1_764' title='bbox 2353 4653 2706 4724; x_wconf 75' lang='lat' dir='ltr'><strong>Babylonicos</strong></span> <span class='ocrx_word' id='word_1_765' title='bbox 2746 4659 3064 4723; x_wconf 86' lang='lat' dir='ltr'><strong>persecutus</strong></span> <span class='ocrx_word' id='word_1_766' title='bbox 3092 4648 3212 4704; x_wconf 83' lang='lat' dir='ltr'><strong>Nilo</strong></span> <span class='ocrx_word' id='word_1_767' title='bbox 3251 4656 3523 4704; x_wconf 82' lang='lat' dir='ltr'><strong>transacto</strong></span> <span class='ocrx_word' id='word_1_768' title='bbox 3548 4648 3688 4716; x_wconf 69' lang='lat' dir='ltr'><strong>refa-</strong></span> 
     </span>
    </p>
   </div>
   <div class='ocr_carea' id='block_1_109' title="bbox 2106 4744 2529 4800">
    <p class='ocr_par' dir='ltr' id='par_1_109' title="bbox 2106 4744 2529 4800">
     <span class='ocr_line' id='line_1_110' title="bbox 2106 4744 2529 4800; baseline -0.007 0"><span class='ocrx_word' id='word_1_769' title='bbox 2106 4750 2193 4800; x_wconf 88' lang='lat' dir='ltr'><strong>cet</strong></span> <span class='ocrx_word' id='word_1_770' title='bbox 2214 4744 2529 4799; x_wconf 86' lang='lat' dir='ltr'><strong>decollatus.</strong></span> 
     </span>
    </p>
   </div>
   <div class='ocr_carea' id='block_1_110' title="bbox 2180 4829 3686 4902">
    <p class='ocr_par' dir='ltr' id='par_1_110' title="bbox 2180 4829 3686 4902">
     <span class='ocr_line' id='line_1_111' title="bbox 2180 4829 3686 4902; baseline -0.001 -17"><span class='ocrx_word' id='word_1_771' title='bbox 2180 4831 2267 4886; x_wconf 78' lang='lat'><strong>75.</strong></span> <span class='ocrx_word' id='word_1_772' title='bbox 2316 4831 2486 4900; x_wconf 87' lang='lat' dir='ltr'><strong>llujus</strong></span> <span class='ocrx_word' id='word_1_773' title='bbox 2516 4841 2756 4901; x_wconf 87' lang='lat' dir='ltr'><strong>tempore</strong></span> <span class='ocrx_word' id='word_1_774' title='bbox 2804 4832 2861 4886; x_wconf 88' lang='lat' dir='ltr'><strong>in</strong></span> <span class='ocrx_word' id='word_1_775' title='bbox 2906 4847 3013 4887; x_wconf 73' lang='lat' dir='ltr'><strong>tera</strong></span> <span class='ocrx_word' id='word_1_776' title='bbox 3059 4830 3335 4902; x_wconf 73' lang='lat' dir='ltr'><strong>suprafata</strong></span> <span class='ocrx_word' id='word_1_777' title='bbox 3377 4829 3500 4893; x_wconf 69' lang='lat'><strong>78!,</strong></span> <span class='ocrx_word' id='word_1_778' title='bbox 3547 4845 3686 4883; x_wconf 86' lang='lat' dir='ltr'><strong>anno</strong></span> 
     </span>
    </p>
   </div>
   <div class='ocr_carea' id='block_1_111' title="bbox 2106 4919 3683 4994">
    <p class='ocr_par' dir='ltr' id='par_1_111' title="bbox 2106 4919 3683 4994">
     <span class='ocr_line' id='line_1_112' title="bbox 2106 4919 3683 4994; baseline -0.004 -15"><span class='ocrx_word' id='word_1_779' title='bbox 2106 4922 2318 4994; x_wconf 87' lang='lat' dir='ltr'><strong>imperii</strong></span> <span class='ocrx_word' id='word_1_780' title='bbox 2366 4922 2705 4979; x_wconf 86' lang='lat' dir='ltr'><strong>Constantini</strong></span> <span class='ocrx_word' id='word_1_781' title='bbox 2758 4923 2825 4989; x_wconf 75' lang='grc'>2,</span> <span class='ocrx_word' id='word_1_782' title='bbox 2866 4922 3101 4978; x_wconf 87' lang='lat' dir='ltr'><strong>Arabum</strong></span> <span class='ocrx_word' id='word_1_783' title='bbox 3151 4922 3286 4988; x_wconf 70' lang='lat' dir='ltr'><strong>l28,</strong></span> <span class='ocrx_word' id='word_1_784' title='bbox 3339 4921 3558 4976; x_wconf 73' lang='lat' dir='ltr'><strong>Meroen</strong></span> <span class='ocrx_word' id='word_1_785' title='bbox 3618 4919 3683 4985; x_wconf 73' lang='lat'><strong>2,</strong></span> 
     </span>
    </p>
   </div>
   <div class='ocr_carea' id='block_1_112' title="bbox 2108 5097 3684 5169">
    <p class='ocr_par' dir='ltr' id='par_1_112' title="bbox 2108 5097 3684 5169">
     <span class='ocr_line' id='line_1_113' title="bbox 2108 5097 3684 5169; baseline -0.001 -17"><span class='ocrx_word' id='word_1_786' title='bbox 2108 5097 2379 5167; x_wconf 82' lang='lat' dir='ltr'><strong>gendum:</strong></span> <span class='ocrx_word' id='word_1_787' title='bbox 2417 5115 2637 5168; x_wconf 66' lang='lat' dir='ltr'><strong>regnans</strong></span> <span class='ocrx_word' id='word_1_788' title='bbox 2674 5099 2896 5153; x_wconf 79' lang='lat' dir='ltr'><strong>annis...</strong></span> <span class='ocrx_word' id='word_1_789' title='bbox 2941 5099 3082 5155; x_wconf 83' lang='lat' dir='ltr'><strong>baud</strong></span> <span class='ocrx_word' id='word_1_790' title='bbox 3124 5114 3383 5169; x_wconf 77' lang='lat' dir='ltr'><strong>expresso</strong></span> <span class='ocrx_word' id='word_1_791' title='bbox 3427 5113 3684 5169; x_wconf 86' lang='lat' dir='ltr'><strong>annorum</strong></span> 
     </span>
    </p>
   </div>
   <div class='ocr_carea' id='block_1_113' title="bbox 2109 5168 3685 5240">
    <p class='ocr_par' dir='ltr' id='par_1_113' title="bbox 2109 5168 3685 5240">
     <span class='ocr_line' id='line_1_114' title="bbox 2109 5168 3685 5240; baseline -0.002 -18"><span class='ocrx_word' id='word_1_792' title='bbox 2109 5184 2365 5234; x_wconf 83' lang='lat' dir='ltr'><strong>numero;</strong></span> <span class='ocrx_word' id='word_1_793' title='bbox 2385 5169 2526 5236; x_wconf 73' lang='lat' dir='ltr'><strong>quod</strong></span> <span class='ocrx_word' id='word_1_794' title='bbox 2541 5176 2742 5240; x_wconf 81' lang='lat' dir='ltr'><strong>auctor</strong></span> <span class='ocrx_word' id='word_1_795' title='bbox 2758 5185 2851 5238; x_wconf 89' lang='lat' dir='ltr'><strong>per</strong></span> <span class='ocrx_word' id='word_1_796' title='bbox 2873 5179 2947 5222; x_wconf 79' lang='lat' dir='ltr'><strong>tot</strong></span> <span class='ocrx_word' id='word_1_797' title='bbox 2961 5168 3248 5240; x_wconf 75' lang='lat' dir='ltr'><strong>significat,</strong></span> <span class='ocrx_word' id='word_1_798' title='bbox 3272 5169 3361 5240; x_wconf 89' lang='lat' dir='ltr'><strong>alii</strong></span> <span class='ocrx_word' id='word_1_799' title='bbox 3385 5168 3685 5240; x_wconf 68' lang='lat' dir='ltr'><strong>relinquens</strong></span> 
     </span>
    </p>
   </div>
   <div class='ocr_carea' id='block_1_114' title="bbox 2111 5237 3682 5307">
    <p class='ocr_par' dir='ltr' id='par_1_114' title="bbox 2111 5237 3682 5307">
     <span class='ocr_line' id='line_1_115' title="bbox 2111 5237 3682 5307; baseline -0.002 -16"><span class='ocrx_word' id='word_1_800' title='bbox 2111 5253 2296 5292; x_wconf 81' lang='lat' dir='ltr'><strong>curaui</strong></span> <span class='ocrx_word' id='word_1_801' title='bbox 2342 5239 2571 5307; x_wconf 65' lang='lat' dir='ltr'><strong>ponendi</strong></span> <span class='ocrx_word' id='word_1_802' title='bbox 2612 5237 2793 5293; x_wconf 83' lang='lat' dir='ltr'><strong>notam</strong></span> <span class='ocrx_word' id='word_1_803' title='bbox 2849 5237 3178 5294; x_wconf 77' lang='lat' dir='ltr'><strong>numera-lem</strong></span> <span class='ocrx_word' id='word_1_804' title='bbox 3208 5257 3221 5293; x_wconf 92' lang='lat'><strong>:</strong></span> <span class='ocrx_word' id='word_1_805' title='bbox 3256 5239 3501 5294; x_wconf 73' lang='lat' dir='ltr'><strong>scribens</strong></span> <span class='ocrx_word' id='word_1_806' title='bbox 3545 5237 3682 5307; x_wconf 76' lang='lat' dir='ltr'><strong>enim</strong></span> 
     </span>
    </p>
   </div>
   <div class='ocr_carea' id='block_1_115' title="bbox 2113 5305 3684 5379">
    <p class='ocr_par' dir='ltr' id='par_1_115' title="bbox 2113 5305 3684 5379">
     <span class='ocr_line' id='line_1_116' title="bbox 2113 5305 3684 5379; baseline -0.001 -18"><span class='ocrx_word' id='word_1_807' title='bbox 2113 5322 2254 5362; x_wconf 87' lang='lat' dir='ltr'><strong>anno</strong></span> <span class='ocrx_word' id='word_1_808' title='bbox 2275 5305 2612 5379; x_wconf 76' lang='lat' dir='ltr'><strong>Constantini</strong></span> <span class='ocrx_word' id='word_1_809' title='bbox 2641 5309 2788 5379; x_wconf 82' lang='lat' dir='ltr'><strong>regni</strong></span> <span class='ocrx_word' id='word_1_810' title='bbox 2820 5308 3048 5373; x_wconf 88' lang='lat' dir='ltr'><strong>decimo,</strong></span> <span class='ocrx_word' id='word_1_811' title='bbox 3079 5318 3208 5379; x_wconf 85' lang='lat' dir='ltr'><strong>quot</strong></span> <span class='ocrx_word' id='word_1_812' title='bbox 3234 5309 3389 5364; x_wconf 81' lang='lat' dir='ltr'><strong>annis</strong></span> <span class='ocrx_word' id='word_1_813' title='bbox 3409 5308 3583 5364; x_wconf 83' lang='lat' dir='ltr'><strong>adhuc</strong></span> <span class='ocrx_word' id='word_1_814' title='bbox 3603 5305 3684 5361; x_wconf 84' lang='lat' dir='ltr'><strong>ille</strong></span> 
     </span>
    </p>
   </div>
   <div class='ocr_carea' id='block_1_116' title="bbox 2113 5377 3338 5446">
    <p class='ocr_par' dir='ltr' id='par_1_116' title="bbox 2113 5377 3338 5446">
     <span class='ocr_line' id='line_1_117' title="bbox 2113 5377 3338 5446; baseline 0 -14"><span class='ocrx_word' id='word_1_815' title='bbox 2113 5386 2385 5446; x_wconf 81' lang='lat' dir='ltr'><strong>superstes</strong></span> <span class='ocrx_word' id='word_1_816' title='bbox 2408 5377 2619 5433; x_wconf 76' lang='lat' dir='ltr'><strong>futurus</strong></span> <span class='ocrx_word' id='word_1_817' title='bbox 2640 5377 2782 5434; x_wconf 76' lang='lat' dir='ltr'><strong>esset</strong></span> <span class='ocrx_word' id='word_1_818' title='bbox 2806 5379 3024 5434; x_wconf 79' lang='lat' dir='ltr'><strong>oznnino</strong></span> <span class='ocrx_word' id='word_1_819' title='bbox 3045 5378 3338 5435; x_wconf 83' lang='lat' dir='ltr'><strong>nesciebat.</strong></span> 
     </span>
    </p>
   </div>
   <div class='ocr_carea' id='block_1_117' title="bbox 2191 5447 2603 5507">
    <p class='ocr_par' dir='ltr' id='par_1_117' title="bbox 2191 5447 2603 5507">
     <span class='ocr_line' id='line_1_118' title="bbox 2191 5447 2603 5507; baseline 0.005 -7"><span class='ocrx_word' id='word_1_820' title='bbox 2191 5459 2213 5487; x_wconf 71' lang='grc' dir='ltr'>θ</span> <span class='ocrx_word' id='word_1_821' title='bbox 2244 5447 2337 5507; x_wconf 76' lang='grc' dir='ltr'><strong>Μ..</strong></span> <span class='ocrx_word' id='word_1_822' title='bbox 2365 5448 2603 5503; x_wconf 78' lang='lat' dir='ltr'><strong>audiens.</strong></span> 
     </span>
    </p>
   </div>
   <div class='ocr_carea' id='block_1_118' title="bbox 2193 5516 3098 5589">
    <p class='ocr_par' dir='ltr' id='par_1_118' title="bbox 2193 5516 3098 5589">
     <span class='ocr_line' id='line_1_119' title="bbox 2193 5516 3098 5589; baseline 0.002 -19"><span class='ocrx_word' id='word_1_823' title='bbox 2193 5516 2211 5555; x_wconf 73' lang='grc' dir='ltr'>ί</span> <span class='ocrx_word' id='word_1_824' title='bbox 2239 5517 2329 5589; x_wconf 87' lang='lat' dir='ltr'><strong>Sic</strong></span> <span class='ocrx_word' id='word_1_825' title='bbox 2357 5518 2448 5589; x_wconf 66' lang='lat'><strong>13.;</strong></span> <span class='ocrx_word' id='word_1_826' title='bbox 2484 5516 2560 5589; x_wconf 56' lang='lat' dir='ltr'><strong>hi1</strong></span> <span class='ocrx_word' id='word_1_827' title='bbox 2582 5526 2637 5589; x_wconf 81' lang='lat' dir='ltr'><strong>et</strong></span> <span class='ocrx_word' id='word_1_828' title='bbox 2667 5516 2856 5587; x_wconf 57' lang='lat' dir='ltr'><strong>Sani,</strong></span> <span class='ocrx_word' id='word_1_829' title='bbox 2888 5517 3098 5573; x_wconf 78' lang='lat' dir='ltr'><strong>l&#39;brain.</strong></span> 
     </span>
    </p>
   </div>
   <div class='ocr_carea' id='block_1_119' title="bbox 2191 5585 2655 5656">
    <p class='ocr_par' dir='ltr' id='par_1_119' title="bbox 2191 5585 2655 5656">
     <span class='ocr_line' id='line_1_120' title="bbox 2191 5585 2655 5656; baseline -0.002 -13"><span class='ocrx_word' id='word_1_830' title='bbox 2191 5590 2215 5628; x_wconf 69' lang='grc' dir='ltr'>ε</span> <span class='ocrx_word' id='word_1_831' title='bbox 2243 5588 2429 5656; x_wconf 66' lang='lat' dir='ltr'><strong>Sand,</strong></span> <span class='ocrx_word' id='word_1_832' title='bbox 2457 5605 2486 5641; x_wconf 76' lang='grc' dir='ltr'><strong>α</strong></span> <span class='ocrx_word' id='word_1_833' title='bbox 2518 5585 2655 5642; x_wconf 79' lang='lat' dir='ltr'><strong>Zali.</strong></span> 
     </span>
    </p>
   </div>
  </div>
