4020 6170
211 315 247 373 1
260 318 389 374 277

1702 322 2117 382 CHRONICON.

3398 314 3533 398 1278

206 431 472 489 Thoaba
496 430 550 486 in
568 429 839 501 Hispaniis
860 428 1049 502 (regno
1075 430 1367 487 Abulcatar
1387 446 1510 486 eum
1537 442 1562 472 τι
1588 431 1832 500 adjutore
1862 437 1912 496 Α
1939 439 2261 496 sternentes,
2289 432 2377 487 vix
2411 433 2465 488 in
2497 435 2660 490 tertio
2683 447 3012 507 exsuperata
3041 449 3095 496 et
3120 440 3405 501 interfecto
3429 446 3536 503 Mo-

205 524 489 580 Zimabel
516 523 719 595 ablato)
754 539 785 577 a
812 523 1023 578 cunctis
1059 532 1120 578 ut
1156 525 1241 579 vir
1281 525 1508 596 belliger
1548 534 1606 580 et
1638 541 1837 597 genere

204 618 439 688 plenus
464 615 756 686 prmiicitur
777 655 793 679 ,
818 630 1051 685 regnans
1072 630 1239 669 unum
1266 630 1363 685 per
1395 631 1597 671 annum
1620 618 1686 671 ιιι
1727 619 1836 673 sic-

207 719 348 777 que
368 720 439 760 eo
458 704 679 774 propria
700 712 874 759 morte
896 703 1197 773 perfuncto,
1223 703 1375 759 Juzif
1391 706 1461 760 ab
1474 707 1620 761 omni
1640 716 1837 762 senatu

208 800 432 870 palatii
468 799 742 869 Hispaniae
776 806 956 853 rector
1004 797 1222 866 cligitur
1268 798 1321 853 in
1369 813 1478 853 trra
1520 799 1654 865 785,
1696 815 1838 856 anno

214 889 461 960 imperii
500 888 839 944 Constantini
875 889 931 953 '5,
968 886 1208 942 Arabum
1257 888 1361 944 129
1404 889 1704 959 completo,
1751 891 1837 945 vel

202 972 539 1059 incipiente
581 979 671 1046 50,
719 979 941 1035 Moroan
975 980 1031 1044 5,
1077 979 1307 1035 miriﬁce
1344 988 1404 1035 ut
1429 981 1614 1035 senior
1640 990 1697 1035 et
1721 981 1837 1036 lon-

203 1066 426 1146 gavus
468 1072 659 1143 patriae
704 1071 1036 1127 acclamatur
1082 1072 1138 1126 in
1184 1087 1372 1141 regno.
1425 1072 1526 1129 Cui
1565 1088 1672 1128 non
1712 1083 1838 1142 post

219 1165 444 1220 multos
473 1165 590 1219 dies
619 1164 831 1218 diversa
866 1162 1086 1217 rebellis
1127 1161 1335 1218 Arabes
1378 1177 1477 1233 per
1520 1163 1836 1233 Hispaniam

225 1258 547 1321 molientes,
575 1270 703 1322 suas
729 1254 846 1309 sine
864 1252 1058 1308 effectu
1091 1260 1370 1308 manentes
1397 1267 1570 1322 usque
1606 1254 1674 1308 ad
1703 1252 1828 1307 inle-

227 1365 335 1404 ros
358 1348 569 1402 animas
597 1345 815 1399 fuerunt
835 1344 1131 1399 tradentes.
1177 1344 1282 1398 Iste
1326 1345 1742 1414 descriptionem
1768 1346 1837 1401 ad

230 1438 650 1510 suggestionem
695 1436 893 1491 residui
932 1436 1114 1505 populi
1162 1435 1340 1489 facere
1377 1435 1646 1504 imperat:
1674 1444 1837 1504 atque

226 1529 396 1600 jubet
419 1534 478 1581 ut
500 1541 596 1581 eos
618 1540 754 1595 quos
776 1540 845 1578 ex
870 1524 1195 1579 Christianis
1221 1524 1571 1594 vectigalibus
1597 1539 1695 1594 per
1720 1532 1840 1577 tan-

235 1629 330 1676 tas
386 1634 575 1674 eorum
620 1628 831 1685 strages
878 1616 1084 1686 gladius
1132 1615 1490 1684 jngulaverat,
1541 1631 1570 1669 a
1621 1617 1838 1686 publico

237 1711 434 1765 codice
458 1708 706 1764 scrinarii
734 1709 1049 1763 demerent:
1074 1707 1166 1776 qui
1199 1705 1323 1761 licet
1367 1706 1659 1776 petulando
1691 1705 1838 1760 solli-

238 1801 356 1855 cite
383 1800 634 1868 imperat.

317 1892 407 1946 76.
440 1890 632 1960 Hujus
667 1890 817 1959 regni
865 1890 918 1943 in
968 1903 1112 1944 anno
1150 1888 1203 1954 6,
1255 1888 1309 1943 in
1352 1904 1461 1944 aera
1498 1889 1622 1953 788,
1673 1889 1843 1945 Nonis

239 1985 448 2055 Aprilis
491 1984 917 2060 dieDominico,
959 1984 1090 2038 hora
1140 1984 1192 2049 1,
1225 1984 1261 2038 2
1309 1992 1364 2039 ct
1403 1983 1519 2040 fere
1555 1987 1606 2049 5,
1632 1986 1842 2042 cunctis

241 2076 514 2135 Corduba:
567 2076 777 2131 civibus
841 2075 1313 2145 prospicientibus,
1352 2084 1464 2131 tres
1517 2077 1658 2131 soles
1702 2076 1842 2131 miro

242 2167 409 2224 modo
441 2166 734 2221 lustrantes
776 2173 830 2218 et
858 2163 1012 2233 quasi
1052 2162 1316 2232 pallentes
1349 2179 1474 2219 cum
1510 2163 1648 2219 falce
1686 2164 1842 2235 ignea

243 2259 334 2314 vel
387 2257 763 2327 smaragdinea
816 2242 1176 2326 praecedente,
1230 2254 1447 2309 fuerunt
1501 2256 1623 2320 visi,
1670 2270 1844 2325 eoque

243 2358 370 2405 ortu
411 2348 554 2403 fame
590 2345 915 2402 intolerabili
943 2360 1134 2401 omnes
1178 2352 1362 2414 partes
1402 2344 1674 2415 Hispaniae
1709 2355 1843 2401 nutu

245 2441 343 2497 Dei
382 2441 713 2496 habitatores
752 2438 927 2508 angeli
957 2449 979 2477 ο
1010 2437 1245 2493 ordinati
1276 2437 1510 2506 luerunt
1541 2448 1838 2494 vastantes.

322 2531 347 2572 ιι
391 2532 480 2584 77.
506 2532 621 2585 Per
669 2528 809 2585 idem
860 2536 1073 2598 tempus
1130 2526 1325 2583 Petrus
1378 2528 1652 2583 Toletanae
1692 2529 1839 2594 sedis

247 2625 506 2680 diaconus
527 2621 755 2692 pulcher
777 2618 918 2689 apud
946 2618 1257 2688 Hispaniam
1286 2619 1590 2674 habebatur
1614 2617 1837 2675 melodi-

247 2731 362 2779 cus,
386 2722 546 2783 atque
572 2712 627 2766 in
649 2710 900 2766 omnibus
926 2708 1209 2779 scripturis
1231 2707 1694 2777 sapientissimus:
1722 2707 1836 2781 (ad)

250 2808 580 2863 habitatores
601 2805 657 2858 in
693 2803 895 2871 Hispali
938 2808 1159 2872 propter
1182 2802 1414 2870 paschas
1441 2816 1697 2856 erroneas
1717 2817 1837 2870 qua:

250 2902 318 2954 ab
337 2899 415 2954 eis
437 2904 561 2953 sunt
582 2895 867 2952 celebratae
887 2893 1125 2949 libellum
1162 2891 1383 2946 Patrum
1418 2899 1580 2962 atque
1608 2891 1835 2947 diversis

252 2987 659 3046 auctoritatibus
682 2997 706 3024 θ
734 2985 956 3055 pulchre
981 2982 1338 3053 compositum
1365 2982 1710 3051 conscripsit.

319 3081 405 3137 78.
436 3077 603 3148 Hujus
635 3087 877 3147 tempore
903 3077 956 3131 in
997 3092 1106 3132 tera
1146 3075 1271 3138 788,
1302 3090 1444 3129 anno
1481 3074 1689 3143 imperii
1712 3073 1827 3143 cjus

252 3166 305 3235 6,
342 3170 578 3225 Arabum
617 3168 738 3232 155,
786 3165 1009 3221 Abdella
1081 3164 1348 3220 Alascemi
1400 3163 1450 3230 1,
1494 3163 1733 3229 Moroan,
1779 3153 1911 3219 ιιιο

254 3261 503 3324 diximus,
535 3274 567 3313 a
591 3273 755 3312 manu
784 3255 997 3326 publica
1028 3256 1326 3311 insectatus
1364 3263 1419 3310 et
1446 3254 1677 3309 tumultu
1708 3271 1838 3325 gen—

256 3350 382 3406 tium
416 3347 687 3404 exercitus
726 3362 847 3400 cum
895 3345 1166 3401 thesauris
1202 3345 1432 3417 publicis
1465 3362 1496 3400 a
1526 3345 1728 3415 palatio
1755 3344 1838 3400 fu-

254 3442 418 3511 giens,
465 3447 519 3493 et
540 3437 763 3508 Libyam
792 3436 862 3491 ob
899 3436 1293 3504 reparationem
1331 3450 1524 3506 pugna:
1554 3445 1837 3504 penetrare

256 3533 582 3597 desiderans,
608 3526 830 3584 Abdella
875 3527 948 3583 nil
969 3525 1080 3596 jam
1125 3541 1347 3597 pavens,
1373 3525 1627 3580 instinctu
1654 3525 1834 3579 senio-

234 3640 370 3680 ‘rum
391 3623 573 3679 sedem
602 3622 805 3692 appetit
826 3621 1054 3691 regiam.
1098 3618 1202 3685 Qui
1230 3618 1412 3673 statim
1434 3625 1556 3689 post
1578 3632 1701 3673 eum
1723 3618 1836 3673 Zali

256 3724 501 3785 patruum
534 3714 772 3784 dirigens
796 3728 917 3768 eum
950 3710 1313 3781 prreliatorum
1350 3711 1561 3765 inﬁnito
1592 3712 1834 3765 exercitu

258 3808 486 3863 Arabum
526 3814 582 3862 et
620 3806 910 3861 Persarum
946 3803 1209 3857 hactenus
1245 3800 1412 3857 solem
1448 3801 1832 3866 excolentium,

259 3900 556 3972 pullataqne
579 3898 861 3963 dmmonia,
888 3885 1109 3952 Moroa’n
1138 3911 1168 3950 a
1199 3894 1417 3950 civitate
1445 3895 1500 3949 in
1534 3895 1831 3961 civitatem,

259 3991 592 4062 diil'ugiendo,
644 3996 700 4045 et
738 3988 943 4042 nullum
974 3985 1372 4055 receptaculum
1418 3985 1488 4040 ob
1530 3984 1671 4038 mala
1714 3999 1835 4053 quas

259 4082 467 4148 fecerat,
504 4090 557 4137 et
597 4088 804 4136 mortes
834 4079 1073 4134 diversas
1096 4092 1231 4148 quas
1260 4077 1312 4131 in
1348 4075 1634 4131 Saracenis
1660 4090 1838 4145 gesse-

260 4181 339 4231 rat
386 4171 429 4238 ί,
481 4171 831 4243 reperienda,
887 4167 1067 4223 Nilum
1120 4165 1339 4238 Egypti
1388 4165 1609 4221 ﬂuvium
1660 4173 1836 4221 trans-

261 4264 499 4330 meando,
547 4277 671 4318 eum
709 4261 1056 4315 vehementer
1099 4257 1458 4327 insequuntur
1505 4256 1551 4307 8.
1590 4252 1695 4309 Sed
1742 4254 1833 4310 ubi

263 4357 311 4411 in
355 4356 528 4410 locum
572 4353 664 4423 qui
701 4352 883 4422 lingua
932 4364 1122 4405 eorum
1150 4356 1371 4403 vocatur
1398 4346 1628 4401 Azimun
1652 4345 1679 4385 ιι
1712 4360 1834 4415 per-

262 4446 538 4509 venissent,
574 4458 633 4498 se
658 4442 884 4496 invicem
926 4438 1217 4509 applicant,
1261 4445 1316 4493 et
1346 4446 1455 4492 tam
1482 4437 1656 4492 valide
1693 4436 1832 4490 utri-

1939 537 2071 577 roan
2095 524 2305 593 vaginis
2339 524 2548 595 gladios
2571 527 2935 595 remitterent,
2967 534 3289 603 semetipsos
3334 537 3532 594 sedan-

1939 628 2051 676 tes.
2084 620 2259 692 [Tunc
2287 623 2463 691 capita
2489 633 2866 691 magnatorum
2894 627 2961 681 ad
2990 628 3271 685 Abdellam
3299 632 3534 702 dirigen-

1939 719 2042 775 tes,
2083 711 2238 781 quasi
2278 713 2449 782 spolia
2495 714 2753 784 pretiosa,
2797 715 3088 773 bellatores
3129 718 3196 774 de
3228 722 3531 790 prtedarum

1939 805 2207 858 manubiis
2228 814 2587 861 'remunerant
2615 806 2660 879 ί]
2687 815 2849 879 atque
2880 819 3104 867 cunctos
3126 812 3382 882 pristinos
3419 823 3531 870 ter-

1938 895 2114 950 minos
2155 896 2313 967 digne
2340 898 2648 967 pacilicant.
2683 899 2910 969 Reliqua
2955 916 3084 957 vero
3132 912 3280 972 gesta
3321 919 3526 970 eorum,

1939 987 2173 1056 qualiter
2198 990 2485 1058 pugnando
2508 999 2755 1060 utraeque
2778 999 2959 1061 partes
2989 992 3250 1048 conﬂictata
3274 1003 3418 1060 sunt,
3448 995 3531 1052 vel

1938 1081 2172 1150 qualiter
2191 1083 2461 1153 Hispaniae
2480 1084 2618 1138 bella
2642 1085 2741 1138 sub
2761 1085 3094 1153 principibus
3115 1085 3282 1157 Belgi,
3309 1087 3529 1142 Thoaba

1938 1180 1993 1227 et
2019 1173 2261 1244 Humeya
2289 1182 2542 1229 concreta
2573 1182 2700 1229 sunt
2725 1175 2806 1230 vel
2831 1192 2927 1246 per
2953 1176 3245 1233 Abulcatar
3282 1187 3529 1249 exempta

1938 1274 2085 1330 sunt,
2110 1278 2271 1336 atque
2317 1269 2417 1322 sub
2467 1268 2735 1337 principio
2772 1268 2924 1332 lucif,
2968 1285 3075 1339 quo
3124 1272 3312 1327 ordine
3350 1270 3530 1327 aemuli

1938 1353 2055 1422 ejus
2103 1354 2264 1410 deleti
2313 1364 2477 1422 sunt;
2509 1371 2686 1410 nonne
2717 1358 2833 1411 hzec
2879 1358 3079 1426 scripta
3123 1367 3248 1413 sunt
3289 1360 3342 1415 in
3391 1360 3529 1416 libro

1937 1446 2227 1502 verborum
2257 1446 2466 1501 dierum
2501 1448 2704 1512 saeculi,
2733 1464 2891 1516 quem
2932 1448 3215 1506 Chronicis
3240 1454 3528 1521 praeteritis

1938 1535 2005 1590 ad
2035 1535 2243 1605 singula
2270 1536 2469 1591 addere
2491 1539 2935 1629 pgneuravimus?

2010 1647 2097 1704 79.
2141 1648 2302 1703 Fiunt
2334 1649 2499 1721 igitur
2524 1650 2592 1704 ab
2621 1652 2844 1706 exordio
2867 1654 3052 1707 mundi
3086 1670 3253 1724 usque
3282 1656 3336 1710 in
3361 1672 3525 1713 aram

1942 1746 2174 1809 emptam
2206 1739 2738 1810 septingentesimam
2777 1745 3179 1813 nonagesimum
3214 1748 3524 1814 secundam,

1942 1846 2086 1886 anno
2122 1832 2332 1901 imperii
2359 1832 2698 1888 Constantini
2724 1834 2809 1901 10,
2850 1835 3072 1890 Abdella
3094 1836 3359 1893 Alascemi
3385 1838 3528 1893 Ami-

1943 1922 2288 1977 ralmuminin
2317 1922 2372 1987 4,
2407 1923 2679 1994 Hispaniae
2722 1923 2861 1979 luzil'
2906 1927 3147 1995 patricice
3186 1928 3246 1991 7,
3288 1926 3528 1984 Arabum

1945 2012 2067 2079 l56,
2099 2014 2226 2067 anni
2252 2013 2412 2080 5954,
2441 2030 2471 2068 a
2497 2016 2694 2085 quibus
2713 2025 2947 2085 quatuor
2977 2018 3021 2072 si
3046 2018 3341 2073 secundum
3367 2036 3529 2090 quos-

1945 2104 2067 2160 dam
2092 2105 2556 2176 historiographos
2581 2107 2799 2162 demere
2824 2107 3077 2175 volueris,
3106 2109 3199 2178 qui
3227 2109 3434 2179 precise
3460 2110 3527 2166 ad

1943 2196 2219 2266 expletum
2244 2197 2313 2251 56
2347 2196 2626 2252 Octaviani
2684 2198 2835 2268 regni
2866 2213 3064 2253 annum
3118 2198 3164 2266 ἱ,
3204 2215 3376 2257 annos
3421 2218 3527 2257 sae-

1944 2287 2048 2343 culi
2098 2287 2257 2352 5210,
2305 2288 2647 2357 supputando
2699 2288 3011 2343 ailirmant:
3045 2298 3099 2343 et
3148 2305 3290 2346 anno
3316 2289 3525 2360 praefati

1944 2380 2223 2437 Octaviani
2251 2380 2321 2434 42
2361 2380 2634 2436 Christum
2666 2391 2853 2436 natum
2899 2383 3192 2437 secundum
3232 2381 3524 2437 Historiam

1944 2472 2367 2527 ecclesiasticam
2395 2471 2597 2526 domini
2643 2469 2861 2527 Eusebii
2887 2471 3238 2528 Caesariensis
3265 2472 3522 2542 episcopi,

1943 2562 1999 2619 in
2032 2563 2125 2618 lib.
2162 2578 2203 2627 ι,
2237 2568 2396 2617 tetate
2419 2578 2473 2615 γι
2513 2562 2562 2627 k,
2603 2562 2690 2617 vel
2710 2577 2856 2618 nunc
2880 2561 3176 2618 secundum
3199 2558 3526 2619 Chronicam

1944 2655 2147 2712 domini
2181 2652 2371 2710 lsidori
2400 2662 2713 2709 asseverant
2737 2671 2751 2721 ;
2790 2653 3017 2724 quodet
3039 2656 3224 2724 utique
3246 2656 3317 2709 ita
3338 2670 3527 2710 omnes

1939 2747 2224 2816 scriptura:
2258 2746 2610 2811 denuntiant;
2653 2747 2910 2802 detractis
2943 2747 3010 2802 ab
3058 2746 3214 2801 annis
3247 2745 3526 2802 Octaviani

1938 2835 2010 2893 56
2031 2835 2457 2905 quatuordecim,
2511 2843 2795 2890 remanent
2820 2834 2893 2889 42
2917 2837 2973 2890 in
3009 2845 3252 2904 tempore
3274 2836 3526 2891 nativita-

1939 2927 2011 2982 tis
2036 2925 2239 2982 Chris:i
2271 2940 2286 2979 :
2337 2935 2393 2980 ct
2420 2926 2547 2999 quia
2594 2925 2862 2994 completo
2890 2925 2923 2979 5
2945 2942 3088 2980 anno
3125 2924 3249 2981 Julii
3294 2925 3526 2983 Caesaris

1941 3019 2078 3074 ilunt
2105 3019 2232 3074 anni
2260 3017 2444 3073 smculi
2470 3017 2632 3083 5154,
2662 3017 2862 3073 additis
2889 3016 2962 3071 42
2989 3016 3271 3074 Octaviani
3300 3018 3436 3073 ﬁunt
3457 3019 3526 3074 ab

1939 3112 2112 3167 Adam
2139 3124 2315 3181 usque
2350 3110 2409 3167 in
2433 3110 2772 3169 nativitatem
2809 3109 3012 3165 Christi
3040 3109 3203 3178 5196,
3235 3110 3525 3166 subtractis

1942 3210 2176 3273 quatuor
2214 3216 2350 3270 quos
2379 3201 2628 3271 superius
2658 3199 2892 3256 diximus
2920 3200 2988 3254 ab
3014 3215 3157 3254 anno
3183 3199 3367 3255 saeculi
3385 3198 3523 3254 5200

1938 3291 2200 3361 quosdam
2224 3289 2561 3354 subtrahere,
2591 3288 2787 3358 quibus
2809 3287 2948 3343 5196
2975 3289 3224 3358 superius
3261 3303 3525 3344 memora-

1941 3384 2029 3450 tis,
2087 3383 2136 3438 si
2179 3379 2445 3437 addantur
2488 3376 2506 3418 ι
2549 3379 2675 3434 anni
2725 3379 3115 3435 incarnationis
3160 3379 3373 3435 Domini
3421 3379 3524 3434 754

1894 3530 1897 3535 ,
1938 3474 2029 3544 qui
2057 3474 2113 3528 in
2133 3488 2242 3528 azra
2268 3472 2372 3527 792
2420 3482 2461 3511 ω
2496 3470 2734 3527 veridice
2755 3478 3157 3540 computantur,
3185 3471 3524 3541 reperientur

1937 3570 2063 3620 anni
2092 3563 2276 3620 szeculi
2296 3562 2438 3619 5950
2458 3562 2621 3618 obitis
2647 3572 2676 3599 ιι
2712 3561 2748 3616 4
2777 3562 3166 3632 diminutisque
3216 3562 3448 3619 ell‘ectis.

2006 3695 2095 3751 80.
2134 3695 2241 3751 Sed
2287 3695 2413 3765 quia
2436 3693 2504 3749 ad
2530 3702 2732 3749 tantam
2776 3693 3130 3765 liquiditatem
3177 3696 3304 3749 anni
3333 3695 3517 3750 saeculi

1935 3789 2101 3844 etiam
2128 3802 2230 3843 nec
2253 3804 2285 3842 a
2329 3786 2628 3856 majoribus
2680 3792 3082 3854 computantur,
3134 3793 3192 3840 ut
3220 3802 3327 3842 uno
3379 3785 3518 3857 style

1936 3878 2216 3950 mqualiter
2264 3878 2599 3950 digerantur,
2631 3878 2716 3933 vel
2754 3893 2860 3931 una
2886 3876 3277 3947 prmnotatione
3305 3878 3371 3933 ab
3397 3892 3518 3932 om-

1936 3975 2096 4030 nibus
2156 3973 2608 4044 historiographis
2659 3971 3080 4041 mqniparentur,
3134 3969 3261 4026 licet
3317 3970 3370 4024 in
3415 3969 3519 4025 hac

1935 4084 2199 4124 annorum
2225 4066 2566 4123 devolutione
2590 4083 2695 4121 non
2726 4067 2953 4120 multum
2974 4065 3042 4119 ab
3065 4064 3293 4119 invicem
3316 4064 3520 4119 disere-

1932 4169 2062 4230 pent
2086 4177 2101 4226 ;
2147 4159 2269 4215 ideo
2293 4166 2349 4215 et
2373 4174 2472 4214 nos
2499 4158 2793 4213 secundum
2816 4155 3104 4225 plerosque
3125 4154 3215 4224 qui
3243 4153 3519 4208 Christum

1935 4253 1991 4307 in
2021 4250 2160 4305 5200
2189 4267 2358 4307 annos
2388 4258 2572 4304 natum
2610 4247 2926 4311 deliberant,
2958 4245 3057 4300 hos
3095 4252 3327 4314 quatuor
3347 4260 3518 4300 annos

1935 4341 2338 4412 interpolamns,
2369 4354 2437 4394 ne
2462 4356 2492 4392 a
2515 4347 2791 4392 tantorum
2833 4336 3073 4390 virorum
3109 4341 3134 4368 °
3173 4333 3395 4396 semitis,
3422 4332 3515 4387 ubi

1935 4432 2072 4488 tales
2106 4432 2347 4499 tantique
2375 4435 2701 4483 nutaverunt
2747 4427 2872 4492 viri,
2927 4426 3136 4494 longius
3185 4438 3511 4495 evagemus:

262 4552 354 4607 que
379 4551 437 4591 se
474 4534 736 4604 jaeulant,
793 4541 851 4586 ut
885 4531 1044 4587 binos
1072 4544 1170 4598 per
1197 4529 1311 4584 dies
1340 4527 1835 4583 immisericorditer
1866 4516 1912 4573 υ
1937 4526 2065 4596 quia
2109 4524 2165 4578 in
2201 4531 2348 4577 tanta
2399 4519 2649 4590 congerie
2689 4526 2993 4586 temporum
3039 4523 3273 4586 quatuor
3311 4515 3437 4570 anni
3467 4515 3515 4571 si

262 4646 372 4686 cum
410 4628 702 4683 multorum
739 4641 804 4681 ex
835 4632 1063 4692 utraque
1106 4629 1258 4692 parte
1300 4620 1571 4677 occisione
1614 4634 1673 4673 se
1707 4634 1833 4689 pro-

326 4753 349 4781 α
372 4740 530 4795 Deest
552 4755 671 4792 cum
694 4738 749 4792 in
775 4736 867 4800 10.,
899 4747 954 4789 et
984 4734 1148 4789 Sand.
1183 4749 1288 4788 non
1316 4734 1480 4787 habet
1507 4748 1626 4800 quze
1652 4731 1835 4802 legun-

264 4821 341 4865 tur
373 4812 514 4865 inter
549 4808 684 4865 duas
711 4823 845 4878 quas
869 4807 957 4862 hic
996 4819 1255 4859 numerus
1287 4803 1505 4859 exhibet
1530 4812 1833 4870 temporum

266 4891 527 5017 “0:331:12”
561 4948 850 5020 prce/icitur
866 4963 960 5017 pro
991 4961 1095 4999 uno
1118 4960 1277 4997 anno.
1302 4941 1453 5013 Pagi,
1484 4958 1573 4996 an.
1618 4941 1740 5012 H7,
1774 4962 1828 4999 ιι.

271 5022 350 5132 ut“:
374 5092 435 5147 D.
462 5088 683 5161 Rodrig.
709 5087 863 5158 ponit
890 5084 1044 5157 Angli
1075 5083 1193 5137 loco
1220 5082 1391 5154 angeli
1419 5097 1537 5151 cap.
1584 5082 1650 5137 Π
1688 5085 1827 5139 Hist.

265 5163 362 5274 Ar:
366 5164 541 5288 1)l.)eest
566 5230 655 5286 hic
679 5244 828 5283 num.
861 5226 927 5278 77
970 5223 1111 5295 apud
1153 5222 1317 5295 Sand.
1344 5232 1418 5295 iet
1459 5222 1512 5275 in
1545 5221 1652 5290 51.;
1683 5225 1829 5280 illum

266 5303 504 5361 exhibent
524 5317 654 5355 mss.
686 5300 747 5354 C.
782 5306 833 5352 et
869 5293 1026 5358 Mam,
1058 5295 1197 5363 apud
1228 5293 1378 5364 Pagi,
1413 5308 1506 5349 an.
1530 5295 1656 5363 746,
1687 5312 1740 5350 ιι.
1774 5297 1826 5361 9,

266 5389 324 5431 ex
356 5388 459 5450 quo
487 5372 541 5426 in
561 5371 692 5425 edit.
807 5381 1057 5422 recusnm
1076 5373 1179 5420 est.

334 5455 357 5483 ο
377 5440 534 5506 Maz.,
558 5440 877 5495 auctoribus.

335 5513 352 5553 ί
380 5515 461 5577 Β.,
502 5514 805 5582 ἰιισεδξσται.

334 5587 356 5625 ε
380 5583 468 5638 Sic
493 5578 594 5645 Mf;
625 5581 735 5645 alii,
768 5578 1103 5649 insequitant.

332 5655 355 5695 ¹²
382 5653 477 5708 Ms.
502 5654 589 5717 (1.,
628 5652 977 5704 Azimumum.

336 5727 350 5766 5
384 5724 541 5779 Uncis
562 5714 761 5775 inclusa
802 5721 993 5773 desunt
1020 5716 1070 5770 iu
1084 5715 1181 5787 11η
1209 5714 1458 5787 leguntur
1484 5717 1536 5770 in
1569 5716 1636 5770 Μ.
1670 5716 1826 5787 ct(_1.,

275 5797 354 5852 sed
382 5792 621 5849 nonnihil
659 5788 1044 5860 discrepantia;
1080 5784 1180 5855 31.,
1206 5784 1428 5859 excepta
1462 5801 1588 5844 voce
1623 5785 1829 5857 prada-

1937 4615 2207 4673 addantur
2232 4613 2316 4668 vel
2343 4612 2715 4675 detrahantur,
2763 4622 3104 4677 nequaquam
3152 4608 3252 4661 toti
3289 4621 3515 4661 summa:

1937 4744 2071 4791 rum,
2108 4736 2169 4781 ut
2200 4727 2253 4780 in
2281 4731 2449 4786 textu,
2498 4720 2591 4791 qui
2635 4727 2763 4774 tunc
2805 4718 2886 4773 sic
2929 4733 2989 4773 se
3018 4716 3198 4791 habet,
3242 4715 3512 4791 bellatores

1935 4788 2325 4868 deprwdarum,
2355 4788 2624 4868 manubiis
2647 4797 3020 4868 remanerent...
3039 4788 3125 4853 C.,
3246 4804 3367 4841 suos
3396 4788 3514 4868 pul-

1934 4858 2056 4922 chre
2076 4858 2321 4937 ferunt...
2367 4864 2433 4917 de
2453 4932 2463 4937 _
2479 4861 2777 4937 prwdqrum
2807 4858 3056 4912 manubia
3083 4867 3510 4937 firmauerant”.

1936 4926 2195 5002 Sand'.,...
2224 4953 2318 4990 suo
2348 4926 2554 5006 spulore
2580 4932 2656 5004 (id
2703 4940 2808 4996 est,
2838 4945 2961 4984 suos
3002 4927 3238 4999 pulchre)
3277 4926 3509 4996 fuerunt,

1931 5019 2037 5064 etc.

2007 5077 2022 5128 i
2074 5078 2164 5132 Sic
2200 5076 2309 5140 M.;
2342 5076 2401 5128 Β.
2432 5081 2488 5127 et
2517 5072 2683 5128 Sand.
2718 5071 2850 5141 :qui
2874 5070 3127 5124 acrivose.
3154 5106 3169 5121 .
3212 5107 3228 5122 .
3254 5067 3325 5122 56
3354 5067 3526 5122 0cta-~

1930 5150 2069 5204 viam'
2098 5164 2274 5216 regno,
2310 5154 2416 5200 etc.

2005 5220 2031 5259 ι
2071 5212 2173 5273 816
2192 5217 2261 5270 Μ.
2289 5233 2304 5283 ;
2332 5216 2392 5269 Β.
2423 5222 2479 5269 et
2503 5212 2692 5277 Sand.,
2722 5227 2850 5265 tera.

2008 5289 2027 5329 1
2068 5290 2118 5344 ls
2141 5297 2225 5343 est
2254 5277 2508 5341 numerus
2532 5296 2693 5352 quem
2725 5280 3010 5352 expressit
3039 5279 3093 5334 in
3121 5278 3387 5350 principio
3412 5277 3511 5333 bu-

2008 5297 2027 5329 ι
2070 5297 2118 5344 Is
2141 5297 2225 5343 est
2254 5299 2508 5341 numerus
2532 5297 2693 5352 quem
2737 5297 3000 5404 exgressu
3039 5298 3041 5333 λ

1927 5359 2017 5429 ius
2049 5351 2745 5431 ρδνιιειιοριιί-ηδειρμςρᾶθδ
2768 5368 2782 5417 ς
2918 5349 3041 5431 7.92.-

2003 5418 2160 5485 Im‘Sic
2183 5418 2335 5491 νιιιὲη
2385 5426 2447 5480 C.
2496 5422 2720 5494 (5950);
2771 5421 2898 5494 alii,
2931 5418 3091 5494 5955.
3150 5418 3523 5494 Hetjnendum-

1929 5499 2071 5555 5950
2102 5516 2116 5562 ;
2157 5515 2224 5554 ex
2263 5488 2472 5552 duobus
2506 5488 2672 5549 enim
2690 5491 2933 5547 numeris
2961 5489 3063 5545 754
3086 5497 3144 5545 et
3164 5488 3306 5545 5196
3327 5503 3513 5544 nume-

1932 5587 2024 5624 rus
2054 5570 2140 5623 il-le
2168 5575 2400 5624 constat.

2003 5651 2031 5745 ε
2071 5638 2590 5769 ἒῖίάἓὲὶᾳὲῗνονιιιη,
2640 5713 2695 5759 et
2736 5704 2939 5758 omittit
2987 5703 3073 5756 ubi
3122 5700 3251 5757 tales
3278 5699 3508 5770 tantique

1933 5791 2234 5837 nutaverant
2276 5780 2387 5849 τινὶ,
2415 5793 2533 5848 qur
2564 5777 2758 5832 habent
2781 5774 2947 5829 Sanzl.
2979 5782 3030 5837 et
3057 5772 3114 5827 Β.
