4020 6170
586 223 611 277 Ι
622 225 725 279 283

1413 225 1683 283 ABEDOC
1721 226 1809 281 ET
1851 223 2358 285 ETHELVOLFUS
2396 228 2710 283 ABBATES
2748 228 3052 285 HIBERNI.

3740 230 3877 288 1‘23!

654 333 897 391 Secundo
941 333 1009 390 de
1047 335 1204 393 unius
1244 337 1425 391 uxoris
1466 339 1575 393 viro
1607 338 2164 409 juvene—Synodus
2193 345 2236 402 Α
2266 343 2525 412 principis
2552 342 2666 397 sive
2694 342 2881 398 famuli
2906 361 2922 409 ;
2950 350 3007 398 et
3035 342 3302 398 sedatium
3329 359 3622 401 commune
3650 346 3723 400 de
3749 346 3877 402 sub-

583 428 771 485 eadem
795 442 810 481 :
834 426 935 494 Qui
955 442 1086 485 vero
1111 443 1332 485 accessu
1358 430 1734 487 adolescentia:
1767 432 2038 502 usque‘ad
2074 433 2170 486 tri-

585 519 845 593 gesimum
876 533 1074 573 annum
1103 519 1279 575 aetatis
1308 537 1417 577 sum
1441 523 1793 593 probabiliter
1817 524 2030 588 vixerit,
2064 540 2171 579 una

585 614 794 673 tantum
841 623 1012 664 uxore
1065 609 1274 680 virgine
1319 621 1534 682 sumpta
1576 620 1881 677 contentus,
1931 613 2171 682 quinque

582 698 742 752 annis
763 698 1129 754 subdiaconus
1145 739 1160 765 ,
1187 707 1242 754 et
1262 702 1501 771 quinque
1529 702 1686 759 annis
1710 704 1969 758 diaconus
1988 745 2002 769 ,
2034 719 2170 773 qua-

584 789 889 860 dragesimo
933 806 1076 845 anno
1112 793 1427 864 presbyter,
1472 794 1920 867 quinquagesimo
1958 794 2169 865 episco-

583 895 686 954 pus
720 892 846 939 stet.

659 971 831 1027 Tertio
873 973 938 1027 de
981 974 1262 1044 grandaeva
1308 974 1813 1046 taico.—Synodus
1855 978 2082 1033 eadem:
2109 979 2167 1033 Si

582 1078 712 1119 vero
736 1066 953 1135 grandis
975 1067 1149 1121 mtatis
1176 1067 1247 1121 sit
1278 1067 1464 1132 laicus,
1508 1076 1561 1122 et
1602 1083 1821 1125 necesse
1854 1071 1925 1125 sit
1961 1079 2023 1124 ut
2055 1071 2171 1141 cpi-

582 1172 778 1230 scopus
801 1157 920 1223 fiat;
953 1159 1171 1214 biennio
1197 1160 1269 1215 sit
1295 1160 1485 1227 lector,
1508 1162 1744 1231 quinque
1767 1163 2164 1227 subdiaconus;

582 1256 705 1316 post
726 1248 1010 1305 duodecim
1033 1264 1206 1306 annos
1232 1252 1515 1322 presbyter
1537 1253 1652 1307 sive
1677 1254 1963 1323 episcopus
1985 1254 2171 1308 subro-

581 1346 757 1409 getur.

710 1427 838 1485 CAP.
874 1427 1161 1483 sim—De
1183 1445 1242 1484 eo
1268 1430 1407 1512 quod
1433 1429 1607 1486 nullus
1634 1434 1781 1487 debet
1800 1433 2046 1504 judicare

1230 1517 1516 1571 episcopos.

652 1600 678 1628 ει
718 1554 905 1644 Gildas
933 1589 1047 1643 ait:
1073 1554 1289 1646 Habent
1315 1554 1514 1661 quippe
1541 1591 1851 1648 sacerdotes
1878 1601 1933 1648 et
1959 1592 2170 1663 episco—

2270 435 2469 489 stantia
2498 436 2676 490 omnis
2703 436 2904 490 mortui
2932 436 3189 490 dandum.

2552 546 2680 602 CAP.
2710 546 2972 601 xv.——De
2998 546 3266 600 sedatione
3291 545 3579 600 communi.

2340 658 2590 728 Synodus
2627 657 3057 728 Kartaginiensis
3090 657 3204 711 ait:
3229 656 3506 712 Sedatium
3538 672 3875 721 commune.

2268 750 2316 805 si
2351 750 2623 804 modicum
2657 748 2849 813 fuerit,
2890 748 3071 818 respui
3111 763 3219 802 non
3254 748 3447 813 debet;
3487 748 3531 802 si
3570 762 3870 817 magnum.

2267 838 2639 908 accipiendum
2683 854 2855 909 usque
2901 839 3136 909 pretium
3181 852 3379 892 vacem.
3433 837 3547 892 Hoc
3597 838 3871 894 sedatium

2268 930 2474 1002 aufugit
2506 946 2721 1002 regem,
2760 940 2817 986 et
2848 931 3160 1001 episcopum
3196 931 3289 999 qui
3325 918 3629 985 monachus
3656 938 3783 993 est,
3812 940 3868 985 et

2267 1021 2484 1077 fratres.
2516 1021 2766 1092 Synodus
2788 1021 3139 1077 Ilihcrnensis
3167 1020 3220 1074 in
3250 1021 3354 1075 hoc
3376 1019 3651 1074 sedatium
3680 1034 3863 1083 ovem,

2267 1121 2363 1168 aut
2384 1114 2616 1183 pretium
2641 1111 2756 1182 ejus
2779 1120 2978 1167 statuta
3007 1110 3353 1166 demensione
3378 1110 3614 1164 censuit.

2624 1204 2753 1261 CAP.
2790 1221 2904 1261 xvi.
2918 1203 3079 1258 —-—De
3109 1204 3492 1257 communione.

2339 1296 2588 1366 Synodus
2641 1295 2828 1350 eadem
2862 1311 2876 1348 :
2910 1292 3318 1349 Communiouis
3358 1306 3555 1346 nomen
3603 1289 3718 1346 hoc
3760 1300 3863 1356 est,

2266 1389 2525 1443 viaticum
2547 1388 2728 1451 habet,
2757 1386 2809 1440 id
2835 1393 2938 1451 est,
2971 1384 3071 1439 vite
3094 1383 3426 1447 custodiam;
3455 1381 3694 1435 custodit
3718 1381 3863 1434 extim

2268 1478 2504 1532 animam
2526 1476 2845 1546 usquedum
2876 1474 3087 1529 steterit
3118 1481 3244 1527 ante
3279 1470 3530 1535 tribunal,
3569 1471 3660 1525 cui
3700 1468 3866 1524 refert

2268 1584 2366 1625 sua
2400 1576 2562 1637 prout
2593 1566 2823 1637 gesserit
2857 1564 3094 1635 propria.
3135 1562 3246 1617 Nec
3281 1561 3634 1631 archangelns
3684 1569 3868 1630 potest

580 1676 631 1745 pi
666 1677 960 1731 terribilem
990 1676 1250 1745 judicem,
1289 1649 1375 1733 cui
1408 1649 1645 1747 pertinet
1679 1689 1735 1735 et
1771 1697 1876 1736 non
1913 1649 2070 1736 nobis
2103 1682 2167 1738 de

2287 1660 2469 1714 lucere
2495 1657 2563 1711 ad
2596 1657 2784 1719 vitam,
2818 1654 3123 1723 usquedum
3155 1649 3478 1719 judicaverit
3510 1664 3635 1703 eam
3667 1650 3821 1705 Deus
3848 1664 3867 1702 :

582 1766 685 1822 illis
725 1775 952 1838 utroque
987 1768 1184 1824 saeculo
1211 1765 1474 1837 judicare.
1513 1770 1668 1837 Item,
1708 1772 2073 1844 coepiscOpos,
2113 1783 2169 1828 et

581 1860 890 1926 coabbates,
939 1875 1150 1916 necnon
1198 1858 1573 1928 consubjectos
1620 1878 1729 1918 non
1764 1861 2012 1931 judicare
2055 1879 2170 1918 me-

582 1949 688 2005 lius
715 1958 820 2007 est.

582 2039 1039 2115 (Ἀμεινίῃ-τιὴ
1078 2042 1315 2115 ecquod
1351 2042 1496 2097 debet
1536 2041 1715 2115 electio
1748 2041 2009 2115 bonorum
2052 2051 2169 2115 post

655 2111 851 2235 obitum
899 2111 1196 2176 observari,
1243 2122 1290 2166 et
1338 2114 1509 2167 exitus
1557 2113 1676 2166 vita:
1723 2112 2008 2167 decessoris
2052 2111 2168 2183 epi-

653 2197 776 2236 scon
802 2219 818 2235 .
1244 2194 1253 2201 ’

742 2197 818 2252 Ρίο
1244 2197 1253 2201 ⁷
1926 2236 1953 2249 ε.

655 2273 685 2314 ι
724 2272 975 2345 Synodus
1006 2272 1123 2328 ait:
1155 2272 1344 2330 Nullus
1380 2275 1667 2345 episcopus
1704 2289 2073 2330 successorem
2115 2273 2168 2328 in

582 2366 694 2423 vita
724 2381 822 2421 sua
844 2364 1026 2430 faciat,
1059 2366 1154 2422 sed
1179 2374 1303 2437 post
1329 2368 1537 2423 obitum
1558 2366 1675 2436 ejus
1694 2367 1821 2422 boni
1847 2366 2049 2422 bonum
2073 2365 2172 2421 cli-

582 2465 731 2530 gant.
788 2456 922 2512 Item
968 2458 1205 2529 synodus
1261 2456 1503 2514 definivit
1551 2460 1863 2530 episcopum
1917 2457 2170 2513 ordinare

584 2561 953 2603 successorem
979 2547 1035 2601 in
1060 2546 1209 2601 exitu
1236 2547 1359 2603 vita:
1384 2561 1653 2603 consensu
1674 2546 1897 2621 synodi,
1915 2555 1971 2603 ct
1997 2546 2166 2619 regio-

581 2640 670 2695 nis
698 2639 866 2708 ipsius
892 2637 1176 2704 sententia,
1207 2652 1276 2692 ne
1303 2638 1518 2692 irritum
1546 2638 1659 2693 fiat.

655 2728 785 2785 CAP.
829 2729 1140 2784 uin—De
1182 2730 1418 2803 episcopo
1469 2730 1967 2803 excommunicando
2012 2732 2103 2803 qui

1187 2799 1362 2853 aliena
1413 2801 1573 2870 rapit.

657 2889 908 2961 Synodus
946 2904 961 2943 :
997 2889 1294 2960 Episcopus
1339 2890 1430 2959 qui
1472 2890 1694 2947 alterius
1739 2892 1975 2962 episcopi
2015 2907 2176 2963 paro-

587 2980 765 3035 chiam
798 2980 938 3051 rapit
971 2980 1522 3037 excommunicandus
1549 2991 1634 3036 est
1663 2981 1788 3054 (nisi
1817 2981 2056 3052 legitimo
2084 3000 2175 3038 or-

589 3071 716 3126 dine
746 3068 1027 3142 pmniteat)
1062 3086 1092 3124 a
1122 3085 1275 3140 pace,
1313 3079 1368 3125 et
1398 3072 1582 3139 missa,
1614 3080 1669 3127 et
1700 3089 1885 3128 mensa
1915 3073 2025 3146 (Ea:
2050 3091 2177 3129 con-

587 3164 674 3220 cil.
711 3164 953 3229 Arvern.,
978 3180 1028 3220 e.
1056 3164 1089 3219 9
1114 3174 1160 3218 et
1190 3164 1255 3231 2;
1282 3181 1399 3235 syn.
1430 3163 1674 3232 Patricii,
1705 3181 1755 3221 c.
1783 3164 1861 3237 4).

1160 3278 1253 3332 EX
1290 3277 1493 3335 LIBRO
1528 3279 1593 3334 ll.

838 3406 843 3411 ’
926 3406 992 3445 DE
1024 3407 1359 3447 PRESBYTERO
1382 3407 1482 3446 γει.
1509 3406 1834 3449 ελοειωοτε.

627 3504 756 3561 ΟΜ».
780 3520 856 3559 1x.
871 3534 941 3546 -——
957 3502 1033 3558 De
1052 3504 1219 3559 modis
1244 3503 1430 3577 quibus
1458 3520 1594 3558 nunc
1616 3502 1854 3561 Ecclesia
1880 3502 2136 3558 immolat.

661 3596 909 3666 Synodus
936 3612 949 3649 :
979 3594 1130 3650 Nunc
1183 3594 1421 3650 Ecclesia
1456 3594 1639 3650 multis
1672 3595 1847 3650 modis
1879 3593 2039 3650 offert
2072 3595 2177 3648 Do-

590 3689 736 3743 mino
764 3706 776 3740 :
807 3689 983 3758 primo
1015 3703 1114 3758 pro
1148 3688 1344 3758 seipsa,
1385 3688 1623 3745 secundo
1655 3704 1755 3758 pro
1790 3702 2178 3743 commemora-

592 3781 737 3835 tione
780 3778 909 3835 Jesu
961 3779 1163 3837 Christi
1213 3780 1304 3849 qui
1353 3778 1669 3835 dixitzﬂoc
1713 3780 1872 3850 facite
1913 3781 1969 3834 in
2007 3794 2176 3832 meam

592 3858 1130 3924 commemorationem
1167 3869 1220 3941 (I
1254 3869 1376 3924 Cor.
1418 3886 1503 3935 χι,
1544 3868 1635 3940 2-4)
1672 3886 1687 3935 ;
1729 3869 1888 3923 tertio
1924 3883 2024 3936 pro
2060 3867 2179 3921 ani-

594 3963 787 4016 mabus
813 3959 1207 4016 defunctorum.
1272 4005 1283 4015 .

593 4054 720 4110 CAP.
748 4069 857 4109 xiv.
876 4084 946 4094 —
962 4053 1039 4107 De
1058 4070 1116 4108 eo
1129 4053 1267 4125 quod
1277 4053 1527 4125 donanda
1544 4069 1667 4125 pars
1684 4052 1989 4107 substantia:
2008 4054 2177 4107 omnis

1104 4122 1293 4176 mortui
1313 4122 1684 4177 sacerdotibus.

598 4214 603 4219 ’
666 4212 914 4286 Synodus
938 4212 1287 4269 Hibernensis
1312 4213 1566 4277 decrevit,
1597 4221 1657 4267 ut
1682 4225 2007 4284 unoquoque
2034 4228 2180 4267 mor-

592 4314 702 4371 tuo,
734 4306 799 4361 de
823 4304 1123 4361 substantia
1143 4302 1262 4374 ejus
1285 4318 1413 4374 pars
1437 4303 1594 4358 detur
1622 4303 2015 4367 sacerdotibus,
2049 4303 2177 4371 quia

2271 1763 2371 1803 nec
2388 1745 2624 1801 Zabulus
2645 1745 2714 1801 ad
2733 1756 2948 1816 poenam
2973 1744 3275 1809 traducere,
3299 1741 3402 1796 nisi
3421 1741 3685 1796 Dominus
3714 1741 3870 1795 dam-

2269 1839 2481 1896 naverit
2500 1853 2643 1894 eam.

2339 1931 2471 1988 CAP.
2507 1928 2775 1987 xx.——De
2800 1927 3079 1998 superﬂuis
3099 1925 3426 1981 sacerdotum
3451 1924 3521 1979 ad
3544 1924 3801 1980 ecclesias

2954 2018 3164 2072 dandis.

2342 2109 2592 2183 Synodus
2625 2108 2863 2185 decrevit
2899 2115 2958 2162 ut
2999 2107 3253 2163 sacerdos
3290 2122 3449 2164 omne
3487 2108 3637 2177 quod
3674 2123 3867 2178 super-

2271 2198 2437 2257 fluum
2478 2202 2641 2257 habet
2677 2199 2769 2255 det
2796 2199 2855 2253 in
2882 2197 3127 2262 ecclesia,
3159 2207 3218 2254 et
3244 2207 3303 2253 ut
3324 2207 3589 2268 quantum
3619 2198 3863 2254 ecclesia

2271 2293 2560 2357 dimiserit,
2588 2299 2795 2347 tantum
2820 2289 3048 2346 ecclesia
3070 2290 3255 2345 demat
3279 2290 3348 2344 de
3376 2288 3662 2360 superﬂuis
3690 2291 3829 2359 ejus.

2271 2385 2400 2442 Car.
2441 2400 2577 2441 XXII.
2591 2381 3131 2463 —De,sace_rdotibus
3152 2390 3208 2437 ut
3230 2397 3333 2436 non
3362 2381 3629 2451 accipiant
3644 2397 3862 2434 munera

2875 2466 3194 2521 iniquorum.

2344 2549 2600 2621 Synodus
2616 2546 2862 2604 deﬁnivit
2887 2553 2948 2601 ut
2970 2546 3226 2602 sacerdos
3246 2561 3353 2601 non
3383 2544 3614 2613 accipiat
3641 2557 3867 2597 munera

2273 2640 2391 2710 ejus
2416 2638 2570 2708 cujus
2594 2638 2980 2694 conscientiam
3009 2654 3117 2693 non
3148 2638 3398 2693 noverit:
3423 2647 3688 2707 quantum
3721 2636 3869 2690 enim

2273 2733 2351 2789 illi
2395 2730 2571 2787 hostia
2618 2743 2728 2785 non
2779 2729 3020 2800 prodest,
3073 2737 3284 2785 tantum
3336 2727 3464 2783 huic
3509 2726 3653 2783 dona

2274 2814 2493 2879 uocent.

2275 2914 2406 2970 CAP.
2448 2928 2661 2983 rnvu—
2680 2911 2760 2966 De
2813 2919 3042 2983 tempore
3087 2926 3188 2983 quo
3236 2910 3422 2965 debent
3460 2908 3869 2983 ωορκ-ἀφιείβὺ

2349 2982 2566 3123 ‘e‘cc’iesia
2603 2983 2801 3048 deesse,
2851 2979 3011 3036 et'de
3055 2979 3355 3053 paenitentia
3400 2996 3584 3034 eorum
3633 2981 3681 3033 si
3736 2979 3871 3033 uitro

2387 3071 2415 3108 ε
2442 3063 2634 3107 uermt.
2800 3064 2813 3073 "

2348 3144 2596 3215 Synodus
2619 3141 2972 3198 Hibernensis
2998 3142 3238 3199 decrevit
3262 3149 3321 3196 ut
3348 3140 3606 3196 sacerdos
3623 3156 3737 3195 una
3762 3149 3874 3195 tan-

2277 3243 2390 3290 tum
2433 3236 2521 3290 die
2562 3236 2630 3291 ab
2668 3234 2895 3290 ecclesia
2932 3235 3185 3290 defuerit.
3234 3235 3293 3290 Si
3334 3235 3565 3299 duobus,
3610 3236 3872 3304 pmniteat

2278 3338 2482 3399 septem
2513 3328 2705 3384 diebus
2737 3343 2861 3383 cum
2890 3342 3030 3398 pane
3060 3338 3115 3385 et
3147 3343 3309 3397 aqua.
3354 3327 3413 3384 Si
3452 3344 3584 3384 vero
3624 3337 3871 3384 mortuus

2276 3420 2345 3472 ad
2380 3418 2668 3473 ecclesiam
2699 3418 2894 3473 allatus
2923 3418 3108 3484 tuerit,
3149 3426 3205 3472 et
3237 3417 3324 3472 ille
3356 3418 3585 3482 absens;
3620 3419 3869 3487 pmuiteri

2277 3508 2458 3571 debet,
2485 3507 2612 3577 quia
2641 3523 2815 3577 poena:
2845 3522 2969 3563 reus
2999 3507 3142 3562 illius
3167 3514 3267 3562 est.
3298 3507 3455 3574 Item,
3481 3508 3526 3562 si
3550 3523 3665 3561 uno
3694 3506 3871 3561 Domi-

2276 3599 2399 3655 nico
2434 3599 2502 3654 ab
2532 3599 2763 3654 ecclesia
2804 3597 3062 3663 defuerit,
3095 3610 3220 3670 agat
3244 3598 3622 3668 paenitentiam
3653 3614 3729 3653 xx
3764 3599 3867 3653 die-

2278 3705 2399 3744 rum
2425 3704 2551 3744 cum
2577 3703 2715 3759 pane
2746 3696 2804 3743 et
2841 3704 3018 3758 aqua:
3044 3689 3092 3743 si
3131 3703 3260 3743 vero
3296 3688 3508 3743 duobus
3540 3695 3639 3743 aut
3672 3689 3864 3750 tribus.

2277 3779 2676 3834 submovendus
2696 3779 2903 3847 honore
2929 3779 3128 3849 gradus
3157 3778 3261 3833 sui.

2278 3869 2406 3927 CAP.
2429 3886 2578 3925 xxvi.
2592 3900 2665 3910 —-
2680 3870 2755 3923 De
2774 3886 2833 3940 eo
2856 3867 2994 3940 quod
3011 3885 3114 3922 non
3139 3868 3283 3923 debet
3306 3868 3547 3940 sacerdos
3571 3869 3869 3923 existimare

2561 3940 2699 3994 dona
2722 3938 2918 4004 oblata,
2946 3956 3041 3993 sua
3064 3955 3192 4004 esse,
3215 3940 3304 3993 sed
3326 3938 3580 3992 ecclesia.

2352 4030 2599 4102 Synodus
2633 4030 2798 4085 dicit:
2827 4027 3148 4086 Sacerdotes
3180 4029 3377 4099 quibus
3408 4030 3479 4084 ab
3511 4029 3641 4084 aliis
3670 4028 3867 4098 aliquid

2284 4122 2398 4177 sive
2433 4136 2555 4176 cum
2595 4120 2825 4175 ecclesia
2863 4120 2978 4174 sive
3012 4119 3404 4188 sequestratim
3439 4119 3711 4182 donatur,
3754 4117 3869 4187 qui:

2280 4214 2384 4270 hoc
2409 4213 2499 4268 ille
2533 4212 2627 4283 qui
2663 4210 2829 4267 donat
2850 4225 2953 4281 pro
2982 4209 3351 4280 redemptione
3382 4208 3605 4275 animae,
3640 4223 3752 4263 non
3782 4221 3867 4278 prs

2281 4307 2565 4362 commodo
2611 4302 2930 4368 sacerdotis,
2957 4303 3223 4372 probatur
3269 4299 3466 4356 offerre
3487 4340 3505 4366 ,
3563 4315 3677 4355 non
3725 4298 3861 4370 quasi

594 4399 771 4456 Aaron
793 4396 1038 4453 sumebat
1057 4406 1266 4466 partem
1288 4391 1709 4463 uniuscujusque
1732 4392 2043 4460 oblationis,
2068 4394 2183 4448 sive
2212 4380 2261 4440 1)
2287 4412 2445 4452 suum
2472 4396 2774 4468 proprium,
2816 4395 2914 4450 sed
2945 4395 3100 4464 quasi
3140 4393 3423 4449 dimissum
3452 4392 3706 4448 ecclesia
3735 4406 3866 4448 con-

593 4574 675 4631 vel
688 4574 848 4630 etiam
862 4572 1303 4644 quinquagesimo
1319 4570 1612 4644 prtedicare
1624 4584 1807 4644 orsum
1819 4583 1959 4623 esse.
1973 4566 2187 4644 _Qua_m-

595 4646 780 4702 obrem
823 4637 897 4700 ita
939 4637 1069 4698 mihi
1101 4637 1369 4713 'primitiis
1399 4641 1612 4696 videtur
1641 4639 1901 4713 scriptum
1924 4651 1939 4691 :
1964 4637 2186 4708 Presby-

594 4726 675 4771 ter
695 4716 962 4785 trigesimo
980 4707 1255 4785 eliciatur,
1278 4713 1404 4784 quia
1423 4712 1480 4785 in
1499 4726 1562 4764 ea
1584 4719 1737 4764 aucte
1887 4724 1969 4778 pr.
2001 4722 2108 4762 ora.
2132 4707 2180 4762 e.

591 4778 883 4860 Ερίερᾷραε
913 4778 1582 4860 νομεῖ-,φιὶηᾴιιιισεεὶιηω
1610 4778 1874 4860 sacerdos.
1908 4847 1920 4860 .
2020 4847 2032 4860 ι
2102 4847 2117 4860 ι
2142 4847 2154 4859 _

598 4910 603 4915 .
643 4847 693 4897 ’⁸
729 4847 931 4927 Nempe
965 4854 1020 4909 in
1058 4847 1198 4927 libro
1234 4847 1504 4927 canonum
1538 4864 1698 4918 quem
1740 4847 1992 4927 Usserius
2020 4847 2073 4901 in
2093 4847 2185 4927 Διδί-

593 4917 1211 4984 bliotheca'Cottoniana
1242 4938 1302 4977 se
1325 4921 1524 4976 vidisse
1553 4917 1781 4973 testatur
1804 4918 2048 4971 Britann.
2080 4917 2187 4971 An-

594 4998 778 5066 tiquit.
1164 4991 1398 5073 Hujusce
1438 4989 1559 5045 libri
1602 5004 1867 5068 canonum
1906 4995 2184 5042 auctorem

594 5066 807 5123 Gildam
1014 5063 1325 5127 Sapientem
1353 5076 1470 5117 sive
1499 5057 1829 5114 Badonicum
1856 5057 2183 5127 appellatum

592 5066 991 5135 Gildam’vulgo
1014 5066 1325 5133 Sapientem
1353 5066 1470 5117 sive
1499 5066 1829 5114 Badonicum
1856 5066 2183 5127 appellatum

594 5144 821 5197 censent
866 5136 1158 5205 scriptores
1192 5132 1535 5188 eruditiores.
1585 5128 1707 5185 Illos
1746 5143 1909 5199 porro
1950 5141 2185 5184 canones

593 5204 827 5258 edidisse
865 5205 1080 5258 videtur
1109 5201 1296 5258 Gildas
1327 5202 1396 5257 ab
1425 5200 1676 5256 Amcrico
1714 5213 1839 5258 reae
1875 5206 2091 5258 rogatus
2126 5204 2185 5252 ut

593 5204 827 5267 edidisse
865 5204 1080 5260 videtur
1109 5204 1296 5258 Gildas
1327 5204 1396 5257 ab
1425 5204 1676 5256 Amcrico
1714 5213 1839 5266 rege
1875 5206 2091 5267 rogatus
2126 5204 2185 5252 ut

594 5276 1023 5350 scamnum
1053 5273 1379 5350 Mentis
1416 5287 1526 5350 δυο.
1557 5284 1714 5350 eam
1752 5267 2076 5350 (ἐξίδςτξιίω).
2103 5286 2186 5350 τε·

592 5338 878 5426 stauraret,
911 5347 1053 5426 sicut
1075 5345 1129 5399 in
1158 5342 1415 5426 ejusjita
1438 5338 2027 5426 referturgn..ll,gi_n_t_er
2048 5339 2181 5426 ecta

595 5408 906 5477 saticwrum
931 5417 1050 5473 ord.
1079 5408 1252 5470 sancti
1286 5411 1563 5468 Benedicti
1605 5408 1768 5479 primi
1810 5408 2016 5473 saeculi,
2058 5425 2177 5479 pag.

596 5484 703 5569 μς
719 5486 944 5569 etalibi.
972 5486 1054 5539 An
1071 5482 1598 5569 pl_u.res"exsti‘tei'ijt’tl;
1829 5478 1974 5548 quod
1997 5480 2183 5534 volunt

592 5557 859 5618 nonnulli,
890 5570 999 5609 non
1019 5550 1102 5609 esi
1124 5554 1212 5609 hic
1237 5551 1553 5608 discutiendi
1584 5550 1753 5604 locus.

666 5627 699 5667 δ
737 5625 907 5696 Hujus
929 5625 1146 5693 capitis,
1173 5624 1247 5678 ait
1270 5621 1556 5685 Acherius,
1590 5634 1716 5687 pars
1740 5619 1914 5689 prima
1942 5619 2182 5675 concinit

2287 4591 2411 4631 cum
2456 4589 2664 4630 canone
2693 4573 2765 4629 23
2802 4573 3018 4629 concilii
3050 4572 3390 4629 Antiocheni.
3432 4571 3719 4627 Posterior
3753 4586 3869 4625 vero

2286 4646 2484 4700 mendo
2511 4661 2627 4714 non;
2652 4652 2819 4707 caret,
2861 4643 3046 4712 sicque
3078 4642 3290 4698 restitui
3327 4650 3507 4714 potest
3532 4657 3623 4714 ex_
3646 4643 3869 4714 ipsomet

2288 4729 2534 4770 canone:
2564 4733 2581 4765 ι
2607 4712 2869 4769 Servetnr
2912 4710 3094 4768 autem
3140 4713 3280 4767 ritus
3320 4710 3750 4771 ecclesiasticus.
3784 4710 3868 4780 qui

2284 4786 2527 4841 continet
2549 4799 2655 4838 non
2679 4783 2837 4838 aliter
2863 4783 3061 4853 debere
3090 4782 3209 4853 ﬁeri
3235 4798 3396 4853 quam
3424 4782 3640 4853 synodo
3665 4792 3720 4837 et
3733 4780 3867 4849 judi-

2286 4856 2371 4911 cio
2397 4854 2766 4924 episcoporum
2784 4894 2797 4917 ,
2823 4851 2916 4924 qui
2942 4862 3063 4923 post
3087 4851 3323 4924 defuncti
3358 4851 3742 4924 domuitionem
3778 4865 3869 4920 po-

2289 4921 2540 4980 testatem
2581 4921 2783 4977 habent
2822 4921 3042 4991 dignum
3080 4922 3429 4991 provehendi.
3456 4942 3474 4973 ι
3520 4921 3652 4977 [hoc
3695 4930 3867 4975 autem

2282 4993 2610 5055 emendatio,
2636 5007 2705 5047 an
2732 4991 2853 5046 aliis
2880 4993 3112 5061 placeat,
3130 4992 3354 5055 nescio;
3386 4991 3871 5061 mihi,utgingem

2284 5063 2478 5127 fatear,
2506 5079 2612 5119 non
2637 5063 2831 5132 placet.
2860 5059 2996 5116 Nam
3026 5063 3131 5117 hoc
3162 5062 3341 5132 capite
3374 5061 3485 5117 duo
3514 5059 3751 5117 conferri
3786 5074 3874 5132 ca-

2285 5148 2455 5189 nones
2483 5128 2735 5203 videntur
2759 5147 2790 5185 a
2821 5145 2880 5186 se
2908 5132 3138 5203 invicem
3168 5128 3247 5185 ita
3271 5131 3660 5203 discrepantes.
3694 5138 3755 5203 ut
3778 5128 3878 5203 ali-

2283 5219 2389 5272 qua
2417 5211 2594 5257 tamen
2619 5202 2824 5272 ratione
2854 5200 3131 5256 conciliari
3163 5210 3404 5272 queant;
3445 5199 3513 5256 ac
3548 5199 3716 5271 priori

2279 5269 2405 5328 dem
2424 5313 2438 5338 ,
2476 5273 2571 5341 qui
2605 5270 2909 5343 generalior
2930 5280 3048 5343 est,
3075 5269 3346 5341 episcopis
3771 5269 3877 5323 sibi

2282 5340 2509 5414 eligere,
2526 5340 2890 5419 interdicitur,
2911 5340 3083 5419 altero
3099 5340 3229 5397 vero
3245 5342 3582 5419 permittitur
3596 5354 3725 5394 mm
3744 5353 3878 5419 cal-

2278 5409 2444 5487 sensu
2467 5412 2682 5483 synodi.
2710 5411 2929 5487 boqest
2962 5409 3341 5487 episcoporum
3375 5409 3619 5487 dusdem

2281 5483 2404 5547 ciae,
2436 5478 2591 5538 et'ex
2624 5478 2862 5551 regionis
2900 5478 3089 5551 ipsius,
3124 5478 3231 5536 hoc
3264 5490 3351 5551 est
3602 5478 3878 5551 sententia

2280 5546 2516 5632 eligere;
2551 5553 2624 5607 ita
2646 5546 2716 5632 ut
2750 5546 3010 5632 uon_ipse
3038 5550 3188 5632 solus
3224 5546 3739 5632 eligere‘videatur,
3781 5546 3879 5603 sed

2280 5619 2403 5677 cuin
2427 5623 2494 5677 iis
2513 5621 2766 5677 omnibus
2789 5621 2882 5689 qui
2906 5619 3227 5691 potestatem
3247 5619 3478 5690 eligendi
3500 5619 3727 5674 habent.

3974 250 3977 279 l
