4020 6170
348 238 490 293 128ὄ

349 352 653 414 putabunt:
680 344 804 415 quia
835 342 1042 414 justum
1080 354 1184 411 est,
1218 353 1278 401 ut
1310 347 1450 401 sicut
1488 349 1935 427 sacerdos’hahet
1963 356 2011 415 Α

342 438 586 491 ecclesiae
619 435 901 489 dimissum
926 473 941 501 ,
978 436 1053 489 ita
1086 436 1316 490 ecclesia
1346 438 1544 493 habeat
1573 438 1715 508 quod
1747 455 1927 495 sacer-

327 504 456 579 doti
480 523 823 593 relinquitur.

909 612 1007 668 EX
1034 613 1237 671 LIBRO
1268 616 1355 670 III.

958 720 1024 758 DE
1054 722 1299 762 DIACONO.

624 791 752 847 Csr.
776 793 1030 849 [IL—De
1052 795 1381 851 ordinatione
1401 797 1632 853 diaconi.

414 879 664 954 Synodus
682 897 696 936 :
713 881 846 938 Cum
869 883 1127 939 diaconus
1146 886 1444 954 ordinatur,
1470 889 1615 943 solus
1637 890 1919 960 episcopus

316 971 430 1044 [qui
466 986 588 1026 eum
622 973 891 1029 benedicit
927 990 1145 1029 manum
1187 992 1347 1047 super
1382 987 1542 1047 caput
1578 978 1694 1048 ejus
1730 988 1916 1049 ponat,

336 1060 465 1129 quia
484 1076 591 1117 non
614 1062 681 1117 ad
708 1064 1203 1133 sacerdotium,sed
1229 1068 1297 1122 ad
1334 1070 1693 1126 ministerium
1729 1088 1919 1128 conse-

336 1157 522 1204 cratur
540 1150 648 1223 (Ea:
665 1168 784 1206 can.
803 1152 838 1206 4
857 1153 1045 1209 concil.
1068 1153 1316 1228 Carthag.
1343 1155 1442 1230 tv).

614 1237 744 1295 CAP.
776 1242 1049 1297 vu._De
1073 1244 1394 1314 subjectione
1416 1246 1649 1305 diaconi.

409 1327 744 1401 Synodusza
783 1331 1000 1387 Diaconi
1041 1334 1113 1388 ita
1155 1351 1213 1391 se
1248 1339 1545 1410 presbyteri
1583 1342 1912 1411 ministrum,

336 1426 395 1473 ut
419 1418 651 1489 episcopi
675 1422 1017 1493 presbyteros
1042 1424 1325 1481 honorent.

370 1509 497 1565 Car.
527 1510 817 1566 vm.—De
842 1512 1207 1568 distributione
1226 1517 1554 1573 eucharistia:
1577 1538 1609 1574 a
1631 1520 1874 1577 diacono.

406 1600 653 1673 Synodus
679 1622 691 1657 :
720 1604 986 1660 Diaconos
1013 1614 1301 1675 praestante
1329 1611 1646 1682 presbytero
1672 1614 1914 1670 euchari-

333 1690 493 1744 stiam
521 1691 736 1763 populo,
766 1693 810 1748 si
833 1696 1127 1750 necessitas
1156 1699 1299 1768 cogit
1321 1709 1524 1770 eroget.

333 1778 461 1833 CAP.
483 1796 557 1835 ix.
575 1781 732 1836 —De
749 1783 1119 1853 praedicatione
1139 1786 1350 1842 diaconi
1372 1807 1549 1844 coram
1575 1792 1906 1864 presbyteris.

404 1866 652 1939 Synodus
684 1885 698 1924 :
730 1870 997 1927 Diaconos
1032 1873 1085 1926 in
1134 1886 1421 1946 conspectu
1465 1880 1908 1952 presbyterorum

329 1953 691 2027 interrogatus
726 1958 988 2028 loquatur.

535 2045 663 2102 Car.
692 2064 812 2104 xm.
831 2049 988 2104 —De
1012 2051 1341 2111 ordinatione
1367 2058 1696 2116 subdiaconi.

398 2134 646 2207 Synodus
669 2153 684 2192 :
708 2117 1078 2198 Subdiaconus
1118 2158 1241 2200 cum
1280 2148 1592 2218 ordinatur,
1633 2154 1759 2223 quia
1796 2170 1910 2209 ma-

324 2244 426 2285 nus
448 2229 842 2301 impositionem
865 2247 972 2287 non
995 2234 1208 2306 accipit,
1231 2246 1480 2307 patcnam
1503 2242 1570 2297 de
1605 2259 1765 2298 manu
1800 2246 1908 2316 epi-

323 2320 471 2390 scopi
496 2322 725 2390 accipiat
767 2337 989 2379 vacuam
1021 2333 1075 2380 et
1097 2326 1320 2383 calicem
1346 2345 1603 2399 vacuum;
1633 2335 1699 2390 de
1740 2351 1904 2391 manu

323 2427 453 2482 vero
475 2413 834 2471 archidiaconi
858 2418 1086 2487 accipiat
1112 2420 1384 2477 urceolum
1405 2439 1528 2480 cum
1565 2430 1906 2497 aqua-mani-

322 2502 391 2566 lc,
434 2503 488 2558 id
529 2511 634 2570 est,
679 2507 939 2577 scyphum
984 2524 1108 2565 cum
1154 2525 1316 2581 aqua,
1367 2521 1421 2568 et
1461 2531 1622 2571 manu
1668 2518 1899 2589 tergium

308 2584 459 2663 '(Lib.
501 2591 743 2649 Sacram.
783 2593 843 2651 S.
885 2595 1101 2669 Gregor.
1140 2600 1204 2654 ab
1249 2600 1394 2673 Hug.
1447 2604 1689 2662 Menard.
1724 2584 1898 2676 edit,

317 2699 438 2754 pag.
466 2684 616 2758 254).
846 2768 853 2777 ι

880 2780 975 2836 EX
1005 2782 1207 2839 LIBRO
1236 2783 1325 2840 XI.

703 2884 768 2926 DF.
801 2887 1155 2931 PECCANTIBUS
1182 2893 1276 2933 SUB
1301 2893 1494 2936 ϐηλοῦ.

383 2951 511 3010 CAP.
542 2972 623 3011 ιιι.
636 2988 708 2997 -
722 2958 797 3014 De
816 2961 1055 3016 consultu
1074 2964 1259 3033 synodi
1279 2966 1343 3021 de
1361 2966 1521 3039 lapsis
1548 2972 1817 3041 gradibus.

1246 236 1564 295 CANONES
1604 238 1889 296 SELECTI
1924 241 2023 297 ΕΣ
2054 243 2357 312 ANTIQUA
2399 246 2732 303 COLI.ECT.

3483 261 3616 315 l2“

2341 352 2468 407 CAP.
2509 355 2790 409 tim—De
2818 356 3060 413 solvendo
3082 361 3310 431 jejunio.

2102 442 2349 513 Synodus
2381 444 2513 499 dicit
2538 463 2550 497 :
2577 435 2944 504 Humanitatis
2977 466 3139 507 causa
3175 453 3369 513 melius
3402 468 3485 516 est
3519 463 3617 518 ad-

2026 534 2364 589 venientibus
2392 533 2672 602 fratribus,
2705 538 3007 595 dilectionis
3035 540 3231 598 oﬂ'erre
3260 545 3540 619 virtutem,
3562 562 3620 608 et

2026 624 2363 680 abstinentiae
2387 625 2779 682 districtionem
2816 636 2871 684 et
2908 632 3206 701 quotidiani
3246 640 3509 707 propositi
3546 644 3620 698 ri-

2024 727 2206 782 gorem
2231 714 2522 770 dissolvere
2547 731 2561 769 :
2586 717 2783 772 ctenim
2812 727 2939 776 tunc
2964 722 3192 781 Domino
3227 737 3439 799 gratum
3472 732 3616 804 jeju-

2023 805 2173 861 nium
2212 816 2323 875 est,
2365 825 2488 864 cum
2530 811 2633 866 hoc
2671 811 2936 870 fructibus
2973 817 3254 877 charitatis
3292 824 3455 881 fuerit
3493 844 3617 884 con-

2022 907 2316 968 sumptum.

2092 988 2291 1043 Eadem
2315 991 2445 1046 dicit
2472 1011 2485 1045 :
2526 993 2601 1048 De
2628 995 2957 1052 abstinentia
2984 1000 3256 1057 insolubili
3288 1021 3318 1059 a
3347 1007 3484 1063 cibis
3510 1019 3615 1065 sta-

2020 1086 2176 1131 tuunt
2202 1077 2453 1147 Romani,
2499 1090 2558 1136 ut
2576 1081 2779 1139 Christi
2810 1087 3073 1145 adventus
3101 1094 3280 1161 sponsi
3311 1096 3486 1152 nullas
3510 1115 3609 1155 no-

2019 1169 2118 1223 stri
2154 1181 2176 1208 ο
2204 1168 2393 1239 jejunii
2426 1172 2571 1244 leges
2599 1175 2857 1231 inveniat.
2891 1177 3033 1245 Quid
3059 1190 3143 1236 est
3179 1182 3322 1240 inter
3347 1184 3613 1242 Christia-

2020 1273 2146 1312 num
2173 1268 2227 1312 et
2262 1259 2617 1317 Novatianum
2646 1266 2710 1318 ‘?
2758 1265 2863 1321 nisi
2893 1270 3019 1338 quia
3054 1270 3384 1331 Novatianus
3413 1278 3430 1296 '
3462 1277 3610 1334 inde-

2016 1349 2259 1405 sinenter
2301 1353 2606 1422 abstineat,
2656 1355 3001 1417 Christianus
3050 1379 3180 1420 vero
3227 1381 3325 1435 per
3364 1375 3606 1440 tempora

2008 1435 2237 1505 jejunat,
2286 1449 2345 1493 ut
2370 1440 2537 1509 locus,
2585 1453 2640 1499 et
2669 1453 2899 1518 tempus,
2947 1459 3001 1506 et
3026 1466 3255 1521 persona
3296 1470 3393 1526 per
3424 1435 3605 1517 omnia

2013 1527 2353 1583 observetur.

2569 1601 2664 1658 EX
2688 1603 2896 1661 LIBRO
2917 1606 3055 1662 XIII.

2458 1727 2542 1768 DE
2600 1730 3144 1775 ELEEIIOSYNA.

2078 1817 2208 1872 Car.
2236 1834 2335 1874 vn.
2361 1851 2435 1863 —-
2463 1821 2539 1877 De
2563 1824 2905 1898 elemosyna,
2938 1830 3002 1884 de
3028 1830 3169 1900 furto
3191 1844 3283 1889 aut
3321 1838 3528 1907 rapina.

2080 1906 2331 1978 Synodus
2355 1928 2366 1962 :
2401 1910 2768 1985 Elecmosynze
2791 1931 2821 1969 a
2862 1919 3047 1987 spoliis
3069 1928 3162 1974 aut
3185 1936 3217 1975 a
3245 1906 3421 1992 pretio
3448 1942 3599 1982 men-

2008 1996 2144 2051 dacii
2173 2013 2279 2052 non
2309 2007 2419 2054 tam
2443 2011 2671 2070 prosunt
2700 2020 2863 2074 quam
2887 2008 2932 2062 si
2964 2024 3071 2063 non
3105 2020 3324 2080 essent;
3355 2016 3447 2071 sed
3470 2024 3597 2073 tunc

2006 2088 2198 2144 melius
2243 2098 2327 2145 est
2356 2084 2471 2146 dari
2498 2109 2661 2169 quam
2708 2095 2849 2152 inter
2880 2100 3099 2169 prepria
3141 2101 3226 2158 his
3273 2106 3351 2160 uti
3376 2147 3390 2172 ,
3442 2122 3509 2162 ne
3543 2117 3599 2165 et

2004 2180 2220 2255 propria
2259 2180 2466 2237 illicita.

2553 2274 2647 2329 EX
2674 2277 2880 2335 LlBRO
2919 2280 3037 2339 XV.

2468 2404 2536 2443 DE
2563 2403 2703 2444 CUBA
2731 2407 2832 2447 PRO
2856 2408 3111 2453 IOBTUIS.

2164 2495 2294 2553 Car.
2324 2516 2385 2553 ιι.
2415 2532 2486 2541 -
2513 2500 2593 2558 De
2611 2503 2694 2557 his
2713 2521 2809 2576 pro
2833 2508 3019 2578 quibus
3047 2511 3229 2580 o/ferri
3259 2513 3426 2569 debet.

2070 2581 2320 2654 Synodus
2360 2589 2477 2644 ait:
2514 2591 2760 2659 Quatuor
2801 2598 2974 2653 modis
3014 2599 3171 2656 offert
3206 2601 3446 2659 Ecclesia
3492 2619 3592 2675 pro

2001 2680 2284 2736 animabus
2322 2681 2720 2739 defunctorum.
2765 2686 2872 2743 Pro
2900 2687 3056 2746 valde
3088 2691 3245 2749 bonis
3290 2696 3588 2766 gratiarum

2000 2768 2239 2825 actiones
2276 2779 2430 2836 sunt,
2486 2772 2543 2827 in
2591 2775 2787 2845 quibus
2822 2779 2957 2833 nihil
2999 2779 3199 2837 oblatio
3249 2776 3411 2840 habet
3447 2787 3591 2857 quod

1998 2859 2208 2915 deleat:
2242 2878 2341 2932 pro
2365 2864 2520 2919 valde
2545 2865 2720 2929 malis,
2756 2870 3151 2929 consolationes
3179 2874 3458 2932 vivorum:
3489 2892 3588 2948 pro

1998 2965 2103 3005 non
2142 2952 2297 3007 valde
2338 2953 2496 3009 bonis
2537 2964 2596 3010 ut
2651 2956 2809 3026 plena
2858 2960 3105 3018 remissio
3156 2963 3293 3018 fiat:
3342 2980 3443 3036 pro
3479 2983 3586 3023 non

386 3041 634 3115 synodus
670 3046 1023 3107 Hibernensis
1052 3052 1324 3109 decrevi“
1353 3056 1383 3097 ι,
1412 3056 1483 3113 Ut
1510 3059 1564 3115 in
1587 3064 1896 3132 ρεηετίιη,
1919 3042 1968 3107 ρ
1998 3041 2151 3097 valde
2178 3042 2333 3098 malis
2372 3051 2432 3098 ut
2465 3044 2793 3103 tolerabilior
2820 3048 2913 3104 fiat
2940 3052 3214 3109 damnatio
3239 3054 3365 3109 ista.

314 3133 515 3191 tionem
541 3136 789 3205 exierint,
811 3149 868 3194 et
898 3140 970 3195 ibi
999 3142 1312 3202 ministrare
1337 3147 1439 3202 sub
1466 3165 1629 3204 manu
1658 3152 1888 3213 abbatis.

298 3222 613 3282 .Humanius
663 3243 792 3284 vero
835 3229 1197 3299 Hibernenses
1250 3236 1671 3307 interpretantur
1730 3260 1891 3303 causa

313 3312 602 3381 paucitatis
636 3320 996 3386 sacerdotum,
1040 3329 1100 3376 ut
1131 3332 1252 3394 post
1287 3327 1665 3395 pmuitentiam
1704 3349 1891 3391 conse—

310 3411 529 3459 crentur
554 3421 653 3477 per
677 3423 867 3464 manus
892 3411 1306 3485 impositionem,
1330 3428 1385 3474 et
1411 3420 1467 3476 in
1491 3422 1707 3481 silentio
1735 3426 1891 3481 mini-

311 3503 482 3551 strent
515 3498 614 3554 sub
647 3500 800 3571 signo
835 3505 1163 3574 pmnitentias
1196 3525 1366 3581 usque
1387 3515 1454 3568 ad
1478 3522 1727 3583 mortem,
1752 3518 1886 3574 nihil

309 3602 404 3643 sua
433 3589 702 3646 voluntate
727 3591 1000 3650 facientes.
1126 3586 1131 3595 ’

861 3686 955 3742 EX
981 3687 1184 3745 LIBRO
1210 3690 1324 3747 XII.

932 3796 998 3835 DE
1025 3796 1252 3838 JEJUNIO.

478 3866 606 3925 Car.
634 3867 859 3923 v.—De
874 3867 1079 3939 jejunio
1100 3870 1274 3926 inutili
1295 3873 1409 3927 sine
1427 3874 1701 3931 cbaritate.

373 3958 559 4015 Gildas
591 3960 705 4014 ait:
729 3959 1067 4016 Ahstiuentia
1097 3964 1457 4032 corporalium
1485 3966 1727 4045 ciborum
1760 3968 1877 4026 sine

304 4050 565 4107 cbaritate
611 4050 814 4107 inutilis
854 4059 956 4106 est.
1009 4052 1254 4110 Meliores
1301 4070 1431 4125 ergo
1473 4066 1596 4113 sunt
1634 4060 1727 4129 qui
1768 4075 1876 4119 non

302 4156 625 4212 magnopere
660 4139 922 4211 jejunant,
960 4158 1059 4198 nec
1098 4158 1259 4214 supra
1295 4146 1510 4207 modum
1554 4162 1585 4202 a
1627 4159 1875 4205 creatura

300 4229 394 4285 Dei
417 4244 477 4286 se
499 4231 786 4297 abstinent,
818 4247 912 4287 cor
932 4232 1257 4289 intrinsecus
1290 4235 1519 4290 nitidum
1555 4252 1736 4293 coram
1770 4240 1876 4296 Do-

300 4325 447 4382 mino
476 4326 705 4382 sollicite
732 4334 1026 4393 servantes,
1064 4342 1097 4382 a
1127 4343 1234 4397 quo
1270 4330 1447 4385 sciunt
1475 4331 1681 4387 exitum
1712 4333 1868 4400 vitae;

299 4432 461 4487 quam
486 4418 562 4473 illi
584 4418 675 4488 qui
696 4432 915 4475 carnem
936 4433 1046 4474 non
1066 4421 1251 4485 edunt,
1276 4437 1379 4485 nec
1392 4424 1634 4492 prandiis
1659 4426 1877 4481 saecula-

298 4509 450 4564 ribus
474 4509 826 4576 delectantur,
850 4522 1025 4579 neque
1050 4511 1311 4568 vehiculis
1331 4520 1384 4566 et
1409 4514 1562 4582 equis
1586 4515 1873 4583 vehuntur,

296 4611 394 4667 pro
418 4597 502 4653 his
520 4598 673 4669 quasi
699 4598 1004 4668 superiores
1029 4600 1240 4655 caeteris
1270 4615 1328 4656 se
1362 4610 1645 4671 putantes;
1680 4605 1876 4673 quibus

297 4705 443 4746 mors
464 4690 684 4746 intravit
707 4704 804 4761 per
824 4688 1090 4746 fenestras
1135 4691 1384 4748 elationis
1410 4691 1584 4765 (Tom.
1615 4692 1645 4750 Ι
1670 4693 1870 4749 Concil.

293 4781 474 4852 Angl.,
500 4796 555 4851 p.
579 4781 692 4852 55).

365 4944 391 4973 ⁸
428 4932 603 5004 Caput
627 4935 732 4988 hoc
758 4934 838 5004 sic
868 4932 1077 5004 restitui
1104 4939 1352 5004 oportere
1391 4940 1573 5004 censet
1608 4932 1872 5004 Acherius

292 5016 357 5084 ex
390 5002 601 5085 capit?
631 5003 843 5085 concilii
883 5002 1324 5085 Gartliaginensis
1361 5003 1536 5072 quarti
1564 5003 1871 5085 :piaconus

291 5073 440 5149 itase
457 5073 757 5153 presbyteri,
784 5081 838 5126 ut
862 5074 1088 5153 episcopi
1107 5073 1413 5153 ministrant
1428 5073 1620 5126 noverit
1641 5088 1871 5153 {verum

291 5141 595 5213 emendatio
612 5141 925 5211 'hujusmodi
951 5141 1160 5213 longius
1193 5144 1451 5213 accersita
1468 5156 1607 5213 esse
1620 5142 1866 5213 videtur,

292 5224 392 5266 nec
411 5212 545 5267 satis
560 5213 632 5291 iis
653 5210 773 5291 qua:
797 5210 1375 5291 leguntur'cqnvenire.
1423 5210 1567 5291 Idem
1582 5211 1869 5291 .Acherius

292 5289 477 5353 monet
509 5281 577 5336 ad
613 5280 788 5353 capita
832 5280 936 5353 duo
982 5283 1224 5353 proxime
1264 5281 1540 5351 sequentia
1582 5280 1867 5353 legendum

288 5324 577 5423 suam
590 5324 1862 5423 ᾤ’ἱιῖίίἷηῶ“ὄαῆὶιῐῖἔῆἔηέἑἶὶῖὲιῖἷρξέῗέἴὶόξ

361 5421 389 5459 b
426 5421 688 5502 Acherius
720 5437 855 5504 .cum
900 5421 1319 5504 videret'locum
1361 5422 1506 5504 hunc
1550 5430 1865 5504 corruptum

291 5503 428 5572 esse,
458 5490 768 5572 restituisic
791 5506 949 5572 ppssc
974 5491 1234 5572 conjeeit,‘
1258 5500 1315 5572 ut
1346 5493 1435 5561 qui
1473 5492 1526 5572 in
1560 5493 1866 5572 peregrina-

288 5560 479 5614 tionem
519 5562 738 5615 exierint
765 5560 908 5625 ,iisti
929 5601 942 5614 .
961 5601 976 5615 .
997 5560 1261 5616 ..abbatis
1298 5560 1587 5614 teneantur.
1631 5560 1866 5629 Adjecit-

290 5643 431 5698 que:
455 5630 601 5685 Parti
629 5630 782 5687 alteri
812 5632 1167 5687 adversantur
1190 5629 1475 5684 concilium
1504 5629 1777 5685 Nicmnum
1808 5644 1858 5685 e.

2552 3157 2645 3213 nx
2674 3158 2877 3216 uano
2904 3140 3042 3219 xv].

2466 3266 2548 3304 DE
2596 3266 3107 3311 TES‘I‘IIONIO.

1987 3356 2118 3412 Car.
2149 3375 2231 3414 In.
2270 3390 2341 3400 —
2375 3360 2447 3415 De
2485 3362 2570 3415 his
2608 3365 2798 3487 q‘uiétd
2835 3365 3187 3488 testimonium
3241 3385 3347 3425 non
3390 3344 3582 3426 admit-

2647 3449 2709 3487 en
2749 3452 2767 3488 ι
2793 3451 2891 3488 sun
2921 3473 2935 3488 .

2647 3449 2767 3489 enat
2793 3449 2935 3490 sunt.

2056 3523 2306 3595 Synodus
2326 3526 2700 3586 Hibernensis:
2726 3530 3115 3589 Testimonium
3140 3538 3443 3604 peccatoris
3463 3555 3570 3596 non

1984 3614 2260 3683 recipitur,
2300 3616 2390 3685 qui
2431 3616 2673 3686 quotidie
2710 3634 2871 3691 super
2910 3637 2968 3677 se
2999 3625 3363 3681 testimonium
3404 3636 3573 3685 teste-

1985 3710 2110 3770 tur;
2164 3704 2210 3759 si
2256 3719 2363 3760 non
2404 3706 2705 3776 impleverit
2739 3724 2859 3778 qua:
2897 3711 2951 3765 in
2986 3713 3256 3784 baptismo
3291 3716 3571 3775 confessus

1980 3801 2082 3860 cst,
2114 3797 2381 3864 quomodo
2404 3795 2525 3852 aliis
2548 3798 2703 3853 testis
2725 3815 2889 3857 verus
2915 3801 3245 3858 habebitur?
3286 3804 3569 3872 Quomodo

1978 3885 2270 3940 mundialis
2286 3888 2546 3943 mundum
2574 3890 2736 3945 istum
2763 3892 3138 3949 contendentis
3160 3909 3289 3966 erga
3317 3897 3567 3953 mundia-

1977 3973 2056 4031 les
2080 3989 2169 4031 res
2206 3978 2572 4034 testimonium
2604 3981 2861 4037 credibile
2905 3982 3030 4049 erit,
3087 3984 3181 4053 qui
3207 3998 3267 4041 se
3294 3994 3566 4042 mortuum

1976 4067 2178 4123 mundo
2214 4083 2320 4124 non
2347 4068 2633 4126 effecerit?
2676 4072 3065 4129 Testimonium
3092 4073 3308 4132 feminae
3335 4080 3445 4134 non
3476 4093 3567 4132 ac-

1977 4160 2207 4232 cipitur,
2252 4162 2392 4217 sicut
2434 4164 2664 4233 apostoli
2709 4165 3076 4221 testimonium
3104 4165 3425 4223 feminarum
3456 4185 3563 4225 non

1976 4260 2302 4321 acceperunt
2330 4254 2396 4308 de
2431 4257 2829 4310 resurrectione
2853 4255 3076 4312 Christi.

1977 4340 2105 4396 Car.
2147 4357 2224 4397 tv.
2268 4372 2344 4382 —
2391 4342 2469 4396 De
2493 4360 2554 4398 eo
2589 4344 3137 4466 qtuzdlaonspicienda:
3169 4356 3291 4401 sunt
3327 4364 3563 4417 persona

2625 4430 2652 4466 0
2701 4432 2733 4466 α
2794 4431 2923 4466 tum.

2625 4430 2810 4467 estanu
2816 4431 2923 4468 um.

2047 4499 2297 4572 Synodus
2325 4501 2403 4556 ait
2429 4518 2443 4555 :
2489 4499 2845 4568 Quzerendum
2871 4512 2956 4559 est
2993 4502 3149 4574 cujus
3177 4505 3249 4560 sit
3274 4521 3560 4562 conversa-

1976 4590 2137 4646 tionis
2159 4591 2203 4645 is
2228 4590 2319 4660 qui
2345 4600 2583 4656 accusat,
2613 4599 2668 4646 et
2690 4593 2736 4646 is
2755 4592 2845 4661 qui
2874 4602 3195 4649 accusatur:
3220 4596 3303 4650 vir
3326 4611 3559 4667 namque

1974 4690 2193 4737 sanctus
2226 4682 2379 4736 valde
2411 4682 2762 4737 excellentior
2784 4692 2869 4738 est
2892 4684 3082 4738 horum
3106 4683 3419 4752 iuramento
3450 4688 3559 4759 (Ex

1973 4771 2160 4826 concil.
2193 4770 2442 4843 Carthag.
2482 4787 2555 4837 tv,
2589 4789 2704 4843 cap.
2737 4771 2848 4844 96).

1975 4922 2071 4995 IO;
2100 4921 2413 4995 Carthagin.
2443 4939 2519 4988 1v,
2546 4939 2594 4980 c.
2622 4923 2691 4979 68
2707 4923 3070 4995 ;__Toletanum
3095 4938 3133 4995 ι,
3162 4921 3472 4995 tapJ-l3,
3496 4933 3552 4980 et

1970 4993 2567 5076 alia._.l"orte;syn9dus
2595 4995 2700 5076 illa.
2715 4993 3062 5049 Hibernensis
3158 4994 3397 5076 indulget
3431 5009 3549 5076 sere

1970 5064 2131 5118 vandi
2156 5062 2385 5144 alicujus
2408 5064 2735 5147 discriminis
2762 5079 2920 5147 causa
2942 5063 3278 5147 Aptenitentes
3315 5062 3457 5147 inter
3492 5075 3547 5147 et

1971 5141 2194 5216 ceteros
2215 5134 2307 5202 qui
2344 5136 2821 5203 promovebuntur,
2853 5142 3092 5215 statuens
3129 5142 3195 5216 ut.
3225 5143 3339 5203 post
3381 5134 3548 5216 poeni-

1968 5204 2183 5274 tentiam
2221 5212 2583 5274 consecrantur
2614 5220 2705 5274 per
2735 5218 2920 5258 atauus
2964 5204 3365 5274 impositionem,
3406 5212 3455 5256 et
3490 5206 3547 5259 in

1966 5272 2172 5352 silentio
2196 5273 2506 5352 ministrent.
2543 5344 2555 5352 _
2615 5272 2622 5274 ⁷
2709 5344 2719 5352 _
2859 5343 2870 5352 _
2982 5342 3004 5352 Δ
3036 5272 3042 5274 Ἴ
3073 5341 3085 5352 ,
3139 5342 3152 5352 _
3240 5341 3252 5352 ,

2036 5354 2059 5381 ο
2092 5342 2175 5422 An
2221 5341 2394 5422 nullas
2702 5342 3008 5422 inveniath
3056 5341 3322 5422 Acherius
3362 5351 3545 5422 monet

1965 5410 2247 5494 Novatiani
2271 5411 2704 5495 _l.oco‘legendum
2742 5427 2862 5468 esse
2894 5411 3163 5495 Ignarus,
3212 5411 3343 5495 quia
3362 5411 3541 5495 Augu-

1964 5482 2141 5537 stinus
2166 5481 2241 5536 ait
2269 5481 2363 5536 lib.
2395 5483 2460 5536 de
2495 5481 2720 5545 Haeres,
2751 5496 2870 5604 cap.
2901 5480 2992 5546 25,
3021 5480 3277 5535 Tatianos
3302 5480 3415 5536 sive
3441 5480 3547 5535 En—

1964 5552 2192 5604 craticos
2214 5551 2471 5604 carnibus
2497 5551 2643 5604 vesci
2683 5566 2789 5604 non
2840 5550 3002 5604 icere.
3043 5552 3150 5604 imo
3178 5564 3300 5604 esse
3340 5551 3542 5604 abomi-

1961 5552 2192 5607 craticos
2214 5551 2471 5606 carnibus
2497 5551 2643 5607 vesci
2683 5566 2789 5607 non
2818 5550 3002 5616 licere,
3043 5552 3150 5606 imo
3178 5564 3300 5606 esse
3340 5551 3542 5607 abomi-

1959 5620 2166 5678 nabiles
2192 5620 2508 5677 asseruisse.
