4004 6172
434 285 577 361 ¹ηδτ

585 415 719 471 Car.
745 429 820 468 vi.
846 440 918 452 —
941 411 1018 466 De
1042 410 1310 465 catholicis
1339 422 1527 466 temere
1548 413 1877 466 testantibus.

1206 364 1221 369 _
1264 287 1532 345 ABEDOC
1569 285 1657 341 ET
1696 282 2108 339 ETIIELVOLF
2118 282 2203 338 US
2237 278 2550 336 ABBATES
2588 275 2893 333 HIBERNI.

2051 413 2103 471 Α
2128 414 2439 461 namentum
2477 405 2601 459 lecti
2628 403 2710 459 sui
2744 421 2757 456 :
2799 416 2900 456 nec
2927 399 3224 470 quidquam
3251 397 3442 453 horum
3484 398 3748 453 ralditur

3589 276 3737 334 129.8

517 500 765 577 Synodus
786 501 1133 561 Hibernensis
1159 515 1174 555 :
1206 500 1265 555 Si
1297 516 1426 557 vero
1459 502 1643 557 caeteri
1669 499 1861 569 jurare
1911 501 2032 556 ausi
2133 498 2189 553 in
2215 497 2320 553 alia
2348 497 2526 553 debita
2553 514 2567 562 ;
2614 496 2740 567 quia
2768 493 2982 564 corpori
3010 491 3131 562 ejus
3159 499 3414 561 tanquam
3440 491 3743 545 vernacula

447 595 648 655 fuerint
683 593 827 664 quod
853 592 1123 664 ignorant,
1164 600 1220 647 et
1246 592 1389 662 quod
1430 592 1707 648 dubitatur
1755 607 1785 645 a
1824 591 2030 660 multis,

448 696 629 742 utrum
659 685 730 740 sit
752 698 939 740 verum
965 699 1033 737 an
1072 697 1199 749 non,
1230 691 1519 754 sequentes
1543 699 1637 739 eos
1668 684 1759 753 qui
1796 682 2033 737 mundia-

446 778 526 834 les
553 785 678 834 sunt
707 793 722 843 ;
762 774 1058 846 pmniteant
1089 773 1359 846 jejunium
1395 788 1583 830 eorum
1614 774 1705 844 qui
1733 772 2035 845 perjurium

443 868 645 939 iurant,
689 868 781 938 qui
822 866 1096 921 audaciter
1131 866 1342 921 animas
1376 881 1502 921 suas
1529 866 1585 920 in
1628 880 1820 920 manus
1849 879 2037 933 repro-

447 963 641 1017 borum
686 960 1061 1015 tradiderunt.’

447 1050 575 1118 Car.
609 1065 684 1105 lx.
709 1079 784 1091 —
809 1048 885 1103 De
922 1049 1215 1104 testimonio
1254 1048 1482 1102 timendo
1517 1048 1675 1102 etiam
1715 1064 1747 1101 a
1772 1045 2032 1118 pluribus.

520 1139 767 1211 Synodus
796 1155 810 1193 :
858 1139 1179 1194 Timendum
1208 1146 1294 1194 est
1330 1139 1491 1193 etiam
1525 1138 1891 1196 testimonium
1918 1136 2039 1206 plu-

447 1230 726 1293 rimorum,
767 1229 810 1284 si
852 1229 1033 1294 amici,
1074 1236 1167 1283 aut
1203 1229 1466 1293 audaces,
1515 1236 1606 1281 aut
1634 1227 1809 1297 pretio
1835 1241 2040 1296 praeve-

449 1327 684 1381 niantur.
735 1324 863 1380 Inde
898 1324 1133 1379 dicitur:
1168 1321 1393 1376 Munera
1430 1330 1692 1375 exca'cant
1732 1319 1911 1374 oculos
1954 1336 2041 1373 sa-

448 1417 680 1489 pientum
705 1431 723 1469 :
755 1414 882 1468 hinc
910 1420 964 1467 et
999 1419 1166 1467 testes
1194 1409 1611 1465 resurrectionis
1635 1409 1811 1480 pretio
1852 1424 2041 1463 corru-

452 1506 550 1575 pti.
581 1503 778 1559 falsum
806 1501 1177 1558 testimonium
1205 1500 1479 1555 dixerunt.

540 1594 668 1649 Car.
707 1611 826 1648 xui.
856 1623 924 1632 -—
954 1592 1031 1647 De
1059 1591 1263 1645 duobus
1290 1592 1413 1646 viris
1446 1589 1944 1645 contradicentibus.

2132 588 2420 645 debentur.

2412 680 2543 735 CAP.
2571 693 2670 733 vn.
2703 706 2775 717 -
2804 674 2881 729 De
2913 683 3121 728 mor:uo
3162 670 3450 726 retinendo.

2205 770 2457 842 Synodus
2482 769 2670 824 eadem
2696 784 2709 821 :
2743 764 3061 834 Quicunque
3090 762 3402 817 discesserit
3429 761 3493 815 de
3521 774 3621 815 sua
3650 774 3747 815 ee:

2134 860 2321 924 clesia,
2351 868 2407 914 et
2435 859 2491 913 in
2535 857 2641 913 alia
2665 854 2896 912 ecclesia
2922 852 3170 924 sepultus
3215 850 3399 916 fuerit,
3431 849 3589 918 cujus
3607 865 3747 919 pro-

2133 950 2371 1020 pinquus
2404 947 2627 1002 veniens
2655 959 2854 1015 corpus
2877 940 3078 997 mortui
3109 946 3320 994 mutare
3347 937 3555 999 volens.
3589 936 3748 990 dabit

2135 1043 2370 1113 pretium
2393 1040 2627 1111 sepulcri
2656 1037 2892 1109 prioris;
2938 1036 3045 1090 hoc
3069 1042 3153 1087 est
3184 1046 3406 1086 vaccam
3432 1070 3446 1093 ,
3491 1036 3551 1086 et
3576 1028 3751 1083 vesti-

2138 1141 2380 1188 mentum
2404 1129 2521 1200 ejus
2570 1143 2895 1193 commune;
2948 1133 3003 1181 ct
3028 1123 3241 1195 rogabit
3276 1122 3583 1192 principem
3615 1113 3746 1185 loci,

2137 1234 2199 1280 ut
2218 1225 2500 1281 basilicam
2521 1221 2640 1292 ejus
2671 1219 2886 1276 foderit.
2936 1214 2991 1273 Si
3016 1232 3148 1272 vero
3174 1216 3363 1270 eadem
3405 1211 3613 1268 familia
3642 1210 3746 1265 mi-

2139 1316 2467 1372 serationem
2491 1313 2687 1367 animm
2708 1309 2827 1380 ejus
2852 1308 2908 1363 in
2935 1307 3023 1363 die
3043 1323 3118 1361 vn
3143 1304 3354 1367 fecerit,
3386 1303 3579 1358 reddet
3606 1300 3750 1355 ami-

2140 1423 2236 1463 cus
2266 1404 2503 1476 pretium
2525 1402 2661 1472 ejus,
2705 1410 2760 1457 et
2803 1399 3071 1456 sedatium
3103 1409 3411 1453 commune.
3461 1393 3520 1447 Si
3554 1409 3749 1448 sacer-

2142 1496 2240 1552 dos
2267 1493 2643 1566 postulaverit,
2688 1490 2768 1546 sic
2811 1490 2917 1545 erit
2955 1487 3058 1542 etsi
3093 1485 3390 1541 monachus
3437 1482 3644 1548 fuerit;
3699 1483 3751 1537 si

2142 1565 2634 1655 veroiperegrinus,
2683 1565 3066 1636 vestimentum
3103 1577 3359 1632 dimittet.
3386 1575 3446 1630 In
3470 1573 3596 1629 Vita
3627 1589 3755 1628 mo—

523 1685 813 1756 Synodus:
863 1682 963 1750 Qui
1008 1681 1144 1737 falso
1180 1689 1440 1737 accusant
1479 1680 1677 1735 fratres
1701 1722 1716 1746 ,
1760 1695 1932 1750 usque
1971 1680 2041 1735 ad
2145 1677 2479 1732 nacborum:
2530 1674 2758 1742 Quidam
2790 1672 3022 1728 clericus
3048 1671 3101 1725 in
3131 1670 3306 1726 aliena
3342 1667 3574 1724 ecclesia
3623 1681 3751 1721 nio-

453 1777 656 1832 exitum
682 1774 806 1829 vita:
840 1774 947 1829 non
974 1771 1398 1828 communicent.

974 1882 1067 1936 EX
1106 1881 1308 1937 LIBRO
1348 1881 1510 1937 XVII.

989 1989 1055 2026 DE
1100 1988 1504 2028 OBLATIONIBUS.

453 2064 580 2121 Ωιι».
609 2079 693 2119 ιιι.
739 2093 809 2101 -
844 2060 922 2116 De
951 2062 1030 2115 his
1064 2061 1230 2115 tribus
1269 2061 1442 2115 causis
1473 2061 1565 2130 qui
1606 2061 1875 2115 retrahunt
1915 2077 2045 2115 san-

1055 2130 1286 2200 ctiﬁcata
1312 2130 1441 2185 Deo.
1519 2166 1523 2170 -

525 2223 774 2296 Synodus
798 2239 810 2276 :
857 2220 960 2289 Qui
989 2221 1264 2276 subtrahit
1287 2221 1494 2277 hostias
1522 2221 1819 2276 catholicas
1841 2220 2049 2276 sancti-

453 2317 660 2380 ﬁcatas,
695 2312 1214 2368 excommunicetur.
1262 2312 1431 2367 Item:
1465 2311 1835 2382 Quodcunque
1861 2313 2045 2368 datum

454 2406 620 2462 fuerit
657 2405 712 2460 in
738 2403 979 2459 Ecclesia
1006 2403 1122 2469 Dei,
1151 2418 1477 2474 quocunque
1493 2404 1651 2459 modo
1680 2418 1787 2458 non
1813 2404 2048 2473 patimur

453 2500 523 2554 ab
557 2497 798 2554 Ecclesia
820 2495 1067 2552 alienari.

455 2588 583 2646 CAP.
620 2605 673 2643 ν.
702 2616 775 2628 —-
799 2586 876 2641 De
902 2587 1143 2660 Ecclesia
1171 2589 1454 2660 humanius
1488 2598 1673 2660 agente
1707 2603 1826 2643 cum
1853 2588 1937 2642 his
1955 2589 2046 2659 qui

941 2658 1214 2712 retrahunt
1250 2658 1559 2714 oblationes.

529 2749 822 2821 Synodus:
878 2747 1066 2805 Omnis
1112 2749 1204 2819 qui
1254 2750 1416 2805 audet
1457 2750 1759 2807 oblationes
1786 2752 1897 2807 Deo
1924 2767 2049 2808 san-

459 2840 721 2895 ctillcatas
749 2837 983 2903 auferre,
1022 2839 1307 2895 conﬁrmet
1348 2840 1578 2896 Domino
1618 2842 1764 2911 quod
1796 2843 2045 2910 retraxit,

462 2934 554 2985 aut
578 2926 997 2987 satisfactionem
1025 2944 1120 2999 per
1146 2930 1524 2999 paenitentiam
1549 2930 1795 3002 recipiat.

982 3018 1076 3073 EX
1111 3018 1313 3074 LIBRO
1342 3019 1524 3076 XVIII.

951 3125 1016 3164 DE
1047 3126 1176 3164 JUBE
1201 3126 1547 3167 SEPULTUIL—E.

467 3202 593 3258 Car.
624 3217 685 3255 ιι.
723 3230 795 3241 --
832 3200 909 3255 De
941 3200 1163 3323 coquo;
1185 3201 1241 3254 in
1273 3200 1509 3324 sepulcro
1550 3215 1767 3275 paterno
1804 3206 2053 3279 sepelien-

1159 3287 1248 3323 um
1277 3289 1330 3324 es
1359 3313 1372 3324 .

1159 3287 1248 3323 um
1277 3287 1372 3326 εει.

496 3349 505 3358 ’
536 3363 785 3436 Synodus
807 3362 1044 3420 decrevit
1068 3380 1083 3417 :
1127 3363 1225 3418 Vir
1248 3364 1363 3420 sive
1388 3365 1583 3422 mulier
1607 3367 1663 3422 in
1703 3383 1803 3425 suo
1827 3378 2056 3439 paterno

469 3455 712 3527 sepulcro
738 3453 1047 3526 sepeliatur.
1090 3454 1299 3509 Dicitur
1315 3456 1495 3511 enim:
1539 3458 1855 3515 Maledictus
1885 3465 2055 3519 omnis

470 3549 622 3603 homo
667 3546 757 3618 qui
789 3561 894 3602 non
939 3544 1189 3616 sepelitur
1233 3547 1292 3600 in
1332 3547 1569 3618 sepulcro
1598 3559 1810 3621 patrum
1837 3550 2055 3607 suorum

471 3638 653 3709 (Deut.
685 3652 762 3701 lx,
788 3634 866 3707 6).

469 3733 598 3786 Car.
629 3745 713 3784 ιιι.
741 3756 815 3769 --
831 3727 909 3782 De
932 3744 992 3783 eo
1021 3728 1161 3804 quod
1181 3728 1328 3804 debet
1353 3730 1507 3786 homo
1524 3732 1735 3804 sepeliri
1760 3733 1816 3789 in
1839 3734 2058 3792 ecclesia

989 3799 1074 3852 cui
1102 3801 1389 3855 monachus
1414 3810 1513 3856 est.

538 3889 788 3959 Synodus
831 3886 1060 3942 statuit:
1113 3885 1171 3941 Si
1212 3889 1335 3957 quis
1367 3889 1424 3945 in
1466 3891 1697 3948 ecclesia
1736 3895 2062 3965 conjunctus

473 3983 660 4046 fuerit,
697 3983 753 4036 in
784 3995 848 4036 ea
882 3981 1191 4050 sepelietur.

2070 3129 2119 3193 C

2147 1770 2293 1825 riens
2318 1768 2431 1824 illic
2451 1767 2695 1838 sepultus
2718 1775 2824 1830 est,
2852 1765 3171 1836 propinquis
3208 1779 3339 1818 vero
3380 1761 3499 1831 ejus
3542 1777 3753 1831 corpus

2146 1861 2453 1933 petentibus
2492 1873 2599 1913 non
2625 1866 2709 1913 est
2752 1856 3057 1919 dimissum,
3104 1856 3197 1909 sed
3224 1853 3424 1909 obnixe
3467 1861 3751 1907 retentum

2146 1960 2248 2007 est.
2278 1950 2406 2006 Inde
2430 1949 2497 2004 ad
2514 1949 2711 2008 Ovium
2730 1948 3047 2017 episcopum
3066 1946 3320 2001 euntibus
3337 1943 3476 1999 dixit
3497 1962 3510 1996 :
3535 1956 3641 1997 nec
3673 1956 3754 1996 re-

2147 2043 2427 2108 tinendus,
2457 2057 2558 2098 nec
2593 2040 2950 2097 dimittendus
2975 2052 3196 2093 vacuus.

2705 2130 2800 2186 EX
2830 2128 3038 2186 LIBRO
3064 2128 3181 2183 XX.

2742 2237 2810 2276 DE
2841 2233 3149 2276 PROVINCIA.

2146 2314 2277 2373 Car.
2311 2330 2366 2371 ν.
2394 2343 2467 2355 -
2506 2314 2587 2370 De
2613 2313 2800 2369 alienis
2846 2313 3124 2435 prpivinciis
3171 2310 3432 2367 adeundis
3474 2309 3548 2364 ad
3594 2309 3753 2380 judi—

2818 2400 2917 2435 can
2958 2399 3065 2435 um.

2818 2399 3065 2437 canaum.

2216 2477 2487 2534 Patricius
2516 2477 2629 2532 ait:
2674 2474 2733 2531 Si
2759 2475 3086 2545 quaestiones
3130 2474 3184 2527 in
3231 2474 3334 2529 hac
3361 2472 3540 2526 insula
3566 2470 3751 2525 orian—

2148 2583 2257 2638 tur,
2286 2575 2355 2628 ad
2379 2572 2562 2628 sedem
2582 2568 2934 2639 apostolicam
2963 2565 3265 2622 referantur
3291 2564 3347 2637 (Ι
3351 2575 3467 2620 nter
3489 2561 3749 2636 Opuscul.

2150 2663 2396 2726 Patricii,
2433 2678 2552 2716 can.
2582 2659 2661 2731 6).

2694 2749 2792 2806 EX
2820 2747 3026 2805 LIBRO
3053 2748 3197 2804 XXI.

2781 2845 2847 2883 DE
2884 2843 3110 2883 JUDICIO.

2258 2922 2388 2977 Car.
2417 2936 2515 2976 xu.
2542 2949 2614 2960 —
2637 2918 2715 2975 De
2729 2916 3292 3043 judi‘llrillt’uztEcclesia:
3309 2915 3495 2988 quales
3521 2918 3646 2987 ﬁeri

2885 3007 2913 3043 e
2946 3007 2974 3043 e
3037 3029 3051 3042 .

2885 3007 3051 3044 εοεηι.

2223 3083 2492 3140 Patricius
2514 3084 2591 3138 ait
2610 3082 2920 3155 (Proverbia
2945 3080 3007 3136 S.
3038 3079 3279 3145 Patricii,
3307 3081 3449 3135 inter
3469 3080 3754 3152 Opuscut.,

2152 3192 2207 3249 p.
2228 3176 2327 3249 49)
2353 3194 2366 3229 :
2398 3175 2516 3231 Non
2540 3181 2754 3245 oportet
2767 3171 2978 3241 judices
2995 3171 3254 3227 Ecclesia:
3268 3172 3472 3228 habere
3496 3174 3753 3228 timorem

2156 3269 2455 3334 hominum,
2497 3266 2594 3321 sed
2636 3266 2890 3320 timorem
2915 3265 3042 3329 Dei,
3088 3264 3213 3333 quia
3240 3266 3399 3318 timor
3427 3262 3529 3318 Dei
3557 3265 3754 3335 princi-

2153 3359 2299 3429 pium
2340 3356 2611 3427 sapientia:
2643 3364 2717 3409 est
2756 3353 2938 3426 (Prov.
2966 3370 3005 3419 ι,
3031 3354 3106 3426 7).
3139 3353 3256 3409 Non
3295 3361 3513 3425 oportet
3538 3353 3753 3423 judices

2155 3450 2412 3505 Ecclesiae
2433 3449 2529 3504 Dei
2555 3450 2753 3504 habere
2782 3448 3104 3517 sapientiam
3133 3447 3317 3503 mundi
3345 3465 3359 3502 :
3389 3449 3519 3518 quia
3548 3450 3752 3520 sapien-

2157 3544 2232 3597 tia
2260 3542 2445 3597 mundi
2492 3540 2716 3597 stultitia
2758 3550 2836 3596 est
2868 3543 3011 3614 apud
3050 3542 3218 3598 Deum
3264 3543 3319 3615 (Ι
3347 3543 3474 3598 Cor.
3507 3561 3597 3611 ιιι,
3648 3544 3749 3615 l9),

2158 3633 2252 3688 sed
2278 3633 2600 3702 sapientiam
2630 3632 2727 3687 Dei
2768 3633 2987 3688 habere.
3036 3632 3154 3689 Non
3184 3644 3398 3705 oportet
3420 3635 3634 3705 judices
3654 3637 3754 3692 Ec-

2158 3724 2337 3779 clesia:
2356 3739 2581 3779 munera
2610 3725 2903 3793 suscipere,
2927 3726 3053 3794 quia
3078 3741 3297 3780 munera
3326 3738 3599 3782 exerceant
3630 3746 3751 3783 ocu-

2158 3812 2236 3867 los
2262 3814 2576 3883 sapientium
2614 3824 2663 3866 et
2690 3824 2892 3868 mutant
2922 3815 3072 3869 verba
3108 3816 3378 3886 justorum
3408 3817 3595 3888 (Deut.
3638 3834 3752 3881 nx,

2158 3905 2237 3977 6).
2266 3906 2382 3960 Non
2405 3913 2619 3975 oportet
2641 3904 2851 3975 judices
2876 3906 3133 3963 Ecclesiae
3162 3909 3363 3964 habere
3382 3924 3676 3978 personam
3702 3913 3755 3966 in

2155 3995 2379 4065 judicio,
2410 3995 2535 4066 quia
2563 4011 2665 4049 non
2689 4005 2765 4051 est
2791 3999 3022 4068 acceptio
3046 4014 3388 4069 personarum
3415 4000 3563 4070 apud
3588 4001 3755 4054 Βειωι

542 4071 790 4142 Synodus
830 4071 1222 4127 Hiberneusis:
1258 4072 1554 4130 Monachus
1581 4091 1704 4131 cum
1733 4077 1788 4132 in
1826 4077 1936 4131 vita
1962 4093 2058 4133 sua
2162 4087 2378 4159 (Ephes.
2408 4104 2481 4155 vt,
2517 4087 2596 4159 9).
2639 4087 2756 4144 Non
2795 4099 3008 4161 oportet
3035 4089 3250 4158 judices
3289 4090 3554 4148 Ecclesia:
3580 4102 3759 4149 caute-

473 4164 776 4220 libertatem
817 4169 1039 4233 propter
1070 4160 1371 4230 jnssionem
1397 4166 1612 4223 abbatis
1639 4183 1746 4225 non
1787 4169 2058 4236 habuerit,

473 4264 679 4326 quanto
707 4254 879 4326 magis
905 4256 960 4309 in
988 4256 1208 4311 morte?

2165 4178 2275 4232 lam
2318 4178 2632 4233 saecularem
2667 4180 2872 4234 habere
2896 4221 2912 4247 ,
2957 4183 3051 4237 sed
3093 4182 3340 4254 exempla
3371 4184 3580 4252 divina,
3629 4203 3761 4259 quo-

2163 4268 2308 4323 niam
2335 4284 2438 4321 non
2463 4276 2661 4339 oportet
2678 4285 2879 4324 servum
2892 4269 2992 4325 Dei
3014 4282 3224 4326 cautum
3245 4289 3375 4339 esse,
3406 4274 3487 4330 vel
3500 4287 3757 4331 astutum.

473 4368 602 4426 CAP.
637 4368 879 4424 νιν-οε
904 4367 1172 4440 sepultura
1195 4368 1428 4453 eius'qui
1465 4388 1521 4425 se
1553 4372 1756 4428 duobus
1791 4375 2052 4431 abbatibu:

2164 4359 2283 4453 rion
2307 4367 2522 4430 oportet
2546 4359 2762 4416 iudices
2786 4361 3044 4419 Ecclesia:
3077 4373 3184 4419 tam
3217 4365 3434 4422 veloces
3458 4382 3586 4425 esse
3606 4370 3664 4425 in
3675 4371 3763 4440 jib

1086 4451 1377 4510 conjunxit.

545 4530 794 4604 Synodus
816 4531 1202 4586 Hibernensis:
1230 4531 1288 4587 Si
1313 4533 1435 4603 quis
1461 4535 1921 4592 commendaverit
1946 4539 2064 4594 ani-

479 4647 625 4688 mam
654 4644 806 4685 suam
849 4636 903 4684 et
931 4642 1143 4697 corpus,
1187 4636 1244 4684 et
1288 4630 1470 4685 omnia
1496 4645 1618 4700 qua:
1644 4631 1812 4687 habet
1839 4632 1966 4695 Deo,
2009 4639 2065 4687 et

477 4719 731 4793 principi,
764 4719 924 4773 idest
953 4717 1135 4773 abbati
1162 4724 1350 4774 sancto
1387 4737 1400 4773 :
1452 4728 1506 4773 et
1546 4720 1592 4775 si
1637 4728 1825 4791 postea
1870 4722 2066 4777 exierit

482 4813 550 4868 ad
575 4810 804 4867 alterum
837 4810 1108 4874 abbatem,
1144 4817 1199 4863 et
1233 4811 1692 4866 commendaverit
1719 4811 1795 4867 illi
1824 4813 2063 4868 animam

480 4920 654 4969 snam,
686 4909 742 4958 et
768 4902 948 4959 omnia
988 4916 1109 4971 quae
1131 4901 1370 4970 possidet
1393 4919 1408 4966 ;
1440 4900 1596 4970 cujus
1619 4912 1781 4958 erunt
1804 4905 1922 4960 haec
1942 4920 2063 4959 om-

480 4995 611 5051 nia?
646 4991 843 5064 prioris
870 4992 1058 5063 utique
1084 4992 1294 5049 abbatis
1320 4993 1504 5049 omnia
1532 5010 1651 5059 sua,
1682 4995 1729 5049 si
1760 5003 1939 5051 tamen
1965 5012 2064 5054 vo-

483 5095 595 5141 tum
620 5083 737 5154 ejus
759 5084 852 5139 illo
875 5084 1091 5140 vivente
1128 5099 1235 5139 non
1266 5086 1452 5140 tacuit.
1489 5084 1791 5142 Novissime
1816 5103 1944 5144 vero
1967 5089 2065 5145 ab-

481 5177 593 5234 bati
623 5177 948 5247 relinquitur
993 5184 1048 5233 et
1076 5192 1271 5248 corpus
1297 5175 1434 5245 ejus,
1461 5185 1516 5232 ct
1542 5179 1922 5235 vestimentum
1941 5221 1957 5247 ,
2007 5188 2063 5237 et

480 5286 669 5341 equus,
711 5277 766 5325 et
789 5283 952 5325 vacca
977 5285 991 5323 :
1020 5266 1105 5322 vel
1126 5268 1172 5323 si
1202 5268 1335 5322 tanti
1362 5268 1583 5324 honoris
1604 5264 1787 5333 fuerit,
1811 5269 1916 5325 duo
1938 5271 2063 5340 equi

481 5375 605 5417 cum
635 5375 821 5425 curru,
851 5367 908 5415 et
931 5365 1311 5414 ornamentum
1342 5358 1425 5413 sui
1456 5358 1637 5414 lectuli
1663 5366 1719 5414 et
1742 5375 1840 5414 vas
1867 5358 1934 5414 de
1956 5375 2063 5430 quo

482 5451 729 5508 biberat:
770 5459 948 5505 tamen
977 5450 1127 5521 prior
1169 5450 1338 5505 abbas
1375 5448 1571 5505 offerre
1603 5465 1702 5520 pro
1732 5450 1909 5504 anima
1946 5465 2064 5505 mo-

484 5542 641 5596 nachi
669 5542 752 5597 sui
777 5541 1107 5596 discedentis
1129 5541 1198 5596 ah
1224 5554 1291 5597 eo
1313 5540 1491 5597 debet.

551 5630 751 5685 Eadem
794 5633 1063 5702 synodus:
1103 5631 1274 5688 Omne
1299 5647 1493 5701 corpus
1519 5631 1786 5702 sepultum
1828 5632 1991 5687 habet
2014 5632 2068 5688 in

478 5718 600 5790 jure
619 5735 718 5777 suo
744 5737 979 5790 vaccam,
1028 5732 1082 5779 et
1109 5737 1326 5792 equum,
1359 5732 1414 5777 et
1442 5723 1843 5787 vestimentum,
1882 5733 1931 5777 et
1975 5740 2061 5779 or-

2166 4449 2328 4516 dicio,
2354 4451 2525 4506 donec
2545 4452 2718 4507 sciant
2745 4454 2888 4522 quod
2909 4456 3138 4524 probum
3168 4456 3300 4524 ﬁat;
3338 4458 3469 4528 quia
3495 4462 3760 4533 scriptum

2169 4551 2290 4597 est:
2328 4540 2453 4596 Noli
2473 4543 2643 4613 judex
2670 4561 2779 4600 esse
2807 4547 2910 4600 cito
2943 4547 3133 4619 (Eccli.
3165 4564 3262 4615 vn,
3294 4551 3370 4624 6).
3399 4551 3521 4608 Non
3546 4566 3762 4626 oportet

2168 4633 2384 4691 Judices
2412 4635 2666 4692 Ecclesiae
2692 4638 2952 4695 volubiles
2976 4654 3117 4697 esse.
3163 4640 3279 4699 Non
3304 4656 3527 4714 oportet
3544 4646 3762 4717 judices

2171 4728 2426 4783 Ecclesia:
2453 4730 2792 4785 mendacium
2833 4732 3046 4798 dicere,
3095 4733 3223 4803 quia
3264 4748 3527 4805 magnum
3553 4742 3759 4795 crimen

2169 4829 2255 4876 est
2296 4822 2591 4888 mendacii;
2645 4824 2739 4878 sed
2778 4834 2991 4894 oportet
3016 4825 3227 4895 judices
3251 4827 3514 4885 Ecclesia:
3551 4848 3758 4888 reczum

2164 4910 2426 4981 judicium
2452 4913 2697 4982 judicare
2723 4933 2735 4969 :
2779 4917 2907 4986 quia
2937 4917 2992 4972 in
3034 4934 3355 4989 quocunque
3381 4921 3600 4992 judicio
3623 4924 3758 4993 judi-

2170 5008 2432 5072 caverint,
2466 5007 2798 5076 judicabitur
2821 5012 2887 5066 de
2910 5011 3010 5068 eis.

2167 5097 2297 5154 Car.
2326 5113 2474 5153 xxvr.
2503 5128 2574 5139 —-
2597 5098 2901 5182 Dejudicio
2926 5102 3260 5182 (demotum,
3291 5112 3471 5159 utrum
3493 5106 3592 5175 ﬁat
3624 5104 3753 5179 apud

2607 5174 2814 5240 iniquos
2842 5181 2933 5225 aut
2957 5174 3097 5242 apud
3118 5174 3323 5243 ﬁdeles.

2237 5261 2507 5318 Patricius
2539 5263 2615 5317 ait
2641 5261 2810 5334 (Inter
2843 5262 3035 5334 Opusc.
3063 5263 3306 5332 Patricii,
3338 5284 3466 5323 can.
3508 5268 3601 5341 l):
3636 5267 3750 5325 0n»

2168 5353 2255 5408 nis
2283 5354 2570 5409 mundialis
2595 5354 2829 5424 sapiens,
2858 5354 2904 5409 si
2947 5356 3163 5426 sapiens
3186 5359 3278 5422 sit,
3307 5374 3417 5415 non
3434 5359 3647 5429 judicet
3671 5361 3750 5431 ju-

2168 5446 2311 5501 dicia
2337 5446 2608 5501 Ecclesiae.

2243 5538 2493 5609 Synodus
2537 5539 2713 5597 dicit:
2756 5540 2997 5598 Clericus
3038 5543 3133 5613 qui
3173 5560 3394 5600 causam
3443 5561 3600 5603 suam
3639 5548 3749 5602 sive

2167 5629 2370 5700 justam
2407 5632 2521 5688 sive
2544 5631 2801 5701 injustam
2829 5634 2897 5690 ad
2932 5634 3193 5705 judicium
3221 5637 3447 5694 alterius
3469 5639 3594 5696 ﬁdei
3612 5637 3752 5709 judi-

2178 5723 2256 5777 cis
2279 5732 2556 5792 provocat,
2586 5727 3097 5783 cxcommunicelur.
