4020 6170
368 341 500 400 ηεξ)

432 454 560 509 Car.
591 464 761 506 xxvtt.
788 480 855 490 —
893 448 968 503 De
995 463 1054 502 eo
1084 447 1223 519 quod
1260 449 1379 519 licet
1414 448 1600 503 clerico
1626 458 1858 519 appetere
1955 450 2002 509 Α

816 534 1030 572 causam
1058 534 1207 571 suam
1231 519 1343 572 sine
1365 518 1472 571 lite.

432 611 735 683 Synodus:
812 609 889 663 Ne
958 609 1243 678 quisquam
1310 616 1599 678 praesumat
1674 607 1929 662 clericum

363 701 505 772 apud
544 700 854 756 saecularem
882 697 1116 766 judicem
1159 698 1409 767 episcopo
1443 712 1549 751 non
1588 697 1934 766 permittente

363 794 613 861 pulsare:
646 790 739 846 sed
770 789 1070 859 sipulsatus
1097 788 1275 852 fuerit,
1306 804 1411 843 non
1441 787 1757 856 respondeat
1786 803 1799 839 :
1826 802 1933 839 non

364 888 647 950 proponat,
682 893 785 932 nec
812 879 968 932 adeat
996 877 1276 932 criminale
1312 876 1583 947 negotium
1628 875 1681 928 in
1718 873 1930 942 judicio

359 970 625 1027 saaeulari.

896 1059 990 1115 EX
1016 1058 1212 1115 LIBRO
1239 1059 1402 1113 XXII.

954 1167 1019 1205 DE
1057 1164 1350 1204 VERITATE.

453 1242 587 1297 Car.
626 1256 666 1295 ι.
694 1271 760 1280 -
784 1240 860 1294 De
884 1241 1096 1360 veritatel
1109 1238 1402 1320 judicanda
1429 1246 1730 1308 quocunque
1755 1254 1844 1291 ore

983 1326 1075 1360 oro
1099 1320 1187 1360 ala
1210 1319 1299 1360 sit.

983 1319 1187 1379 prolata
1210 1319 1299 1361 sit.

435 1400 656 1455 Gildas:
700 1399 911 1455 Veritas
953 1399 1177 1469 sapienti
1212 1398 1380 1463 nitet,
1426 1413 1787 1466 cujuscunque
1833 1412 1927 1452 ore

363 1490 572 1561 prolata
603 1488 781 1544 fuerit.
996 1522 1011 1528 -

895 1579 988 1633 EX
1016 1578 1219 1634 LIBRO
1240 1579 1427 1633 XXIV.

1005 1686 1072 1724 DE
1098 1685 1288 1725 BEGNO.

452 1782 581 1839 Car.
610 1798 695 1838 ιιι.
731 1812 803 1823 -
842 1782 916 1837 De
943 1781 1162 1904 eodqutod
1198 1779 1457 1904 mutulorum
1479 1793 1655 1848 regum
1689 1794 1844 1838 opera

1032 1868 1085 1904 es
1113 1868 1206 1904 raa
1272 1888 1286 1904 .

1032 1868 1105 1905 εει
1113 1868 1206 1904 rua
1212 1868 1265 1904 ηι
1272 1888 1286 1904 ο

432 1963 699 2018 Patricius
744 1961 833 2033 (In
861 1960 953 2014 lib.
984 1959 1049 2014 de
1082 1958 1429 2013 Abusionibus
1468 1956 1668 2028 surculi)
1699 1974 1712 2009 :
1751 1954 1937 2011 Nonus

361 2056 637 2111 ahusionis
667 2053 864 2122 gradus
893 2060 976 2107 est
1014 2066 1110 2106 rex
1153 2050 1388 2119 iniquus.
1438 2049 1573 2103 Cum
1611 2056 1791 2102 rector
1817 2061 1937 2101 esse

362 2150 475 2203 vult
504 2149 559 2202 in
588 2145 894 2214 semetipso,
927 2140 1160 2198 nominis
1190 2142 1271 2195 sui
1299 2140 1612 2209 dignitatem
1637 2154 1744 2193 non
1764 2145 1939 2193 custo-

363 2240 442 2295 dit
468 2255 484 2292 :
514 2253 710 2293 nomen
735 2237 879 2291 enim
904 2235 1047 2304 regis
1062 2235 1162 2288 hoc
1177 2233 1389 2297 retinet,
1416 2239 1475 2284 ut
1491 2230 1748 2300 subjectis
1768 2228 1939 2284 omni-

362 2332 464 2386 bus
510 2328 737 2384 rectoris
774 2325 1006 2382 officium
1046 2332 1299 2394 procuret
1338 2341 1353 2377 :
1391 2323 1489 2377 sed
1535 2321 1766 2390 qualiter
1806 2320 1939 2374 alios

360 2420 632 2489 corrigere
656 2417 876 2487 poterit,
904 2416 996 2485 qui
1024 2415 1270 2484 proprios
1288 2427 1485 2479 mores,
1509 2427 1580 2467 ne
1608 2410 1777 2480 iniqui
1807 2409 1936 2472 sint,

363 2524 468 2564 non
492 2508 761 2579 corrigit?
802 2506 1093 2561 Terrarum
1126 2503 1334 2559 fructus
1366 2503 1564 2567 demit,
1606 2501 1825 2556 servitia
1843 2514 1941 2570 po-

358 2601 471 2670 puli
497 2599 736 2670 impedit,
764 2612 1017 2652 carorum
1044 2603 1248 2651 mortes
1274 2602 1556 2665 praeparat,
1589 2591 1826 2648 hostium
1859 2591 1940 2645 in—

364 2705 554 2745 cursus
575 2689 628 2743 in
645 2686 947 2758 provincias
966 2685 1219 2750 concitat,
1232 2684 1467 2752 undique
1481 2683 1684 2739 bestias
1703 2680 1941 2751 quadru-

362 2779 556 2848 pedum
584 2774 965 2832 dilaceratione
994 2773 1255 2842 inquietat
1296 2779 1590 2841 potestates
1629 2770 1808 2825 aerias
1851 2783 1940 2824 su-

364 2867 562 2931 scitat,
606 2872 877 2919 terrarum
906 2861 1283 2918 fecunditatem
1327 2861 1598 2930 marisque
1641 2858 1941 2914 ministeria

366 2955 626 3025 prohibet,
657 2952 878 3008 fulmina
907 2950 1204 3014 succendit,
1248 2950 1501 3005 arborum
1544 2949 1724 3005 exurit
1752 2947 1939 3015 flores,

366 3041 568 3098 fructus
596 3042 910 3097 immaturos
936 3038 1153 3107 dejicit;
1183 3055 1291 3094 non
1322 3039 1494 3093 solum
1519 3038 1807 3108 praesentis
1833 3054 1940 3095 tm-

363 3134 498 3202 perii
535 3133 727 3187 faciem
764 3129 1058 3193 sutl‘useat,
1101 3130 1194 3184 sed
1236 3129 1397 3185 etiam
1435 3128 1573 3185 ﬁlios
1602 3138 1660 3186 et
1690 3140 1934 3202 nepotes,
1959 3124 2011 3189 Ω

366 3239 431 3278 ue
484 3222 632 3294 regni
686 3221 1054 3277 haereditatem
1100 3219 1411 3283 obtineant,
1469 3220 1742 3275 obseurat.
1797 3221 1936 3276 Pro-

368 3322 483 3384 pter
527 3312 736 3382 piaeula
779 3325 985 3381 regum,
1037 3308 1165 3364 Saul
1213 3317 1269 3364 et
1315 3305 1623 3376 Jeroboam,
1662 3309 1849 3367 Achab
1884 3319 1941 3365 et

369 3412 709 3465 ater-orum,
763 3399 966 3455 semina
1008 3414 1195 3455 eorum
1238 3412 1307 3453 ne
1347 3406 1638 3470 regnarent
1685 3399 1941 3454 exstinxit

368 3496 597 3638 Danae.
629 3597 712 3638 ιιι.
742 3610 812 3620 -—
837 3579 912 3634 De
937 3596 996 3635 eo
1017 3580 1155 3670 quod:
1193 3580 1445 3670 bonorum
1474 3596 1651 3650 regum
1677 3595 1832 3650 opera

1015 3649 1293 3719 a’diﬁcent.

437 3762 702 3818 Patricius
723 3759 913 3834 (Ibid.)
941 3778 953 3812 :
988 3758 1204 3814 Justitia
1233 3773 1361 3815 vero
1387 3758 1672 3831 regisjusti
1696 3761 1812 3816 haec
1834 3769 1937 3816 est.

370 3853 643 3909 Neminem
671 3851 864 3921 injuste
886 3850 1149 3920 judicare,
1196 3851 1417 3906 advenis
1445 3859 1499 3906 et
1522 3852 1715 3913 viduis,
1762 3861 1817 3906 et
1844 3867 1943 3922 pu-

370 3943 508 4014 pillis
532 3940 865 3997 defensorem
891 3954 1009 3995 esse
1027 3980 1042 4003 ,
1074 3938 1217 3994 furta
1244 3941 1517 4003 cohibere,
1558 3939 1819 3994 adulteria
1842 3956 1945 4010 pu-

368 4034 505 4097 nire,
544 4030 842 4101 impudicos
886 4038 940 4086 et
982 4030 1275 4085 histriones
1317 4045 1423 4085 non
1452 4030 1695 4085 nutrire:
1733 4031 1941 4101 iniquos

371 4139 475 4177 non
499 4121 759 4185 exaltare,
790 4120 983 4190 impios
1023 4121 1089 4175 de
1114 4128 1258 4174 terra
1279 4121 1526 4190 perdere,
1558 4120 1852 4189 parricidas
1889 4130 1945 4176 et

372 4213 704 4284 pcrjurantes
731 4215 909 4269 vivere
950 4228 1056 4267 non
1086 4213 1293 4277 sinere,
1344 4211 1631 4267 defendere
1657 4228 1941 4283 pauperes,

372 4304 725 4373 eleemosynis
769 4302 930 4365 alere,
970 4299 1155 4369 justos'
1191 4316 1351 4371 super
1375 4301 1525 4369 regni
1560 4302 1772 4369 negotia
1818 4318 1945 4356 con-

376 4394 612 4457 stituere,
664 4407 819 4447 senes
844 4391 1115 4460 sapientes
1158 4398 1213 4444 et
1234 4390 1443 4445 sobrios
1484 4389 1819 4445 consiliarios
1843 4391 1943 4445 ba-

373 4482 537 4547 lere,
584 4496 864 4551 magorum
912 4489 968 4534 et
1012 4480 1448 4551 pythonissarum
1499 4488 1555 4536 et
1595 4481 1941 4550 auguriorum
1973 4486 2020 4546 ι)

377 4574 839 4642 superstitionibus
880 4588 987 4627 non
1030 4573 1341 4635 intendere,
1393 4573 1626 4641 patriam
1656 4571 1869 4627 fortiter
1890 4580 1943 4626 et

369 4661 512 4729 juste
557 4674 743 4721 contra
781 4666 1117 4721 adversarios
1156 4663 1475 4726 defendere,
1529 4678 1627 4733 per
1661 4665 1840 4718 omnia
1886 4664 1940 4718 in

378 4755 483 4808 D.-o
512 4755 801 4810 conlidere.

404 4866 533 4921 Car.
555 4882 654 4922 vu.
677 4897 747 4907 --
766 4866 842 4920 De
871 4883 985 4937 rege
1024 4882 1127 4919 non
1164 4864 1381 4918 habente
1412 4880 1599 4918 uxores
1629 4863 1903 4934 plurimas.

446 4973 738 5045 Synodus:
781 4973 1048 5041 Quantam
1112 4973 1425 5043 dignitatem
1496 4972 1763 5042 acceperit
1813 4986 1938 5039 rex,

382 5074 587 5120 tantum
611 5067 858 5120 timorem
884 5065 1082 5119 habere
1106 5062 1500 5129 debetpmulta:
1522 5062 1665 5116 enim
1692 5063 1944 5120 mulieres

378 5156 613 5209 animam
643 5155 758 5224 ejus
782 5155 1094 5225 depravant,
1132 5162 1187 5209 et
1224 5153 1435 5207 animus
1457 5152 1571 5220 ejus
1606 5153 1946 5210 multitudine

381 5262 610 5301 uxorum
639 5245 841 5301 divisus
863 5245 1094 5300 maxime
1117 5244 1172 5298 in
1195 5250 1472 5314 peceatum
1497 5242 1712 5299 labitur.

381 5426 479 5538 Ana
503 5414 594 5537 lDe
628 5414 738 5538 ιιὲἓ
762 5414 935 5484 capite
977 5412 1220 5468 nonnihil
1263 5413 1501 5483 reperies
1539 5421 1683 5469 tomo
1719 5413 1740 5469 ι
1776 5412 1940 5472 Cone.

468 5502 499 5538 α
525 5524 559 5538 ..
593 5499 645 5538 o.
744 5524 757 5537 .

454 5484 738 5624 1flllutplesu‘
744 5524 881 5608 .haac
924 5552 1210 5624 restitutio,
1245 5552 1333 5624 ait
1376 5552 1639 5624 Acherius
1664 5594 1679 5617 ,
1734 5553 1947 5624 videtur

381 5622 553 5678 aliena
589 5622 621 5677 εἰ
660 5623 924 5678 sententia
953 5622 1198 5692 Gregorii
1244 5622 1417 5692 Magni
1466 5624 1519 5692 in
1562 5623 1851 5692 Responsis
1876 5623 1944 5677 ad

382 5692 637 5763 interrog.
682 5692 1000 5762 Augustini:
1039 5691 1238 5746 (Absit
1285 5691 1349 5746 ut
1388 5691 1627 5747 Ecclesia
1656 5691 1942 5763 augmento

627 5787 896 5846 ΡΑτιιοι..
944 5784 1165 5847 XCVI.

1261 296 1580 393 maculas
1619 335 1903 391 semen
1938 335 2028 391 ex
2068 333 2367 402 ANTIQUA
2407 330 2731 388 COLLECT.

3446 321 3586 386 mo

2538 444 2631 500 EX
2678 442 2877 499 LIBRU
2914 443 3077 499 XXV.

2662 552 2726 591 DE
2770 552 2936 592 SOR'I‘E
2945 578 2958 590 .

2066 627 2194 681 CAP.
2217 642 2269 680 v.
2290 656 2360 665 —
2380 625 2456 679 De
2476 642 2536 679 eo
2560 625 2698 696 quod
2729 626 2865 679 inter
2895 625 3055 679 dubia
3082 641 3196 680 sors
3222 626 3357 680 mitti
3393 624 3566 683 deiet.

2103 715 2350 786 Synodus
2392 713 2739 769 Hibernensis
2769 731 2781 767 :
2811 713 2943 769 Sors
2984 721 3077 767 aut
3106 713 3247 768 inter
3281 715 3387 771 duo
3413 716 3596 776 dubia.

2034 816 2126 861 aut
2156 808 2295 861 inter
2330 808 2435 862 duo
2474 806 2720 878 arqualia,
2766 814 2858 861 aut
2903 807 3046 862 inter
3077 807 3182 862 duo
3229 809 3595 866 coneatholiea

2033 900 2174 953 mitti
2205 900 2381 954 debet.

2516 991 2609 1045 EX
2657 990 2859 1047 LIBRO
2891 993 3100 1048 XXVII.

2456 1093 2522 1133 DE
2560 1094 2899 1135 CIVITATIBL'S
2937 1098 3168 1137 REFUGII.

2033 1163 2162 1220 Car.
2182 1179 2260 1219 XI.
2281 1197 2352 1206 —
2375 1166 2451 1221 De
2477 1167 2677 1222 diversa
2703 1171 2997 1245 paenitentia
3023 1172 3402 1227 homicidarum
3422 1184 3599 1245 sponte

2642 1239 3004 1292 occidentium.

2106 1325 2455 1381 Hibernensis
2496 1329 2730 1399 synodus
2772 1329 2945 1385 dicit:
2979 1331 3178 1388 Omnes
3224 1334 3506 1392 homicida:
3553 1332 3599 1393 si

2034 1422 2147 1469 toto
2171 1416 2330 1469 corde
2349 1417 2588 1471 conversi
2618 1417 2925 1481 fuerint,’vn
2949 1435 3209 1476 annorum
3230 1425 3601 1493 pmnitentiam

2037 1505 2277 1560 dislricte
2303 1507 2400 1559 sub
2426 1507 2607 1577 regula
2637 1511 2947 1563 monasterii
2976 1512 3290 1581 paeniteant.

2106 1593 2370 1648 Patricius
2416 1594 2637 1666 (Synod.
2696 1596 2932 1663 Patricii,
2984 1610 3108 1656 tom.
3155 1602 3185 1656 Ι
3210 1601 3408 1659 Concil.
3439 1604 3600 1675 Ang.,

2035 1700 2089 1753 p.
2120 1683 2210 1755 52)
2236 1700 2251 1738 :
2274 1684 2374 1751 Qui
2401 1687 2677 1749 occiderit,
2708 1698 2797 1741 aut
2824 1688 3232 1747 fornicationem
3276 1692 3485 1759 fecerit,
3509 1702 3602 1752 aut

1966 1784 2012 1844 Β
2039 1787 2187 1827 more
2229 1775 2506 1844 gentilium
2549 1777 2848 1846 aruspicem
2898 1778 3223 1851 interrogat;
3257 1797 3354 1852 per
3393 1784 3604 1855 singula

2034 1861 2264 1916 erimina
2290 1878 2489 1918 annum
2512 1866 2838 1935 poenitentiae
2857 1878 2977 1938 agat
2996 1884 3010 1922 :
3026 1879 3077 1924 et
3101 1871 3192 1926 illo
3218 1872 3453 1942 impleto,
3478 1890 3603 1931 cum

2036 1952 2267 2008 testibus
2290 1960 2472 2022 postea
2500 1954 2796 2010 resolvetur
2820 1972 2850 2010 a
2878 1959 3176 2015 sacerdote.

2525 2067 2616 2122 EX
2653 2068 2855 2125 LIBRO
2886 2071 3113 2127 XXVIII.

2668 2195 2735 2234 DE
2772 2198 2964 2238 FURTO.

2196 2278 2221 2306 ι
2261 2265 2389 2321 CAP.
2425 2283 2500 2321 γι.
2524 2299 2597 2308 —
2615 2268 2694 2323 De
2721 2270 2862 2339 furto
2890 2273 2945 2326 ia
2970 2273 3186 2329 ecclesia
3206 2286 3433 2346 peracto.

2006 2407 2008 2409 ,
2110 2353 2376 2411 Patricius
2403 2358 2515 2412 ait:
2542 2358 2570 2397 ιι
2596 2357 2697 2425 Qui
2732 2359 2941 2417 furatus
2982 2362 3144 2419 fuerit
3189 2367 3473 2435 pecuniam
3511 2377 3608 2423 aut

2040 2441 2095 2497 in
2116 2452 2297 2499 sancta
2326 2445 2575 2510 ecclesia,
2607 2454 2701 2502 aut
2726 2449 2778 2503 in
2808 2449 3026 2506 civitate
3055 2453 3199 2508 intus
3226 2453 3316 2508 ubi
3339 2465 3607 2528 martyres

2038 2538 2093 2584 et
2121 2546 2345 2603 corpora
2365 2541 2675 2590 sanctorum
2706 2536 3000 2605 dormiunt,
3026 2554 3143 2595 sors
3173 2542 3421 2599 mittatur
3447 2560 3608 2615 super

2040 2619 2233 2686 tribus,
2271 2631 2362 2677 aut
2400 2623 2542 2678 illius
2574 2640 2785 2690 manus,
2812 2627 2894 2682 vel
2924 2643 3021 2698 pes
3038 2630 3482 2698 circumcidatur,
3515 2641 3610 2690 aut

2039 2710 2095 2763 in
2120 2726 2391 2767 carcerem
2422 2714 2686 2781 mittatur,
2715 2714 2966 2787 jejunans
2994 2728 3204 2791 tempus
3233 2724 3376 2792 quod
3399 2724 3611 2793 judica-

2039 2799 2216 2854 verint
2242 2802 2503 2867 seniores,
2549 2811 2603 2859 et
2634 2807 2823 2861 reddat
2849 2808 3119 2880 integrum
3166 2813 3310 2882 quod
3344 2815 3605 2883 absmlit;

2038 2900 2133 2946 aut
2159 2891 2212 2947 in
2237 2895 2724 2966 peregrinationem
2744 2899 3008 2969 ejiciatur,
3025 2912 3081 2958 et
3099 2908 3349 2961 restituat
3367 2909 3608 2980 duplum,

2040 2991 2096 3039 et
2113 2983 2318 3053 jurabit
2338 2989 2481 3057 quod
2510 3005 2619 3045 non
2647 3002 2947 3048 revertetur
2974 2995 3145 3052 donec
3170 2998 3468 3069 impleverit
3491 3017 3610 3073 pm.

2039 3075 2342 3144 nitentiam,
2368 3085 2424 3134 et
2444 3092 2564 3149 post
2583 3082 2953 3151 pmnitentiam
2979 3087 3084 3141 erit
3110 3090 3427 3145 monachus.

2110 3184 2239 3242 CAP.
2270 3189 2557 3244 vu.——De
2592 3193 2893 3262 pwnitentia
2932 3194 3183 3262 latrantis,
3231 3198 3277 3253 si
3322 3184 3428 3254 non
3475 3201 3542 3256 de

2719 3262 2955 3323 ecclesia.

2110 3366 2378 3423 Patricius
2424 3368 2647 3442 (Synod.
2694 3370 2938 3437 Patricii,
2981 3382 3108 3426 tom.
3141 3374 3173 3429 Ι
3219 3375 3419 3432 Concil.
3450 3379 3608 3451 Angl.

2039 3474 2091 3526 p.
2119 3456 2209 3528 ΒΞ)
2235 3476 2248 3510 :
2277 3457 2378 3525 Qui
2416 3458 2617 3513 furtum
2660 3460 2868 3527 fecerit,
2892 3462 3174 3519 dimidium
3212 3481 3410 3522 annum
3436 3469 3614 3540 potni-

2041 3555 2171 3612 teat,
2204 3563 2275 3601 xx
2303 3547 2492 3602 diebus
2527 3564 2651 3603 cum
2693 3565 2831 3619 pane
2868 3560 2924 3606 et
2968 3567 3107 3621 aqua
3149 3555 3313 3622 vivat,
3356 3566 3411 3612 et
3455 3565 3612 3630 rapta

2042 3636 2309 3701 restituat,
2332 3636 2378 3691 si
2401 3637 2513 3692 ﬁeri
2535 3645 2731 3707 potest,
2761 3647 2816 3694 et
2848 3640 3004 3695 sicin
3031 3642 3269 3698 Ecclesia
3296 3646 3608 3716 recipiatur.

2040 3724 2336 3782 Vinniavus
2390 3728 2825 3786 dicit:Clerieus
2877 3732 2923 3786 si
2972 3730 3173 3787 furtum
3214 3732 3433 3802 fecerit,
3473 3752 3610 3808 qua-

2042 3816 2291 3888 druplum
2316 3819 2525 3885 reddat,
2552 3827 2607 3874 et
2632 3836 2829 3875 annum
2860 3821 3124 3891 integrum
3151 3825 3432 3894 poeniteat.

2547 3932 2636 3988 EX
2674 3931 2875 3990 LIBRO
2910 3934 3101 3989 XXIX.

2588 4062 2653 4101 DE
2686 4061 3076 4103 εοιιιιειωλτιε.

2114 4157 2242 4214 αλιι.
2284 4173 2337 4212 v.
2367 4186 2438 4198 -—-
2466 4156 2544 4213 De
2584 4158 2953 4212 commendatis
3000 4159 3070 4212 ad
3120 4158 3390 4214 ecclesiam
3438 4174 3544 4219 non

2682 4228 2976 4282 reddendis.

2114 4338 2364 4408 Synodus
2388 4337 2736 4393 Hibernensis
2766 4354 2781 4388 :
2808 4336 2977 4391 Omne
3006 4336 3306 4406 depositum
3335 4340 3610 4409 reddatur,

2045 4430 2150 4485 nisi
2188 4428 2489 4498 depositum
2533 4427 2774 4482 ecclesiae
2810 4428 3000 4480 matris
3038 4428 3277 4482 omnium
3314 4429 3613 4498 baptizato-

2046 4533 2165 4572 rum
2191 4535 2203 4570 :
2235 4518 2374 4571 sicut
2394 4516 2537 4571 enim
2560 4515 2735 4570 omnis
2759 4524 2930 4569 mater
2959 4517 3131 4571 vicem
3162 4518 3390 4588 depositi
3418 4521 3613 4590 perditi

2046 4607 2156 4662 filio
2181 4621 2278 4661 suo
2300 4621 2405 4661 non
2430 4606 2631 4671 reddit;
2666 4608 2741 4659 ita
2760 4607 2945 4661 omnis
2969 4606 3198 4662 ecclesia
3227 4608 3459 4665 filiorum
3484 4627 3611 4667 suo-

2045 4713 2165 4754 rum
2206 4698 2466 4767 deposita,
2516 4698 2762 4765 quamvis
2806 4697 2914 4751 sint
2952 4697 3181 4767 perdita,
3232 4699 3457 4758 reddere
3506 4718 3613 4758 non

2046 4789 2223 4844 debet.

2115 4879 2246 4934 Item
2287 4878 2474 4934 eadem
2508 4880 2743 4951 synodus
2777 4895 2791 4933 :
2820 4879 2879 4934 Si
2909 4882 3028 4950 quis
3062 4882 3377 4938 custodierit
3421 4883 3613 4938 elavim

2049 4969 2260 5034 domus,
2306 4977 2359 5022 et
2384 4967 2472 5023 fur
2509 4968 2785 5026 suffoderit
2813 4984 2954 5036 eam,
2995 4982 3048 5026 et
3075 4970 3284 5027 furatus
3313 4970 3474 5027 fuerit
3518 4973 3611 5027 de-

2048 5061 2281 5133 positum
2306 5060 2549 5129 alicujus,
2576 5076 2683 5115 non
2710 5061 2895 5116 reddet
2917 5062 2964 5117 is
2985 5062 3076 5131 qui
3098 5061 3323 5132 accepit,
3352 5062 3444 5117 sed
3467 5060 3616 5130 jura-

2049 5154 2130 5209 bit
2152 5153 2330 5209 omnis
2349 5153 2538 5209 domus
2557 5153 2697 5208 illius
2713 5168 2727 5206 :
2743 5160 2942 5222 quanto
2962 5154 3149 5225 magis,
3175 5155 3219 5209 si
3246 5170 3367 5209 eum
3389 5153 3613 5224 pecunia

2052 5260 2148 5302 sua
2179 5242 2410 5300 furatum
2438 5244 2548 5298 est?

2051 5422 2276 5494 recipiat
2317 5421 2459 5494 quod
2486 5422 2552 5477 de
2580 5422 2996 5494 terrenis_rebus
3022 5419 3542 5494 videturuamittere,
3564 5425 3613 5494 et

2048 5488 2199 5548 lucra
2233 5494 2300 5568 de
2324 5488 2474 5568 vanis
2492 5500 2718 5561 quaarat.
2750 5512 2768 5544 ι
2796 5492 2866 5568 Et
2889 5491 3070 5568 tomol
3093 5490 3300 5568 _Concil.
3320 5488 3615 5568 Angluulgi

2048 5578 2219 5687 faiton
2246 5564 2349 5617 iste
2376 5560 2628 5630 refertur,
2651 5576 2718 5617 ne
2738 5562 2961 5619 verbum
2981 5562 3194 5633 quidem
3225 5560 3292 5617 de
3317 5560 3432 5632 ipsa
3463 5560 3612 5616 resti-

2074 5648 2108 5686 u
2136 5647 2274 5688 none.

3182 5785 3255 5846 Ιιί
3587 5830 3643 5860 β,
