  <div class='ocr_page' id='page_1' title='image "/cluster/home/n/w/nwhite01/storage/ocr_20150623/96/hvd.32044052819901/651.png"; bbox 0 0 4020 6170; ppageno 0'>
   <div class='ocr_carea' id='block_1_1' title="bbox 423 295 557 351">
    <p class='ocr_par' dir='ltr' id='par_1_1' title="bbox 423 295 557 351">
     <span class='ocr_line' id='line_1_1' title="bbox 423 295 557 351; baseline 0.022 -3"><span class='ocrx_word' id='word_1_1' title='bbox 423 295 557 351; x_wconf 64' lang='grc'><strong>1291</strong></span> 
     </span>
    </p>
   </div>
   <div class='ocr_carea' id='block_1_2' title="bbox 937 404 1479 461">
    <p class='ocr_par' dir='ltr' id='par_1_2' title="bbox 937 404 1479 461">
     <span class='ocr_line' id='line_1_2' title="bbox 937 404 1479 461; baseline 0 -1"><span class='ocrx_word' id='word_1_2' title='bbox 937 404 1029 460; x_wconf 71' lang='lat' dir='ltr'><strong>EX</strong></span> <span class='ocrx_word' id='word_1_3' title='bbox 1066 404 1269 460; x_wconf 77' lang='lat' dir='ltr'><strong>LIBRO</strong></span> <span class='ocrx_word' id='word_1_4' title='bbox 1308 407 1479 461; x_wconf 72' lang='lat' dir='ltr'><strong>XXX.</strong></span> 
     </span>
    </p>
   </div>
   <div class='ocr_carea' id='block_1_3' title="bbox 871 510 1562 553">
    <p class='ocr_par' dir='ltr' id='par_1_3' title="bbox 871 510 1562 553">
     <span class='ocr_line' id='line_1_3' title="bbox 871 510 1562 553; baseline 0 -3"><span class='ocrx_word' id='word_1_5' title='bbox 871 510 937 550; x_wconf 84' lang='lat' dir='ltr'><strong>DE</strong></span> <span class='ocrx_word' id='word_1_6' title='bbox 976 512 1234 552; x_wconf 71' lang='lat' dir='ltr'><strong>PATRIBUS</strong></span> <span class='ocrx_word' id='word_1_7' title='bbox 1270 513 1338 551; x_wconf 78' lang='grc' dir='ltr'><strong>ΕΤ</strong></span> <span class='ocrx_word' id='word_1_8' title='bbox 1378 512 1562 553; x_wconf 71' lang='grc' dir='ltr'><strong>ιἰιιιε.</strong></span> 
     </span>
    </p>
   </div>
   <div class='ocr_carea' id='block_1_4' title="bbox 429 589 2005 661">
    <p class='ocr_par' dir='ltr' id='par_1_4' title="bbox 429 589 2005 661">
     <span class='ocr_line' id='line_1_4' title="bbox 429 589 2005 661; baseline -0.002 -14"><span class='ocrx_word' id='word_1_9' title='bbox 429 593 555 649; x_wconf 64' lang='lat' dir='ltr'><strong>Car.</strong></span> <span class='ocrx_word' id='word_1_10' title='bbox 587 605 678 647; x_wconf 80' lang='lat' dir='ltr'><strong>xv.</strong></span> <span class='ocrx_word' id='word_1_11' title='bbox 702 620 767 630; x_wconf 96' lang='lat'><strong>—</strong></span> <span class='ocrx_word' id='word_1_12' title='bbox 792 589 871 645; x_wconf 89' lang='lat' dir='ltr'><strong>De</strong></span> <span class='ocrx_word' id='word_1_13' title='bbox 896 607 956 644; x_wconf 91' lang='lat' dir='ltr'><strong>eo</strong></span> <span class='ocrx_word' id='word_1_14' title='bbox 984 590 1124 661; x_wconf 78' lang='lat' dir='ltr'><strong>quod</strong></span> <span class='ocrx_word' id='word_1_15' title='bbox 1156 607 1261 661; x_wconf 82' lang='lat' dir='ltr'><strong>non</strong></span> <span class='ocrx_word' id='word_1_16' title='bbox 1299 590 1594 661; x_wconf 82' lang='lat' dir='ltr'><strong>negligeudi</strong></span> <span class='ocrx_word' id='word_1_17' title='bbox 1622 600 1742 645; x_wconf 87' lang='lat' dir='ltr'><strong>sunt</strong></span> <span class='ocrx_word' id='word_1_18' title='bbox 1765 599 2005 658; x_wconf 87' lang='lat' dir='ltr'><strong>parentes</strong></span> 
     </span>
    </p>
   </div>
   <div class='ocr_carea' id='block_1_5' title="bbox 831 654 1592 731">
    <p class='ocr_par' dir='ltr' id='par_1_5' title="bbox 831 654 1592 731">
     <span class='ocr_line' id='line_1_5' title="bbox 831 654 1592 731; baseline 0.003 -19"><span class='ocrx_word' id='word_1_19' title='bbox 831 654 1184 714; x_wconf 51' lang='lat' dir='ltr'><strong>etiam&#39;cultus</strong></span> <span class='ocrx_word' id='word_1_20' title='bbox 1206 654 1383 715; x_wconf 72' lang='lat' dir='ltr'><strong>divini</strong></span> <span class='ocrx_word' id='word_1_21' title='bbox 1396 654 1592 731; x_wconf 68' lang='lat' dir='ltr'><strong>gratia.</strong></span> 
     </span>
    </p>
   </div>
   <div class='ocr_carea' id='block_1_6' title="bbox 500 747 2007 822">
    <p class='ocr_par' dir='ltr' id='par_1_6' title="bbox 500 747 2007 822">
     <span class='ocr_line' id='line_1_6' title="bbox 500 747 2007 822; baseline -0.001 -16"><span class='ocrx_word' id='word_1_22' title='bbox 500 748 783 822; x_wconf 79' lang='lat' dir='ltr'><strong>Synodus:</strong></span> <span class='ocrx_word' id='word_1_23' title='bbox 806 747 1122 820; x_wconf 85' lang='lat' dir='ltr'><strong>Quicunque</strong></span> <span class='ocrx_word' id='word_1_24' title='bbox 1142 749 1236 804; x_wconf 78' lang='lat' dir='ltr'><strong>lilii</strong></span> <span class='ocrx_word' id='word_1_25' title='bbox 1258 765 1290 803; x_wconf 89' lang='lat' dir='ltr'><strong>a</strong></span> <span class='ocrx_word' id='word_1_26' title='bbox 1314 752 1631 821; x_wconf 88' lang='lat' dir='ltr'><strong>parentibus</strong></span> <span class='ocrx_word' id='word_1_27' title='bbox 1650 766 1816 807; x_wconf 88' lang='lat' dir='ltr'><strong>causa</strong></span> <span class='ocrx_word' id='word_1_28' title='bbox 1840 751 2007 806; x_wconf 82' lang='lat' dir='ltr'><strong>divini</strong></span> 
     </span>
    </p>
   </div>
   <div class='ocr_carea' id='block_1_7' title="bbox 432 841 2004 916">
    <p class='ocr_par' dir='ltr' id='par_1_7' title="bbox 432 841 2004 916">
     <span class='ocr_line' id='line_1_7' title="bbox 432 841 2004 916; baseline -0.001 -17"><span class='ocrx_word' id='word_1_29' title='bbox 432 844 605 899; x_wconf 79' lang='lat' dir='ltr'><strong>cultus</strong></span> <span class='ocrx_word' id='word_1_30' title='bbox 622 841 936 905; x_wconf 90' lang='lat' dir='ltr'><strong>abscedunt,</strong></span> <span class='ocrx_word' id='word_1_31' title='bbox 962 858 1063 897; x_wconf 92' lang='lat' dir='ltr'><strong>nec</strong></span> <span class='ocrx_word' id='word_1_32' title='bbox 1083 844 1320 898; x_wconf 90' lang='lat' dir='ltr'><strong>debitum</strong></span> <span class='ocrx_word' id='word_1_33' title='bbox 1344 845 1660 900; x_wconf 74' lang='lat' dir='ltr'><strong>reverentia:</strong></span> <span class='ocrx_word' id='word_1_34' title='bbox 1680 843 2004 916; x_wconf 88' lang='lat' dir='ltr'><strong>dependunt,</strong></span> 
     </span>
    </p>
   </div>
   <div class='ocr_carea' id='block_1_8' title="bbox 433 929 1535 1006">
    <p class='ocr_par' dir='ltr' id='par_1_8' title="bbox 433 929 1535 1006">
     <span class='ocr_line' id='line_1_8' title="bbox 433 929 1535 1006; baseline 0.001 -19"><span class='ocrx_word' id='word_1_35' title='bbox 433 933 716 987; x_wconf 78' lang='lat' dir='ltr'><strong>anathema</strong></span> <span class='ocrx_word' id='word_1_36' title='bbox 744 932 853 985; x_wconf 90' lang='lat' dir='ltr'><strong>sint</strong></span> <span class='ocrx_word' id='word_1_37' title='bbox 878 929 1032 1003; x_wconf 84' lang='lat' dir='ltr'><strong>(Can.</strong></span> <span class='ocrx_word' id='word_1_38' title='bbox 1064 932 1098 987; x_wconf 84' lang='lat'><strong>5</strong></span> <span class='ocrx_word' id='word_1_39' title='bbox 1136 950 1282 988; x_wconf 85' lang='lat' dir='ltr'><strong>conc.</strong></span> <span class='ocrx_word' id='word_1_40' title='bbox 1315 932 1535 1006; x_wconf 85' lang='lat' dir='ltr'><strong>Gang.).</strong></span> 
     </span>
    </p>
   </div>
   <div class='ocr_carea' id='block_1_9' title="bbox 498 1021 2005 1091">
    <p class='ocr_par' dir='ltr' id='par_1_9' title="bbox 498 1021 2005 1091">
     <span class='ocr_line' id='line_1_9' title="bbox 498 1021 2005 1091; baseline 0.002 -14"><span class='ocrx_word' id='word_1_41' title='bbox 498 1022 663 1077; x_wconf 84' lang='lat' dir='ltr'><strong>Item:</strong></span> <span class='ocrx_word' id='word_1_42' title='bbox 690 1021 791 1089; x_wconf 86' lang='lat' dir='ltr'><strong>Qui</strong></span> <span class='ocrx_word' id='word_1_43' title='bbox 819 1030 1029 1091; x_wconf 79' lang='lat' dir='ltr'><strong>patrem</strong></span> <span class='ocrx_word' id='word_1_44' title='bbox 1053 1032 1108 1078; x_wconf 93' lang='lat' dir='ltr'><strong>et</strong></span> <span class='ocrx_word' id='word_1_45' title='bbox 1144 1033 1373 1079; x_wconf 87' lang='lat' dir='ltr'><strong>matrem</strong></span> <span class='ocrx_word' id='word_1_46' title='bbox 1405 1025 1457 1079; x_wconf 92' lang='lat' dir='ltr'><strong>in</strong></span> <span class='ocrx_word' id='word_1_47' title='bbox 1497 1027 1824 1082; x_wconf 81' lang='lat' dir='ltr'><strong>necessitate</strong></span> <span class='ocrx_word' id='word_1_48' title='bbox 1845 1026 2005 1083; x_wconf 89' lang='lat' dir='ltr'><strong>relin-</strong></span> 
     </span>
    </p>
   </div>
   <div class='ocr_carea' id='block_1_10' title="bbox 430 1114 1818 1182">
    <p class='ocr_par' dir='ltr' id='par_1_10' title="bbox 430 1114 1818 1182">
     <span class='ocr_line' id='line_1_10' title="bbox 430 1114 1818 1182; baseline 0.004 -16"><span class='ocrx_word' id='word_1_49' title='bbox 430 1114 564 1182; x_wconf 84' lang='lat' dir='ltr'><strong>quit,</strong></span> <span class='ocrx_word' id='word_1_50' title='bbox 594 1127 718 1166; x_wconf 87' lang='lat' dir='ltr'><strong>eum</strong></span> <span class='ocrx_word' id='word_1_51' title='bbox 744 1114 1322 1177; x_wconf 84' lang='lat' dir='ltr'><strong>excommunicandum</strong></span> <span class='ocrx_word' id='word_1_52' title='bbox 1344 1129 1463 1170; x_wconf 90' lang='lat' dir='ltr'><strong>esse</strong></span> <span class='ocrx_word' id='word_1_53' title='bbox 1489 1116 1818 1172; x_wconf 78' lang='lat' dir='ltr'><strong>censuimus.</strong></span> 
     </span>
    </p>
   </div>
   <div class='ocr_carea' id='block_1_11' title="bbox 428 1199 2010 1325">
    <p class='ocr_par' dir='ltr' id='par_1_11' title="bbox 428 1199 2010 1325">
     <span class='ocr_line' id='line_1_11' title="bbox 428 1199 2010 1325; baseline 0.004 -70"><span class='ocrx_word' id='word_1_54' title='bbox 428 1200 558 1255; x_wconf 61' lang='lat' dir='ltr'><strong>Car.</strong></span> <span class='ocrx_word' id='word_1_55' title='bbox 584 1214 695 1255; x_wconf 73' lang='lat' dir='ltr'><strong>XIX.</strong></span> <span class='ocrx_word' id='word_1_56' title='bbox 722 1230 793 1239; x_wconf 97' lang='lat'><strong>—</strong></span> <span class='ocrx_word' id='word_1_57' title='bbox 815 1199 891 1255; x_wconf 88' lang='lat' dir='ltr'><strong>De</strong></span> <span class='ocrx_word' id='word_1_58' title='bbox 928 1202 1009 1255; x_wconf 84' lang='lat' dir='ltr'><strong>his</strong></span> <span class='ocrx_word' id='word_1_59' title='bbox 1042 1203 1449 1325; x_wconf 66' lang='lat' dir='ltr'><strong>quildespiciunt</strong></span> <span class='ocrx_word' id='word_1_60' title='bbox 1493 1205 1633 1274; x_wconf 87' lang='lat' dir='ltr'><strong>ﬁlios</strong></span> <span class='ocrx_word' id='word_1_61' title='bbox 1678 1223 1804 1261; x_wconf 83' lang='lat' dir='ltr'><strong>suos</strong></span> <span class='ocrx_word' id='word_1_62' title='bbox 1847 1224 2010 1261; x_wconf 88' lang='lat' dir='ltr'><strong>causa</strong></span> 
     </span>
     <span class='ocr_line' id='line_1_12' title="bbox 1074 1290 1360 1325; baseline 0 0"><span class='ocrx_word' id='word_1_63' title='bbox 1074 1290 1130 1325; x_wconf 88' lang='lat' dir='ltr'><strong>re</strong></span> <span class='ocrx_word' id='word_1_64' title='bbox 1152 1290 1360 1325; x_wconf 83' lang='lat' dir='ltr'><strong>Iawms.</strong></span> 
     </span>
    </p>
   </div>
   <div class='ocr_carea' id='block_1_12' title="bbox 1074 1290 1360 1343">
    <p class='ocr_par' dir='ltr' id='par_1_12' title="bbox 1074 1290 1360 1343">
     <span class='ocr_line' id='line_1_13' title="bbox 1074 1290 1360 1343; baseline 0.007 -18"><span class='ocrx_word' id='word_1_65' title='bbox 1074 1290 1360 1343; x_wconf 84' lang='lat' dir='ltr'><strong>reugwms.</strong></span> 
     </span>
    </p>
   </div>
   <div class='ocr_carea' id='block_1_13' title="bbox 502 1358 2010 1435">
    <p class='ocr_par' dir='ltr' id='par_1_13' title="bbox 502 1358 2010 1435">
     <span class='ocr_line' id='line_1_14' title="bbox 502 1358 2010 1435; baseline 0.003 -20"><span class='ocrx_word' id='word_1_66' title='bbox 502 1358 750 1430; x_wconf 78' lang='lat' dir='ltr'><strong>Synodus</strong></span> <span class='ocrx_word' id='word_1_67' title='bbox 777 1367 964 1414; x_wconf 91' lang='lat' dir='ltr'><strong>sancta</strong></span> <span class='ocrx_word' id='word_1_68' title='bbox 990 1360 1123 1415; x_wconf 86' lang='lat' dir='ltr'><strong>dicit</strong></span> <span class='ocrx_word' id='word_1_69' title='bbox 1156 1379 1168 1414; x_wconf 76' lang='grc' dir='ltr'>ε</span> <span class='ocrx_word' id='word_1_70' title='bbox 1198 1360 1254 1414; x_wconf 89' lang='lat' dir='ltr'><strong>Si</strong></span> <span class='ocrx_word' id='word_1_71' title='bbox 1287 1362 1409 1431; x_wconf 88' lang='lat' dir='ltr'><strong>quis</strong></span> <span class='ocrx_word' id='word_1_72' title='bbox 1441 1362 1581 1421; x_wconf 80' lang='lat' dir='ltr'><strong>ﬁlios</strong></span> <span class='ocrx_word' id='word_1_73' title='bbox 1618 1365 1919 1435; x_wconf 84' lang='lat' dir='ltr'><strong>reliquerit,</strong></span> <span class='ocrx_word' id='word_1_74' title='bbox 1954 1374 2010 1421; x_wconf 92' lang='lat' dir='ltr'><strong>et</strong></span> 
     </span>
    </p>
   </div>
   <div class='ocr_carea' id='block_1_14' title="bbox 428 1452 2012 1528">
    <p class='ocr_par' dir='ltr' id='par_1_14' title="bbox 428 1452 2012 1528">
     <span class='ocr_line' id='line_1_15' title="bbox 428 1452 2012 1528; baseline 0.005 -23"><span class='ocrx_word' id='word_1_75' title='bbox 428 1466 522 1505; x_wconf 89' lang='lat' dir='ltr'><strong>eos</strong></span> <span class='ocrx_word' id='word_1_76' title='bbox 571 1466 678 1506; x_wconf 91' lang='lat' dir='ltr'><strong>non</strong></span> <span class='ocrx_word' id='word_1_77' title='bbox 725 1452 1032 1519; x_wconf 89' lang='lat' dir='ltr'><strong>enutrierit,</strong></span> <span class='ocrx_word' id='word_1_78' title='bbox 1081 1461 1135 1507; x_wconf 91' lang='lat' dir='ltr'><strong>et</strong></span> <span class='ocrx_word' id='word_1_79' title='bbox 1179 1468 1285 1507; x_wconf 89' lang='lat' dir='ltr'><strong>non</strong></span> <span class='ocrx_word' id='word_1_80' title='bbox 1319 1456 1450 1511; x_wconf 80' lang='lat' dir='ltr'><strong>facit</strong></span> <span class='ocrx_word' id='word_1_81' title='bbox 1490 1458 1632 1526; x_wconf 87' lang='lat' dir='ltr'><strong>quod</strong></span> <span class='ocrx_word' id='word_1_82' title='bbox 1672 1460 1904 1528; x_wconf 85' lang='lat' dir='ltr'><strong>pertinet</strong></span> <span class='ocrx_word' id='word_1_83' title='bbox 1930 1459 2012 1513; x_wconf 88' lang='lat' dir='ltr'><strong>eis</strong></span> 
     </span>
    </p>
   </div>
   <div class='ocr_carea' id='block_1_15' title="bbox 430 1543 2010 1608">
    <p class='ocr_par' dir='ltr' id='par_1_15' title="bbox 430 1543 2010 1608">
     <span class='ocr_line' id='line_1_16' title="bbox 430 1543 2010 1608; baseline 0.004 -10"><span class='ocrx_word' id='word_1_84' title='bbox 430 1559 592 1599; x_wconf 87' lang='lat' dir='ltr'><strong>causa</strong></span> <span class='ocrx_word' id='word_1_85' title='bbox 635 1543 802 1598; x_wconf 86' lang='lat' dir='ltr'><strong>divini</strong></span> <span class='ocrx_word' id='word_1_86' title='bbox 853 1544 1048 1608; x_wconf 86' lang='lat' dir='ltr'><strong>cultus,</strong></span> <span class='ocrx_word' id='word_1_87' title='bbox 1078 1546 1195 1600; x_wconf 87' lang='lat' dir='ltr'><strong>siue</strong></span> <span class='ocrx_word' id='word_1_88' title='bbox 1234 1548 1577 1603; x_wconf 85' lang='lat' dir='ltr'><strong>contentione</strong></span> <span class='ocrx_word' id='word_1_89' title='bbox 1622 1552 1911 1607; x_wconf 82' lang='lat' dir='ltr'><strong>anathema</strong></span> <span class='ocrx_word' id='word_1_90' title='bbox 1939 1551 2010 1605; x_wconf 87' lang='lat' dir='ltr'><strong>sit</strong></span> 
     </span>
    </p>
   </div>
   <div class='ocr_carea' id='block_1_16' title="bbox 430 1631 1151 1705">
    <p class='ocr_par' dir='ltr' id='par_1_16' title="bbox 430 1631 1151 1705">
     <span class='ocr_line' id='line_1_17' title="bbox 430 1631 1151 1705; baseline 0.001 -19"><span class='ocrx_word' id='word_1_91' title='bbox 430 1632 587 1702; x_wconf 84' lang='lat' dir='ltr'><strong>(Can.</strong></span> <span class='ocrx_word' id='word_1_92' title='bbox 611 1631 890 1702; x_wconf 84' lang='lat' dir='ltr'><strong>6ejusdem</strong></span> <span class='ocrx_word' id='word_1_93' title='bbox 914 1634 1151 1705; x_wconf 84' lang='lat' dir='ltr'><strong>concil.).</strong></span> 
     </span>
    </p>
   </div>
   <div class='ocr_carea' id='block_1_17' title="bbox 498 1722 2006 1802">
    <p class='ocr_par' dir='ltr' id='par_1_17' title="bbox 498 1722 2006 1802">
     <span class='ocr_line' id='line_1_18' title="bbox 498 1722 2006 1802; baseline 0.006 -23"><span class='ocrx_word' id='word_1_94' title='bbox 498 1723 631 1779; x_wconf 91' lang='lat' dir='ltr'><strong>Item</strong></span> <span class='ocrx_word' id='word_1_95' title='bbox 658 1739 673 1778; x_wconf 89' lang='lat'><strong>:</strong></span> <span class='ocrx_word' id='word_1_96' title='bbox 697 1722 1011 1794; x_wconf 89' lang='lat' dir='ltr'><strong>Quicunque</strong></span> <span class='ocrx_word' id='word_1_97' title='bbox 1054 1724 1192 1780; x_wconf 85' lang='lat' dir='ltr'><strong>ﬁlios</strong></span> <span class='ocrx_word' id='word_1_98' title='bbox 1221 1729 1589 1795; x_wconf 83' lang='lat' dir='ltr'><strong>procreaverit</strong></span> <span class='ocrx_word' id='word_1_99' title='bbox 1628 1745 1792 1786; x_wconf 85' lang='lat' dir='ltr'><strong>causa</strong></span> <span class='ocrx_word' id='word_1_100' title='bbox 1822 1739 2006 1802; x_wconf 80' lang='lat' dir='ltr'><strong>poste—</strong></span> 
     </span>
    </p>
   </div>
   <div class='ocr_carea' id='block_1_18' title="bbox 430 1813 2011 1877">
    <p class='ocr_par' dir='ltr' id='par_1_18' title="bbox 430 1813 2011 1877">
     <span class='ocr_line' id='line_1_19' title="bbox 430 1813 2011 1877; baseline 0.006 -10"><span class='ocrx_word' id='word_1_101' title='bbox 430 1813 626 1877; x_wconf 77' lang='lat' dir='ltr'><strong>sitatis,</strong></span> <span class='ocrx_word' id='word_1_102' title='bbox 661 1814 869 1868; x_wconf 89' lang='lat' dir='ltr'><strong>nutrire</strong></span> <span class='ocrx_word' id='word_1_103' title='bbox 897 1814 1073 1876; x_wconf 82' lang='lat' dir='ltr'><strong>debet,</strong></span> <span class='ocrx_word' id='word_1_104' title='bbox 1111 1831 1177 1870; x_wconf 90' lang='lat' dir='ltr'><strong>ne</strong></span> <span class='ocrx_word' id='word_1_105' title='bbox 1217 1831 1328 1871; x_wconf 64' lang='lat' dir='ltr'><strong>sua:</strong></span> <span class='ocrx_word' id='word_1_106' title='bbox 1365 1820 1547 1873; x_wconf 89' lang='lat' dir='ltr'><strong>carnis</strong></span> <span class='ocrx_word' id='word_1_107' title='bbox 1591 1821 1857 1876; x_wconf 82' lang='lat' dir='ltr'><strong>homicida</strong></span> <span class='ocrx_word' id='word_1_108' title='bbox 1896 1822 2011 1877; x_wconf 88' lang='lat' dir='ltr'><strong>sive</strong></span> 
     </span>
    </p>
   </div>
   <div class='ocr_carea' id='block_1_19' title="bbox 430 1901 2010 1978">
    <p class='ocr_par' dir='ltr' id='par_1_19' title="bbox 430 1901 2010 1978">
     <span class='ocr_line' id='line_1_20' title="bbox 430 1901 2010 1978; baseline 0.007 -22"><span class='ocrx_word' id='word_1_109' title='bbox 430 1901 704 1971; x_wconf 89' lang='lat' dir='ltr'><strong>dispersor</strong></span> <span class='ocrx_word' id='word_1_110' title='bbox 752 1902 981 1969; x_wconf 79' lang='lat' dir='ltr'><strong>existat;</strong></span> <span class='ocrx_word' id='word_1_111' title='bbox 1020 1903 1150 1958; x_wconf 89' lang='lat' dir='ltr'><strong>dicit</strong></span> <span class='ocrx_word' id='word_1_112' title='bbox 1197 1906 1342 1977; x_wconf 86' lang='lat' dir='ltr'><strong>enim</strong></span> <span class='ocrx_word' id='word_1_113' title='bbox 1398 1907 1681 1978; x_wconf 84' lang='lat' dir='ltr'><strong>Scriptura</strong></span> <span class='ocrx_word' id='word_1_114' title='bbox 1728 1929 1740 1964; x_wconf 90' lang='lat'><strong>:</strong></span> <span class='ocrx_word' id='word_1_115' title='bbox 1785 1911 2010 1967; x_wconf 79' lang='lat' dir='ltr'><strong>Carnem</strong></span> 
     </span>
    </p>
   </div>
   <div class='ocr_carea' id='block_1_20' title="bbox 429 1992 1456 2069">
    <p class='ocr_par' dir='ltr' id='par_1_20' title="bbox 429 1992 1456 2069">
     <span class='ocr_line' id='line_1_21' title="bbox 429 1992 1456 2069; baseline 0.007 -24"><span class='ocrx_word' id='word_1_116' title='bbox 429 2000 577 2046; x_wconf 87' lang='lat' dir='ltr'><strong>tuam</strong></span> <span class='ocrx_word' id='word_1_117' title='bbox 599 2008 662 2046; x_wconf 89' lang='lat' dir='ltr'><strong>ne</strong></span> <span class='ocrx_word' id='word_1_118' title='bbox 688 1992 981 2064; x_wconf 74' lang='lat' dir='ltr'><strong>despexeris</strong></span> <span class='ocrx_word' id='word_1_119' title='bbox 1007 1993 1165 2064; x_wconf 90' lang='lat' dir='ltr'><strong>(lsai.</strong></span> <span class='ocrx_word' id='word_1_120' title='bbox 1191 2012 1345 2061; x_wconf 80' lang='lat' dir='ltr'><strong>LVIII,</strong></span> <span class='ocrx_word' id='word_1_121' title='bbox 1381 1997 1456 2069; x_wconf 91' lang='lat'><strong>7).</strong></span> 
     </span>
    </p>
   </div>
   <div class='ocr_carea' id='block_1_21' title="bbox 428 2080 2007 2162">
    <p class='ocr_par' dir='ltr' id='par_1_21' title="bbox 428 2080 2007 2162">
     <span class='ocr_line' id='line_1_22' title="bbox 428 2080 2007 2162; baseline 0.004 -22"><span class='ocrx_word' id='word_1_122' title='bbox 428 2080 561 2140; x_wconf 64' lang='lat' dir='ltr'><strong>Car.</strong></span> <span class='ocrx_word' id='word_1_123' title='bbox 585 2098 676 2137; x_wconf 80' lang='lat' dir='ltr'><strong>xx.</strong></span> <span class='ocrx_word' id='word_1_124' title='bbox 702 2114 775 2124; x_wconf 91' lang='lat'>—</span> <span class='ocrx_word' id='word_1_125' title='bbox 798 2084 876 2139; x_wconf 86' lang='lat' dir='ltr'><strong>De</strong></span> <span class='ocrx_word' id='word_1_126' title='bbox 898 2100 958 2139; x_wconf 87' lang='lat' dir='ltr'><strong>eo</strong></span> <span class='ocrx_word' id='word_1_127' title='bbox 993 2087 1134 2157; x_wconf 84' lang='lat' dir='ltr'><strong>quod</strong></span> <span class='ocrx_word' id='word_1_128' title='bbox 1177 2089 1557 2159; x_wconf 79' lang='lat' dir='ltr'><strong>prwponendus</strong></span> <span class='ocrx_word' id='word_1_129' title='bbox 1593 2091 1735 2146; x_wconf 84' lang='lat' dir='ltr'><strong>Deus</strong></span> <span class='ocrx_word' id='word_1_130' title='bbox 1768 2093 1834 2147; x_wconf 92' lang='lat' dir='ltr'><strong>sit</strong></span> <span class='ocrx_word' id='word_1_131' title='bbox 1861 2092 2007 2162; x_wconf 88' lang='lat' dir='ltr'><strong>ﬁliis.</strong></span> 
     </span>
    </p>
   </div>
   <div class='ocr_carea' id='block_1_22' title="bbox 503 2174 2013 2250">
    <p class='ocr_par' dir='ltr' id='par_1_22' title="bbox 503 2174 2013 2250">
     <span class='ocr_line' id='line_1_23' title="bbox 503 2174 2013 2250; baseline 0.007 -21"><span class='ocrx_word' id='word_1_132' title='bbox 503 2174 782 2246; x_wconf 84' lang='lat' dir='ltr'><strong>Synodus:</strong></span> <span class='ocrx_word' id='word_1_133' title='bbox 809 2176 1107 2231; x_wconf 86' lang='lat' dir='ltr'><strong>Delinimus</strong></span> <span class='ocrx_word' id='word_1_134' title='bbox 1129 2184 1188 2232; x_wconf 89' lang='lat' dir='ltr'><strong>ut</strong></span> <span class='ocrx_word' id='word_1_135' title='bbox 1203 2178 1381 2234; x_wconf 89' lang='lat' dir='ltr'><strong>omnis</strong></span> <span class='ocrx_word' id='word_1_136' title='bbox 1405 2181 1677 2250; x_wconf 83' lang='lat' dir='ltr'><strong>paenitens</strong></span> <span class='ocrx_word' id='word_1_137' title='bbox 1703 2198 1807 2237; x_wconf 92' lang='lat' dir='ltr'><strong>non</strong></span> <span class='ocrx_word' id='word_1_138' title='bbox 1832 2186 2013 2240; x_wconf 89' lang='lat' dir='ltr'><strong>omnia</strong></span> 
     </span>
    </p>
   </div>
   <div class='ocr_carea' id='block_1_23' title="bbox 431 2264 2009 2344">
    <p class='ocr_par' dir='ltr' id='par_1_23' title="bbox 431 2264 2009 2344">
     <span class='ocr_line' id='line_1_24' title="bbox 431 2264 2009 2344; baseline 0.007 -24"><span class='ocrx_word' id='word_1_139' title='bbox 431 2280 529 2320; x_wconf 89' lang='lat' dir='ltr'><strong>sua</strong></span> <span class='ocrx_word' id='word_1_140' title='bbox 557 2264 836 2336; x_wconf 83' lang='lat' dir='ltr'><strong>reliquerit</strong></span> <span class='ocrx_word' id='word_1_141' title='bbox 859 2265 988 2322; x_wconf 85' lang='lat' dir='ltr'><strong>tiliis</strong></span> <span class='ocrx_word' id='word_1_142' title='bbox 1008 2269 1143 2335; x_wconf 86' lang='lat' dir='ltr'><strong>suis,</strong></span> <span class='ocrx_word' id='word_1_143' title='bbox 1161 2280 1215 2326; x_wconf 87' lang='lat' dir='ltr'><strong>et</strong></span> <span class='ocrx_word' id='word_1_144' title='bbox 1247 2270 1386 2327; x_wconf 88' lang='lat' dir='ltr'><strong>liber</strong></span> <span class='ocrx_word' id='word_1_145' title='bbox 1410 2282 1687 2344; x_wconf 84' lang='lat' dir='ltr'><strong>exspectet</strong></span> <span class='ocrx_word' id='word_1_146' title='bbox 1710 2272 2009 2342; x_wconf 89' lang='lat' dir='ltr'><strong>Christum,</strong></span> 
     </span>
    </p>
   </div>
   <div class='ocr_carea' id='block_1_24' title="bbox 430 2356 1260 2426">
    <p class='ocr_par' dir='ltr' id='par_1_24' title="bbox 430 2356 1260 2426">
     <span class='ocr_line' id='line_1_25' title="bbox 430 2356 1260 2426; baseline 0.008 -17"><span class='ocrx_word' id='word_1_147' title='bbox 430 2357 523 2426; x_wconf 89' lang='lat' dir='ltr'><strong>qui</strong></span> <span class='ocrx_word' id='word_1_148' title='bbox 551 2356 730 2412; x_wconf 81' lang='lat' dir='ltr'><strong>omnia</strong></span> <span class='ocrx_word' id='word_1_149' title='bbox 759 2358 907 2413; x_wconf 82' lang='lat' dir='ltr'><strong>dabit</strong></span> <span class='ocrx_word' id='word_1_150' title='bbox 934 2360 1260 2416; x_wconf 86' lang='lat' dir='ltr'><strong>necessaria.</strong></span> 
     </span>
    </p>
   </div>
   <div class='ocr_carea' id='block_1_25' title="bbox 944 2448 1506 2508">
    <p class='ocr_par' dir='ltr' id='par_1_25' title="bbox 944 2448 1506 2508">
     <span class='ocr_line' id='line_1_26' title="bbox 944 2448 1506 2508; baseline 0.009 -5"><span class='ocrx_word' id='word_1_151' title='bbox 944 2448 1035 2503; x_wconf 73' lang='lat' dir='ltr'><strong>EX</strong></span> <span class='ocrx_word' id='word_1_152' title='bbox 1072 2449 1278 2507; x_wconf 77' lang='lat' dir='ltr'><strong>LIBRO</strong></span> <span class='ocrx_word' id='word_1_153' title='bbox 1315 2448 1506 2508; x_wconf 75' lang='lat' dir='ltr'><strong>XXXI.</strong></span> 
     </span>
    </p>
   </div>
   <div class='ocr_carea' id='block_1_26' title="bbox 512 2548 1942 2601">
    <p class='ocr_par' dir='ltr' id='par_1_26' title="bbox 512 2548 1942 2601">
     <span class='ocr_line' id='line_1_27' title="bbox 512 2548 1942 2601; baseline 0.003 -6"><span class='ocrx_word' id='word_1_154' title='bbox 512 2556 580 2595; x_wconf 69' lang='lat' dir='ltr'><strong>DE</strong></span> <span class='ocrx_word' id='word_1_155' title='bbox 619 2548 947 2595; x_wconf 65' lang='lat' dir='ltr'><strong>PARENTIBUS</strong></span> <span class='ocrx_word' id='word_1_156' title='bbox 982 2557 1051 2597; x_wconf 77' lang='lat' dir='ltr'><strong>ET</strong></span> <span class='ocrx_word' id='word_1_157' title='bbox 1088 2557 1268 2598; x_wconf 73' lang='grc' dir='ltr'><strong>εοιιωι</strong></span> <span class='ocrx_word' id='word_1_158' title='bbox 1307 2556 1620 2601; x_wconf 61' lang='grc' dir='ltr'><strong>ΗΞΒΕΏΙΒυδ</strong></span> <span class='ocrx_word' id='word_1_159' title='bbox 1655 2559 1725 2600; x_wconf 77' lang='lat' dir='ltr'><strong>E‘I‘</strong></span> <span class='ocrx_word' id='word_1_160' title='bbox 1763 2560 1942 2601; x_wconf 74' lang='grc' dir='ltr'><strong>ιἰιιιε.</strong></span> 
     </span>
    </p>
   </div>
   <div class='ocr_carea' id='block_1_27' title="bbox 491 2630 1949 2707">
    <p class='ocr_par' dir='ltr' id='par_1_27' title="bbox 491 2630 1949 2707">
     <span class='ocr_line' id='line_1_28' title="bbox 491 2630 1949 2707; baseline 0.002 -21"><span class='ocrx_word' id='word_1_161' title='bbox 491 2630 619 2686; x_wconf 68' lang='grc' dir='ltr'><strong>(ΖΜ).</strong></span> <span class='ocrx_word' id='word_1_162' title='bbox 650 2646 705 2685; x_wconf 69' lang='grc' dir='ltr'><strong>ι.</strong></span> <span class='ocrx_word' id='word_1_163' title='bbox 728 2662 801 2672; x_wconf 88' lang='grc'><strong><em>-</em></strong></span> <span class='ocrx_word' id='word_1_164' title='bbox 824 2633 900 2686; x_wconf 83' lang='lat' dir='ltr'><strong>De</strong></span> <span class='ocrx_word' id='word_1_165' title='bbox 925 2632 1229 2688; x_wconf 83' lang='lat' dir='ltr'><strong>Iuereditate</strong></span> <span class='ocrx_word' id='word_1_166' title='bbox 1253 2636 1508 2689; x_wconf 86' lang='lat' dir='ltr'><strong>servanda</strong></span> <span class='ocrx_word' id='word_1_167' title='bbox 1533 2636 1662 2705; x_wconf 86' lang='lat' dir='ltr'><strong>ﬁliis</strong></span> <span class='ocrx_word' id='word_1_168' title='bbox 1687 2635 1949 2707; x_wconf 84' lang='lat' dir='ltr'><strong>legitimis.</strong></span> 
     </span>
    </p>
   </div>
   <div class='ocr_carea' id='block_1_28' title="bbox 509 2720 2014 2798">
    <p class='ocr_par' dir='ltr' id='par_1_28' title="bbox 509 2720 2014 2798">
     <span class='ocr_line' id='line_1_29' title="bbox 509 2720 2014 2798; baseline 0.004 -21"><span class='ocrx_word' id='word_1_169' title='bbox 509 2722 760 2794; x_wconf 80' lang='lat' dir='ltr'><strong>Synodus</strong></span> <span class='ocrx_word' id='word_1_170' title='bbox 800 2724 931 2778; x_wconf 83' lang='lat' dir='ltr'><strong>dicit</strong></span> <span class='ocrx_word' id='word_1_171' title='bbox 959 2741 972 2777; x_wconf 87' lang='lat'><strong>:</strong></span> <span class='ocrx_word' id='word_1_172' title='bbox 999 2720 1116 2778; x_wconf 83' lang='lat' dir='ltr'><strong>Non</strong></span> <span class='ocrx_word' id='word_1_173' title='bbox 1152 2724 1311 2780; x_wconf 83' lang='lat' dir='ltr'><strong>debet</strong></span> <span class='ocrx_word' id='word_1_174' title='bbox 1354 2725 1608 2783; x_wconf 83' lang='lat' dir='ltr'><strong>fraudare</strong></span> <span class='ocrx_word' id='word_1_175' title='bbox 1650 2735 1807 2798; x_wconf 83' lang='lat' dir='ltr'><strong>pater</strong></span> <span class='ocrx_word' id='word_1_176' title='bbox 1845 2726 2014 2783; x_wconf 83' lang='lat' dir='ltr'><strong>lilium</strong></span> 
     </span>
    </p>
   </div>
   <div class='ocr_carea' id='block_1_29' title="bbox 434 2812 2011 2885">
    <p class='ocr_par' dir='ltr' id='par_1_29' title="bbox 434 2812 2011 2885">
     <span class='ocr_line' id='line_1_30' title="bbox 434 2812 2011 2885; baseline 0.004 -14"><span class='ocrx_word' id='word_1_177' title='bbox 434 2830 611 2880; x_wconf 78' lang='lat' dir='ltr'><strong>suum,</strong></span> <span class='ocrx_word' id='word_1_178' title='bbox 653 2812 745 2869; x_wconf 86' lang='lat' dir='ltr'><strong>sed</strong></span> <span class='ocrx_word' id='word_1_179' title='bbox 773 2815 952 2885; x_wconf 77' lang='lat' dir='ltr'><strong>largiri</strong></span> <span class='ocrx_word' id='word_1_180' title='bbox 989 2817 1149 2881; x_wconf 88' lang='lat' dir='ltr'><strong>dona,</strong></span> <span class='ocrx_word' id='word_1_181' title='bbox 1180 2826 1234 2872; x_wconf 90' lang='lat' dir='ltr'><strong>et</strong></span> <span class='ocrx_word' id='word_1_182' title='bbox 1262 2818 1630 2875; x_wconf 73' lang='lat' dir='ltr'><strong>hmreditatem</strong></span> <span class='ocrx_word' id='word_1_183' title='bbox 1667 2818 1797 2874; x_wconf 90' lang='lat' dir='ltr'><strong>dare</strong></span> <span class='ocrx_word' id='word_1_184' title='bbox 1831 2822 2011 2877; x_wconf 87' lang='lat' dir='ltr'><strong>debet.</strong></span> 
     </span>
    </p>
   </div>
   <div class='ocr_carea' id='block_1_30' title="bbox 434 2904 2013 2979">
    <p class='ocr_par' dir='ltr' id='par_1_30' title="bbox 434 2904 2013 2979">
     <span class='ocr_line' id='line_1_31' title="bbox 434 2904 2013 2979; baseline 0.003 -17"><span class='ocrx_word' id='word_1_185' title='bbox 434 2905 565 2962; x_wconf 70' lang='lat' dir='ltr'><strong>Car.</strong></span> <span class='ocrx_word' id='word_1_186' title='bbox 606 2920 717 2960; x_wconf 67' lang='grc' dir='ltr'><strong>ειν.</strong></span> <span class='ocrx_word' id='word_1_187' title='bbox 738 2934 811 2946; x_wconf 90' lang='grc'><strong>--</strong></span> <span class='ocrx_word' id='word_1_188' title='bbox 830 2905 923 2979; x_wconf 80' lang='lat' dir='ltr'><strong>De</strong></span> <span class='ocrx_word' id='word_1_189' title='bbox 940 2923 1000 2960; x_wconf 91' lang='lat' dir='ltr'><strong>eo</strong></span> <span class='ocrx_word' id='word_1_190' title='bbox 1027 2904 1166 2976; x_wconf 80' lang='lat' dir='ltr'><strong>quod</strong></span> <span class='ocrx_word' id='word_1_191' title='bbox 1199 2907 1345 2979; x_wconf 81' lang='lat' dir='ltr'><strong>debet</strong></span> <span class='ocrx_word' id='word_1_192' title='bbox 1374 2907 1608 2979; x_wconf 78' lang='lat' dir='ltr'><strong>Ecclesia</strong></span> <span class='ocrx_word' id='word_1_193' title='bbox 1636 2920 1839 2979; x_wconf 88' lang='lat' dir='ltr'><strong>partem</strong></span> <span class='ocrx_word' id='word_1_194' title='bbox 1862 2928 2013 2966; x_wconf 90' lang='lat' dir='ltr'><strong>suam</strong></span> 
     </span>
    </p>
   </div>
   <div class='ocr_carea' id='block_1_31' title="bbox 889 2976 1559 3047">
    <p class='ocr_par' dir='ltr' id='par_1_31' title="bbox 889 2976 1559 3047">
     <span class='ocr_line' id='line_1_32' title="bbox 889 2976 1559 3047; baseline 0.003 -18"><span class='ocrx_word' id='word_1_195' title='bbox 889 2976 1017 3030; x_wconf 86' lang='lat' dir='ltr'><strong>dare</strong></span> <span class='ocrx_word' id='word_1_196' title='bbox 1042 2978 1278 3047; x_wconf 74' lang='lat' dir='ltr'><strong>cognatis</strong></span> <span class='ocrx_word' id='word_1_197' title='bbox 1305 2977 1559 3047; x_wconf 77' lang='lat' dir='ltr'><strong>defuncti.</strong></span> 
     </span>
    </p>
   </div>
   <div class='ocr_carea' id='block_1_32' title="bbox 504 3069 2015 3144">
    <p class='ocr_par' dir='ltr' id='par_1_32' title="bbox 504 3069 2015 3144">
     <span class='ocr_line' id='line_1_33' title="bbox 504 3069 2015 3144; baseline 0.003 -18"><span class='ocrx_word' id='word_1_198' title='bbox 504 3069 755 3144; x_wconf 82' lang='lat' dir='ltr'><strong>Synodus</strong></span> <span class='ocrx_word' id='word_1_199' title='bbox 783 3069 1029 3125; x_wconf 76' lang='lat' dir='ltr'><strong>deﬁnivit</strong></span> <span class='ocrx_word' id='word_1_200' title='bbox 1056 3088 1068 3124; x_wconf 89' lang='lat'><strong>:</strong></span> <span class='ocrx_word' id='word_1_201' title='bbox 1101 3070 1234 3126; x_wconf 87' lang='lat' dir='ltr'><strong>Cum</strong></span> <span class='ocrx_word' id='word_1_202' title='bbox 1254 3072 1379 3141; x_wconf 88' lang='lat' dir='ltr'><strong>quis</strong></span> <span class='ocrx_word' id='word_1_203' title='bbox 1409 3072 1659 3139; x_wconf 89' lang='lat' dir='ltr'><strong>moritur,</strong></span> <span class='ocrx_word' id='word_1_204' title='bbox 1690 3070 1874 3127; x_wconf 83' lang='lat' dir='ltr'><strong>omnia</strong></span> <span class='ocrx_word' id='word_1_205' title='bbox 1894 3087 2015 3143; x_wconf 69' lang='lat' dir='ltr'><strong>quae</strong></span> 
     </span>
    </p>
   </div>
   <div class='ocr_carea' id='block_1_33' title="bbox 434 3135 2090 3232">
    <p class='ocr_par' dir='ltr' id='par_1_33' title="bbox 434 3135 2090 3232">
     <span class='ocr_line' id='line_1_34' title="bbox 434 3135 2090 3232; baseline 0.001 -13"><span class='ocrx_word' id='word_1_206' title='bbox 434 3135 597 3219; x_wconf 55' lang='lat' dir='ltr'><strong>haben</strong></span> <span class='ocrx_word' id='word_1_207' title='bbox 626 3162 964 3219; x_wconf 88' lang='lat' dir='ltr'><strong>commendet</strong></span> <span class='ocrx_word' id='word_1_208' title='bbox 993 3162 1123 3226; x_wconf 89' lang='lat' dir='ltr'><strong>Deo,</strong></span> <span class='ocrx_word' id='word_1_209' title='bbox 1155 3171 1209 3216; x_wconf 89' lang='lat' dir='ltr'><strong>et</strong></span> <span class='ocrx_word' id='word_1_210' title='bbox 1243 3135 1452 3232; x_wconf 74' lang='lat' dir='ltr'><strong>partem</strong></span> <span class='ocrx_word' id='word_1_211' title='bbox 1479 3135 1680 3218; x_wconf 74' lang='lat' dir='ltr'><strong>Ctesari</strong></span> <span class='ocrx_word' id='word_1_212' title='bbox 1709 3135 1932 3230; x_wconf 63' lang='lat' dir='ltr'><strong>tribuat,</strong></span> <span class='ocrx_word' id='word_1_213' title='bbox 1960 3175 2013 3221; x_wconf 91' lang='lat' dir='ltr'><strong>et</strong></span> <span class='ocrx_word' id='word_1_214' title='bbox 2043 3135 2090 3200; x_wconf 64' lang='grc' dir='ltr'><strong>δ</strong></span> 
     </span>
    </p>
   </div>
   <div class='ocr_carea' id='block_1_34' title="bbox 438 3250 2010 3324">
    <p class='ocr_par' dir='ltr' id='par_1_34' title="bbox 438 3250 2010 3324">
     <span class='ocr_line' id='line_1_35' title="bbox 438 3250 2010 3324; baseline 0.003 -18"><span class='ocrx_word' id='word_1_215' title='bbox 438 3254 578 3307; x_wconf 84' lang='lat' dir='ltr'><strong>Deus</strong></span> <span class='ocrx_word' id='word_1_216' title='bbox 605 3265 704 3323; x_wconf 90' lang='lat' dir='ltr'><strong>per</strong></span> <span class='ocrx_word' id='word_1_217' title='bbox 733 3265 924 3306; x_wconf 88' lang='lat' dir='ltr'><strong>manus</strong></span> <span class='ocrx_word' id='word_1_218' title='bbox 948 3250 1225 3305; x_wconf 89' lang='lat' dir='ltr'><strong>hominum</strong></span> <span class='ocrx_word' id='word_1_219' title='bbox 1250 3251 1452 3307; x_wconf 83' lang='lat' dir='ltr'><strong>tribuat</strong></span> <span class='ocrx_word' id='word_1_220' title='bbox 1473 3250 1599 3306; x_wconf 85' lang='lat' dir='ltr'><strong>liliis</strong></span> <span class='ocrx_word' id='word_1_221' title='bbox 1630 3250 1748 3321; x_wconf 83' lang='lat' dir='ltr'><strong>ejus</strong></span> <span class='ocrx_word' id='word_1_222' title='bbox 1767 3260 1861 3308; x_wconf 90' lang='lat' dir='ltr'><strong>aut</strong></span> <span class='ocrx_word' id='word_1_223' title='bbox 1885 3269 2010 3324; x_wconf 88' lang='lat' dir='ltr'><strong>pro-</strong></span> 
     </span>
    </p>
   </div>
   <div class='ocr_carea' id='block_1_35' title="bbox 435 3345 1413 3415">
    <p class='ocr_par' dir='ltr' id='par_1_35' title="bbox 435 3345 1413 3415">
     <span class='ocr_line' id='line_1_36' title="bbox 435 3345 1413 3415; baseline -0.004 -16"><span class='ocrx_word' id='word_1_224' title='bbox 435 3345 669 3415; x_wconf 62' lang='lat' dir='ltr'><strong>pinquis.</strong></span> <span class='ocrx_word' id='word_1_225' title='bbox 1409 3391 1413 3395; x_wconf 35' lang='grc' dir='ltr'>λ</span> 
     </span>
    </p>
   </div>
   <div class='ocr_carea' id='block_1_36' title="bbox 434 3434 2018 3507">
    <p class='ocr_par' dir='ltr' id='par_1_36' title="bbox 434 3434 2018 3507">
     <span class='ocr_line' id='line_1_37' title="bbox 434 3434 2018 3507; baseline 0.001 -14"><span class='ocrx_word' id='word_1_226' title='bbox 434 3436 564 3493; x_wconf 63' lang='lat' dir='ltr'><strong>CAP.</strong></span> <span class='ocrx_word' id='word_1_227' title='bbox 596 3452 688 3490; x_wconf 80' lang='lat' dir='ltr'><strong>xx.</strong></span> <span class='ocrx_word' id='word_1_228' title='bbox 710 3465 782 3476; x_wconf 90' lang='lat'><strong><em>—</em></strong></span> <span class='ocrx_word' id='word_1_229' title='bbox 802 3434 880 3490; x_wconf 86' lang='lat' dir='ltr'><strong>De</strong></span> <span class='ocrx_word' id='word_1_230' title='bbox 910 3436 993 3507; x_wconf 82' lang='lat' dir='ltr'><strong>his</strong></span> <span class='ocrx_word' id='word_1_231' title='bbox 1037 3437 1127 3507; x_wconf 86' lang='lat' dir='ltr'><strong>qui</strong></span> <span class='ocrx_word' id='word_1_232' title='bbox 1162 3435 1363 3492; x_wconf 72' lang='lat' dir='ltr'><strong>addunt</strong></span> <span class='ocrx_word' id='word_1_233' title='bbox 1406 3447 1645 3492; x_wconf 75' lang='lat' dir='ltr'><strong>auctores</strong></span> <span class='ocrx_word' id='word_1_234' title='bbox 1683 3435 1935 3494; x_wconf 59' lang='lat' dir='ltr'><strong>Ecclesia</strong></span> <span class='ocrx_word' id='word_1_235' title='bbox 1959 3440 2018 3494; x_wconf 81' lang='lat' dir='ltr'><strong>in</strong></span> 
     </span>
    </p>
   </div>
   <div class='ocr_carea' id='block_1_37' title="bbox 950 3506 1511 3579">
    <p class='ocr_par' dir='ltr' id='par_1_37' title="bbox 950 3506 1511 3579">
     <span class='ocr_line' id='line_1_38' title="bbox 950 3506 1511 3579; baseline 0 -18"><span class='ocrx_word' id='word_1_236' title='bbox 950 3506 1157 3579; x_wconf 78' lang='lat' dir='ltr'><strong>feminis</strong></span> <span class='ocrx_word' id='word_1_237' title='bbox 1194 3507 1511 3565; x_wconf 72' lang='lat' dir='ltr'><strong>Itwredibus.</strong></span> 
     </span>
    </p>
   </div>
   <div class='ocr_carea' id='block_1_38' title="bbox 505 3578 2018 3670">
    <p class='ocr_par' dir='ltr' id='par_1_38' title="bbox 505 3578 2018 3670">
     <span class='ocr_line' id='line_1_39' title="bbox 505 3578 2018 3670; baseline 0.001 -19"><span class='ocrx_word' id='word_1_238' title='bbox 505 3596 756 3670; x_wconf 85' lang='lat' dir='ltr'><strong>Synodus</strong></span> <span class='ocrx_word' id='word_1_239' title='bbox 776 3578 1130 3659; x_wconf 77' lang='lat' dir='ltr'><strong>IIilIernenSis</strong></span> <span class='ocrx_word' id='word_1_240' title='bbox 1148 3617 1161 3652; x_wconf 91' lang='lat'><strong>:</strong></span> <span class='ocrx_word' id='word_1_241' title='bbox 1180 3599 1442 3656; x_wconf 81' lang='lat' dir='ltr'><strong>Auctores</strong></span> <span class='ocrx_word' id='word_1_242' title='bbox 1462 3578 1719 3655; x_wconf 65' lang='lat' dir='ltr'><strong>Ecclesia:</strong></span> <span class='ocrx_word' id='word_1_243' title='bbox 1735 3600 1828 3655; x_wconf 90' lang='lat' dir='ltr'><strong>hic</strong></span> <span class='ocrx_word' id='word_1_244' title='bbox 1851 3599 2018 3654; x_wconf 85' lang='lat' dir='ltr'><strong>multa</strong></span> 
     </span>
    </p>
   </div>
   <div class='ocr_carea' id='block_1_39' title="bbox 436 3685 2019 3759">
    <p class='ocr_par' dir='ltr' id='par_1_39' title="bbox 436 3685 2019 3759">
     <span class='ocr_line' id='line_1_40' title="bbox 436 3685 2019 3759; baseline -0.001 -15"><span class='ocrx_word' id='word_1_245' title='bbox 436 3690 639 3746; x_wconf 86' lang='lat' dir='ltr'><strong>addunt</strong></span> <span class='ocrx_word' id='word_1_246' title='bbox 682 3697 743 3744; x_wconf 92' lang='lat' dir='ltr'><strong>ut</strong></span> <span class='ocrx_word' id='word_1_247' title='bbox 787 3685 1001 3744; x_wconf 72' lang='lat' dir='ltr'><strong>femina:</strong></span> <span class='ocrx_word' id='word_1_248' title='bbox 1031 3690 1275 3746; x_wconf 74' lang='lat' dir='ltr'><strong>htcredes</strong></span> <span class='ocrx_word' id='word_1_249' title='bbox 1304 3690 1434 3746; x_wconf 89' lang='lat' dir='ltr'><strong>deut</strong></span> <span class='ocrx_word' id='word_1_250' title='bbox 1466 3699 1615 3746; x_wconf 81' lang='lat' dir='ltr'><strong>ratas</strong></span> <span class='ocrx_word' id='word_1_251' title='bbox 1639 3698 1693 3745; x_wconf 91' lang='lat' dir='ltr'><strong>et</strong></span> <span class='ocrx_word' id='word_1_252' title='bbox 1720 3689 2019 3759; x_wconf 86' lang='lat' dir='ltr'><strong>stipulatio-</strong></span> 
     </span>
    </p>
   </div>
   <div class='ocr_carea' id='block_1_40' title="bbox 438 3779 2018 3845">
    <p class='ocr_par' dir='ltr' id='par_1_40' title="bbox 438 3779 2018 3845">
     <span class='ocr_line' id='line_1_41' title="bbox 438 3779 2018 3845; baseline 0 -10"><span class='ocrx_word' id='word_1_253' title='bbox 438 3796 560 3845; x_wconf 86' lang='lat' dir='ltr'><strong>nes;</strong></span> <span class='ocrx_word' id='word_1_254' title='bbox 588 3795 655 3835; x_wconf 91' lang='lat' dir='ltr'><strong>ne</strong></span> <span class='ocrx_word' id='word_1_255' title='bbox 678 3779 1038 3834; x_wconf 78' lang='lat' dir='ltr'><strong>transferatur</strong></span> <span class='ocrx_word' id='word_1_256' title='bbox 1061 3795 1191 3834; x_wconf 88' lang='lat' dir='ltr'><strong>vera</strong></span> <span class='ocrx_word' id='word_1_257' title='bbox 1214 3780 1505 3836; x_wconf 67' lang='lat' dir='ltr'><strong>haereditas</strong></span> <span class='ocrx_word' id='word_1_258' title='bbox 1530 3780 1599 3836; x_wconf 86' lang='lat' dir='ltr'><strong>ad</strong></span> <span class='ocrx_word' id='word_1_259' title='bbox 1635 3780 1840 3836; x_wconf 87' lang='lat' dir='ltr'><strong>alienos</strong></span> <span class='ocrx_word' id='word_1_260' title='bbox 1867 3792 1881 3834; x_wconf 90' lang='lat'><strong>:</strong></span> <span class='ocrx_word' id='word_1_261' title='bbox 1911 3780 2018 3835; x_wconf 80' lang='lat' dir='ltr'><strong>Do-</strong></span> 
     </span>
    </p>
   </div>
   <div class='ocr_carea' id='block_1_41' title="bbox 439 3869 2018 3940">
    <p class='ocr_par' dir='ltr' id='par_1_41' title="bbox 439 3869 2018 3940">
     <span class='ocr_line' id='line_1_42' title="bbox 439 3869 2018 3940; baseline 0.001 -16"><span class='ocrx_word' id='word_1_262' title='bbox 439 3872 618 3925; x_wconf 88' lang='lat' dir='ltr'><strong>minus</strong></span> <span class='ocrx_word' id='word_1_263' title='bbox 655 3869 820 3924; x_wconf 89' lang='lat' dir='ltr'><strong>etiam</strong></span> <span class='ocrx_word' id='word_1_264' title='bbox 859 3869 1165 3923; x_wconf 86' lang='lat' dir='ltr'><strong>:Transibit</strong></span> <span class='ocrx_word' id='word_1_265' title='bbox 1204 3870 1482 3925; x_wconf 62' lang='lat' dir='ltr'><strong>hatreditas</strong></span> <span class='ocrx_word' id='word_1_266' title='bbox 1533 3885 1715 3925; x_wconf 85' lang='lat' dir='ltr'><strong>earum</strong></span> <span class='ocrx_word' id='word_1_267' title='bbox 1764 3871 2018 3940; x_wconf 78' lang='lat' dir='ltr'><strong>fratribus</strong></span> 
     </span>
    </p>
   </div>
   <div class='ocr_carea' id='block_1_42' title="bbox 435 3957 2019 4029">
    <p class='ocr_par' dir='ltr' id='par_1_42' title="bbox 435 3957 2019 4029">
     <span class='ocr_line' id='line_1_43' title="bbox 435 3957 2019 4029; baseline 0.002 -18"><span class='ocrx_word' id='word_1_268' title='bbox 435 3960 601 4029; x_wconf 83' lang='lat' dir='ltr'><strong>patris</strong></span> <span class='ocrx_word' id='word_1_269' title='bbox 628 3957 730 4022; x_wconf 89' lang='lat' dir='ltr'><strong>sui,</strong></span> <span class='ocrx_word' id='word_1_270' title='bbox 761 3957 884 4011; x_wconf 92' lang='lat' dir='ltr'><strong>inde</strong></span> <span class='ocrx_word' id='word_1_271' title='bbox 916 3958 1220 4028; x_wconf 79' lang='lat' dir='ltr'><strong>propinquis</strong></span> <span class='ocrx_word' id='word_1_272' title='bbox 1251 3958 1439 4028; x_wconf 89' lang='lat' dir='ltr'><strong>(Num.</strong></span> <span class='ocrx_word' id='word_1_273' title='bbox 1485 3975 1653 4021; x_wconf 77' lang='lat' dir='ltr'><strong>xvaI,</strong></span> <span class='ocrx_word' id='word_1_274' title='bbox 1687 3958 1797 4028; x_wconf 86' lang='grc'><strong>10).</strong></span> <span class='ocrx_word' id='word_1_275' title='bbox 1832 3959 2019 4014; x_wconf 90' lang='lat' dir='ltr'><strong>Scien-</strong></span> 
     </span>
    </p>
   </div>
   <div class='ocr_carea' id='block_1_43' title="bbox 440 4044 2019 4116">
    <p class='ocr_par' dir='ltr' id='par_1_43' title="bbox 440 4044 2019 4116">
     <span class='ocr_line' id='line_1_44' title="bbox 440 4044 2019 4116; baseline 0.003 -17"><span class='ocrx_word' id='word_1_276' title='bbox 440 4047 567 4099; x_wconf 89' lang='lat' dir='ltr'><strong>dum</strong></span> <span class='ocrx_word' id='word_1_277' title='bbox 618 4053 798 4098; x_wconf 89' lang='lat' dir='ltr'><strong>utrum</strong></span> <span class='ocrx_word' id='word_1_278' title='bbox 852 4044 1058 4099; x_wconf 84' lang='lat' dir='ltr'><strong>dabunt</strong></span> <span class='ocrx_word' id='word_1_279' title='bbox 1104 4053 1316 4116; x_wconf 83' lang='lat' dir='ltr'><strong>partem</strong></span> <span class='ocrx_word' id='word_1_280' title='bbox 1371 4047 1633 4102; x_wconf 83' lang='lat' dir='ltr'><strong>Domino:</strong></span> <span class='ocrx_word' id='word_1_281' title='bbox 1662 4048 1709 4102; x_wconf 90' lang='lat' dir='ltr'><strong>si</strong></span> <span class='ocrx_word' id='word_1_282' title='bbox 1752 4049 2019 4104; x_wconf 83' lang='lat' dir='ltr'><strong>tacuerint</strong></span> 
     </span>
    </p>
   </div>
   <div class='ocr_carea' id='block_1_44' title="bbox 438 4132 2017 4207">
    <p class='ocr_par' dir='ltr' id='par_1_44' title="bbox 438 4132 2017 4207">
     <span class='ocr_line' id='line_1_45' title="bbox 438 4132 2017 4207; baseline 0.001 -17"><span class='ocrx_word' id='word_1_283' title='bbox 438 4136 722 4207; x_wconf 80' lang='lat' dir='ltr'><strong>propinqui</strong></span> <span class='ocrx_word' id='word_1_284' title='bbox 764 4149 971 4200; x_wconf 81' lang='lat' dir='ltr'><strong>eorum,</strong></span> <span class='ocrx_word' id='word_1_285' title='bbox 1012 4135 1226 4190; x_wconf 87' lang='lat' dir='ltr'><strong>Domini</strong></span> <span class='ocrx_word' id='word_1_286' title='bbox 1261 4137 1366 4191; x_wconf 86' lang='lat' dir='ltr'><strong>erit</strong></span> <span class='ocrx_word' id='word_1_287' title='bbox 1392 4137 1535 4206; x_wconf 87' lang='lat' dir='ltr'><strong>quod</strong></span> <span class='ocrx_word' id='word_1_288' title='bbox 1564 4132 1766 4192; x_wconf 89' lang='lat' dir='ltr'><strong>dabunt</strong></span> <span class='ocrx_word' id='word_1_289' title='bbox 1795 4154 1807 4190; x_wconf 95' lang='lat'>:</span> <span class='ocrx_word' id='word_1_290' title='bbox 1834 4138 1879 4192; x_wconf 83' lang='lat' dir='ltr'><strong>si</strong></span> <span class='ocrx_word' id='word_1_291' title='bbox 1909 4153 2017 4192; x_wconf 86' lang='lat' dir='ltr'><strong>non</strong></span> 
     </span>
    </p>
   </div>
   <div class='ocr_carea' id='block_1_45' title="bbox 437 4222 2019 4296">
    <p class='ocr_par' dir='ltr' id='par_1_45' title="bbox 437 4222 2019 4296">
     <span class='ocr_line' id='line_1_46' title="bbox 437 4222 2019 4296; baseline 0.003 -18"><span class='ocrx_word' id='word_1_292' title='bbox 437 4240 587 4289; x_wconf 85' lang='lat' dir='ltr'><strong>vero,</strong></span> <span class='ocrx_word' id='word_1_293' title='bbox 615 4224 829 4279; x_wconf 90' lang='lat' dir='ltr'><strong>irritum</strong></span> <span class='ocrx_word' id='word_1_294' title='bbox 870 4224 994 4279; x_wconf 90' lang='lat' dir='ltr'><strong>erit.</strong></span> <span class='ocrx_word' id='word_1_295' title='bbox 1029 4222 1319 4280; x_wconf 85' lang='lat' dir='ltr'><strong>Sciendum</strong></span> <span class='ocrx_word' id='word_1_296' title='bbox 1343 4236 1427 4281; x_wconf 89' lang='lat' dir='ltr'><strong>est</strong></span> <span class='ocrx_word' id='word_1_297' title='bbox 1465 4225 1595 4296; x_wconf 89' lang='lat' dir='ltr'><strong>quid</strong></span> <span class='ocrx_word' id='word_1_298' title='bbox 1621 4226 1824 4282; x_wconf 91' lang='lat' dir='ltr'><strong>dabunt</strong></span> <span class='ocrx_word' id='word_1_299' title='bbox 1854 4228 1908 4282; x_wconf 89' lang='lat' dir='ltr'><strong>in</strong></span> <span class='ocrx_word' id='word_1_300' title='bbox 1940 4237 2019 4283; x_wconf 88' lang='lat' dir='ltr'><strong>te-</strong></span> 
     </span>
    </p>
   </div>
   <div class='ocr_carea' id='block_1_46' title="bbox 438 4315 2017 4380">
    <p class='ocr_par' dir='ltr' id='par_1_46' title="bbox 438 4315 2017 4380">
     <span class='ocr_line' id='line_1_47' title="bbox 438 4315 2017 4380; baseline 0.001 -10"><span class='ocrx_word' id='word_1_301' title='bbox 438 4323 784 4380; x_wconf 82' lang='lat' dir='ltr'><strong>stamentum,</strong></span> <span class='ocrx_word' id='word_1_302' title='bbox 818 4315 921 4369; x_wconf 91' lang='lat' dir='ltr'><strong>hoc</strong></span> <span class='ocrx_word' id='word_1_303' title='bbox 963 4322 1067 4380; x_wconf 88' lang='lat' dir='ltr'><strong>est,</strong></span> <span class='ocrx_word' id='word_1_304' title='bbox 1099 4330 1312 4380; x_wconf 86' lang='lat' dir='ltr'><strong>vaccas,</strong></span> <span class='ocrx_word' id='word_1_305' title='bbox 1339 4325 1517 4370; x_wconf 83' lang='lat' dir='ltr'><strong>vestes</strong></span> <span class='ocrx_word' id='word_1_306' title='bbox 1541 4323 1597 4369; x_wconf 92' lang='lat' dir='ltr'><strong>et</strong></span> <span class='ocrx_word' id='word_1_307' title='bbox 1632 4330 1781 4371; x_wconf 86' lang='lat' dir='ltr'><strong>vasa.</strong></span> <span class='ocrx_word' id='word_1_308' title='bbox 1827 4316 2017 4372; x_wconf 85' lang='lat' dir='ltr'><strong>Scien-</strong></span> 
     </span>
    </p>
   </div>
   <div class='ocr_carea' id='block_1_47' title="bbox 436 4406 2014 4476">
    <p class='ocr_par' dir='ltr' id='par_1_47' title="bbox 436 4406 2014 4476">
     <span class='ocr_line' id='line_1_48' title="bbox 436 4406 2014 4476; baseline 0.001 -16"><span class='ocrx_word' id='word_1_309' title='bbox 436 4406 564 4460; x_wconf 86' lang='lat' dir='ltr'><strong>dum</strong></span> <span class='ocrx_word' id='word_1_310' title='bbox 600 4414 685 4461; x_wconf 87' lang='lat' dir='ltr'><strong>est</strong></span> <span class='ocrx_word' id='word_1_311' title='bbox 707 4406 839 4476; x_wconf 87' lang='lat' dir='ltr'><strong>quid</strong></span> <span class='ocrx_word' id='word_1_312' title='bbox 861 4406 1069 4461; x_wconf 87' lang='lat' dir='ltr'><strong>dabunt</strong></span> <span class='ocrx_word' id='word_1_313' title='bbox 1108 4406 1391 4471; x_wconf 85' lang='lat' dir='ltr'><strong>ministris,</strong></span> <span class='ocrx_word' id='word_1_314' title='bbox 1417 4407 1522 4461; x_wconf 90' lang='lat' dir='ltr'><strong>hoc</strong></span> <span class='ocrx_word' id='word_1_315' title='bbox 1553 4414 1654 4470; x_wconf 90' lang='lat' dir='ltr'><strong>est,</strong></span> <span class='ocrx_word' id='word_1_316' title='bbox 1700 4415 1905 4475; x_wconf 89' lang='lat' dir='ltr'><strong>partem</strong></span> <span class='ocrx_word' id='word_1_317' title='bbox 1945 4408 2014 4462; x_wconf 89' lang='lat' dir='ltr'><strong>de</strong></span> 
     </span>
    </p>
   </div>
   <div class='ocr_carea' id='block_1_48' title="bbox 1234 291 2861 361">
    <p class='ocr_par' dir='ltr' id='par_1_48' title="bbox 1234 291 2861 361">
     <span class='ocr_line' id='line_1_49' title="bbox 1234 291 2861 361; baseline 0.002 -14"><span class='ocrx_word' id='word_1_318' title='bbox 1234 291 1504 361; x_wconf 59' lang='lat' dir='ltr'><strong>ABEDOC</strong></span> <span class='ocrx_word' id='word_1_319' title='bbox 1544 293 1630 348; x_wconf 82' lang='grc' dir='ltr'><strong>ΕΤ</strong></span> <span class='ocrx_word' id='word_1_320' title='bbox 1668 292 2080 351; x_wconf 81' lang='lat' dir='ltr'><strong>E&#39;I‘IIELVOI.F</strong></span> <span class='ocrx_word' id='word_1_321' title='bbox 2089 294 2174 351; x_wconf 88' lang='lat' dir='ltr'><strong>US</strong></span> <span class='ocrx_word' id='word_1_322' title='bbox 2207 294 2521 351; x_wconf 80' lang='lat' dir='ltr'><strong>ABBA&#39;I‘ES</strong></span> <span class='ocrx_word' id='word_1_323' title='bbox 2561 294 2861 353; x_wconf 79' lang='lat' dir='ltr'><strong>HIBERNI.</strong></span> 
     </span>
    </p>
   </div>
   <div class='ocr_carea' id='block_1_49' title="bbox 3558 302 3700 357">
    <p class='ocr_par' dir='ltr' id='par_1_49' title="bbox 3558 302 3700 357">
     <span class='ocr_line' id='line_1_50' title="bbox 3558 302 3700 357; baseline 0.007 -1"><span class='ocrx_word' id='word_1_324' title='bbox 3558 302 3700 357; x_wconf 65' lang='lat'><strong>1292</strong></span> 
     </span>
    </p>
   </div>
   <div class='ocr_carea' id='block_1_50' title="bbox 2031 407 3697 481">
    <p class='ocr_par' dir='ltr' id='par_1_50' title="bbox 2031 407 3697 481">
     <span class='ocr_line' id='line_1_51' title="bbox 2031 407 3697 481; baseline 0.005 -20"><span class='ocrx_word' id='word_1_325' title='bbox 2031 413 2075 469; x_wconf 79' lang='grc' dir='ltr'><strong>Α</strong></span> <span class='ocrx_word' id='word_1_326' title='bbox 2107 407 2360 477; x_wconf 88' lang='lat' dir='ltr'><strong>sepulcri.</strong></span> <span class='ocrx_word' id='word_1_327' title='bbox 2392 407 2690 463; x_wconf 68' lang='lat' dir='ltr'><strong>[hereditas</strong></span> <span class='ocrx_word' id='word_1_328' title='bbox 2721 423 2851 463; x_wconf 88' lang='lat' dir='ltr'><strong>vero</strong></span> <span class='ocrx_word' id='word_1_329' title='bbox 2874 408 3135 463; x_wconf 81' lang='lat' dir='ltr'><strong>dividitur</strong></span> <span class='ocrx_word' id='word_1_330' title='bbox 3165 407 3306 464; x_wconf 90' lang='lat' dir='ltr'><strong>inter</strong></span> <span class='ocrx_word' id='word_1_331' title='bbox 3350 425 3594 481; x_wconf 78' lang='lat' dir='ltr'><strong>regnum,</strong></span> <span class='ocrx_word' id='word_1_332' title='bbox 3641 424 3697 469; x_wconf 87' lang='lat' dir='ltr'><strong>et</strong></span> 
     </span>
    </p>
   </div>
   <div class='ocr_carea' id='block_1_51' title="bbox 2108 497 3694 575">
    <p class='ocr_par' dir='ltr' id='par_1_51' title="bbox 2108 497 3694 575">
     <span class='ocr_line' id='line_1_52' title="bbox 2108 497 3694 575; baseline 0.004 -24"><span class='ocrx_word' id='word_1_333' title='bbox 2108 497 2411 563; x_wconf 84' lang='lat' dir='ltr'><strong>ecclesiam,</strong></span> <span class='ocrx_word' id='word_1_334' title='bbox 2443 506 2498 552; x_wconf 91' lang='lat' dir='ltr'><strong>et</strong></span> <span class='ocrx_word' id='word_1_335' title='bbox 2524 497 2784 552; x_wconf 70' lang='lat' dir='ltr'><strong>hazredes.</strong></span> <span class='ocrx_word' id='word_1_336' title='bbox 2814 497 2870 553; x_wconf 85' lang='lat' dir='ltr'><strong>Si</strong></span> <span class='ocrx_word' id='word_1_337' title='bbox 2893 513 3022 554; x_wconf 89' lang='lat' dir='ltr'><strong>vero</strong></span> <span class='ocrx_word' id='word_1_338' title='bbox 3046 514 3152 553; x_wconf 90' lang='lat' dir='ltr'><strong>non</strong></span> <span class='ocrx_word' id='word_1_339' title='bbox 3176 499 3424 555; x_wconf 85' lang='lat' dir='ltr'><strong>habuerit</strong></span> <span class='ocrx_word' id='word_1_340' title='bbox 3443 517 3694 575; x_wconf 76' lang='lat' dir='ltr'><strong>regnum,</strong></span> 
     </span>
    </p>
   </div>
   <div class='ocr_carea' id='block_1_52' title="bbox 2110 584 3694 657">
    <p class='ocr_par' dir='ltr' id='par_1_52' title="bbox 2110 584 3694 657">
     <span class='ocr_line' id='line_1_53' title="bbox 2110 584 3694 657; baseline 0.004 -16"><span class='ocrx_word' id='word_1_341' title='bbox 2110 586 2268 642; x_wconf 78' lang='lat' dir='ltr'><strong>tertia</strong></span> <span class='ocrx_word' id='word_1_342' title='bbox 2300 598 2428 657; x_wconf 90' lang='lat' dir='ltr'><strong>pars</strong></span> <span class='ocrx_word' id='word_1_343' title='bbox 2456 584 2831 643; x_wconf 82' lang='lat' dir='ltr'><strong>ministrorum</strong></span> <span class='ocrx_word' id='word_1_344' title='bbox 2859 588 2993 655; x_wconf 90' lang='lat' dir='ltr'><strong>erit;</strong></span> <span class='ocrx_word' id='word_1_345' title='bbox 3028 590 3073 644; x_wconf 87' lang='lat' dir='ltr'><strong>si</strong></span> <span class='ocrx_word' id='word_1_346' title='bbox 3119 598 3300 645; x_wconf 89' lang='lat' dir='ltr'><strong>autem</strong></span> <span class='ocrx_word' id='word_1_347' title='bbox 3330 606 3438 645; x_wconf 89' lang='lat' dir='ltr'><strong>non</strong></span> <span class='ocrx_word' id='word_1_348' title='bbox 3483 592 3694 648; x_wconf 83' lang='lat' dir='ltr'><strong>habue-</strong></span> 
     </span>
    </p>
   </div>
   <div class='ocr_carea' id='block_1_53' title="bbox 2109 675 3200 748">
    <p class='ocr_par' dir='ltr' id='par_1_53' title="bbox 2109 675 3200 748">
     <span class='ocr_line' id='line_1_54' title="bbox 2109 675 3200 748; baseline 0.005 -19"><span class='ocrx_word' id='word_1_349' title='bbox 2109 675 2182 730; x_wconf 89' lang='lat' dir='ltr'><strong>rit</strong></span> <span class='ocrx_word' id='word_1_350' title='bbox 2206 676 2254 740; x_wconf 73' lang='lat' dir='ltr'><strong>b,</strong></span> <span class='ocrx_word' id='word_1_351' title='bbox 2287 676 2526 732; x_wconf 89' lang='lat' dir='ltr'><strong>divident</strong></span> <span class='ocrx_word' id='word_1_352' title='bbox 2544 677 2832 748; x_wconf 88' lang='lat' dir='ltr'><strong>propinqui</strong></span> <span class='ocrx_word' id='word_1_353' title='bbox 2858 687 2912 734; x_wconf 91' lang='lat' dir='ltr'><strong>et</strong></span> <span class='ocrx_word' id='word_1_354' title='bbox 2945 678 3200 735; x_wconf 75' lang='lat' dir='ltr'><strong>ministri.</strong></span> 
     </span>
    </p>
   </div>
   <div class='ocr_carea' id='block_1_54' title="bbox 2107 762 3693 839">
    <p class='ocr_par' dir='ltr' id='par_1_54' title="bbox 2107 762 3693 839">
     <span class='ocr_line' id='line_1_55' title="bbox 2107 762 3693 839; baseline 0.004 -19"><span class='ocrx_word' id='word_1_355' title='bbox 2107 762 2238 820; x_wconf 61' lang='lat' dir='ltr'><strong>Car.</strong></span> <span class='ocrx_word' id='word_1_356' title='bbox 2271 780 2428 822; x_wconf 73' lang='lat' dir='ltr'><strong>XXIII.</strong></span> <span class='ocrx_word' id='word_1_357' title='bbox 2452 797 2523 808; x_wconf 90' lang='lat'><strong>-—</strong></span> <span class='ocrx_word' id='word_1_358' title='bbox 2546 768 2623 822; x_wconf 89' lang='lat' dir='ltr'><strong>De</strong></span> <span class='ocrx_word' id='word_1_359' title='bbox 2663 766 2866 823; x_wconf 85' lang='lat' dir='ltr'><strong>duobus</strong></span> <span class='ocrx_word' id='word_1_360' title='bbox 2908 767 3263 839; x_wconf 65' lang='lat' dir='ltr'><strong>colunt-edibus</strong></span> <span class='ocrx_word' id='word_1_361' title='bbox 3289 771 3515 825; x_wconf 83' lang='lat' dir='ltr'><strong>duorum</strong></span> <span class='ocrx_word' id='word_1_362' title='bbox 3542 787 3693 826; x_wconf 83' lang='lat' dir='ltr'><strong>mor-</strong></span> 
     </span>
    </p>
   </div>
   <div class='ocr_carea' id='block_1_55' title="bbox 2415 840 3382 909">
    <p class='ocr_par' dir='ltr' id='par_1_55' title="bbox 2415 840 3382 909">
     <span class='ocr_line' id='line_1_56' title="bbox 2415 840 3382 909; baseline 0.004 -18"><span class='ocrx_word' id='word_1_363' title='bbox 2415 851 2626 892; x_wconf 76' lang='lat' dir='ltr'><strong>tuorum</strong></span> <span class='ocrx_word' id='word_1_364' title='bbox 2654 847 2865 909; x_wconf 85' lang='lat' dir='ltr'><strong>patrum</strong></span> <span class='ocrx_word' id='word_1_365' title='bbox 2888 840 3382 894; x_wconf 79' lang='lat' dir='ltr'><strong>contradicentibus.</strong></span> 
     </span>
    </p>
   </div>
   <div class='ocr_carea' id='block_1_56' title="bbox 2182 924 3695 1000">
    <p class='ocr_par' dir='ltr' id='par_1_56' title="bbox 2182 924 3695 1000">
     <span class='ocr_line' id='line_1_57' title="bbox 2182 924 3695 1000; baseline 0.006 -22"><span class='ocrx_word' id='word_1_366' title='bbox 2182 924 2466 997; x_wconf 80' lang='lat' dir='ltr'><strong>Synodus:</strong></span> <span class='ocrx_word' id='word_1_367' title='bbox 2498 926 2819 983; x_wconf 63' lang='lat' dir='ltr'><strong>Cohaeredes</strong></span> <span class='ocrx_word' id='word_1_368' title='bbox 2870 928 3101 985; x_wconf 91' lang='lat' dir='ltr'><strong>duorum</strong></span> <span class='ocrx_word' id='word_1_369' title='bbox 3150 939 3366 1000; x_wconf 89' lang='lat' dir='ltr'><strong>patrum</strong></span> <span class='ocrx_word' id='word_1_370' title='bbox 3421 931 3695 987; x_wconf 85' lang='lat' dir='ltr'><strong>contradi-</strong></span> 
     </span>
    </p>
   </div>
   <div class='ocr_carea' id='block_1_57' title="bbox 2109 1022 3699 1096">
    <p class='ocr_par' dir='ltr' id='par_1_57' title="bbox 2109 1022 3699 1096">
     <span class='ocr_line' id='line_1_58' title="bbox 2109 1022 3699 1096; baseline 0.002 -21"><span class='ocrx_word' id='word_1_371' title='bbox 2109 1030 2314 1087; x_wconf 88' lang='lat' dir='ltr'><strong>centes,</strong></span> <span class='ocrx_word' id='word_1_372' title='bbox 2347 1022 2439 1077; x_wconf 91' lang='lat' dir='ltr'><strong>ubi</strong></span> <span class='ocrx_word' id='word_1_373' title='bbox 2482 1023 2753 1077; x_wconf 90' lang='lat' dir='ltr'><strong>invenitur</strong></span> <span class='ocrx_word' id='word_1_374' title='bbox 2788 1032 2920 1077; x_wconf 70' lang='lat' dir='ltr'><strong>aetas</strong></span> <span class='ocrx_word' id='word_1_375' title='bbox 2947 1032 3001 1077; x_wconf 93' lang='lat' dir='ltr'><strong>et</strong></span> <span class='ocrx_word' id='word_1_376' title='bbox 3030 1024 3332 1094; x_wconf 85' lang='lat' dir='ltr'><strong>prudentia,</strong></span> <span class='ocrx_word' id='word_1_377' title='bbox 3366 1040 3430 1079; x_wconf 92' lang='lat' dir='ltr'><strong>ac</strong></span> <span class='ocrx_word' id='word_1_378' title='bbox 3458 1025 3699 1096; x_wconf 74' lang='lat' dir='ltr'><strong>dignitas</strong></span> 
     </span>
    </p>
   </div>
   <div class='ocr_carea' id='block_1_58' title="bbox 2110 1113 3699 1183">
    <p class='ocr_par' dir='ltr' id='par_1_58' title="bbox 2110 1113 3699 1183">
     <span class='ocr_line' id='line_1_59' title="bbox 2110 1113 3699 1183; baseline 0.003 -18"><span class='ocrx_word' id='word_1_379' title='bbox 2110 1126 2341 1178; x_wconf 90' lang='lat' dir='ltr'><strong>morum,</strong></span> <span class='ocrx_word' id='word_1_380' title='bbox 2389 1120 2443 1166; x_wconf 92' lang='lat' dir='ltr'><strong>et</strong></span> <span class='ocrx_word' id='word_1_381' title='bbox 2480 1113 2618 1167; x_wconf 89' lang='lat' dir='ltr'><strong>bona</strong></span> <span class='ocrx_word' id='word_1_382' title='bbox 2658 1114 3009 1175; x_wconf 72' lang='lat' dir='ltr'><strong>emrscientia,</strong></span> <span class='ocrx_word' id='word_1_383' title='bbox 3057 1114 3288 1183; x_wconf 78' lang='lat' dir='ltr'><strong>eligatur</strong></span> <span class='ocrx_word' id='word_1_384' title='bbox 3338 1124 3394 1169; x_wconf 91' lang='lat' dir='ltr'><strong>et</strong></span> <span class='ocrx_word' id='word_1_385' title='bbox 3440 1116 3699 1169; x_wconf 87' lang='lat' dir='ltr'><strong>credatur</strong></span> 
     </span>
    </p>
   </div>
   <div class='ocr_carea' id='block_1_59' title="bbox 2108 1201 3701 1272">
    <p class='ocr_par' dir='ltr' id='par_1_59' title="bbox 2108 1201 3701 1272">
     <span class='ocr_line' id='line_1_60' title="bbox 2108 1201 3701 1272; baseline 0.001 -17"><span class='ocrx_word' id='word_1_386' title='bbox 2108 1202 2252 1272; x_wconf 90' lang='lat' dir='ltr'><strong>quod</strong></span> <span class='ocrx_word' id='word_1_387' title='bbox 2282 1202 2453 1266; x_wconf 89' lang='lat' dir='ltr'><strong>dicat;</strong></span> <span class='ocrx_word' id='word_1_388' title='bbox 2483 1210 2577 1256; x_wconf 89' lang='lat' dir='ltr'><strong>aut</strong></span> <span class='ocrx_word' id='word_1_389' title='bbox 2605 1201 2760 1265; x_wconf 79' lang='lat' dir='ltr'><strong>forte,</strong></span> <span class='ocrx_word' id='word_1_390' title='bbox 2788 1203 2930 1271; x_wconf 84' lang='lat' dir='ltr'><strong>quod</strong></span> <span class='ocrx_word' id='word_1_391' title='bbox 2960 1202 3222 1256; x_wconf 89' lang='lat' dir='ltr'><strong>discernit</strong></span> <span class='ocrx_word' id='word_1_392' title='bbox 3251 1215 3464 1256; x_wconf 86' lang='lat' dir='ltr'><strong>omnem</strong></span> <span class='ocrx_word' id='word_1_393' title='bbox 3504 1204 3701 1258; x_wconf 85' lang='lat' dir='ltr'><strong>dubie-</strong></span> 
     </span>
    </p>
   </div>
   <div class='ocr_carea' id='block_1_60' title="bbox 2112 1290 3701 1362">
    <p class='ocr_par' dir='ltr' id='par_1_60' title="bbox 2112 1290 3701 1362">
     <span class='ocr_line' id='line_1_61' title="bbox 2112 1290 3701 1362; baseline 0.001 -17"><span class='ocrx_word' id='word_1_394' title='bbox 2112 1300 2296 1355; x_wconf 88' lang='lat' dir='ltr'><strong>tatem,</strong></span> <span class='ocrx_word' id='word_1_395' title='bbox 2326 1306 2355 1344; x_wconf 89' lang='lat' dir='ltr'><strong>a</strong></span> <span class='ocrx_word' id='word_1_396' title='bbox 2375 1290 2649 1359; x_wconf 91' lang='lat' dir='ltr'><strong>judicibus</strong></span> <span class='ocrx_word' id='word_1_397' title='bbox 2672 1292 2877 1345; x_wconf 90' lang='lat' dir='ltr'><strong>idoneis</strong></span> <span class='ocrx_word' id='word_1_398' title='bbox 2893 1291 3332 1362; x_wconf 86' lang='lat' dir='ltr'><strong>interpretentur.</strong></span> <span class='ocrx_word' id='word_1_399' title='bbox 3357 1292 3487 1346; x_wconf 91' lang='lat' dir='ltr'><strong>Item</strong></span> <span class='ocrx_word' id='word_1_400' title='bbox 3512 1310 3526 1344; x_wconf 91' lang='lat'><strong>:</strong></span> <span class='ocrx_word' id='word_1_401' title='bbox 3552 1292 3701 1347; x_wconf 60' lang='lat' dir='ltr'><strong>Has-</strong></span> 
     </span>
    </p>
   </div>
   <div class='ocr_carea' id='block_1_61' title="bbox 2113 1379 3705 1450">
    <p class='ocr_par' dir='ltr' id='par_1_61' title="bbox 2113 1379 3705 1450">
     <span class='ocr_line' id='line_1_62' title="bbox 2113 1379 3705 1450; baseline -0.003 -15"><span class='ocrx_word' id='word_1_402' title='bbox 2113 1382 2268 1435; x_wconf 88' lang='lat' dir='ltr'><strong>redes</strong></span> <span class='ocrx_word' id='word_1_403' title='bbox 2309 1388 2642 1435; x_wconf 90' lang='lat' dir='ltr'><strong>mortuorum</strong></span> <span class='ocrx_word' id='word_1_404' title='bbox 2681 1382 2760 1435; x_wconf 89' lang='lat' dir='ltr'><strong>sic</strong></span> <span class='ocrx_word' id='word_1_405' title='bbox 2781 1380 3213 1450; x_wconf 85' lang='lat' dir='ltr'><strong>judicentur:Si</strong></span> <span class='ocrx_word' id='word_1_406' title='bbox 3256 1382 3394 1436; x_wconf 90' lang='lat' dir='ltr'><strong>alter</strong></span> <span class='ocrx_word' id='word_1_407' title='bbox 3437 1379 3705 1436; x_wconf 82' lang='lat' dir='ltr'><strong>habuerit</strong></span> 
     </span>
    </p>
   </div>
   <div class='ocr_carea' id='block_1_62' title="bbox 2112 1473 3702 1538">
    <p class='ocr_par' dir='ltr' id='par_1_62' title="bbox 2112 1473 3702 1538">
     <span class='ocr_line' id='line_1_63' title="bbox 2112 1473 3702 1538; baseline -0.001 -10"><span class='ocrx_word' id='word_1_408' title='bbox 2112 1482 2297 1536; x_wconf 87' lang='lat' dir='ltr'><strong>testes,</strong></span> <span class='ocrx_word' id='word_1_409' title='bbox 2338 1473 2619 1537; x_wconf 87' lang='lat' dir='ltr'><strong>adhibeat;</strong></span> <span class='ocrx_word' id='word_1_410' title='bbox 2652 1474 2696 1527; x_wconf 86' lang='lat' dir='ltr'><strong>si</strong></span> <span class='ocrx_word' id='word_1_411' title='bbox 2739 1488 2843 1527; x_wconf 93' lang='lat' dir='ltr'><strong>non</strong></span> <span class='ocrx_word' id='word_1_412' title='bbox 2884 1474 3149 1538; x_wconf 88' lang='lat' dir='ltr'><strong>habuerit,</strong></span> <span class='ocrx_word' id='word_1_413' title='bbox 3194 1483 3327 1529; x_wconf 66' lang='lat' dir='ltr'><strong>retas</strong></span> <span class='ocrx_word' id='word_1_414' title='bbox 3355 1473 3604 1538; x_wconf 86' lang='lat' dir='ltr'><strong>videnda,</strong></span> <span class='ocrx_word' id='word_1_415' title='bbox 3641 1481 3702 1526; x_wconf 84' lang='lat' dir='ltr'><strong>et</strong></span> 
     </span>
    </p>
   </div>
   <div class='ocr_carea' id='block_1_63' title="bbox 2112 1563 3700 1628">
    <p class='ocr_par' dir='ltr' id='par_1_63' title="bbox 2112 1563 3700 1628">
     <span class='ocr_line' id='line_1_64' title="bbox 2112 1563 3700 1628; baseline 0 -12"><span class='ocrx_word' id='word_1_416' title='bbox 2112 1563 2382 1626; x_wconf 82' lang='lat' dir='ltr'><strong>nobilitas,</strong></span> <span class='ocrx_word' id='word_1_417' title='bbox 2432 1571 2488 1617; x_wconf 86' lang='lat' dir='ltr'><strong>et</strong></span> <span class='ocrx_word' id='word_1_418' title='bbox 2537 1563 2824 1628; x_wconf 83' lang='lat' dir='ltr'><strong>ordinatio,</strong></span> <span class='ocrx_word' id='word_1_419' title='bbox 2874 1572 2929 1618; x_wconf 93' lang='lat' dir='ltr'><strong>et</strong></span> <span class='ocrx_word' id='word_1_420' title='bbox 2973 1564 3110 1619; x_wconf 87' lang='lat' dir='ltr'><strong>ratio</strong></span> <span class='ocrx_word' id='word_1_421' title='bbox 3137 1582 3149 1618; x_wconf 87' lang='lat'><strong>:</strong></span> <span class='ocrx_word' id='word_1_422' title='bbox 3175 1565 3221 1618; x_wconf 90' lang='lat' dir='ltr'><strong>si</strong></span> <span class='ocrx_word' id='word_1_423' title='bbox 3256 1579 3384 1619; x_wconf 75' lang='lat' dir='ltr'><strong>vero</strong></span> <span class='ocrx_word' id='word_1_424' title='bbox 3426 1564 3700 1618; x_wconf 80' lang='lat' dir='ltr'><strong>titubave-</strong></span> 
     </span>
    </p>
   </div>
   <div class='ocr_carea' id='block_1_64' title="bbox 2112 1652 3700 1724">
    <p class='ocr_par' dir='ltr' id='par_1_64' title="bbox 2112 1652 3700 1724">
     <span class='ocr_line' id='line_1_65' title="bbox 2112 1652 3700 1724; baseline -0.001 -17"><span class='ocrx_word' id='word_1_425' title='bbox 2112 1654 2240 1717; x_wconf 85' lang='lat' dir='ltr'><strong>rint,</strong></span> <span class='ocrx_word' id='word_1_426' title='bbox 2268 1669 2299 1706; x_wconf 92' lang='lat' dir='ltr'><strong>a</strong></span> <span class='ocrx_word' id='word_1_427' title='bbox 2328 1660 2475 1707; x_wconf 89' lang='lat' dir='ltr'><strong>sorte</strong></span> <span class='ocrx_word' id='word_1_428' title='bbox 2503 1661 2598 1706; x_wconf 90' lang='lat' dir='ltr'><strong>aut</strong></span> <span class='ocrx_word' id='word_1_429' title='bbox 2626 1654 2851 1708; x_wconf 84' lang='lat' dir='ltr'><strong>veritate</strong></span> <span class='ocrx_word' id='word_1_430' title='bbox 2874 1669 2994 1724; x_wconf 71' lang='lat' dir='ltr'><strong>quae</strong></span> <span class='ocrx_word' id='word_1_431' title='bbox 3018 1663 3238 1723; x_wconf 83' lang='lat' dir='ltr'><strong>superat</strong></span> <span class='ocrx_word' id='word_1_432' title='bbox 3263 1655 3462 1717; x_wconf 89' lang='lat' dir='ltr'><strong>omnia,</strong></span> <span class='ocrx_word' id='word_1_433' title='bbox 3494 1662 3587 1706; x_wconf 88' lang='lat' dir='ltr'><strong>aut</strong></span> <span class='ocrx_word' id='word_1_434' title='bbox 3598 1652 3700 1721; x_wconf 82' lang='lat' dir='ltr'><strong>ju-</strong></span> 
     </span>
    </p>
   </div>
   <div class='ocr_carea' id='block_1_65' title="bbox 2114 1741 3700 1817">
    <p class='ocr_par' dir='ltr' id='par_1_65' title="bbox 2114 1741 3700 1817">
     <span class='ocr_line' id='line_1_66' title="bbox 2114 1741 3700 1817; baseline -0.003 -17"><span class='ocrx_word' id='word_1_435' title='bbox 2114 1744 2325 1800; x_wconf 89' lang='lat' dir='ltr'><strong>dichus</strong></span> <span class='ocrx_word' id='word_1_436' title='bbox 2367 1743 2510 1798; x_wconf 84' lang='lat' dir='ltr'><strong>veris</strong></span> <span class='ocrx_word' id='word_1_437' title='bbox 2539 1744 2593 1796; x_wconf 90' lang='lat' dir='ltr'><strong>in</strong></span> <span class='ocrx_word' id='word_1_438' title='bbox 2635 1743 2858 1798; x_wconf 83' lang='lat' dir='ltr'><strong>alterum</strong></span> <span class='ocrx_word' id='word_1_439' title='bbox 2902 1752 3111 1817; x_wconf 87' lang='lat' dir='ltr'><strong>partem</strong></span> <span class='ocrx_word' id='word_1_440' title='bbox 3146 1757 3250 1798; x_wconf 90' lang='lat' dir='ltr'><strong>non</strong></span> <span class='ocrx_word' id='word_1_441' title='bbox 3301 1741 3700 1798; x_wconf 83' lang='lat' dir='ltr'><strong>declinantibus</strong></span> 
     </span>
    </p>
   </div>
   <div class='ocr_carea' id='block_1_66' title="bbox 2115 1836 2745 1905">
    <p class='ocr_par' dir='ltr' id='par_1_66' title="bbox 2115 1836 2745 1905">
     <span class='ocr_line' id='line_1_67' title="bbox 2115 1836 2745 1905; baseline -0.008 -14"><span class='ocrx_word' id='word_1_442' title='bbox 2115 1836 2556 1905; x_wconf 85' lang='lat' dir='ltr'><strong>interpretentur.</strong></span> <span class='ocrx_word' id='word_1_443' title='bbox 2611 1902 2697 1905; x_wconf 72' lang='lat'><strong>___</strong></span> <span class='ocrx_word' id='word_1_444' title='bbox 2740 1843 2745 1905; x_wconf 69' lang='grc' dir='ltr'><strong><em>ς</em></strong></span> 
     </span>
    </p>
   </div>
   <div class='ocr_carea' id='block_1_67' title="bbox 2611 1901 3190 1959">
    <p class='ocr_par' dir='ltr' id='par_1_67' title="bbox 2611 1901 3190 1959">
     <span class='ocr_line' id='line_1_68' title="bbox 2611 1901 3190 1959; baseline -0.003 -1"><span class='ocrx_word' id='word_1_445' title='bbox 2611 1902 2704 1958; x_wconf 76' lang='lat' dir='ltr'><strong>EX</strong></span> <span class='ocrx_word' id='word_1_446' title='bbox 2738 1902 2943 1959; x_wconf 71' lang='grc' dir='ltr'><strong>ΠΒΒο</strong></span> <span class='ocrx_word' id='word_1_447' title='bbox 2979 1901 3190 1957; x_wconf 72' lang='lat' dir='ltr'><strong>XXXII.</strong></span> 
     </span>
    </p>
   </div>
   <div class='ocr_carea' id='block_1_68' title="bbox 2335 1997 3456 2042">
    <p class='ocr_par' dir='ltr' id='par_1_68' title="bbox 2335 1997 3456 2042">
     <span class='ocr_line' id='line_1_69' title="bbox 2335 1997 3456 2042; baseline -0.004 -1"><span class='ocrx_word' id='word_1_448' title='bbox 2335 2002 2404 2042; x_wconf 71' lang='lat' dir='ltr'><strong>DE</strong></span> <span class='ocrx_word' id='word_1_449' title='bbox 2440 2001 2651 2042; x_wconf 76' lang='lat' dir='ltr'><strong>DBBI&#39;I‘IS</strong></span> <span class='ocrx_word' id='word_1_450' title='bbox 2687 2001 2756 2039; x_wconf 75' lang='grc' dir='ltr'><strong>ΕΤ</strong></span> <span class='ocrx_word' id='word_1_451' title='bbox 2796 1999 3111 2041; x_wconf 68' lang='grc' dir='ltr'><strong>ιιιςιιοιιιιιυδ</strong></span> <span class='ocrx_word' id='word_1_452' title='bbox 3144 2000 3214 2039; x_wconf 78' lang='grc' dir='ltr'><strong>ΕΤ</strong></span> <span class='ocrx_word' id='word_1_453' title='bbox 3254 1997 3456 2039; x_wconf 72' lang='grc' dir='ltr'><strong>υειιιιιθ.</strong></span> 
     </span>
    </p>
   </div>
   <div class='ocr_carea' id='block_1_69' title="bbox 2113 2073 3695 2135">
    <p class='ocr_par' dir='ltr' id='par_1_69' title="bbox 2113 2073 3695 2135">
     <span class='ocr_line' id='line_1_70' title="bbox 2113 2073 3695 2135; baseline -0.004 0"><span class='ocrx_word' id='word_1_454' title='bbox 2113 2077 2243 2135; x_wconf 67' lang='grc' dir='ltr'><strong>Ωιι».</strong></span> <span class='ocrx_word' id='word_1_455' title='bbox 2268 2092 2421 2133; x_wconf 90' lang='lat' dir='ltr'><strong>vI.—</strong></span> <span class='ocrx_word' id='word_1_456' title='bbox 2442 2076 2520 2130; x_wconf 87' lang='lat' dir='ltr'><strong>De</strong></span> <span class='ocrx_word' id='word_1_457' title='bbox 2542 2074 2776 2130; x_wconf 82' lang='lat' dir='ltr'><strong>mercede</strong></span> <span class='ocrx_word' id='word_1_458' title='bbox 2797 2076 3239 2129; x_wconf 77' lang='lat' dir='ltr'><strong>mercenariorum</strong></span> <span class='ocrx_word' id='word_1_459' title='bbox 3271 2076 3372 2128; x_wconf 84' lang='lat' dir='ltr'><strong>cito</strong></span> <span class='ocrx_word' id='word_1_460' title='bbox 3400 2073 3695 2129; x_wconf 78' lang='lat' dir='ltr'><strong>reddenda.</strong></span> 
     </span>
    </p>
   </div>
   <div class='ocr_carea' id='block_1_70' title="bbox 2187 2165 3699 2240">
    <p class='ocr_par' dir='ltr' id='par_1_70' title="bbox 2187 2165 3699 2240">
     <span class='ocr_line' id='line_1_71' title="bbox 2187 2165 3699 2240; baseline -0.003 -17"><span class='ocrx_word' id='word_1_461' title='bbox 2187 2166 2476 2240; x_wconf 83' lang='lat' dir='ltr'><strong>Synodus:</strong></span> <span class='ocrx_word' id='word_1_462' title='bbox 2503 2165 2967 2223; x_wconf 85' lang='lat' dir='ltr'><strong>Considerandum</strong></span> <span class='ocrx_word' id='word_1_463' title='bbox 3012 2174 3098 2221; x_wconf 86' lang='lat' dir='ltr'><strong>est</strong></span> <span class='ocrx_word' id='word_1_464' title='bbox 3141 2180 3279 2235; x_wconf 85' lang='lat' dir='ltr'><strong>opus</strong></span> <span class='ocrx_word' id='word_1_465' title='bbox 3329 2166 3699 2221; x_wconf 84' lang='lat' dir='ltr'><strong>mercenarie—</strong></span> 
     </span>
    </p>
   </div>
   <div class='ocr_carea' id='block_1_71' title="bbox 2114 2255 3149 2324">
    <p class='ocr_par' dir='ltr' id='par_1_71' title="bbox 2114 2255 3149 2324">
     <span class='ocr_line' id='line_1_72' title="bbox 2114 2255 3149 2324; baseline -0.005 -9"><span class='ocrx_word' id='word_1_466' title='bbox 2114 2276 2255 2324; x_wconf 87' lang='lat' dir='ltr'><strong>rum,</strong></span> <span class='ocrx_word' id='word_1_467' title='bbox 2279 2268 2336 2315; x_wconf 89' lang='lat' dir='ltr'><strong>et</strong></span> <span class='ocrx_word' id='word_1_468' title='bbox 2360 2269 2487 2314; x_wconf 86' lang='lat' dir='ltr'><strong>tunc</strong></span> <span class='ocrx_word' id='word_1_469' title='bbox 2510 2271 2720 2313; x_wconf 87' lang='lat' dir='ltr'><strong>merces</strong></span> <span class='ocrx_word' id='word_1_470' title='bbox 2749 2255 3017 2312; x_wconf 88' lang='lat' dir='ltr'><strong>reddenda</strong></span> <span class='ocrx_word' id='word_1_471' title='bbox 3045 2264 3149 2312; x_wconf 85' lang='lat' dir='ltr'><strong>est.</strong></span> 
     </span>
    </p>
   </div>
   <div class='ocr_carea' id='block_1_72' title="bbox 2184 2347 3697 2421">
    <p class='ocr_par' dir='ltr' id='par_1_72' title="bbox 2184 2347 3697 2421">
     <span class='ocr_line' id='line_1_73' title="bbox 2184 2347 3697 2421; baseline -0.005 -14"><span class='ocrx_word' id='word_1_472' title='bbox 2184 2351 2317 2407; x_wconf 88' lang='lat' dir='ltr'><strong>Item</strong></span> <span class='ocrx_word' id='word_1_473' title='bbox 2350 2365 2365 2404; x_wconf 93' lang='lat'><strong>:</strong></span> <span class='ocrx_word' id='word_1_474' title='bbox 2396 2349 2586 2406; x_wconf 82' lang='lat' dir='ltr'><strong>Omnis</strong></span> <span class='ocrx_word' id='word_1_475' title='bbox 2611 2348 2978 2406; x_wconf 81' lang='lat' dir='ltr'><strong>mercenarius</strong></span> <span class='ocrx_word' id='word_1_476' title='bbox 3013 2362 3150 2421; x_wconf 77' lang='lat' dir='ltr'><strong>opus</strong></span> <span class='ocrx_word' id='word_1_477' title='bbox 3178 2362 3337 2403; x_wconf 87' lang='lat' dir='ltr'><strong>suum</strong></span> <span class='ocrx_word' id='word_1_478' title='bbox 3364 2347 3474 2402; x_wconf 87' lang='lat' dir='ltr'><strong>cito</strong></span> <span class='ocrx_word' id='word_1_479' title='bbox 3495 2359 3697 2401; x_wconf 72' lang='lat' dir='ltr'><strong>consu-</strong></span> 
     </span>
    </p>
   </div>
   <div class='ocr_carea' id='block_1_73' title="bbox 2114 2439 2743 2509">
    <p class='ocr_par' dir='ltr' id='par_1_73' title="bbox 2114 2439 2743 2509">
     <span class='ocr_line' id='line_1_74' title="bbox 2114 2439 2743 2509; baseline -0.008 -11"><span class='ocrx_word' id='word_1_480' title='bbox 2114 2442 2232 2507; x_wconf 89' lang='lat' dir='ltr'><strong>mit,</strong></span> <span class='ocrx_word' id='word_1_481' title='bbox 2265 2449 2324 2495; x_wconf 92' lang='lat' dir='ltr'><strong>ut</strong></span> <span class='ocrx_word' id='word_1_482' title='bbox 2354 2441 2462 2496; x_wconf 89' lang='lat' dir='ltr'><strong>cito</strong></span> <span class='ocrx_word' id='word_1_483' title='bbox 2491 2439 2743 2509; x_wconf 87' lang='lat' dir='ltr'><strong>accipiat.</strong></span> 
     </span>
    </p>
   </div>
   <div class='ocr_carea' id='block_1_74' title="bbox 2184 2526 3699 2592">
    <p class='ocr_par' dir='ltr' id='par_1_74' title="bbox 2184 2526 3699 2592">
     <span class='ocr_line' id='line_1_75' title="bbox 2184 2526 3699 2592; baseline -0.003 -6"><span class='ocrx_word' id='word_1_484' title='bbox 2184 2532 2316 2587; x_wconf 89' lang='lat' dir='ltr'><strong>Item</strong></span> <span class='ocrx_word' id='word_1_485' title='bbox 2340 2549 2353 2584; x_wconf 92' lang='lat'><strong>:</strong></span> <span class='ocrx_word' id='word_1_486' title='bbox 2382 2530 2572 2586; x_wconf 85' lang='lat' dir='ltr'><strong>Omnis</strong></span> <span class='ocrx_word' id='word_1_487' title='bbox 2612 2530 2981 2586; x_wconf 88' lang='lat' dir='ltr'><strong>mercenarius</strong></span> <span class='ocrx_word' id='word_1_488' title='bbox 3008 2529 3076 2585; x_wconf 88' lang='lat' dir='ltr'><strong>ad</strong></span> <span class='ocrx_word' id='word_1_489' title='bbox 3099 2528 3316 2585; x_wconf 82' lang='lat' dir='ltr'><strong>oculum</strong></span> <span class='ocrx_word' id='word_1_490' title='bbox 3351 2527 3539 2592; x_wconf 85' lang='lat' dir='ltr'><strong>servit,</strong></span> <span class='ocrx_word' id='word_1_491' title='bbox 3571 2526 3699 2582; x_wconf 85' lang='lat' dir='ltr'><strong>ideo</strong></span> 
     </span>
    </p>
   </div>
   <div class='ocr_carea' id='block_1_75' title="bbox 2114 2620 2841 2692">
    <p class='ocr_par' dir='ltr' id='par_1_75' title="bbox 2114 2620 2841 2692">
     <span class='ocr_line' id='line_1_76' title="bbox 2114 2620 2841 2692; baseline -0.007 -15"><span class='ocrx_word' id='word_1_492' title='bbox 2114 2631 2335 2677; x_wconf 80' lang='lat' dir='ltr'><strong>exactor</strong></span> <span class='ocrx_word' id='word_1_493' title='bbox 2358 2620 2751 2692; x_wconf 75' lang='lat' dir='ltr'><strong>pneponeudus</strong></span> <span class='ocrx_word' id='word_1_494' title='bbox 2771 2620 2841 2674; x_wconf 90' lang='lat' dir='ltr'><strong>ei.</strong></span> 
     </span>
    </p>
   </div>
   <div class='ocr_carea' id='block_1_76' title="bbox 2184 2707 3693 2778">
    <p class='ocr_par' dir='ltr' id='par_1_76' title="bbox 2184 2707 3693 2778">
     <span class='ocr_line' id='line_1_77' title="bbox 2184 2707 3693 2778; baseline -0.005 -12"><span class='ocrx_word' id='word_1_495' title='bbox 2184 2711 2316 2767; x_wconf 90' lang='lat' dir='ltr'><strong>Item</strong></span> <span class='ocrx_word' id='word_1_496' title='bbox 2341 2726 2355 2765; x_wconf 90' lang='lat'><strong>:</strong></span> <span class='ocrx_word' id='word_1_497' title='bbox 2385 2709 2750 2767; x_wconf 79' lang='lat' dir='ltr'><strong>Mercenarius</strong></span> <span class='ocrx_word' id='word_1_498' title='bbox 2784 2708 2985 2765; x_wconf 87' lang='lat' dir='ltr'><strong>deserit</strong></span> <span class='ocrx_word' id='word_1_499' title='bbox 3023 2722 3154 2765; x_wconf 89' lang='lat' dir='ltr'><strong>oves</strong></span> <span class='ocrx_word' id='word_1_500' title='bbox 3181 2707 3236 2769; x_wconf 88' lang='lat' dir='ltr'><strong>in</strong></span> <span class='ocrx_word' id='word_1_501' title='bbox 3261 2714 3518 2778; x_wconf 82' lang='lat' dir='ltr'><strong>quantum</strong></span> <span class='ocrx_word' id='word_1_502' title='bbox 3548 2719 3693 2760; x_wconf 75' lang='lat' dir='ltr'><strong>mer-</strong></span> 
     </span>
    </p>
   </div>
   <div class='ocr_carea' id='block_1_77' title="bbox 2115 2796 3695 2870">
    <p class='ocr_par' dir='ltr' id='par_1_77' title="bbox 2115 2796 3695 2870">
     <span class='ocr_line' id='line_1_78' title="bbox 2115 2796 3695 2870; baseline -0.003 -13"><span class='ocrx_word' id='word_1_503' title='bbox 2115 2802 2385 2868; x_wconf 85' lang='lat' dir='ltr'><strong>cenarius,</strong></span> <span class='ocrx_word' id='word_1_504' title='bbox 2421 2810 2479 2856; x_wconf 89' lang='lat' dir='ltr'><strong>et</strong></span> <span class='ocrx_word' id='word_1_505' title='bbox 2503 2816 2609 2855; x_wconf 88' lang='lat' dir='ltr'><strong>non</strong></span> <span class='ocrx_word' id='word_1_506' title='bbox 2652 2807 2943 2870; x_wconf 73' lang='lat' dir='ltr'><strong>congregat</strong></span> <span class='ocrx_word' id='word_1_507' title='bbox 2966 2799 3288 2869; x_wconf 86' lang='lat' dir='ltr'><strong>dispersum,</strong></span> <span class='ocrx_word' id='word_1_508' title='bbox 3315 2807 3373 2854; x_wconf 90' lang='lat' dir='ltr'><strong>et</strong></span> <span class='ocrx_word' id='word_1_509' title='bbox 3405 2798 3550 2869; x_wconf 86' lang='lat' dir='ltr'><strong>quod</strong></span> <span class='ocrx_word' id='word_1_510' title='bbox 3580 2796 3695 2852; x_wconf 81' lang='lat' dir='ltr'><strong>fra-</strong></span> 
     </span>
    </p>
   </div>
   <div class='ocr_carea' id='block_1_78' title="bbox 2116 2890 2997 2963">
    <p class='ocr_par' dir='ltr' id='par_1_78' title="bbox 2116 2890 2997 2963">
     <span class='ocr_line' id='line_1_79' title="bbox 2116 2890 2997 2963; baseline -0.003 -15"><span class='ocrx_word' id='word_1_511' title='bbox 2116 2902 2263 2948; x_wconf 86' lang='lat' dir='ltr'><strong>ctqu</strong></span> <span class='ocrx_word' id='word_1_512' title='bbox 2291 2909 2398 2948; x_wconf 93' lang='lat' dir='ltr'><strong>non</strong></span> <span class='ocrx_word' id='word_1_513' title='bbox 2428 2891 2572 2947; x_wconf 84' lang='lat' dir='ltr'><strong>fovet</strong></span> <span class='ocrx_word' id='word_1_514' title='bbox 2599 2891 2780 2963; x_wconf 81' lang='lat' dir='ltr'><strong>(Joan.</strong></span> <span class='ocrx_word' id='word_1_515' title='bbox 2806 2907 2861 2957; x_wconf 77' lang='grc' dir='ltr'><strong>ις,</strong></span> <span class='ocrx_word' id='word_1_516' title='bbox 2886 2890 2997 2963; x_wconf 67' lang='grc' dir='ltr'><strong>η).</strong></span> 
     </span>
    </p>
   </div>
   <div class='ocr_carea' id='block_1_79' title="bbox 2188 2982 3615 3057">
    <p class='ocr_par' dir='ltr' id='par_1_79' title="bbox 2188 2982 3615 3057">
     <span class='ocr_line' id='line_1_80' title="bbox 2188 2982 3615 3057; baseline -0.005 -15"><span class='ocrx_word' id='word_1_517' title='bbox 2188 2988 2316 3043; x_wconf 67' lang='grc' dir='ltr'><strong>ειν.</strong></span> <span class='ocrx_word' id='word_1_518' title='bbox 2341 3002 2416 3042; x_wconf 82' lang='lat' dir='ltr'><strong>Ix.</strong></span> <span class='ocrx_word' id='word_1_519' title='bbox 2439 3016 2514 3027; x_wconf 91' lang='lat'><strong>—</strong></span> <span class='ocrx_word' id='word_1_520' title='bbox 2530 2985 2608 3040; x_wconf 86' lang='lat' dir='ltr'><strong>De</strong></span> <span class='ocrx_word' id='word_1_521' title='bbox 2626 2986 2914 3057; x_wconf 84' lang='lat' dir='ltr'><strong>quantitate</strong></span> <span class='ocrx_word' id='word_1_522' title='bbox 2936 2985 3170 3056; x_wconf 83' lang='lat' dir='ltr'><strong>pignoris</strong></span> <span class='ocrx_word' id='word_1_523' title='bbox 3189 2993 3238 3038; x_wconf 89' lang='lat' dir='ltr'><strong>et</strong></span> <span class='ocrx_word' id='word_1_524' title='bbox 3261 2983 3461 3037; x_wconf 83' lang='lat' dir='ltr'><strong>ratione</strong></span> <span class='ocrx_word' id='word_1_525' title='bbox 3480 2982 3615 3053; x_wconf 67' lang='lat' dir='ltr'><strong>ejus.</strong></span> 
     </span>
    </p>
   </div>
   <div class='ocr_carea' id='block_1_80' title="bbox 2190 3072 3695 3150">
    <p class='ocr_par' dir='ltr' id='par_1_80' title="bbox 2190 3072 3695 3150">
     <span class='ocr_line' id='line_1_81' title="bbox 2190 3072 3695 3150; baseline -0.004 -17"><span class='ocrx_word' id='word_1_526' title='bbox 2190 3077 2440 3150; x_wconf 78' lang='lat' dir='ltr'><strong>Synodus</strong></span> <span class='ocrx_word' id='word_1_527' title='bbox 2462 3075 2818 3137; x_wconf 76' lang='lat' dir='ltr'><strong>Hibernensis</strong></span> <span class='ocrx_word' id='word_1_528' title='bbox 2846 3075 3038 3131; x_wconf 82' lang='lat' dir='ltr'><strong>statuit</strong></span> <span class='ocrx_word' id='word_1_529' title='bbox 3070 3075 3315 3145; x_wconf 86' lang='lat' dir='ltr'><strong>quintam</strong></span> <span class='ocrx_word' id='word_1_530' title='bbox 3360 3082 3565 3144; x_wconf 80' lang='lat' dir='ltr'><strong>partem</strong></span> <span class='ocrx_word' id='word_1_531' title='bbox 3598 3072 3695 3128; x_wconf 81' lang='lat' dir='ltr'><strong>(Ie-</strong></span> 
     </span>
    </p>
   </div>
   <div class='ocr_carea' id='block_1_81' title="bbox 2120 3163 3694 3240">
    <p class='ocr_par' dir='ltr' id='par_1_81' title="bbox 2120 3163 3694 3240">
     <span class='ocr_line' id='line_1_82' title="bbox 2120 3163 3694 3240; baseline -0.006 -15"><span class='ocrx_word' id='word_1_532' title='bbox 2120 3169 2215 3226; x_wconf 92' lang='lat' dir='ltr'><strong>biti</strong></span> <span class='ocrx_word' id='word_1_533' title='bbox 2245 3171 2300 3225; x_wconf 90' lang='lat' dir='ltr'><strong>in</strong></span> <span class='ocrx_word' id='word_1_534' title='bbox 2325 3170 2519 3240; x_wconf 88' lang='lat' dir='ltr'><strong>pignus</strong></span> <span class='ocrx_word' id='word_1_535' title='bbox 2546 3168 2729 3234; x_wconf 86' lang='lat' dir='ltr'><strong>tribui,</strong></span> <span class='ocrx_word' id='word_1_536' title='bbox 2759 3175 2819 3221; x_wconf 92' lang='lat' dir='ltr'><strong>ut</strong></span> <span class='ocrx_word' id='word_1_537' title='bbox 2848 3166 2904 3221; x_wconf 85' lang='lat' dir='ltr'><strong>in</strong></span> <span class='ocrx_word' id='word_1_538' title='bbox 2931 3167 3050 3237; x_wconf 84' lang='lat' dir='ltr'><strong>lege</strong></span> <span class='ocrx_word' id='word_1_539' title='bbox 3069 3165 3272 3220; x_wconf 90' lang='lat' dir='ltr'><strong>dicitur</strong></span> <span class='ocrx_word' id='word_1_540' title='bbox 3295 3163 3520 3218; x_wconf 82' lang='lat' dir='ltr'><strong>:Reddet</strong></span> <span class='ocrx_word' id='word_1_541' title='bbox 3537 3164 3694 3234; x_wconf 74' lang='lat' dir='ltr'><strong>quin-</strong></span> 
     </span>
    </p>
   </div>
   <div class='ocr_carea' id='block_1_82' title="bbox 2118 3251 3692 3331">
    <p class='ocr_par' dir='ltr' id='par_1_82' title="bbox 2118 3251 3692 3331">
     <span class='ocr_line' id='line_1_83' title="bbox 2118 3251 3692 3331; baseline -0.006 -15"><span class='ocrx_word' id='word_1_542' title='bbox 2118 3271 2226 3316; x_wconf 90' lang='lat' dir='ltr'><strong>tam</strong></span> <span class='ocrx_word' id='word_1_543' title='bbox 2248 3270 2478 3331; x_wconf 87' lang='lat' dir='ltr'><strong>partem;</strong></span> <span class='ocrx_word' id='word_1_544' title='bbox 2504 3268 2551 3313; x_wconf 92' lang='lat' dir='ltr'><strong>et</strong></span> <span class='ocrx_word' id='word_1_545' title='bbox 2576 3259 2622 3312; x_wconf 90' lang='lat' dir='ltr'><strong>si</strong></span> <span class='ocrx_word' id='word_1_546' title='bbox 2655 3273 2759 3312; x_wconf 89' lang='lat' dir='ltr'><strong>non</strong></span> <span class='ocrx_word' id='word_1_547' title='bbox 2785 3256 2991 3312; x_wconf 82' lang='lat' dir='ltr'><strong>solverit</strong></span> <span class='ocrx_word' id='word_1_548' title='bbox 3013 3256 3201 3327; x_wconf 80' lang='lat' dir='ltr'><strong>pignus</strong></span> <span class='ocrx_word' id='word_1_549' title='bbox 3225 3269 3399 3320; x_wconf 80' lang='lat' dir='ltr'><strong>suum,</strong></span> <span class='ocrx_word' id='word_1_550' title='bbox 3430 3266 3597 3322; x_wconf 87' lang='lat' dir='ltr'><strong>usque</strong></span> <span class='ocrx_word' id='word_1_551' title='bbox 3621 3251 3692 3306; x_wconf 82' lang='lat' dir='ltr'><strong>ad</strong></span> 
     </span>
    </p>
   </div>
   <div class='ocr_carea' id='block_1_83' title="bbox 2118 3344 3692 3422">
    <p class='ocr_par' dir='ltr' id='par_1_83' title="bbox 2118 3344 3692 3422">
     <span class='ocr_line' id='line_1_84' title="bbox 2118 3344 3692 3422; baseline -0.006 -14"><span class='ocrx_word' id='word_1_552' title='bbox 2118 3361 2325 3408; x_wconf 87' lang='lat' dir='ltr'><strong>eertum</strong></span> <span class='ocrx_word' id='word_1_553' title='bbox 2354 3360 2595 3422; x_wconf 84' lang='lat' dir='ltr'><strong>tempus,</strong></span> <span class='ocrx_word' id='word_1_554' title='bbox 2639 3364 2746 3405; x_wconf 91' lang='lat' dir='ltr'><strong>non</strong></span> <span class='ocrx_word' id='word_1_555' title='bbox 2781 3348 2950 3404; x_wconf 88' lang='lat' dir='ltr'><strong>solvet</strong></span> <span class='ocrx_word' id='word_1_556' title='bbox 2992 3348 3047 3402; x_wconf 91' lang='lat' dir='ltr'><strong>in</strong></span> <span class='ocrx_word' id='word_1_557' title='bbox 3089 3355 3383 3413; x_wconf 70' lang='lat' dir='ltr'><strong>Iuturnam;</strong></span> <span class='ocrx_word' id='word_1_558' title='bbox 3423 3354 3479 3402; x_wconf 89' lang='lat' dir='ltr'><strong>et</strong></span> <span class='ocrx_word' id='word_1_559' title='bbox 3505 3344 3692 3400; x_wconf 77' lang='lat' dir='ltr'><strong>reddet</strong></span> 
     </span>
    </p>
   </div>
   <div class='ocr_carea' id='block_1_84' title="bbox 2119 3440 3198 3504">
    <p class='ocr_par' dir='ltr' id='par_1_84' title="bbox 2119 3440 3198 3504">
     <span class='ocr_line' id='line_1_85' title="bbox 2119 3440 3198 3504; baseline -0.006 -3"><span class='ocrx_word' id='word_1_560' title='bbox 2119 3455 2291 3501; x_wconf 91' lang='lat' dir='ltr'><strong>totum</strong></span> <span class='ocrx_word' id='word_1_561' title='bbox 2318 3444 2554 3500; x_wconf 90' lang='lat' dir='ltr'><strong>debitum</strong></span> <span class='ocrx_word' id='word_1_562' title='bbox 2575 3442 2677 3497; x_wconf 91' lang='lat' dir='ltr'><strong>nisi</strong></span> <span class='ocrx_word' id='word_1_563' title='bbox 2700 3441 3009 3504; x_wconf 85' lang='lat' dir='ltr'><strong>miserearis</strong></span> <span class='ocrx_word' id='word_1_564' title='bbox 3035 3440 3198 3496; x_wconf 90' lang='lat' dir='ltr'><strong>illius.</strong></span> 
     </span>
    </p>
   </div>
   <div class='ocr_carea' id='block_1_85' title="bbox 2598 3530 3202 3587">
    <p class='ocr_par' dir='ltr' id='par_1_85' title="bbox 2598 3530 3202 3587">
     <span class='ocr_line' id='line_1_86' title="bbox 2598 3530 3202 3587; baseline -0.005 0"><span class='ocrx_word' id='word_1_565' title='bbox 2598 3531 2693 3587; x_wconf 77' lang='lat' dir='ltr'><strong>EX</strong></span> <span class='ocrx_word' id='word_1_566' title='bbox 2727 3530 2930 3587; x_wconf 75' lang='grc' dir='ltr'><strong>ιιΒιιο</strong></span> <span class='ocrx_word' id='word_1_567' title='bbox 2967 3530 3202 3585; x_wconf 71' lang='lat' dir='ltr'><strong>XXXIII.</strong></span> 
     </span>
    </p>
   </div>
   <div class='ocr_carea' id='block_1_86' title="bbox 2173 3637 3616 3685">
    <p class='ocr_par' dir='ltr' id='par_1_86' title="bbox 2173 3637 3616 3685">
     <span class='ocr_line' id='line_1_87' title="bbox 2173 3637 3616 3685; baseline -0.003 -3"><span class='ocrx_word' id='word_1_568' title='bbox 2173 3641 2240 3682; x_wconf 76' lang='lat' dir='ltr'><strong>DE</strong></span> <span class='ocrx_word' id='word_1_569' title='bbox 2277 3639 2704 3685; x_wconf 70' lang='lat' dir='ltr'><strong>FIDEJUSSOBIBUS</strong></span> <span class='ocrx_word' id='word_1_570' title='bbox 2738 3640 2808 3680; x_wconf 77' lang='grc' dir='ltr'><strong>ΕΤ</strong></span> <span class='ocrx_word' id='word_1_571' title='bbox 2848 3638 3005 3680; x_wconf 75' lang='lat' dir='ltr'><strong>RATIS</strong></span> <span class='ocrx_word' id='word_1_572' title='bbox 3037 3638 3108 3678; x_wconf 77' lang='lat' dir='ltr'><strong>ET</strong></span> <span class='ocrx_word' id='word_1_573' title='bbox 3146 3637 3616 3685; x_wconf 74' lang='lat' dir='ltr'><strong>STIPULATOBIBUS.</strong></span> 
     </span>
    </p>
   </div>
   <div class='ocr_carea' id='block_1_87' title="bbox 2118 3715 3691 3798">
    <p class='ocr_par' dir='ltr' id='par_1_87' title="bbox 2118 3715 3691 3798">
     <span class='ocr_line' id='line_1_88' title="bbox 2118 3715 3691 3798; baseline -0.005 -22"><span class='ocrx_word' id='word_1_574' title='bbox 2118 3720 2246 3776; x_wconf 68' lang='lat' dir='ltr'><strong>Car.</strong></span> <span class='ocrx_word' id='word_1_575' title='bbox 2274 3717 2524 3774; x_wconf 83' lang='lat' dir='ltr'><strong>II.—-—De</strong></span> <span class='ocrx_word' id='word_1_576' title='bbox 2552 3733 2613 3773; x_wconf 88' lang='lat' dir='ltr'><strong>eo</strong></span> <span class='ocrx_word' id='word_1_577' title='bbox 2636 3717 2777 3785; x_wconf 83' lang='lat' dir='ltr'><strong>quod</strong></span> <span class='ocrx_word' id='word_1_578' title='bbox 2817 3731 2923 3798; x_wconf 77' lang='lat' dir='ltr'><strong>non</strong></span> <span class='ocrx_word' id='word_1_579' title='bbox 2965 3717 3109 3770; x_wconf 81' lang='lat' dir='ltr'><strong>debet</strong></span> <span class='ocrx_word' id='word_1_580' title='bbox 3146 3717 3369 3771; x_wconf 77' lang='lat' dir='ltr'><strong>clericus</strong></span> <span class='ocrx_word' id='word_1_581' title='bbox 3410 3732 3519 3770; x_wconf 85' lang='lat' dir='ltr'><strong>esse</strong></span> <span class='ocrx_word' id='word_1_582' title='bbox 3556 3715 3691 3785; x_wconf 84' lang='lat' dir='ltr'><strong>ﬁde-</strong></span> 
     </span>
    </p>
   </div>
   <div class='ocr_carea' id='block_1_88' title="bbox 2798 3802 3001 3858">
    <p class='ocr_par' dir='ltr' id='par_1_88' title="bbox 2798 3802 3001 3858">
     <span class='ocr_line' id='line_1_89' title="bbox 2798 3802 3001 3858; baseline 0 -17"><span class='ocrx_word' id='word_1_583' title='bbox 2798 3802 3001 3858; x_wconf 69' lang='lat' dir='ltr'><strong>Jussor.</strong></span> 
     </span>
    </p>
   </div>
   <div class='ocr_carea' id='block_1_89' title="bbox 2189 3875 3689 3953">
    <p class='ocr_par' dir='ltr' id='par_1_89' title="bbox 2189 3875 3689 3953">
     <span class='ocr_line' id='line_1_90' title="bbox 2189 3875 3689 3953; baseline -0.004 -16"><span class='ocrx_word' id='word_1_584' title='bbox 2189 3880 2438 3953; x_wconf 81' lang='lat' dir='ltr'><strong>Synodus</strong></span> <span class='ocrx_word' id='word_1_585' title='bbox 2462 3897 2474 3933; x_wconf 94' lang='lat'><strong>:</strong></span> <span class='ocrx_word' id='word_1_586' title='bbox 2502 3879 2743 3934; x_wconf 77' lang='lat' dir='ltr'><strong>Clericus</strong></span> <span class='ocrx_word' id='word_1_587' title='bbox 2773 3875 3177 3947; x_wconf 74' lang='lat' dir='ltr'><strong>ﬁdeiussoribus</strong></span> <span class='ocrx_word' id='word_1_588' title='bbox 3197 3878 3438 3933; x_wconf 85' lang='lat' dir='ltr'><strong>serviens</strong></span> <span class='ocrx_word' id='word_1_589' title='bbox 3457 3877 3689 3947; x_wconf 83' lang='lat' dir='ltr'><strong>depona-</strong></span> 
     </span>
    </p>
   </div>
   <div class='ocr_carea' id='block_1_90' title="bbox 2120 3968 2738 4043">
    <p class='ocr_par' dir='ltr' id='par_1_90' title="bbox 2120 3968 2738 4043">
     <span class='ocr_line' id='line_1_91' title="bbox 2120 3968 2738 4043; baseline 0 -16"><span class='ocrx_word' id='word_1_590' title='bbox 2120 3981 2208 4027; x_wconf 88' lang='lat' dir='ltr'><strong>tur</strong></span> <span class='ocrx_word' id='word_1_591' title='bbox 2229 3971 2383 4043; x_wconf 87' lang='lat' dir='ltr'><strong>(Can.</strong></span> <span class='ocrx_word' id='word_1_592' title='bbox 2412 3969 2483 4024; x_wconf 72' lang='lat'><strong>20</strong></span> <span class='ocrx_word' id='word_1_593' title='bbox 2509 3968 2738 4041; x_wconf 53' lang='grc' dir='ltr'><strong>αρσια).</strong></span> 
     </span>
    </p>
   </div>
   <div class='ocr_carea' id='block_1_91' title="bbox 2190 4058 3685 4133">
    <p class='ocr_par' dir='ltr' id='par_1_91' title="bbox 2190 4058 3685 4133">
     <span class='ocr_line' id='line_1_92' title="bbox 2190 4058 3685 4133; baseline -0.001 -18"><span class='ocrx_word' id='word_1_594' title='bbox 2190 4061 2455 4116; x_wconf 84' lang='lat' dir='ltr'><strong>Patricius</strong></span> <span class='ocrx_word' id='word_1_595' title='bbox 2483 4059 2710 4133; x_wconf 82' lang='lat' dir='ltr'><strong>(Synod.</strong></span> <span class='ocrx_word' id='word_1_596' title='bbox 2755 4060 2999 4126; x_wconf 83' lang='lat' dir='ltr'><strong>Patricii,</strong></span> <span class='ocrx_word' id='word_1_597' title='bbox 3041 4070 3166 4114; x_wconf 87' lang='lat' dir='ltr'><strong>tam.</strong></span> <span class='ocrx_word' id='word_1_598' title='bbox 3209 4059 3241 4113; x_wconf 83' lang='grc' dir='ltr'><strong><em>Ι</em></strong></span> <span class='ocrx_word' id='word_1_599' title='bbox 3282 4058 3481 4115; x_wconf 81' lang='lat' dir='ltr'><strong>Concil.</strong></span> <span class='ocrx_word' id='word_1_600' title='bbox 3530 4058 3685 4130; x_wconf 76' lang='lat' dir='ltr'><strong>Angl.</strong></span> 
     </span>
    </p>
   </div>
   <div class='ocr_carea' id='block_1_92' title="bbox 2114 4149 3691 4222">
    <p class='ocr_par' dir='ltr' id='par_1_92' title="bbox 2114 4149 3691 4222">
     <span class='ocr_line' id='line_1_93' title="bbox 2114 4149 3691 4222; baseline 0 -18"><span class='ocrx_word' id='word_1_601' title='bbox 2114 4168 2170 4221; x_wconf 89' lang='lat' dir='ltr'><strong>p.</strong></span> <span class='ocrx_word' id='word_1_602' title='bbox 2195 4150 2286 4222; x_wconf 76' lang='lat'><strong>52)</strong></span> <span class='ocrx_word' id='word_1_603' title='bbox 2319 4168 2332 4203; x_wconf 90' lang='lat'><strong>:</strong></span> <span class='ocrx_word' id='word_1_604' title='bbox 2363 4149 2603 4205; x_wconf 82' lang='lat' dir='ltr'><strong>Clericus</strong></span> <span class='ocrx_word' id='word_1_605' title='bbox 2628 4150 2675 4203; x_wconf 91' lang='lat' dir='ltr'><strong>si</strong></span> <span class='ocrx_word' id='word_1_606' title='bbox 2700 4164 2799 4219; x_wconf 88' lang='lat' dir='ltr'><strong>pro</strong></span> <span class='ocrx_word' id='word_1_607' title='bbox 2822 4149 3007 4219; x_wconf 77' lang='lat' dir='ltr'><strong>gentili</strong></span> <span class='ocrx_word' id='word_1_608' title='bbox 3033 4151 3251 4205; x_wconf 89' lang='lat' dir='ltr'><strong>homine</strong></span> <span class='ocrx_word' id='word_1_609' title='bbox 3282 4149 3559 4219; x_wconf 70' lang='lat' dir='ltr'><strong>ﬁdeiussor</strong></span> <span class='ocrx_word' id='word_1_610' title='bbox 3581 4150 3691 4204; x_wconf 79' lang='lat' dir='ltr'><strong>fue-</strong></span> 
     </span>
    </p>
   </div>
   <div class='ocr_carea' id='block_1_93' title="bbox 2120 4239 3691 4311">
    <p class='ocr_par' dir='ltr' id='par_1_93' title="bbox 2120 4239 3691 4311">
     <span class='ocr_line' id='line_1_94' title="bbox 2120 4239 3691 4311; baseline 0 -18"><span class='ocrx_word' id='word_1_611' title='bbox 2120 4239 2191 4293; x_wconf 89' lang='lat' dir='ltr'><strong>rit</strong></span> <span class='ocrx_word' id='word_1_612' title='bbox 2218 4240 2271 4294; x_wconf 89' lang='lat' dir='ltr'><strong>in</strong></span> <span class='ocrx_word' id='word_1_613' title='bbox 2294 4254 2616 4309; x_wconf 88' lang='lat' dir='ltr'><strong>quacunque</strong></span> <span class='ocrx_word' id='word_1_614' title='bbox 2639 4240 2962 4308; x_wconf 87' lang='lat' dir='ltr'><strong>quantitate,</strong></span> <span class='ocrx_word' id='word_1_615' title='bbox 2995 4240 3041 4294; x_wconf 87' lang='lat' dir='ltr'><strong>si</strong></span> <span class='ocrx_word' id='word_1_616' title='bbox 3068 4240 3355 4311; x_wconf 79' lang='lat' dir='ltr'><strong>contigerit</strong></span> <span class='ocrx_word' id='word_1_617' title='bbox 3389 4240 3555 4311; x_wconf 86' lang='lat' dir='ltr'><strong>(quod</strong></span> <span class='ocrx_word' id='word_1_618' title='bbox 3588 4240 3691 4294; x_wconf 89' lang='lat' dir='ltr'><strong>mi—</strong></span> 
     </span>
    </p>
   </div>
   <div class='ocr_carea' id='block_1_94' title="bbox 2119 4328 3691 4400">
    <p class='ocr_par' dir='ltr' id='par_1_94' title="bbox 2119 4328 3691 4400">
     <span class='ocr_line' id='line_1_95' title="bbox 2119 4328 3691 4400; baseline 0.003 -21"><span class='ocrx_word' id='word_1_619' title='bbox 2119 4342 2238 4380; x_wconf 89' lang='lat' dir='ltr'><strong>rum</strong></span> <span class='ocrx_word' id='word_1_620' title='bbox 2276 4342 2384 4381; x_wconf 90' lang='lat' dir='ltr'><strong>non</strong></span> <span class='ocrx_word' id='word_1_621' title='bbox 2413 4328 2516 4399; x_wconf 90' lang='lat' dir='ltr'><strong>est)</strong></span> <span class='ocrx_word' id='word_1_622' title='bbox 2556 4335 2617 4381; x_wconf 90' lang='lat' dir='ltr'><strong>ut</strong></span> <span class='ocrx_word' id='word_1_623' title='bbox 2655 4343 2752 4397; x_wconf 91' lang='lat' dir='ltr'><strong>per</strong></span> <span class='ocrx_word' id='word_1_624' title='bbox 2796 4328 3048 4383; x_wconf 82' lang='lat' dir='ltr'><strong>astutiam</strong></span> <span class='ocrx_word' id='word_1_625' title='bbox 3083 4329 3318 4399; x_wconf 85' lang='lat' dir='ltr'><strong>aliquam</strong></span> <span class='ocrx_word' id='word_1_626' title='bbox 3357 4329 3570 4400; x_wconf 84' lang='lat' dir='ltr'><strong>gentilis</strong></span> <span class='ocrx_word' id='word_1_627' title='bbox 3597 4329 3691 4384; x_wconf 91' lang='lat' dir='ltr'><strong>ille</strong></span> 
     </span>
    </p>
   </div>
   <div class='ocr_carea' id='block_1_95' title="bbox 2116 4414 3690 4484">
    <p class='ocr_par' dir='ltr' id='par_1_95' title="bbox 2116 4414 3690 4484">
     <span class='ocr_line' id='line_1_96' title="bbox 2116 4414 3690 4484; baseline 0.003 -15"><span class='ocrx_word' id='word_1_628' title='bbox 2116 4414 2287 4483; x_wconf 82' lang='lat' dir='ltr'><strong>fallat,</strong></span> <span class='ocrx_word' id='word_1_629' title='bbox 2317 4418 2383 4473; x_wconf 89' lang='lat' dir='ltr'><strong>de</strong></span> <span class='ocrx_word' id='word_1_630' title='bbox 2423 4419 2585 4472; x_wconf 86' lang='lat' dir='ltr'><strong>rebus</strong></span> <span class='ocrx_word' id='word_1_631' title='bbox 2627 4418 2739 4472; x_wconf 90' lang='lat' dir='ltr'><strong>suis</strong></span> <span class='ocrx_word' id='word_1_632' title='bbox 2772 4417 2943 4472; x_wconf 89' lang='lat' dir='ltr'><strong>solvat</strong></span> <span class='ocrx_word' id='word_1_633' title='bbox 2984 4418 3252 4484; x_wconf 89' lang='lat' dir='ltr'><strong>debitum;</strong></span> <span class='ocrx_word' id='word_1_634' title='bbox 3281 4435 3407 4474; x_wconf 88' lang='lat' dir='ltr'><strong>nam</strong></span> <span class='ocrx_word' id='word_1_635' title='bbox 3444 4419 3492 4475; x_wconf 90' lang='lat' dir='ltr'><strong>si</strong></span> <span class='ocrx_word' id='word_1_636' title='bbox 3522 4420 3690 4473; x_wconf 87' lang='lat' dir='ltr'><strong>armis</strong></span> 
     </span>
    </p>
   </div>
   <div class='ocr_carea' id='block_1_96' title="bbox 436 4486 3464 4576">
    <p class='ocr_par' dir='ltr' id='par_1_96' title="bbox 436 4486 3464 4576">
     <span class='ocr_line' id='line_1_97' title="bbox 436 4486 3464 4576; baseline 0.003 -23"><span class='ocrx_word' id='word_1_637' title='bbox 436 4497 628 4553; x_wconf 88' lang='lat' dir='ltr'><strong>ovibus</strong></span> <span class='ocrx_word' id='word_1_638' title='bbox 655 4506 712 4552; x_wconf 85' lang='lat' dir='ltr'><strong>et</strong></span> <span class='ocrx_word' id='word_1_639' title='bbox 738 4498 939 4551; x_wconf 84' lang='lat' dir='ltr'><strong>lanam.</strong></span> <span class='ocrx_word' id='word_1_640' title='bbox 980 4496 1038 4551; x_wconf 87' lang='lat' dir='ltr'><strong>Si</strong></span> <span class='ocrx_word' id='word_1_641' title='bbox 1069 4513 1198 4553; x_wconf 92' lang='lat' dir='ltr'><strong>vero</strong></span> <span class='ocrx_word' id='word_1_642' title='bbox 1232 4498 1298 4553; x_wconf 88' lang='lat' dir='ltr'><strong>de</strong></span> <span class='ocrx_word' id='word_1_643' title='bbox 1325 4497 1642 4569; x_wconf 87' lang='lat' dir='ltr'><strong>propinquis</strong></span> <span class='ocrx_word' id='word_1_644' title='bbox 1680 4498 1880 4553; x_wconf 83' lang='lat' dir='ltr'><strong>fuerint</strong></span> <span class='ocrx_word' id='word_1_645' title='bbox 1906 4501 2011 4555; x_wconf 90' lang='lat' dir='ltr'><strong>mi—</strong></span> <span class='ocrx_word' id='word_1_646' title='bbox 2042 4486 2095 4549; x_wconf 70' lang='grc' dir='ltr'><strong>υ</strong></span> <span class='ocrx_word' id='word_1_647' title='bbox 2119 4508 2577 4576; x_wconf 86' lang='lat' dir='ltr'><strong>compuguaverit,</strong></span> <span class='ocrx_word' id='word_1_648' title='bbox 2609 4514 2950 4575; x_wconf 89' lang='lat' dir='ltr'><strong>computetur</strong></span> <span class='ocrx_word' id='word_1_649' title='bbox 2972 4514 3126 4561; x_wconf 77' lang='lat' dir='ltr'><strong>extra</strong></span> <span class='ocrx_word' id='word_1_650' title='bbox 3148 4508 3464 4563; x_wconf 66' lang='lat' dir='ltr'><strong>Ecclesium.</strong></span> 
     </span>
    </p>
   </div>
   <div class='ocr_carea' id='block_1_97' title="bbox 437 4587 2016 4658">
    <p class='ocr_par' dir='ltr' id='par_1_97' title="bbox 437 4587 2016 4658">
     <span class='ocr_line' id='line_1_98' title="bbox 437 4587 2016 4658; baseline 0.001 -15"><span class='ocrx_word' id='word_1_651' title='bbox 437 4588 616 4652; x_wconf 68' lang='lat' dir='ltr'><strong>sistri,</strong></span> <span class='ocrx_word' id='word_1_652' title='bbox 643 4587 849 4643; x_wconf 85' lang='lat' dir='ltr'><strong>dabunt</strong></span> <span class='ocrx_word' id='word_1_653' title='bbox 871 4588 952 4643; x_wconf 84' lang='lat' dir='ltr'><strong>eis</strong></span> <span class='ocrx_word' id='word_1_654' title='bbox 986 4587 1189 4658; x_wconf 86' lang='lat' dir='ltr'><strong>aliquid</strong></span> <span class='ocrx_word' id='word_1_655' title='bbox 1211 4588 1280 4643; x_wconf 90' lang='lat' dir='ltr'><strong>de</strong></span> <span class='ocrx_word' id='word_1_656' title='bbox 1307 4588 1652 4655; x_wconf 66' lang='lat' dir='ltr'><strong>haereditate;</strong></span> <span class='ocrx_word' id='word_1_657' title='bbox 1680 4597 1735 4643; x_wconf 89' lang='lat' dir='ltr'><strong>et</strong></span> <span class='ocrx_word' id='word_1_658' title='bbox 1763 4591 1806 4644; x_wconf 92' lang='lat' dir='ltr'><strong>si</strong></span> <span class='ocrx_word' id='word_1_659' title='bbox 1832 4590 2016 4645; x_wconf 79' lang='lat' dir='ltr'><strong>Eccle-</strong></span> 
     </span>
    </p>
   </div>
   <div class='ocr_carea' id='block_1_98' title="bbox 440 4677 2016 4748">
    <p class='ocr_par' dir='ltr' id='par_1_98' title="bbox 440 4677 2016 4748">
     <span class='ocr_line' id='line_1_99' title="bbox 440 4677 2016 4748; baseline 0.001 -13"><span class='ocrx_word' id='word_1_660' title='bbox 440 4677 537 4735; x_wconf 62' lang='lat' dir='ltr'><strong>sia</strong></span> <span class='ocrx_word' id='word_1_661' title='bbox 567 4690 593 4718; x_wconf 80' lang='grc' dir='ltr'><strong>ιι</strong></span> <span class='ocrx_word' id='word_1_662' title='bbox 621 4677 909 4735; x_wconf 78' lang='lat' dir='ltr'><strong>habuerint</strong></span> <span class='ocrx_word' id='word_1_663' title='bbox 930 4685 1230 4748; x_wconf 84' lang='lat' dir='ltr'><strong>paternam,</strong></span> <span class='ocrx_word' id='word_1_664' title='bbox 1270 4677 1474 4734; x_wconf 90' lang='lat' dir='ltr'><strong>dabunt</strong></span> <span class='ocrx_word' id='word_1_665' title='bbox 1502 4679 1554 4734; x_wconf 89' lang='lat' dir='ltr'><strong>ei</strong></span> <span class='ocrx_word' id='word_1_666' title='bbox 1591 4679 1657 4734; x_wconf 92' lang='lat' dir='ltr'><strong>de</strong></span> <span class='ocrx_word' id='word_1_667' title='bbox 1704 4694 1800 4734; x_wconf 89' lang='lat' dir='ltr'><strong>sua</strong></span> <span class='ocrx_word' id='word_1_668' title='bbox 1832 4681 2016 4736; x_wconf 67' lang='lat' dir='ltr'><strong>haere-</strong></span> 
     </span>
    </p>
   </div>
   <div class='ocr_carea' id='block_1_99' title="bbox 436 4768 2014 4841">
    <p class='ocr_par' dir='ltr' id='par_1_99' title="bbox 436 4768 2014 4841">
     <span class='ocr_line' id='line_1_100' title="bbox 436 4768 2014 4841; baseline 0.001 -17"><span class='ocrx_word' id='word_1_669' title='bbox 436 4769 634 4834; x_wconf 85' lang='lat' dir='ltr'><strong>ditate;</strong></span> <span class='ocrx_word' id='word_1_670' title='bbox 677 4776 732 4823; x_wconf 90' lang='lat' dir='ltr'><strong>et</strong></span> <span class='ocrx_word' id='word_1_671' title='bbox 760 4768 817 4822; x_wconf 83' lang='lat' dir='ltr'><strong>s‘r</strong></span> <span class='ocrx_word' id='word_1_672' title='bbox 835 4769 1117 4838; x_wconf 82' lang='lat' dir='ltr'><strong>genuerint</strong></span> <span class='ocrx_word' id='word_1_673' title='bbox 1154 4768 1309 4833; x_wconf 87' lang='lat' dir='ltr'><strong>iilios,</strong></span> <span class='ocrx_word' id='word_1_674' title='bbox 1354 4769 1488 4823; x_wconf 91' lang='lat' dir='ltr'><strong>viris</strong></span> <span class='ocrx_word' id='word_1_675' title='bbox 1528 4784 1638 4823; x_wconf 77' lang='lat' dir='ltr'><strong>suae</strong></span> <span class='ocrx_word' id='word_1_676' title='bbox 1674 4770 2014 4841; x_wconf 85' lang='lat' dir='ltr'><strong>cogitationis</strong></span> 
     </span>
    </p>
   </div>
   <div class='ocr_carea' id='block_1_100' title="bbox 439 4860 1062 4916">
    <p class='ocr_par' dir='ltr' id='par_1_100' title="bbox 439 4860 1062 4916">
     <span class='ocr_line' id='line_1_101' title="bbox 439 4860 1062 4916; baseline -0.005 -1"><span class='ocrx_word' id='word_1_677' title='bbox 439 4861 642 4916; x_wconf 85' lang='lat' dir='ltr'><strong>dabunt</strong></span> <span class='ocrx_word' id='word_1_678' title='bbox 670 4860 1062 4916; x_wconf 57' lang='lat' dir='ltr'><strong>haereditatem.</strong></span> 
     </span>
    </p>
   </div>
   <div class='ocr_carea' id='block_1_101' title="bbox 689 4948 1751 5017">
    <p class='ocr_par' dir='ltr' id='par_1_101' title="bbox 689 4948 1751 5017">
     <span class='ocr_line' id='line_1_102' title="bbox 689 4948 1751 5017; baseline -0.003 -12"><span class='ocrx_word' id='word_1_679' title='bbox 689 4949 818 5005; x_wconf 65' lang='lat' dir='ltr'><strong>Car.</strong></span> <span class='ocrx_word' id='word_1_680' title='bbox 853 4964 988 5004; x_wconf 71' lang='lat' dir='ltr'><strong>XXII.</strong></span> <span class='ocrx_word' id='word_1_681' title='bbox 1011 4977 1084 4989; x_wconf 90' lang='lat'><strong>-—</strong></span> <span class='ocrx_word' id='word_1_682' title='bbox 1108 4948 1186 5003; x_wconf 88' lang='lat' dir='ltr'><strong>De</strong></span> <span class='ocrx_word' id='word_1_683' title='bbox 1208 4956 1509 5003; x_wconf 85' lang='lat' dir='ltr'><strong>testamento</strong></span> <span class='ocrx_word' id='word_1_684' title='bbox 1533 4948 1751 5017; x_wconf 86' lang='lat' dir='ltr'><strong>inﬁrmi.</strong></span> 
     </span>
    </p>
   </div>
   <div class='ocr_carea' id='block_1_102' title="bbox 513 5039 2018 5113">
    <p class='ocr_par' dir='ltr' id='par_1_102' title="bbox 513 5039 2018 5113">
     <span class='ocr_line' id='line_1_103' title="bbox 513 5039 2018 5113; baseline 0.001 -17"><span class='ocrx_word' id='word_1_685' title='bbox 513 5039 763 5113; x_wconf 80' lang='lat' dir='ltr'><strong>Synodus</strong></span> <span class='ocrx_word' id='word_1_686' title='bbox 784 5040 1167 5096; x_wconf 80' lang='lat' dir='ltr'><strong>Hibernensis:</strong></span> <span class='ocrx_word' id='word_1_687' title='bbox 1188 5039 1593 5097; x_wconf 84' lang='lat' dir='ltr'><strong>Testamentum</strong></span> <span class='ocrx_word' id='word_1_688' title='bbox 1615 5040 1812 5096; x_wconf 78' lang='lat' dir='ltr'><strong>inﬁrmi</strong></span> <span class='ocrx_word' id='word_1_689' title='bbox 1838 5049 1898 5097; x_wconf 90' lang='lat' dir='ltr'><strong>ut</strong></span> <span class='ocrx_word' id='word_1_690' title='bbox 1921 5058 2018 5099; x_wconf 87' lang='lat' dir='ltr'><strong>suo</strong></span> 
     </span>
    </p>
   </div>
   <div class='ocr_carea' id='block_1_103' title="bbox 440 5134 2020 5205">
    <p class='ocr_par' dir='ltr' id='par_1_103' title="bbox 440 5134 2020 5205">
     <span class='ocr_line' id='line_1_104' title="bbox 440 5134 2020 5205; baseline -0.001 -14"><span class='ocrx_word' id='word_1_691' title='bbox 440 5135 690 5192; x_wconf 80' lang='lat' dir='ltr'><strong>ministro</strong></span> <span class='ocrx_word' id='word_1_692' title='bbox 713 5136 780 5191; x_wconf 90' lang='lat' dir='ltr'><strong>de</strong></span> <span class='ocrx_word' id='word_1_693' title='bbox 805 5135 988 5191; x_wconf 89' lang='lat' dir='ltr'><strong>mobili</strong></span> <span class='ocrx_word' id='word_1_694' title='bbox 1019 5142 1227 5204; x_wconf 85' lang='lat' dir='ltr'><strong>partem</strong></span> <span class='ocrx_word' id='word_1_695' title='bbox 1248 5134 1587 5200; x_wconf 64' lang='lat' dir='ltr'><strong>substantiae,</strong></span> <span class='ocrx_word' id='word_1_696' title='bbox 1613 5143 1670 5190; x_wconf 90' lang='lat' dir='ltr'><strong>et</strong></span> <span class='ocrx_word' id='word_1_697' title='bbox 1702 5134 1863 5189; x_wconf 86' lang='lat' dir='ltr'><strong>aliam</strong></span> <span class='ocrx_word' id='word_1_698' title='bbox 1895 5150 2020 5205; x_wconf 83' lang='lat' dir='ltr'><strong>par-</strong></span> 
     </span>
    </p>
   </div>
   <div class='ocr_carea' id='block_1_104' title="bbox 440 5222 2017 5294">
    <p class='ocr_par' dir='ltr' id='par_1_104' title="bbox 440 5222 2017 5294">
     <span class='ocr_line' id='line_1_105' title="bbox 440 5222 2017 5294; baseline 0 -14"><span class='ocrx_word' id='word_1_699' title='bbox 440 5233 550 5281; x_wconf 88' lang='lat' dir='ltr'><strong>tem</strong></span> <span class='ocrx_word' id='word_1_700' title='bbox 570 5225 892 5291; x_wconf 64' lang='lat' dir='ltr'><strong>haeredibus,</strong></span> <span class='ocrx_word' id='word_1_701' title='bbox 919 5225 1190 5293; x_wconf 90' lang='lat' dir='ltr'><strong>aliamque</strong></span> <span class='ocrx_word' id='word_1_702' title='bbox 1213 5223 1457 5279; x_wconf 83' lang='lat' dir='ltr'><strong>ecclesiae</strong></span> <span class='ocrx_word' id='word_1_703' title='bbox 1477 5222 1682 5278; x_wconf 87' lang='lat' dir='ltr'><strong>tribuat</strong></span> <span class='ocrx_word' id='word_1_704' title='bbox 1708 5224 1762 5278; x_wconf 92' lang='lat' dir='ltr'><strong>in</strong></span> <span class='ocrx_word' id='word_1_705' title='bbox 1784 5225 2017 5294; x_wconf 86' lang='lat' dir='ltr'><strong>pretium</strong></span> 
     </span>
    </p>
   </div>
   <div class='ocr_carea' id='block_1_105' title="bbox 510 5355 2017 5430">
    <p class='ocr_par' dir='ltr' id='par_1_105' title="bbox 510 5355 2017 5430">
     <span class='ocr_line' id='line_1_106' title="bbox 510 5355 2017 5430; baseline 0.003 -19"><span class='ocrx_word' id='word_1_706' title='bbox 510 5368 537 5397; x_wconf 77' lang='grc' dir='ltr'><strong>ι</strong></span> <span class='ocrx_word' id='word_1_707' title='bbox 574 5355 738 5430; x_wconf 75' lang='lat' dir='ltr'><strong>Forte</strong></span> <span class='ocrx_word' id='word_1_708' title='bbox 762 5356 1042 5430; x_wconf 74' lang='lat' dir='ltr'><strong>habuerint</strong></span> <span class='ocrx_word' id='word_1_709' title='bbox 1061 5365 1280 5430; x_wconf 77' lang='lat' dir='ltr'><strong>partem,</strong></span> <span class='ocrx_word' id='word_1_710' title='bbox 1298 5357 1375 5430; x_wconf 84' lang='lat' dir='ltr'><strong>ait</strong></span> <span class='ocrx_word' id='word_1_711' title='bbox 1395 5356 1688 5430; x_wconf 69' lang='lat' dir='ltr'><strong>Acherirrs;</strong></span> <span class='ocrx_word' id='word_1_712' title='bbox 1709 5359 1837 5430; x_wconf 86' lang='lat' dir='ltr'><strong>mihi</strong></span> <span class='ocrx_word' id='word_1_713' title='bbox 1861 5359 2017 5430; x_wconf 81' lang='lat' dir='ltr'><strong>longe</strong></span> 
     </span>
    </p>
   </div>
   <div class='ocr_carea' id='block_1_106' title="bbox 440 5425 2019 5499">
    <p class='ocr_par' dir='ltr' id='par_1_106' title="bbox 440 5425 2019 5499">
     <span class='ocr_line' id='line_1_107' title="bbox 440 5425 2019 5499; baseline 0.004 -21"><span class='ocrx_word' id='word_1_714' title='bbox 440 5425 598 5499; x_wconf 80' lang='lat' dir='ltr'><strong>aliter</strong></span> <span class='ocrx_word' id='word_1_715' title='bbox 613 5425 848 5490; x_wconf 86' lang='lat' dir='ltr'><strong>videtur,</strong></span> <span class='ocrx_word' id='word_1_716' title='bbox 879 5441 1003 5481; x_wconf 89' lang='lat' dir='ltr'><strong>nam</strong></span> <span class='ocrx_word' id='word_1_717' title='bbox 1031 5425 1133 5482; x_wconf 81' lang='lat' dir='ltr'><strong>hoc</strong></span> <span class='ocrx_word' id='word_1_718' title='bbox 1160 5426 1278 5482; x_wconf 84' lang='lat' dir='ltr'><strong>loco</strong></span> <span class='ocrx_word' id='word_1_719' title='bbox 1299 5425 1438 5498; x_wconf 87' lang='lat' dir='ltr'><strong>lego,</strong></span> <span class='ocrx_word' id='word_1_720' title='bbox 1464 5437 1510 5481; x_wconf 90' lang='lat' dir='ltr'><strong>et</strong></span> <span class='ocrx_word' id='word_1_721' title='bbox 1540 5429 1585 5482; x_wconf 89' lang='lat' dir='ltr'><strong>si</strong></span> <span class='ocrx_word' id='word_1_722' title='bbox 1608 5428 1898 5499; x_wconf 78' lang='lat' dir='ltr'><strong>Ecclesium</strong></span> <span class='ocrx_word' id='word_1_723' title='bbox 1923 5425 2019 5484; x_wconf 72' lang='lat' dir='ltr'><strong>ha-</strong></span> 
     </span>
    </p>
   </div>
   <div class='ocr_carea' id='block_1_107' title="bbox 440 5494 1995 5565">
    <p class='ocr_par' dir='ltr' id='par_1_107' title="bbox 440 5494 1995 5565">
     <span class='ocr_line' id='line_1_108' title="bbox 440 5494 1995 5565; baseline 0.015 -17"><span class='ocrx_word' id='word_1_724' title='bbox 440 5494 643 5565; x_wconf 73' lang='lat' dir='ltr'><strong>(met-int</strong></span> <span class='ocrx_word' id='word_1_725' title='bbox 668 5502 962 5565; x_wconf 82' lang='lat' dir='ltr'><strong>paternam.</strong></span> <span class='ocrx_word' id='word_1_726' title='bbox 1066 5560 1113 5565; x_wconf 63' lang='lat'><em>_</em></span> <span class='ocrx_word' id='word_1_727' title='bbox 1174 5564 1185 5565; x_wconf 20' lang='grc' dir='ltr'>ί</span> <span class='ocrx_word' id='word_1_728' title='bbox 1356 5494 1383 5565; x_wconf 22' lang='grc' dir='ltr'><strong>’ν</strong></span> <span class='ocrx_word' id='word_1_729' title='bbox 1737 5495 1740 5499; x_wconf 29' lang='grc'><em>“</em></span> <span class='ocrx_word' id='word_1_730' title='bbox 1989 5511 1995 5525; x_wconf 77' lang='grc'><strong>’</strong></span> 
     </span>
    </p>
   </div>
   <div class='ocr_carea' id='block_1_108' title="bbox 513 5564 2017 5629">
    <p class='ocr_par' dir='ltr' id='par_1_108' title="bbox 513 5564 2017 5629">
     <span class='ocr_line' id='line_1_109' title="bbox 513 5564 2017 5629; baseline 0.004 -12"><span class='ocrx_word' id='word_1_731' title='bbox 513 5565 540 5603; x_wconf 74' lang='lat' dir='ltr'><strong>b</strong></span> <span class='ocrx_word' id='word_1_732' title='bbox 579 5564 691 5618; x_wconf 87' lang='lat' dir='ltr'><strong>IIoc</strong></span> <span class='ocrx_word' id='word_1_733' title='bbox 718 5564 838 5618; x_wconf 91' lang='lat' dir='ltr'><strong>loco</strong></span> <span class='ocrx_word' id='word_1_734' title='bbox 861 5580 965 5619; x_wconf 90' lang='lat' dir='ltr'><strong>non</strong></span> <span class='ocrx_word' id='word_1_735' title='bbox 986 5564 1266 5629; x_wconf 86' lang='lat' dir='ltr'><strong>redundat,</strong></span> <span class='ocrx_word' id='word_1_736' title='bbox 1282 5573 1341 5619; x_wconf 90' lang='lat' dir='ltr'><strong>ut</strong></span> <span class='ocrx_word' id='word_1_737' title='bbox 1361 5564 1624 5621; x_wconf 81' lang='lat' dir='ltr'><strong>Acherius</strong></span> <span class='ocrx_word' id='word_1_738' title='bbox 1645 5576 1846 5623; x_wconf 87' lang='lat' dir='ltr'><strong>monet.</strong></span> <span class='ocrx_word' id='word_1_739' title='bbox 1870 5567 2017 5624; x_wconf 89' lang='lat' dir='ltr'><strong>Idem</strong></span> 
     </span>
    </p>
   </div>
   <div class='ocr_carea' id='block_1_109' title="bbox 441 5631 2016 5702">
    <p class='ocr_par' dir='ltr' id='par_1_109' title="bbox 441 5631 2016 5702">
     <span class='ocr_line' id='line_1_110' title="bbox 441 5631 2016 5702; baseline 0.003 -15"><span class='ocrx_word' id='word_1_740' title='bbox 441 5632 589 5687; x_wconf 82' lang='lat' dir='ltr'><strong>addit</strong></span> <span class='ocrx_word' id='word_1_741' title='bbox 618 5649 630 5684; x_wconf 90' lang='lat'><strong>:</strong></span> <span class='ocrx_word' id='word_1_742' title='bbox 664 5631 934 5702; x_wconf 38' lang='lat' dir='ltr'><strong>Quod‘hic</strong></span> <span class='ocrx_word' id='word_1_743' title='bbox 967 5634 1032 5687; x_wconf 91' lang='lat' dir='ltr'><strong>de</strong></span> <span class='ocrx_word' id='word_1_744' title='bbox 1063 5635 1238 5700; x_wconf 89' lang='lat' dir='ltr'><strong>pretio</strong></span> <span class='ocrx_word' id='word_1_745' title='bbox 1273 5635 1507 5702; x_wconf 83' lang='lat' dir='ltr'><strong>sepulcri</strong></span> <span class='ocrx_word' id='word_1_746' title='bbox 1550 5638 1823 5702; x_wconf 90' lang='lat' dir='ltr'><strong>statuitur,</strong></span> <span class='ocrx_word' id='word_1_747' title='bbox 1866 5639 2016 5692; x_wconf 85' lang='lat' dir='ltr'><strong>dam-</strong></span> 
     </span>
    </p>
   </div>
   <div class='ocr_carea' id='block_1_110' title="bbox 444 5698 2013 5775">
    <p class='ocr_par' dir='ltr' id='par_1_110' title="bbox 444 5698 2013 5775">
     <span class='ocr_line' id='line_1_111' title="bbox 444 5698 2013 5775; baseline 0.004 -19"><span class='ocrx_word' id='word_1_748' title='bbox 444 5710 575 5756; x_wconf 70' lang='lat' dir='ltr'><strong>nant</strong></span> <span class='ocrx_word' id='word_1_749' title='bbox 600 5700 791 5755; x_wconf 83' lang='lat' dir='ltr'><strong>concil.</strong></span> <span class='ocrx_word' id='word_1_750' title='bbox 817 5698 1211 5762; x_wconf 79' lang='lat' dir='ltr'><strong>Oenhamense,</strong></span> <span class='ocrx_word' id='word_1_751' title='bbox 1254 5698 1373 5757; x_wconf 80' lang='lat' dir='ltr'><strong>can.</strong></span> <span class='ocrx_word' id='word_1_752' title='bbox 1415 5703 1501 5768; x_wconf 70' lang='lat'><strong>12,</strong></span> <span class='ocrx_word' id='word_1_753' title='bbox 1529 5714 1581 5758; x_wconf 91' lang='lat' dir='ltr'><strong>et</strong></span> <span class='ocrx_word' id='word_1_754' title='bbox 1611 5706 1780 5775; x_wconf 81' lang='lat' dir='ltr'><strong>Leges</strong></span> <span class='ocrx_word' id='word_1_755' title='bbox 1805 5698 2013 5763; x_wconf 78' lang='lat' dir='ltr'><strong>Eccles.</strong></span> 
     </span>
    </p>
   </div>
   <div class='ocr_carea' id='block_1_111' title="bbox 2154 4596 3655 4671">
    <p class='ocr_par' dir='ltr' id='par_1_111' title="bbox 2154 4596 3655 4671">
     <span class='ocr_line' id='line_1_112' title="bbox 2154 4596 3655 4671; baseline 0.002 -19"><span class='ocrx_word' id='word_1_756' title='bbox 2154 4598 2283 4653; x_wconf 75' lang='lat' dir='ltr'><strong>CAP.</strong></span> <span class='ocrx_word' id='word_1_757' title='bbox 2313 4614 2396 4652; x_wconf 91' lang='lat' dir='ltr'><strong>III.</strong></span> <span class='ocrx_word' id='word_1_758' title='bbox 2419 4628 2487 4636; x_wconf 95' lang='lat'><strong>—</strong></span> <span class='ocrx_word' id='word_1_759' title='bbox 2510 4596 2587 4650; x_wconf 90' lang='lat' dir='ltr'><strong>De</strong></span> <span class='ocrx_word' id='word_1_760' title='bbox 2618 4597 2851 4668; x_wconf 84' lang='lat' dir='ltr'><strong>personis</strong></span> <span class='ocrx_word' id='word_1_761' title='bbox 2887 4598 3115 4668; x_wconf 83' lang='lat' dir='ltr'><strong>indignis</strong></span> <span class='ocrx_word' id='word_1_762' title='bbox 3140 4599 3209 4652; x_wconf 87' lang='lat' dir='ltr'><strong>ad</strong></span> <span class='ocrx_word' id='word_1_763' title='bbox 3242 4600 3655 4671; x_wconf 73' lang='lat' dir='ltr'><strong>ﬁdejussiosrem.</strong></span> 
     </span>
    </p>
   </div>
   <div class='ocr_carea' id='block_1_112' title="bbox 2191 4688 3694 4762">
    <p class='ocr_par' dir='ltr' id='par_1_112' title="bbox 2191 4688 3694 4762">
     <span class='ocr_line' id='line_1_113' title="bbox 2191 4688 3694 4762; baseline 0.004 -20"><span class='ocrx_word' id='word_1_764' title='bbox 2191 4688 2440 4759; x_wconf 85' lang='lat' dir='ltr'><strong>Synodus</strong></span> <span class='ocrx_word' id='word_1_765' title='bbox 2479 4688 2869 4742; x_wconf 82' lang='lat' dir='ltr'><strong>Ilibernensis:</strong></span> <span class='ocrx_word' id='word_1_766' title='bbox 2901 4688 3017 4742; x_wconf 89' lang='lat' dir='ltr'><strong>Non</strong></span> <span class='ocrx_word' id='word_1_767' title='bbox 3063 4699 3148 4744; x_wconf 87' lang='lat' dir='ltr'><strong>est</strong></span> <span class='ocrx_word' id='word_1_768' title='bbox 3171 4691 3364 4762; x_wconf 85' lang='lat' dir='ltr'><strong>dignus</strong></span> <span class='ocrx_word' id='word_1_769' title='bbox 3408 4691 3694 4762; x_wconf 81' lang='lat' dir='ltr'><strong>ﬁdejussor</strong></span> 
     </span>
    </p>
   </div>
   <div class='ocr_carea' id='block_1_113' title="bbox 2120 4776 3691 4847">
    <p class='ocr_par' dir='ltr' id='par_1_113' title="bbox 2120 4776 3691 4847">
     <span class='ocr_line' id='line_1_114' title="bbox 2120 4776 3691 4847; baseline 0.005 -17"><span class='ocrx_word' id='word_1_770' title='bbox 2120 4776 2238 4832; x_wconf 81' lang='lat' dir='ltr'><strong>ﬂeri</strong></span> <span class='ocrx_word' id='word_1_771' title='bbox 2268 4792 2368 4833; x_wconf 91' lang='lat' dir='ltr'><strong>nec</strong></span> <span class='ocrx_word' id='word_1_772' title='bbox 2403 4777 2737 4847; x_wconf 82' lang='lat' dir='ltr'><strong>peregrinus,</strong></span> <span class='ocrx_word' id='word_1_773' title='bbox 2785 4791 2884 4831; x_wconf 90' lang='lat' dir='ltr'><strong>nec</strong></span> <span class='ocrx_word' id='word_1_774' title='bbox 2933 4778 3205 4845; x_wconf 86' lang='lat' dir='ltr'><strong>robustus,</strong></span> <span class='ocrx_word' id='word_1_775' title='bbox 3246 4796 3347 4836; x_wconf 91' lang='lat' dir='ltr'><strong>nec</strong></span> <span class='ocrx_word' id='word_1_776' title='bbox 3395 4784 3691 4839; x_wconf 85' lang='lat' dir='ltr'><strong>monachus</strong></span> 
     </span>
    </p>
   </div>
   <div class='ocr_carea' id='block_1_114' title="bbox 2122 4866 3693 4941">
    <p class='ocr_par' dir='ltr' id='par_1_114' title="bbox 2122 4866 3693 4941">
     <span class='ocr_line' id='line_1_115' title="bbox 2122 4866 3693 4941; baseline 0.003 -20"><span class='ocrx_word' id='word_1_777' title='bbox 2122 4867 2226 4922; x_wconf 90' lang='lat' dir='ltr'><strong>nisi</strong></span> <span class='ocrx_word' id='word_1_778' title='bbox 2249 4868 2542 4938; x_wconf 88' lang='lat' dir='ltr'><strong>imperante</strong></span> <span class='ocrx_word' id='word_1_779' title='bbox 2569 4867 2778 4929; x_wconf 84' lang='lat' dir='ltr'><strong>abbate,</strong></span> <span class='ocrx_word' id='word_1_780' title='bbox 2813 4882 2911 4921; x_wconf 90' lang='lat' dir='ltr'><strong>nec</strong></span> <span class='ocrx_word' id='word_1_781' title='bbox 2936 4866 3079 4921; x_wconf 76' lang='lat' dir='ltr'><strong>filius</strong></span> <span class='ocrx_word' id='word_1_782' title='bbox 3122 4869 3233 4929; x_wconf 91' lang='lat' dir='ltr'><strong>nisi</strong></span> <span class='ocrx_word' id='word_1_783' title='bbox 3268 4870 3569 4940; x_wconf 87' lang='lat' dir='ltr'><strong>imperante</strong></span> <span class='ocrx_word' id='word_1_784' title='bbox 3592 4887 3693 4941; x_wconf 87' lang='lat' dir='ltr'><strong>pa-</strong></span> 
     </span>
    </p>
   </div>
   <div class='ocr_carea' id='block_1_115' title="bbox 2122 4956 3464 5029">
    <p class='ocr_par' dir='ltr' id='par_1_115' title="bbox 2122 4956 3464 5029">
     <span class='ocr_line' id='line_1_116' title="bbox 2122 4956 3464 5029; baseline 0.002 -16"><span class='ocrx_word' id='word_1_785' title='bbox 2122 4968 2223 5023; x_wconf 88' lang='lat' dir='ltr'><strong>tre,</strong></span> <span class='ocrx_word' id='word_1_786' title='bbox 2251 4973 2352 5012; x_wconf 91' lang='lat' dir='ltr'><strong>nec</strong></span> <span class='ocrx_word' id='word_1_787' title='bbox 2386 4956 2583 5011; x_wconf 83' lang='lat' dir='ltr'><strong>femina</strong></span> <span class='ocrx_word' id='word_1_788' title='bbox 2609 4957 2713 5010; x_wconf 85' lang='lat' dir='ltr'><strong>nisi</strong></span> <span class='ocrx_word' id='word_1_789' title='bbox 2737 4958 2973 5023; x_wconf 81' lang='lat' dir='ltr'><strong>domina,</strong></span> <span class='ocrx_word' id='word_1_790' title='bbox 3006 4957 3157 5029; x_wconf 85' lang='lat' dir='ltr'><strong>virgo</strong></span> <span class='ocrx_word' id='word_1_791' title='bbox 3180 4969 3236 5014; x_wconf 90' lang='lat' dir='ltr'><strong>et</strong></span> <span class='ocrx_word' id='word_1_792' title='bbox 3258 4971 3464 5016; x_wconf 90' lang='lat' dir='ltr'><strong>sancta.</strong></span> 
     </span>
    </p>
   </div>
   <div class='ocr_carea' id='block_1_116' title="bbox 2223 5045 3582 5117">
    <p class='ocr_par' dir='ltr' id='par_1_116' title="bbox 2223 5045 3582 5117">
     <span class='ocr_line' id='line_1_117' title="bbox 2223 5045 3582 5117; baseline 0.003 -16"><span class='ocrx_word' id='word_1_793' title='bbox 2223 5046 2352 5102; x_wconf 62' lang='lat' dir='ltr'><strong>Car.</strong></span> <span class='ocrx_word' id='word_1_794' title='bbox 2379 5060 2453 5101; x_wconf 88' lang='lat' dir='ltr'><strong>Iv.</strong></span> <span class='ocrx_word' id='word_1_795' title='bbox 2478 5076 2549 5086; x_wconf 97' lang='lat'><strong>—</strong></span> <span class='ocrx_word' id='word_1_796' title='bbox 2567 5045 2642 5099; x_wconf 87' lang='lat' dir='ltr'><strong>De</strong></span> <span class='ocrx_word' id='word_1_797' title='bbox 2669 5056 2895 5117; x_wconf 88' lang='lat' dir='ltr'><strong>tempore</strong></span> <span class='ocrx_word' id='word_1_798' title='bbox 2924 5062 3025 5116; x_wconf 87' lang='lat' dir='ltr'><strong>quo</strong></span> <span class='ocrx_word' id='word_1_799' title='bbox 3050 5047 3197 5102; x_wconf 85' lang='lat' dir='ltr'><strong>debet</strong></span> <span class='ocrx_word' id='word_1_800' title='bbox 3225 5060 3344 5104; x_wconf 82' lang='lat' dir='ltr'><strong>rata</strong></span> <span class='ocrx_word' id='word_1_801' title='bbox 3364 5050 3582 5105; x_wconf 80' lang='lat' dir='ltr'><strong>solt-ere.</strong></span> 
     </span>
    </p>
   </div>
   <div class='ocr_carea' id='block_1_117' title="bbox 2193 5132 3687 5208">
    <p class='ocr_par' dir='ltr' id='par_1_117' title="bbox 2193 5132 3687 5208">
     <span class='ocr_line' id='line_1_118' title="bbox 2193 5132 3687 5208; baseline 0.004 -17"><span class='ocrx_word' id='word_1_802' title='bbox 2193 5136 2443 5208; x_wconf 85' lang='lat' dir='ltr'><strong>Synodus</strong></span> <span class='ocrx_word' id='word_1_803' title='bbox 2470 5132 2818 5190; x_wconf 83' lang='lat' dir='ltr'><strong>Hibernensis</strong></span> <span class='ocrx_word' id='word_1_804' title='bbox 2848 5136 2998 5200; x_wconf 89' lang='lat' dir='ltr'><strong>dicit,</strong></span> <span class='ocrx_word' id='word_1_805' title='bbox 3032 5147 3091 5191; x_wconf 89' lang='lat' dir='ltr'><strong>ut</strong></span> <span class='ocrx_word' id='word_1_806' title='bbox 3122 5146 3241 5193; x_wconf 87' lang='lat' dir='ltr'><strong>rata</strong></span> <span class='ocrx_word' id='word_1_807' title='bbox 3282 5139 3471 5196; x_wconf 87' lang='lat' dir='ltr'><strong>reddat</strong></span> <span class='ocrx_word' id='word_1_808' title='bbox 3510 5140 3687 5197; x_wconf 75' lang='lat' dir='ltr'><strong>debita</strong></span> 
     </span>
    </p>
   </div>
   <div class='ocr_carea' id='block_1_118' title="bbox 2119 5227 3687 5300">
    <p class='ocr_par' dir='ltr' id='par_1_118' title="bbox 2119 5227 3687 5300">
     <span class='ocr_line' id='line_1_119' title="bbox 2119 5227 3687 5300; baseline 0.004 -18"><span class='ocrx_word' id='word_1_809' title='bbox 2119 5244 2217 5300; x_wconf 89' lang='lat' dir='ltr'><strong>pro</strong></span> <span class='ocrx_word' id='word_1_810' title='bbox 2250 5228 2445 5297; x_wconf 87' lang='lat' dir='ltr'><strong>quibus</strong></span> <span class='ocrx_word' id='word_1_811' title='bbox 2467 5227 2656 5281; x_wconf 78' lang='lat' dir='ltr'><strong>ﬁxerat</strong></span> <span class='ocrx_word' id='word_1_812' title='bbox 2677 5240 2886 5292; x_wconf 88' lang='lat' dir='ltr'><strong>manus,</strong></span> <span class='ocrx_word' id='word_1_813' title='bbox 2921 5227 2995 5281; x_wconf 88' lang='lat' dir='ltr'><strong>ita</strong></span> <span class='ocrx_word' id='word_1_814' title='bbox 3028 5236 3086 5282; x_wconf 86' lang='lat' dir='ltr'><strong>ut</strong></span> <span class='ocrx_word' id='word_1_815' title='bbox 3115 5229 3289 5299; x_wconf 87' lang='lat' dir='ltr'><strong>prima</strong></span> <span class='ocrx_word' id='word_1_816' title='bbox 3323 5231 3442 5286; x_wconf 83' lang='lat' dir='ltr'><strong>vice</strong></span> <span class='ocrx_word' id='word_1_817' title='bbox 3481 5231 3549 5286; x_wconf 86' lang='lat' dir='ltr'><strong>I5</strong></span> <span class='ocrx_word' id='word_1_818' title='bbox 3582 5233 3687 5289; x_wconf 85' lang='lat' dir='ltr'><strong>die-</strong></span> 
     </span>
    </p>
   </div>
   <div class='ocr_carea' id='block_1_119' title="bbox 2118 5352 3692 5434">
    <p class='ocr_par' dir='ltr' id='par_1_119' title="bbox 2118 5352 3692 5434">
     <span class='ocr_line' id='line_1_120' title="bbox 2118 5352 3692 5434; baseline 0.001 -16"><span class='ocrx_word' id='word_1_819' title='bbox 2118 5352 2313 5434; x_wconf 68' lang='lat' dir='ltr'><strong>Canuti</strong></span> <span class='ocrx_word' id='word_1_820' title='bbox 2354 5363 2516 5434; x_wconf 79' lang='lat' dir='ltr'><strong>regis,</strong></span> <span class='ocrx_word' id='word_1_821' title='bbox 2560 5378 2679 5432; x_wconf 88' lang='lat' dir='ltr'><strong>cap.</strong></span> <span class='ocrx_word' id='word_1_822' title='bbox 2711 5362 2800 5418; x_wconf 68' lang='grc'><strong>20.</strong></span> <span class='ocrx_word' id='word_1_823' title='bbox 2839 5363 3114 5434; x_wconf 69' lang='lat' dir='ltr'><strong>Damnant</strong></span> <span class='ocrx_word' id='word_1_824' title='bbox 3144 5376 3360 5434; x_wconf 83' lang='lat' dir='ltr'><strong>quoque</strong></span> <span class='ocrx_word' id='word_1_825' title='bbox 3399 5363 3692 5434; x_wconf 69' lang='lat' dir='ltr'><strong>Gregorius</strong></span> 
     </span>
    </p>
   </div>
   <div class='ocr_carea' id='block_1_120' title="bbox 2120 5431 3686 5504">
    <p class='ocr_par' dir='ltr' id='par_1_120' title="bbox 2120 5431 3686 5504">
     <span class='ocr_line' id='line_1_121' title="bbox 2120 5431 3686 5504; baseline 0 -17"><span class='ocrx_word' id='word_1_826' title='bbox 2120 5433 2359 5504; x_wconf 81' lang='lat' dir='ltr'><strong>Magnus,</strong></span> <span class='ocrx_word' id='word_1_827' title='bbox 2391 5431 2801 5504; x_wconf 24' lang='lat' dir='ltr'><strong>lib.vn,fepist.</strong></span> <span class='ocrx_word' id='word_1_828' title='bbox 2835 5432 2925 5499; x_wconf 81' lang='lat'><strong>55,</strong></span> <span class='ocrx_word' id='word_1_829' title='bbox 2951 5433 3063 5504; x_wconf 80' lang='lat' dir='ltr'><strong>ind.</strong></span> <span class='ocrx_word' id='word_1_830' title='bbox 3091 5431 3374 5504; x_wconf 44' lang='lat' dir='ltr'><strong>Sicori—ed.</strong></span> <span class='ocrx_word' id='word_1_831' title='bbox 3400 5431 3686 5496; x_wconf 76' lang='lat' dir='ltr'><strong>Meldense,</strong></span> 
     </span>
    </p>
   </div>
   <div class='ocr_carea' id='block_1_121' title="bbox 2119 5501 3688 5569">
    <p class='ocr_par' dir='ltr' id='par_1_121' title="bbox 2119 5501 3688 5569">
     <span class='ocr_line' id='line_1_122' title="bbox 2119 5501 3688 5569; baseline 0.002 -10"><span class='ocrx_word' id='word_1_832' title='bbox 2119 5501 2239 5559; x_wconf 75' lang='lat' dir='ltr'><strong>can.</strong></span> <span class='ocrx_word' id='word_1_833' title='bbox 2273 5504 2371 5569; x_wconf 77' lang='lat'><strong>65;</strong></span> <span class='ocrx_word' id='word_1_834' title='bbox 2417 5502 2933 5566; x_wconf 73' lang='lat' dir='ltr'><strong>Triburiense,‘can.</strong></span> <span class='ocrx_word' id='word_1_835' title='bbox 2964 5501 3057 5568; x_wconf 76' lang='lat'><strong>16;</strong></span> <span class='ocrx_word' id='word_1_836' title='bbox 3088 5503 3561 5559; x_wconf 84' lang='lat' dir='ltr'><strong>Claromontanum</strong></span> <span class='ocrx_word' id='word_1_837' title='bbox 3589 5504 3688 5562; x_wconf 83' lang='lat' dir='ltr'><strong>sub</strong></span> 
     </span>
    </p>
   </div>
   <div class='ocr_carea' id='block_1_122' title="bbox 2077 5572 3685 5637">
    <p class='ocr_par' dir='ltr' id='par_1_122' title="bbox 2077 5572 3685 5637">
     <span class='ocr_line' id='line_1_123' title="bbox 2077 5572 3685 5637; baseline -0.002 -8"><span class='ocrx_word' id='word_1_838' title='bbox 2077 5591 2080 5595; x_wconf 89' lang='grc'><strong>·</strong></span> <span class='ocrx_word' id='word_1_839' title='bbox 2120 5574 2340 5629; x_wconf 86' lang='lat' dir='ltr'><strong>Urbano</strong></span> <span class='ocrx_word' id='word_1_840' title='bbox 2384 5572 2446 5636; x_wconf 94' lang='lat' dir='ltr'><strong>II,</strong></span> <span class='ocrx_word' id='word_1_841' title='bbox 2496 5587 2618 5627; x_wconf 82' lang='lat' dir='ltr'><strong>ean.</strong></span> <span class='ocrx_word' id='word_1_842' title='bbox 2659 5574 2724 5637; x_wconf 87' lang='lat'><strong>8:</strong></span> <span class='ocrx_word' id='word_1_843' title='bbox 2770 5573 3070 5637; x_wconf 75' lang='lat' dir='ltr'><strong>Romanum</strong></span> <span class='ocrx_word' id='word_1_844' title='bbox 3116 5573 3216 5627; x_wconf 85' lang='lat' dir='ltr'><strong>sub</strong></span> <span class='ocrx_word' id='word_1_845' title='bbox 3254 5572 3560 5627; x_wconf 77' lang='lat' dir='ltr'><strong>Alexandro</strong></span> <span class='ocrx_word' id='word_1_846' title='bbox 3601 5572 3685 5626; x_wconf 89' lang='lat' dir='ltr'><strong>III.</strong></span> 
     </span>
    </p>
   </div>
   <div class='ocr_carea' id='block_1_123' title="bbox 2119 5635 3690 5712">
    <p class='ocr_par' dir='ltr' id='par_1_123' title="bbox 2119 5635 3690 5712">
     <span class='ocr_line' id='line_1_124' title="bbox 2119 5635 3690 5712; baseline 0.003 -14"><span class='ocrx_word' id='word_1_847' title='bbox 2119 5659 2237 5698; x_wconf 87' lang='lat' dir='ltr'><strong>can.</strong></span> <span class='ocrx_word' id='word_1_848' title='bbox 2267 5644 2326 5712; x_wconf 86' lang='lat'><strong>7;</strong></span> <span class='ocrx_word' id='word_1_849' title='bbox 2358 5644 2486 5697; x_wconf 90' lang='lat' dir='ltr'><strong>item</strong></span> <span class='ocrx_word' id='word_1_850' title='bbox 2506 5635 2869 5698; x_wconf 81' lang='lat' dir='ltr'><strong>Lateranense</strong></span> <span class='ocrx_word' id='word_1_851' title='bbox 2890 5635 2989 5698; x_wconf 85' lang='lat' dir='ltr'><strong>sub</strong></span> <span class='ocrx_word' id='word_1_852' title='bbox 3010 5642 3321 5699; x_wconf 87' lang='lat' dir='ltr'><strong>Innocentio</strong></span> <span class='ocrx_word' id='word_1_853' title='bbox 3343 5640 3427 5702; x_wconf 90' lang='lat' dir='ltr'><strong>III.</strong></span> <span class='ocrx_word' id='word_1_854' title='bbox 3452 5658 3572 5697; x_wconf 87' lang='lat' dir='ltr'><strong>can.</strong></span> <span class='ocrx_word' id='word_1_855' title='bbox 3599 5643 3690 5702; x_wconf 74' lang='lat'><strong>66.</strong></span> 
     </span>
    </p>
   </div>
  </div>
