4004 6172
373 245 397 298 1
409 245 508 301 Ξιιδ

1246 249 1563 309 CANO‘NES
1601 254 1885 312 SELECTI
2045 254 2351 327 ANTIQUA
2386 259 2721 319 COLLECT.

3476 276 3617 337 ιιιθι

366 366 465 412 bus
485 366 758 429 exapectet
782 358 1020 426 debitor;
1043 361 1278 417 secunda
1302 364 1418 419 vice
1438 348 1508 420 2i)
1529 366 1746 431 diebus;
1776 366 1936 422 tertia
1962 366 2011 424 A
2039 364 2164 421 Car.
2190 383 2391 425 vm.—-
2413 373 2488 428 De
2514 391 2574 437 .60
2601 377 2740 464 quod
2767 378 3099 464 ορεςηίᾳηάιε
3127 398 3247 443 sum
3272 388 3407 461 leges
3421 393 3613 464 jubilc‘t

364 449 478 505 vice
506 448 578 505 30
611 449 830 516 diebus;
873 458 1064 520 quarta
1091 452 1209 507 vice
1246 453 1316 508 40
1359 454 1567 511 diebus.
1599 457 1789 514 Postea
1823 456 1941 514 sine

362 538 701 607 reputatione
729 539 918 593 reddat
937 539 1196 594 debitum.

2603 447 2757 500 etiam
2787 449 2844 504 in
2867 461 2889 487 ο
2910 451 3081 507 Novo.

2114 527 2362 599 Synodus
2391 533 2502 588 ait:
2538 535 2613 591 De
2641 539 2943 607 vendentis,
2976 548 3209 604 assuetis
3237 549 3395 617 licet,
3427 571 3614 615 verum

431 628 561 681 item
599 628 687 682 alii
724 628 882 683 aliter
914 628 1101 684 dicunt
1129 648 1142 683 :
1169 638 1231 685 ut
1268 632 1313 686 si
1343 648 1440 702 pro
1462 633 1604 697 vivo,
1628 633 1802 704 prima
1824 633 1940 687 vice
2342 632 2618 719 νοιρτειιξιτ
2641 628 3055 719 τίοδδθῖνθηάίθ
3101 644 3225 692 sum
3261 647 3438 698 tamen
3468 644 3614 719 10393

360 720 429 773 10
466 720 655 774 diebus
682 728 987 790 exspectet;
1036 723 1268 777 secunda
1310 723 1426 777 vice
1467 724 1520 778 5.
1572 724 1629 778 Si
1672 739 1801 779 vero
1840 740 1938 793 pro

358 818 592 875 mortuo,
616 810 686 866 '50
713 812 921 867 diebus.

354 898 486 953 Car.
515 916 567 966 γ.
585 930 657 940 -
673 900 749 956 De
767 902 920 956 modo
940 921 1042 974 quo
1063 905 1238 959 reddet
1259 906 1468 962 debitor
1490 921 1515 949 ει
1535 907 1758 963 salutem
1783 921 1930 965 rane.

426 987 485 1041 In
536 988 847 1047 deﬁnitione
905 991 1142 1061 ejusdem
1190 997 1422 1065 synodi,
1477 998 1689 1053 debitor
1746 1000 1935 1054 reddat

354 1088 616 1148 quantum
642 1089 757 1135 rata
793 1082 953 1137 solvit
984 1092 1038 1139 et
1068 1094 1326 1154 quantum
1362 1086 1618 1158 fatigatus
1656 1089 1850 1156 fuerit;
1885 1092 1931 1146 si

351 1182 485 1226 vero
519 1170 784 1226 humanus
810 1171 991 1238 fuerit,
1024 1184 1154 1230 ratae
1182 1191 1288 1230 non
1313 1186 1517 1246 qumret
1552 1194 1792 1243 usuram,
1822 1180 1926 1235 nisi

348 1260 497 1332 quod
526 1268 733 1315 tantum
773 1262 950 1328 solvit,
983 1273 1038 1319 et
1063 1274 1322 1335 quantum
1362 1265 1615 1337 fatigatus
1655 1267 1846 1336 fuerit;
1884 1271 1929 1324 si

347 1367 481 1407 vero
519 1352 845 1409 inhumanus
874 1352 1053 1420 fuerit,
1092 1372 1197 1410 uno
1225 1371 1367 1412 anno
1405 1367 1612 1413 crescet
1658 1374 1847 1423 usura,
1873 1370 1929 1415 et

345 1456 509 1496 omne
539 1443 778 1499 debitum
812 1445 1023 1512 reddat,
1064 1455 1119 1501 et
1147 1448 1387 1517 quintam
1424 1458 1629 1518 partem
1669 1450 1833 1507 debiti
1873 1453 1927 1507 in

346 1533 494 1588 omni
521 1548 725 1589 mense.

344 1624 476 1679 Car.
505 1640 579 1679 vr.
603 1657 674 1667 -
695 1627 771 1701 De
804 1645 864 1682 eo
888 1630 1029 1701 quod
1069 1628 1258 1701 aliquis
1301 1649 1405 1687 non
1445 1634 1589 1688 debet
1628 1652 1795 1690 emere
1830 1646 1922 1690 aut

610 1697 825 1751 vendere
851 1697 964 1752 sine
994 1701 1122 1754 ratis
1150 1697 1198 1755 et
1227 1702 1667 1773 stipulationibus.

420 1783 667 1855 Synodus
695 1795 882 1842 sancta
919 1788 1157 1844 decrevit
1181 1798 1240 1845 ut
1267 1791 1442 1848 omnis
1470 1793 1706 1849 venditio
1752 1797 1923 1851 tribus

342 1875 723 1946 conﬁrmetur;
756 1878 808 1933 id
834 1887 918 1934 est
941 1882 1095 1946 ratis,
1122 1892 1178 1936 et
1207 1882 1639 1953 stipulationibus
1676 1894 1728 1939 et
1771 1889 1921 1942 testi-

344 1964 466 2030 bus,
492 1973 547 2019 et
576 1968 869 2037 scriptione
899 1969 952 2024 in
981 1985 1087 2040 qua
1116 1971 1270 2027 ﬁunt.

425 2056 552 2112 CAP.
581 2074 679 2113 vn.
701 2090 771 2099 —
791 2060 870 2115 De
898 2063 1098 2117 ratione
1118 2065 1512 2134 stipulationum
1542 2079 1589 2121 et
1610 2070 1835 2122 testium.

416 2146 667 2220 Synodus
724 2150 1073 2208 Ilibernensis
1102 2167 1118 2206 :
1149 2153 1206 2208 Si
1255 2170 1359 2209 una
1406 2156 1680 2226 stipulatio
1734 2157 1914 2221 fuerit,

337 2239 637 2293 sortientur
662 2238 690 2279 δ
722 2240 959 2295 creditor
984 2248 1040 2296 et
1066 2241 1298 2307 debitor,
1327 2251 1384 2298 et
1411 2242 1620 2311 jurabit
1655 2244 1794 2300 alter
1826 2262 1918 2301 su-

337 2342 440 2400 per
466 2328 714 2384 alterum.
743 2327 801 2384 Si
836 2344 966 2392 vero
1004 2330 1141 2386 alter
1169 2332 1303 2387 duos
1335 2333 1416 2388 vel
1447 2343 1558 2389 tres
1582 2350 1795 2390 menses
1821 2337 1918 2392 ha-

335 2419 537 2485 buerit,
585 2429 678 2476 aut
727 2420 973 2491 pluribus
1017 2423 1124 2478 erit
1162 2422 1551 2492 juramentum,
1606 2432 1662 2478 et
1705 2424 1917 2480 debitor

334 2510 545 2566 reddet.
595 2510 652 2566 Si
695 2525 826 2567 vero
872 2513 1246 2584 stipulationes
1290 2515 1431 2571 inter
1472 2530 1533 2571 se
1572 2516 1911 2581 dissentiant,

335 2602 655 2669 sortientur,
677 2605 780 2660 nisi
803 2603 1003 2661 fuerint
1023 2614 1219 2674 testes;
1243 2616 1298 2664 et
1323 2609 1368 2663 si
1392 2610 1620 2667 mendax
1645 2609 1717 2663 sit
1738 2609 1912 2665 altera

334 2706 487 2762 pars,
534 2701 627 2748 aut
672 2694 842 2750 solvet
885 2695 1143 2762 debitum,
1192 2707 1287 2752 aut
1322 2699 1607 2767 paenitebit
1650 2709 1911 2769 quantum

337 2781 480 2836 valet
502 2783 763 2839 debitum.
1322 2780 1327 2787 ’

600 2875 728 2931 CAP.
758 2893 877 2931 vm.
898 2906 970 2917 —-
994 2878 1072 2932 De
1096 2878 1325 2934 debitore
1353 2882 1637 2936 resistente.

2031 702 2240 773 jubilei,
2267 710 2319 765 id
2342 719 2424 767 est
2448 716 2572 770 anni
2597 718 3045 791 quinquagesimi,
3069 734 3127 779 ut
3150 742 3256 783 non
3278 702 3612 793 ειίῐὶιίιιεειιῖιιιἰ

2037 797 2242 852 incerta
2274 808 2513 871 tempore
2545 814 2817 875 veterata;
2858 818 2915 864 et
2951 811 3071 869 ideo
3106 818 3283 874 omnis
3319 825 3607 893 negotiatio

2035 888 2427 959 subscriptione
2455 893 2767 953 alﬁrmanda
2793 907 2896 955 est.

2127 977 2255 1032 Car.
2286 994 2338 1033 x.
2361 1012 2431 1021 —
2460 982 2533 1037 De
2599 986 2664 1040 iis
2688 1004 2815 1057 quos
2847 1006 2949 1045 non
2973 995 3236 1049 concludit
3254 998 3508 1067 jubileus.

2105 1069 2351 1140 Synodus
2378 1073 2724 1133 Hibernensis
2747 1094 2761 1131 :
2789 1080 2923 1137 Aliis
2947 1084 3041 1138 tibi
3064 1090 3457 1157 opponentibus
3468 1091 3607 1162 jubi-

2033 1160 2191 1225 leum,
2218 1167 2565 1234 respondebis
2590 1187 2603 1220 :
2638 1168 2825 1226 Annus
2840 1171 3077 1240 juhileus
3102 1179 3168 1234 de
3196 1182 3356 1237 rebus
3378 1160 3607 1242 venditis

2030 1259 2085 1305 et
2110 1256 2454 1312 commutatis
2494 1273 2561 1312 ex
2606 1261 2977 1318 cohzcredibus
3002 1269 3236 1338 propriis
3266 1273 3332 1326 ad
3362 1275 3606 1333 homines

2030 1345 2325 1401 catholicos
2358 1357 2460 1403 est.
2509 1350 2625 1405 Non
2655 1353 2721 1417 de
2750 1356 2986 1425 antiquis
3013 1363 3446 1431 commendatio;
3496 1383 3602 1422 non

2028 1433 2095 1485 de
2119 1433 2203 1488 his
2228 1451 2347 1504 qua‘
2369 1452 2467 1506 per
2490 1439 2596 1494 vim
2624 1451 2790 1512 rapta:
2815 1455 2969 1513 sunt;
3009 1447 3116 1504 non
3142 1452 3206 1506 de
3229 1451 3315 1508 his
3339 1470 3459 1523 qua:
3488 1456 3604 1512 sine

2027 1525 2199 1591 pretio
2219 1526 2384 1592 ﬁunt;
2417 1546 2521 1586 non
2545 1533 2609 1587 de
2630 1534 2714 1589 his
2734 1552 2852 1605 qua:
2871 1540 3175 1596 vcnduntur
3195 1559 3260 1597 ex
3285 1544 3472 1601 alienis
3493 1548 3603 1602 hae-

2026 1616 2371 1685 reditatihus;
2404 1638 2509 1676 non
2533 1624 2598 1678 de
2617 1626 2703 1681 his
2724 1644 2844 1698 quae
2866 1630 3007 1686 inter
3024 1648 3202 1704 regem
3228 1646 3281 1691 et
3304 1637 3599 1694 Eeclesiam

1957 1704 2000 1762 Β
2029 1704 2199 1759 ﬁunt:
2240 1710 2363 1777 quia
2402 1727 2494 1766 rex
2527 1715 2804 1785 proprium
2839 1718 3093 1777 Ecclesia:
3126 1735 3326 1793 quanto
3360 1735 3601 1799 tempore

2025 1810 2129 1848 non
2159 1798 2458 1865 subtrahet,
2490 1802 2563 1856 ita
2590 1805 2829 1862 Ecclesia
2852 1807 2944 1876 jus
2971 1811 3111 1882 regis
3139 1830 3243 1869 non
3276 1798 3594 1875 subtrahet:

2023 1900 2128 1939 non
2159 1888 2223 1941 de
2254 1889 2337 1943 his
2365 1905 2485 1960 quae
2521 1893 2655 1948 ﬁunt
2689 1895 2831 1953 inter
2864 1898 3090 1968 fratres,
3134 1905 3260 1974 quia
3288 1905 3455 1962 frater
3480 1906 3595 1965 fra-

2022 1985 2158 2031 trem
2191 1977 2402 2034 fraudat
2430 1981 2601 2054 (Intcr
2628 1985 2819 2057 Opusc.
2853 1988 2913 2045 S.
2950 1985 3195 2060 Patricii,
3242 1997 3297 2050 in
3334 1998 3489 2054 Notis
3524 2001 3596 2056 ad

2022 2068 2228 2135 synod.,
2260 2087 2312 2138 p.
2343 2071 2488 2138 H8).

2506 2163 2590 2220 EX
2633 2167 2836 2225 LIBRO
2876 2171 3111 2228 XXXVI.

2585 2273 2649 2311 DE
2688 2274 3026 2319 PRINCIPA'I’U.
3176 2280 3179 2283 ’

2316 2339 2445 2396 CAP.
2472 2359 2553 2398 ιιι.
2574 2376 2646 2385 -
2670 2346 2748 2401 De
2772 2349 2919 2405 bonis
2941 2354 3278 2427 principibus.

2087 2427 2335 2522 Svnodus
2364 2433 2715 2493 Hlbernensis
2743 2439 2834 2511 (In
2868 2453 3048 2497 annot.
3078 2447 3148 2500 ad
3175 2447 3306 2502 Can.
3332 2449 3584 2522 Patricii,

2012 2534 2066 2586 p.
2092 2517 2251 2589 120):
2283 2520 2505 2591 Oportet
2528 2540 2742 2584 omnem
2767 2530 2792 2570 δ
2815 2533 3134 2605 principem,
3159 2546 3219 2593 ut
3247 2548 3390 2596 terra
3420 2542 3491 2598 sit
3516 2517 3584 2600 ad
3614 2556 3618 2559 ‘

2014 2608 2408 2677 sustinendum,
2430 2615 2760 2683 gubernator
2778 2622 2849 2675 sit
2875 2624 2943 2679 ad
2969 2627 3363 2698 corrigendum,
3386 2634 3588 2690 ancho-

2013 2714 2073 2752 ra
2099 2699 2170 2754 sit
2190 2703 2259 2757 ad
2275 2708 2705 2774 sustentandum,
2730 2713 2953 2771 malleus
2974 2717 3045 2771 sit
3065 2720 3133 2774 ad
3150 2722 3579 2792 percutiendum,

2010 2787 2222 2861 forceps
2243 2794 2313 2847 sit
2332 2795 2398 2849 ad
2423 2800 2728 2866 tenendum,
2749 2803 2829 2858 sol
2851 2804 2922 2859 sit
2943 2807 3008 2861 ad
3032 2787 3462 2879 illuminandum,
3488 2787 3578 2872 ros

2009 2881 2080 2973 sit
2108 2884 2175 2935 ad
2203 2885 2666 2944 madefaciendum
2691 2933 2707 2957 ,
2751 2894 3074 2967 pugillarius
3101 2901 3168 2956 ad
3196 2903 3536 2961 scribendum
3558 2945 3577 2973 ,

404 2967 603 3023 Eadem
640 2970 914 3039 synodus;
942 2970 1131 3028 omnis
1165 2975 1377 3031 debitor
1398 2976 1491 3046 qui
1524 2977 1728 3033 resisti;
1756 2980 1909 3035 ιοειί-
1937 3041 1985 3066 Λ
2010 2971 2146 3066 liber
2173 2974 2244 3028 sit
2280 2978 2348 3031 ad
2385 2977 2698 3048 legendum,
2739 2987 3012 3055 speculum
3041 2990 3110 3045 sit
3144 2995 3212 3048 ad
3240 2967 3575 3066 conspicien;

332 3060 464 3124 bus,
510 3067 564 3114 ει
606 3062 1070 3130 stipulationibus,
1110 3066 1378 3135 ejiciatur,
1407 3041 1578 3125 uouec
1607 3075 1904 3130 secundum
1935 3041 1985 3107 (ἶ
2012 3063 2158 3129 dum,
2189 3073 2364 3121 terror
2391 3067 2461 3121 sit
2487 3069 2554 3124 ad
2583 3075 2909 3139 terrendum,
2943 3077 3121 3150 imago
3154 3081 3225 3135 sit
3250 3082 3304 3136 in
3330 3041 3583 3143 omnibus

328 3148 541 3219 judices
566 3153 843 3221 poeniteat.

403 3240 671 3297 Patricius
693 3243 861 3298 dicit:
894 3245 1027 3299 Nam
1059 3262 1105 3301 ει
1137 3251 1304 3305 armis
1328 3255 1791 3322 eompugnaverit,
1817 3271 1907 3310 cx-

331 3338 415 3385 tra
440 3331 737 3388 Eeclesiam
763 3332 1030 3403 ejiciatur.

816 3445 907 3499 EX
942 3446 1146 3503 LIBRO
1184 3451 1420 3507 XXXIV.

905 3553 970 3591 DE
996 3555 1325 3596 JURAIIENTO.

607 3626 735 3681 Car.
760 3643 814 3681 v.
836 3659 906 3667 —
932 3628 1009 3682 De
1027 3625 1330 3695 iuramento
1359 3634 1619 3690 solvendo.

398 3713 683 3786 Synodus:
720 3718 970 3775 Deﬁnitio
999 3721 1213 3776 incauta
1243 3724 1491 3779 solvenda
1512 3768 1526 3791 ,
1572 3745 1671 3784 nec
1700 3746 1902 3801 praeva-

324 3806 520 3862 ricatio
565 3808 657 3863 sed
701 3811 1021 3867 temeritatis
1061 3814 1384 3870 emendatio.
1431 3817 1487 3871 In
1515 3817 1720 3890 Regum
1764 3821 1901 3877 libro

323 3894 457 3951 Saul
479 3895 684 3965 juravit
711 3898 977 3955 Jonatban
1003 3902 1250 3959 occidere
1275 3921 1375 3961 nec
1403 3907 1615 3963 occisus
1643 3918 1756 3975 est;
1801 3927 1899 3967 nee

323 3986 381 4041 in
426 3988 532 4044 hoc
565 3987 872 4057 iuramento
903 3993 1177 4061 culpatur,
1224 3995 1349 4064 quia
1387 3994 1543 4066 juxta
1570 3999 1897 4056 voluntatem
1936 3993 1940 3997 “

322 4091 480 4133 suam
508 4094 615 4133 non
644 4080 739 4134 Dei
768 4080 1098 4137 voluntatem
1121 4083 1343 4152 juravit.

397 4165 647 4236 Synodus
673 4168 1058 4226 Hibernensis:
1090 4170 1462 4230 Juramcntum
1503 4177 1596 4232 ﬁlii
1641 4190 1733 4234 aut
1776 4172 1896 4237 ﬁliae

321 4257 601 4311 nesciente
627 4266 799 4326 patre,
822 4257 1186 4327 juramentum
1216 4266 1465 4321 monachi
1498 4268 1770 4324 nesciente
1800 4272 1894 4326 ab-

321 4344 465 4409 bate,
491 4344 857 4414 juramentum
884 4350 1055 4417 pueri,
1086 4351 1239 4406 irrita
1267 4363 1411 4408 sunt.

821 4480 911 4535 ΕΧ
954 4481 1152 4539 LlBRO
1189 4484 1401 4539 XXXV.
1485 4559 1488 4562 .

941 4608 1008 4647 DE
1044 4611 1278 4651 JUBILEO.

319 4702 453 4762 CAP.
486 4720 585 4762 vn.
618 4737 689 4748 —
731 4707 809 4762 De
846 4717 1070 4786 tempore
1098 4725 1197 4778 quo
1228 4710 1454 4781 neglecta
1485 4713 1677 4767 cadunt
1712 4716 1767 4768 in
1796 4716 1894 4786 jus

958 4779 1247 4847 antiquum.

391 4884 641 4955 Synodus
670 4886 1018 4941 Hibernensis
1042 4902 1057 4940 :
1091 4876 1357 4958 Quidquid
1391 4905 1485 4960 per
1510 4892 1581 4947 30
1606 4909 1777 4952 annos
1806 4915 1892 4955 re-

316 4976 613 5041 manserit,
660 4977 763 5033 hoc
798 4985 883 5030 est
924 4992 1122 5031 annum
1152 4977 1445 5047 jubileum,
1494 4981 1547 5035 in
1579 4984 1739 5040 unius
1767 4986 1892 5056 jure

317 5066 745 5135 transgrediens,
777 5066 892 5121 sine
919 5068 1365 5135 murmuratione,
1402 5079 1495 5125 aut
1524 5079 1891 5132 excommuni-

316 5157 532 5212 catione
559 5156 611 5210 in
638 5164 896 5227 perpetuo
922 5172 1029 5212 non
1058 5165 1373 5214 revertetur.

387 5300 416 5369 ξ
455 5286 727 5369 acherqu
738 5285 960 5369 coniicit
982 5286 1088 5359 legi
1114 5297 1363 5358 oportere
1383 5290 1712 5350 solutionem.

391 5359 419 5399 δ
458 5358 574 5412 Vox
605 5357 806 5411 addita.
1044 5357 1056 5359 ⁷
1153 5357 1164 5358 ί

389 5437 415 5506 (ξ
443 5426 573 5506 scil.
592 5426 955 5506 Testamento.
983 5426 1177 5506 Statim
1198 5429 1287 5486 ubi
1304 5430 1373 5506 de
1388 5433 1649 5506 vendentis
1672 5435 1886 5506 legitur,

317 5497 582 5555 Aeberius
608 5495 850 5617 vult.legi
879 5497 943 5550 de
968 5497 1215 5562 venditis;
1246 5501 1377 5556 mihi
1404 5501 1614 5559 videtur
1635 5495 1890 5575 quiddam
1906 5543 1919 5556 .

318 5569 537 5618 alterius
565 5580 778 5618 aenens
822 5573 988 5618 atere.

318 5569 537 5624 alterius
565 5565 778 5637 generis
804 5565 988 5637 latere.

388 5639 416 5681 ιι
444 5637 501 5694 Si
542 5634 756 5704 quidem
789 5634 1020 5690 Acherio
1047 5638 1235 5693 eredas
1257 5679 1271 5704 ,
1305 5640 1413 5711 ‘hic
1458 5642 1757 5725 addendum
1806 5653 1889 5702 est

1990 5507 2205 5576 aliquis,
2232 5521 2353 5560 eum

2007 3152 2183 3219 bonis,
2211 3164 2270 3209 ut
2295 3156 2364 3210 sit
2389 3159 2566 3212 omnia
2594 3162 2649 3214 in
2677 3165 2915 3219 omnibus
2942 3166 3163 3237 (Coloss.
3192 3188 3275 3235 ιιι,
3308 3173 3418 3245 Η).

2005 3245 2133 3300 Car.
2162 3263 2215 3299 v.
2244 3277 2316 3288 —-
2362 3248 2435 3304 De
2475 3268 2535 3302 eo
2572 3253 2711 3322 quod
2749 3256 3005 3339 principes
3037 3277 3141 3315 non
3170 3263 3416 3333 culpandi
3451 3281 3571 3323 sunt

2571 3339 2729 3390 parvo
2756 3341 2988 3381 crimine.

2074 3405 2293 3493 Gildas:
2329 3408 2549 3463 eAaron
2585 3411 2638 3464 in
2674 3412 2938 3482 culpando
2973 3417 3154 3488 Moyse
3185 3432 3405 3493 propter
3436 3442 3570 3483 uxo-

2005 3508 2116 3547 rem
2138 3492 2528 3564 Ethiopissam
2553 3498 2698 3567 lepra
2724 3501 2887 3557 Maria
2911 3505 3227 3566 damnatur:
3253 3492 3395 3582 quod
3418 3517 3571 3571 nobis

2002 3584 2320 3651 timendum,
2344 3587 2436 3655 qui
2460 3589 2616 3644 nobis
2636 3592 2968 3662 principibus
2990 3597 3327 3659 detrahimus
3352 3617 3571 3675 propter

2002 3675 2300 3730 mediocres
2326 3677 2529 3746 culpas.
3154 3728 3183 3756 θ

1999 3763 2126 3818 Car.
2155 3781 2250 3819 vn.
2280 3797 2350 3805 -—
2388 3766 2464 3822 De
2490 3771 2712 3852 ecquod
2741 3790 2845 3828 non
2868 3777 3067 3852 petitur
3090 3780 3433 3852 principatus,
3467 3787 3569 3840 nisi

2487 3844 2603 3908 quis
2629 3844 2775 3911 prius
2798 3844 3078 3915 subjectus.

2020 3986 2027 3991 .
2071 3921 2316 3994 Synodus
2342 3943 2354 3978 :
2389 3926 2613 3997 Oportet
2646 3945 2767 3986 eum
2799 3935 2890 4002 qui
2920 3937 3034 3991 vult
3063 3940 3386 4010 principari,
3417 3946 3565 4014 prius

1998 4017 2317 4071 monachum
2351 4034 2470 4075 esse
2498 4038 2509 4073 :
2540 4030 2594 4077 et
2618 4037 2741 4078 eum
2771 4026 2862 4096 qui
2892 4028 3007 4082 vult
3035 4031 3383 4100 hmreditare,
3417 4038 3566 4106 prius

1995 4107 2140 4175 pium
2165 4123 2314 4177 esse;
2347 4113 2437 4181 qui
2465 4115 2578 4169 vult
2603 4116 2815 4182 docere,
2842 4120 2995 4188 prius
3019 4123 3339 4193 discipulum
3365 4143 3504 4184 esse.

1995 4197 2122 4252 CAP.
2148 4215 2257 4252 xxv.
2282 4230 2351 4239 —
2387 4201 2463 4255 De
2499 4220 2559 4256 eo
2598 4206 2755 4328 quod:
2771 4207 2917 4261 debet
2960 4212 3196 4281 princeps
3237 4215 3425 4270 habere
3466 4219 3567 4275 mi-

2655 4291 2734 4327 nis
2762 4293 2895 4328 rum.

2655 4291 2895 4329 matrum.

1922 4376 1978 4437 ι)
2068 4357 2315 4427 Synodus
2345 4378 2357 4412 :
2400 4360 2623 4431 Oportet
2659 4365 2953 4436 principem
2990 4373 3168 4426 omnia
3205 4387 3429 4442 pensare
3466 4391 3562 4447 per

2000 4462 2189 4501 manus
2208 4448 2576 4504 ministromm
2599 4452 2651 4504 in
2676 4468 2803 4507 usus
2825 4458 3110 4523 parochize,
3132 4469 3186 4514 et
3204 4460 3561 4529 subjectorum

1994 4547 2048 4593 et
2071 4554 2385 4609 pauperum.

1992 4632 2121 4687 Car.
2154 4648 2241 4685 xv.
2269 4661 2337 4717 -ῖ
2363 4630 2436 4685 De
2461 4649 2520 4685 eo
2546 4634 2686 4716 quod
2715 4652 2829 4717 non.
2842 4638 2984 4717 debet
2998 4642 3247 4717 princeps
3277 4646 3378 4700 nisi
3402 4665 3560 4717 parra

2289 4702 2485 4756 donare
2511 4702 2623 4759 sine
2648 4709 2863 4762 consiin
2891 4702 3258 4779 subjectomnt.

2064 4791 2314 4862 Synodus
2343 4793 2510 4848 dicit:
2543 4795 2660 4850 Non
2706 4796 2864 4853 debet
2906 4798 3083 4854 facere
3122 4802 3414 4872 quidquam
3446 4806 3561 4861 sine

1991 4883 2219 4938 consilio
2234 4883 2624 4953 subjectorum,
2648 4887 2750 4942 nisi
2771 4903 2943 4957 pauca
2971 4889 3025 4943 in
3050 4890 3424 4947 liberationem
3445 4895 3562 4948 vin-

1991 4982 2200 5026 ctorum
2218 5012 2232 5036 ,
2263 4974 2392 5027 etin
2415 4974 2835 5031 consolationem
2856 4972 3150 5047 pauperum
3174 4990 3228 5035 et
3247 4981 3556 5043 viduarum;

1991 5074 2046 5121 et
2074 5066 2117 5120 si
2148 5067 2327 5121 clerici
2364 5070 2615 5123 absentes
2655 5072 2763 5125 sint
2788 5112 2803 5136 ,
2850 5081 2977 5127 tunc
3020 5073 3179 5130 faciet
3219 5076 3326 5145 (Ea:
3371 5078 3556 5132 concit.

1991 5157 2170 5213 Carth.
2197 5175 2271 5224 tv,
2297 5176 2343 5213 ε.
2369 5160 2481 5232 52).

1991 5298 2252 5376 constitui,
2280 5297 2365 5376 vel
2397 5297 2540 5353 aliud
2569 5299 2823 5376 quiddam
2859 5302 3120 5372 ejusmodi
3146 5321 3158 5357 :
3193 5302 3559 5376 verunr_longe

1991 5367 2148 5444 aliter
2171 5366 2375 5444 sentio;
2412 5381 2520 5422 non
2559 5366 2702 5444 enim
2729 5384 2793 5426 ea
2820 5366 2973 5428 méns
3015 5382 3097 5429 est
3138 5373 3327 5444 synodi
3372 5366 3558 5444 Bibe}-

1990 5437 2173 5513 nensis
2206 5438 2500 5506 principem
2531 5438 2762 5509 aliquem
2799 5457 2919 5513 esse
2952 5437 3236 5513 oportere,
3275 5445 3369 5499 sed
3405 5443 3451 5498 si
3487 5446 3558 5501 sit

2452 5516 2631 5564 ortere
2652 5524 2773 5567 esse
2795 5510 3076 5580 citismddi,
3103 5520 3181 5579 ut,
3206 5520 3313 5569 etc.
3413 5535 3423 5548 ι

2065 5588 2088 5656 _°
2114 5576 2364 5656 Nonnihil
2396 5576 2583 5656 deesse
2607 5580 2709 5635 hoc
2736 5576 2853 5638 loco
2884 5584 3006 5654 quis
3036 5576 3141 5639 non
3166 5576 3353 5640 videt?
3392 5585 3554 5656 Lego.

2065 5594 2088 5615 υ
2116 5594 2364 5630 nonmnu
2398 5594 2583 5703 (τρεῖς)εὲ
2610 5594 2709 5635 noc
2736 5594 2853 5638 loco
2884 5600 2953 5654 qu

1988 5648 2079 5719 qui
2108 5647 2296 5702 nostris
2325 5648 2547 5720 principi
2584 5667 2664 5706 us.
2714 5711 2722 5721 ,
2954 5674 2957 5677 ·
