4020 6170
574 290 728 348 1295

1074 480 1306 537 dinando
1335 480 1643 540 successore.

657 562 904 653 Synodus
942 567 1111 623 dicit:
1163 570 1457 628 Deﬁnimus
1497 590 1685 631 omnes
1716 578 2010 648 principem
2046 596 2153 635 non

570 652 955 722 ordinandum,
980 659 1084 715 nisi
1108 662 1310 717 vocatis
1331 663 1544 720 clericis
1561 674 1616 720 et
1637 669 1891 736 parochia
1912 670 1964 724 in
1987 686 2153 726 unum

582 745 1061 804 consentientibus.

1384 305 1649 363 ABEDOC
1688 309 1775 363 ET
1812 310 2310 368 ETIIELVOLFUS
2346 314 2656 371 ABBATES
2695 315 2969 371 IIIBERNI

572 402 715 460 ἙΑΡ.
742 419 838 460 xx.
859 435 930 447 —
968 408 1045 463 De
1081 426 1331 492 consensu
1366 416 1545 485 populi
1574 435 1692 471 cum
1729 421 1961 492 principe
1988 424 2042 477 in
2071 440 2155 477 or-
2184 428 2232 486 Α

3659 329 3766 384 ira

2733 427 2823 482 EX
2861 428 3063 487 LIBRO
3100 431 3356 489 XXXVII.

2813 535 2879 572 υε
2918 535 3265 578 οοςτοιιιιιυε.

2253 601 2384 656 Cn.
2411 617 2518 657 xvi.
2540 633 2611 643 —
2633 603 2710 659 De
2737 608 3095 694 emendatione
3111 612 3407 694 doctorum,
3435 619 3566 688 quod
3587 620 3642 674 ab
3663 625 3767 694 ipsis

2795 675 3010 732 hteresis
3040 690 3154 734 orta
3176 680 3278 736 est.

2324 758 2607 831 Synodus:
2648 761 2950 819 Notandum
2989 769 3129 837 quod
3166 788 3197 826 a
3237 775 3556 843 sapientibus
3585 780 3765 835 heresis

581 854 896 939 Caenum.
936 887 1005 939 :—
1055 860 1130 915 De
1159 861 1310 939 aliis
1340 863 1753 939 desiderantibus
1798 869 2149 939 principatum
2252 864 2349 919 Per
2372 853 2628 907 mundum
2655 853 2830 909 delata
2860 866 2963 910 08l-

649 926 889 1007 indigne,
928 929 1024 983 hoc
1051 939 1125 983 est
1153 931 1543 1003 incipientibus,
1585 946 1676 989 aut
1706 926 1867 1007 nuper
1894 955 1925 992 a
1953 926 2148 992 mundo

651 998 927 1050 conversis.

650 1083 898 1156 synodus
923 1104 936 1140 :
978 1087 1324 1145 Decernimus
1353 1100 1412 1145 ut
1439 1093 1611 1148 discat
1639 1095 1781 1163 quod
1811 1095 2031 1161 doceat,
2064 1110 2153 1150 re-

579 1176 838 1233 formetur
856 1180 999 1249 quod
1017 1189 1225 1248 teneat,
1244 1192 1299 1237 et
1320 1184 1459 1238 sicut
1481 1184 1694 1240 lucerna
1719 1203 1881 1257 super
1901 1189 2151 1243 candela—

560 1265 734 1320 brum
757 1267 931 1336 posita
949 1268 1155 1333 luceat,
1186 1279 1247 1324 ut
1272 1272 1495 1327 adversa
1523 1274 1603 1327 vis
1629 1285 1909 1329 ventorum
1936 1275 2151 1332 irruens
2250 1316 2283 1353 η

574 1364 888 1425 conceptam
917 1358 1236 1413 eruditionis
1263 1359 1532 1417 ﬂammam
1561 1379 1667 1418 non
1698 1366 2022 1436 exstinguat,

571 1453 785 1515 augeat.

570 1556 695 1610 Car.
725 1571 889 1611 xxvu.
917 1586 988 1596 —
1011 1556 1087 1611 De
1113 1561 1406 1683 plenizentia
1434 1562 1836 1633 blasphemantis
1860 1567 2144 1637 principem

1283 1647 1459 1683 onum.

1283 1647 1459 1684 onum.

641 1736 905 1792 Patricius
948 1738 1026 1792 ait
1074 1738 1246 1809 (Inter
1273 1738 1465 1810 Opusc.
1500 1741 1751 1806 Patricii,
1786 1762 1840 1814 p.
1870 1745 1998 1815 46):
2040 1746 2140 1814 Qui
2174 1763 2221 1825 Β

569 1836 868 1881 murmurat
895 1830 1056 1883 verba
1090 1829 1436 1899 blasphemiae
1470 1840 1657 1887 contra
1706 1834 2005 1905 principem
2042 1839 2139 1893 bo-

558 1932 693 1971 num
727 1933 824 1986 per
849 1917 1062 1983 odium,
1098 1918 1182 1973 vel
1212 1919 1468 1975 invidiam
1492 1961 1506 1987 ,
1552 1938 1675 1977 cum
1721 1939 1860 1992 pane
1905 1933 1959 1980 et
2002 1943 2141 1997 aqua

552 2006 824 2074 poeniteat
858 2004 890 2059 7
917 2006 1133 2072 diebus,
1182 2010 1425 2080 exemplo
1469 2010 1650 2067 Mariae
1692 2020 1877 2067 contra
1922 2014 2139 2087 Moysen

570 2097 975 2151 murmurantis.
1015 2133 1017 2135 ι

560 2203 690 2259 Car.
718 2221 868 2261 nix.
910 2236 980 2246 —
1015 2207 1090 2262 De
1122 2224 1187 2262 eo
1233 2211 1373 2333 md
1427 2213 1731 2284 incipientes
1768 2233 1987 2287 prwesse
2036 2236 2139 2276 non

1338 2291 1444 2333 ent.

1338 2291 1423 2335 ειιι
1430 2320 1444 2334 .

630 2382 879 2455 Synodus
905 2386 1071 2443 totius
1096 2389 1302 2455 mundi,
1326 2399 1381 2446 et
1404 2393 1666 2450 Patricius
1690 2397 1929 2454 decrevit
1948 2377 2165 2469 (11)ἱι1.,⁸

557 2490 613 2543 p.
656 2472 801 2546 4|):
855 2474 961 2543 Qui
1013 2477 1276 2548 incipiens
1323 2490 1446 2546 est,
1496 2484 1641 2539 nullo
1690 2486 1851 2543 modo
1900 2504 2137 2558 pneesse

561 2562 756 2630 liceat,
802 2566 900 2621 sed
937 2567 1038 2623 sub
1082 2583 1241 2624 manu
1280 2570 1492 2627 abbatis
1524 2575 1775 2631 catholici
1808 2592 1944 2647 opus
1978 2594 2134 2634 suum

560 2663 835 2717 exerceat.

682 2762 811 2820 Cm.
833 2781 987 2823 xm.
1006 2768 1156 2823 —De
1182 2771 1439 2826 manendo
1470 2775 1525 2827 in
1553 2776 1692 2833 omni
1723 2779 2005 2834 vocatione.

626 2877 846 2933 Gildas:
904 2879 1279 2951 Unusquisque
1324 2883 1379 2937 in
1425 2899 1532 2953 quo
1575 2895 1799 2943 vocatus
1841 2898 1924 2944 est
1967 2890 2018 2945 in
2064 2907 2130 2947 eo

555 2959 901 3038 permaneat,
931 2979 991 3025 ut
1023 2986 1122 3027 nec
1145 2972 1436 3042 primarius
1463 2976 1566 3031 nisi
1594 2976 1865 3034 voluntate
1891 2990 2130 3038 mutetur

468 3108 479 3125 ,
551 3058 933 3127 subiectorum,
961 3077 1061 3117 nec
1088 3062 1362 3132 subjectus
1387 3065 1492 3122 nisi
1524 3069 1754 3126 senioris
1782 3072 2012 3129 consilio
2042 3074 2125 3130 lo-

552 3170 672 3206 cum
696 3154 896 3223 prioris
912 3155 1182 3212 obtineat.

598 3263 726 3317 Car.
755 3280 947 3320 χχχιιι.
971 3295 1040 3305 --
1065 3266 1141 3321 De
1167 3268 1402 3339 pessimis
1427 3271 1748 3343 principibus
1778 3274 2072 3345 ejiciendis.

622 3374 896 3445 Superbus
930 3378 1154 3449 angelus
1186 3380 1253 3435 de
1278 3381 1415 3437 caelo
1440 3380 1645 3452 ejectus
1670 3394 1781 3451 est,
1807 3387 1976 3442 Adam
2003 3380 2128 3459 post

552 3474 829 3534 peccatum
853 3467 919 3522 de
939 3469 1189 3537 paradiso
1211 3471 1264 3525 in
1288 3481 1430 3526 terra
1453 3472 1656 3542 ejectus
1677 3484 1778 3542 est,
1801 3477 2123 3534 Ilieroboam

555 3570 645 3607 rex
680 3555 897 3624 iniquus
925 3570 957 3610 a
983 3556 1167 3613 decem
1195 3560 1440 3618 tribubus
1469 3564 1752 3621 deseritur.
1788 3567 1988 3626 Omnes
2017 3571 2125 3626 bae-

544 3644 706 3699 aetici
751 3647 996 3724 quamvis
1033 3664 1349 3722 magnarum
1396 3655 1610 3711 urbium
1658 3659 1929 3732 principes
1974 3664 2121 3730 sint,

547 3735 814 3792 denudata
834 3752 1028 3794 eorum
1057 3743 1278 3809 haeresi,
1313 3759 1345 3799 a
1381 3747 1652 3805 cathedris
1698 3751 1811 3807 suis
1858 3767 2121 3810 consensu

554 3845 611 3899 sy
621 3830 742 3883 nodi
769 3828 925 3897 ejecti
952 3832 1080 3886 sint.

547 3932 674 4021 Cap:
708 3956 869 4021 x‘xav.
912 3971 982 3980 —
1029 3942 1106 3996 De
1142 3960 1201 3997 eo
1236 3945 1374 4021 qnod
1406 3948 1779 4021 non‘dispersa
1819 3968 1929 4007 esse
1972 3952 2119 4008 debet

616 4008 850 4090 Ecclesia
881 4026 972 4090 per
994 4008 1404 4082 contumaciam,
1441 4017 1532 4070 sed
1562 4008 1923 4090 congreganda
1957 4031 2031 4075 est
2062 4034 2117 4077 ut

617 4094 731 4131 oves
756 4079 812 4132 in
841 4078 990 4133 anile.

614 4185 863 4258 Synodus
903 4180 1285 4248 Hibernensis:
1332 4193 1391 4250 Si
1439 4210 1542 4265 qua
1588 4202 1929 4257 contumacia
1974 4204 2117 4261 inter

541 4277 836 4347 principem
883 4289 937 4335 et
980 4296 1172 4337 nomen
1222 4282 1338 4353 ejus
1383 4301 1479 4357 per
1514 4287 1837 4346 discordiam
1879 4293 2114 4365 aliquam

540 4376 656 4421 orta
680 4368 786 4423 sit:
820 4385 926 4424 non
958 4370 1164 4440 rejiciat
1190 4383 1374 4443 pastor
1396 4392 1613 4448 gregem
1643 4395 1797 4436 suum
1827 4384 1879 4437 in
1907 4385 2112 4455 disper-

2152 3113 2201 3178 Β

2711 942 2804 998 EX
2841 945 3040 1003 LIBRO
3078 950 3359 1008 XXXVIII.

2853 1053 2917 1090 οε
2950 1055 3228 1096 ιιοκλςιιιε.

2510 1120 2639 1178 CAP.
2669 1141 2708 1180 ι.
2728 1158 2799 1166 -
2822 1128 2899 1182 De
2927 1132 3134 1185 nomine
3151 1136 3545 1208 monachorum.

2320 1208 2571 1279 Synodus
2598 1212 2985 1273 Hibernensis:
3040 1218 3336 1279 Monachus
3377 1225 3577 1295 Graece,
3617 1231 3766 1287 [κακίω

2288 1301 2454 1369 nalis,
2487 1304 2608 1359 sive
2646 1308 2788 1374 quod
2826 1309 2972 1364 solus
3013 1310 3066 1365 in
3103 1324 3290 1367 eremo
3318 1315 3479 1370 vitam
3517 1320 3761 1376 solitariam

2053 1367 2148 1421 5‘31
2248 1367 2445 1456 ducit:
2469 1393 2581 1448 sive
2611 1367 2753 1463 quod
2787 1397 2904 1452 sine
2948 1399 3338 1468 impedimento
3368 1407 3602 1461 mundiali
3641 1426 3760 1463 mun-

2251 1479 2373 1533 dum
2402 1482 2634 1549 habitet;
2676 1485 2790 1540 sive
2819 1488 2962 1556 quod
2990 1489 3045 1543 in
3073 1490 3177 1546 hac
3206 1491 3316 1546 vita
3343 1495 3501 1562 solus,
3527 1498 3617 1552 etsi
3650 1499 3756 1554 inter

2247 1571 2442 1626 multos
2467 1571 2687 1639 habitet,
2721 1587 2984 1634 versetur.

2244 1664 2372 1719 Car.
2400 1682 2472 1721 ιν.
2494 1698 2565 1707 -
2602 1668 2676 1724 De
2711 1687 2771 1725 eo
2809 1673 2948 1753 quod
2989 1692 3093 1753 non
3132 1689 3334 1747 oportet
3362 1684 3644 1739 monachum
3661 1687 3754 1753 ﬁeri

2859 1744 2972 1797 sine
2997 1744 3204 1800 abbate.

2315 1822 2594 1897 Synodus:
2627 1828 2742 1883 Non
2776 1840 2987 1900 oportet
3016 1838 3314 1893 monachos
3343 1839 3452 1894 lien
3481 1843 3586 1897 sine
3604 1844 3752 1913 guber-

2245 1916 2482 1983 natione,
2511 1919 2616 1975 nisi
2652 1928 2862 1978 tantum
2890 1940 2995 1980 una
3026 1926 3158 1981 hora
3176 1969 3191 1992 ,
3226 1946 3295 1985 ne
3320 1941 3502 1987 ventus
3527 1934 3751 1989 discordia:

2242 2015 2297 2062 et
2323 2009 2674 2069 dissensionis
2701 2014 2978 2086 disperdat
3003 2020 3324 2078 Ecclesiam.

2240 2116 2368 2174 CAP.
2400 2137 2451 2175 v.
2476 2152 2544 2171 -τ-
2567 2122 2645 2179 De
2672 2142 2731 2180 eo
2759 2128 2898 2197 quod
2928 2143 3265 2212 nonpportet
3293 2136 3582 2190 monachum
3606 2137 3749 2192 habere

2877 2216 3166 2270 proprium.

2307 2298 2491 2357 Gildas
2515 2302 2684 2359 dicit:
2717 2304 2985 2377 Quidquid
3014 2312 3285 2366 monacho
3312 2313 3377 2368 de
3402 2315 3553 2369 rebus
3575 2315 3749 2370 szecula-

2238 2390 2386 2445 ribus
2406 2395 2944 2464 superabundaverit,
2970 2401 3039 2454 ad
3066 2400 3313 2458 luxurias
3346 2413 3401 2458 et
3420 2404 3614 2460 divitias
3628 2405 3745 2459 debet

2237 2481 2464 2538 referri:
2514 2496 2571 2540 et
2611 2488 2756 2557 quod
2800 2491 3123 2548 necessitate
3168 2510 3281 2550 non
3307 2496 3561 2551 voluntate
3592 2497 3745 2552 habere

2233 2575 2587 2645 compellitur,
2611 2587 2673 2633 ut
2697 2594 2803 2636 non
2827 2584 3058 2651 penuria
3080 2586 3266 2655 cadat,
3289 2604 3391 2645 non
3415 2590 3486 2645 illi
3508 2590 3570 2647 ad
3590 2589 3742 2645 malum

2235 2666 2588 2734 reputabitur.

2229 2776 2358 2831 Car.
2386 2792 2459 2832 vl.
2481 2809 2552 2818 —
2572 2779 2650 2835 De
2676 2785 2930 2840 monacho
2960 2803 3063 2841 non
3091 2791 3363 2845 retinendo
3391 2792 3453 2847 ab
3476 2792 3634 2847 abbate
3652 2809 3738 2847 ssc.

2297 2864 2483 2921 Gildas
2509 2867 2674 2923 dicit:
2714 2869 2896 2928 Abbas
2924 2876 3189 2933 remissus
3220 2895 3325 2935 non
3358 2882 3567 2937 retineat
3591 2897 3737 2937 mona-

2228 2954 2389 3008 chum
2420 2971 2574 3010 suum
2602 2959 2671 3014 ad
2695 2960 3025 3019 districtiora
3053 2981 3113 3021 se
3142 2970 3469 3027 tendentem.

2228 3041 2356 3098 Car.
2386 3059 2481 3099 vn.
2514 3076 2584 3086 —
2620 3047 2696 3103 De
2730 3053 2998 3108 monachis
3035 3055 3357 3130 fugientibus
3394 3070 3648 3130 susceptis;
3680 3058 3736 3112 rei

2812 3137 2917 3176 non
2943 3128 3221 3195 susceptis.

2295 3201 2478 3259 Gildas
2503 3205 2615 3259 ait:
2658 3205 2759 3274 Qui
2788 3211 3012 3267 veniunt
3045 3215 3112 3269 ad
3138 3231 3241 3272 vos
3271 3217 3337 3273 de
3362 3218 3533 3273 viliore
3564 3218 3658 3272 loco
3683 3217 3734 3271 ad

2222 3290 2629 3360 perfectionem,
2652 3309 2879 3364 quorum
2898 3300 3066 3356 abbas
3088 3303 3162 3356 ita
3190 3304 3519 3375 degeneravit
3536 3307 3595 3360 ab
3609 3320 3733 3375 opere

2224 3377 2318 3433 Dei
2348 3390 2407 3435 ut
2435 3392 2706 3439 mereatur
2732 3387 2799 3441 ad
2829 3403 3069 3445 mensam
3107 3408 3224 3451 non
3268 3396 3425 3466 recipi
3464 3406 3729 3458 sanctorum.

2223 3480 2279 3527 et
2307 3471 2678 3532 fornicationis
2707 3478 2934 3536 crimine
2965 3498 3071 3538 non
3101 3489 3482 3557 suspectionis,
3519 3489 3600 3544 sed
3626 3485 3732 3540 male
3764 3514 3777 3538 κ

2223 3562 2455 3621 videntis
2481 3569 2733 3635 onerari,
2779 3573 3036 3644 suscipite
3064 3577 3236 3634 etiam
3267 3581 3382 3636 sine
3404 3581 3506 3635 ullo
3529 3578 3733 3647 scrupulo

2222 3657 2517 3713 monachos
2545 3652 2679 3716 tales
2704 3661 2779 3733 ad,
2798 3678 2894 3719 vos
2920 3663 2988 3720 de
3014 3664 3234 3724 flamma
3262 3669 3450 3726 inferni
3473 3669 3728 3738 confugien-

2224 3754 2329 3810 tes,
2371 3763 2708 3820 nequaquam
2736 3753 2948 3811 illorum
2975 3760 3229 3818 consulto
3256 3764 3476 3820 abbate:
3508 3764 3610 3819 illos
3632 3776 3727 3816 vero

2221 3852 2446 3906 quorum
2481 3843 2729 3899 abbatem
2758 3847 2825 3901 de
2852 3864 3034 3904 mensa
3066 3862 3378 3908 sanctorum
3408 3865 3603 3925 propter
3623 3852 3727 3906 infa-

2220 3927 2382 3982 miam
2414 3947 2519 3985 non
2550 3948 2814 3999 arcemus,
2840 3953 2945 3992 non
2973 3940 3234 3999 debemus
3266 3946 3356 4000 illo
3383 3946 3575 4000 uolente
3596 3943 3726 3999 susci-

2220 4031 2371 4084 pere;
2412 4030 2614 4088 quanto
2643 4027 2811 4095 magis
2835 4030 3109 4086 venientes
3147 4033 3219 4089 de
3260 4035 3456 4090 sanctis
3494 4033 3723 4089 abbatibus

2216 4116 2271 4160 et
2302 4109 2445 4163 nullo
2472 4111 2578 4167 alio
2603 4116 2760 4170 modo
2788 4121 3070 4188 suspectis,
3103 4124 3210 4179 nisi
3239 4126 3377 4194 quod
3405 4126 3549 4180 habet
3570 4136 3720 4192 pecori

2216 4200 2269 4248 et
2298 4196 2569 4264 vehicula,
2601 4201 2681 4255 vel
2729 4219 2827 4273 pro
2872 4211 3261 4268 consuetudine
3284 4204 3503 4282 patriae,
3544 4210 3614 4264 vel
3645 4222 3718 4262 sua

2218 4284 2554 4355 inﬁrmitate,
2599 4308 2718 4362 quae
2767 4297 2944 4354 minus
2992 4300 3193 4358 laedunt
3236 4306 3511 4368 habentes,
3553 4304 3593 4359 si
3624 4314 3717 4356 cum

2216 4374 2516 4435 humilitate
2543 4391 2597 4435 et
2622 4385 2901 4451 patientia,
2925 4406 3085 4459 quam
3115 4401 3292 4449 aratra
3319 4397 3573 4451 trahentes
3591 4401 3635 4446 et
3651 4406 3714 4445 so-

541 4458 767 4525 sionem,
801 4476 901 4516 nec
928 4476 1055 4517 oves
1085 4474 1356 4534 pastorem
1386 4468 1609 4540 fugiant,
1643 4474 1734 4528 sed
1762 4476 1987 4532 invicem
2017 4494 2111 4549 pa-
2141 4450 2159 4511 Ῑ

2233 4465 2408 4522 'osoria
2432 4450 2654 4540 ligentes
2678 4482 2833 4531 terra:
2854 4450 2975 4534 cum
2996 4487 3407 4556 praesumptione
3430 4494 3480 4541 et
3497 4481 3712 4556 superbia.

538 4547 837 4615 ciiicentur,
862 4553 1131 4608 dicentes:
1156 4554 1390 4613 lntroibo
1414 4561 1483 4613 ad
1505 4560 1671 4616 altare
1694 4563 1788 4619 Dei
1814 4567 1914 4621 mei
1935 4547 2106 4640 (Psal.

539 4655 670 4703 seu,
702 4640 779 4711 4).
817 4636 1108 4712 Gregorius
1137 4645 1506 4705 Nazianzenus
1536 4660 1732 4708 tractat
1759 4657 1860 4711 hoc
1883 4658 2066 4715 dicens
2092 4680 2104 4714 :

536 4729 619 4783 Ab
644 4729 836 4785 altario
865 4748 967 4787 non
998 4734 1248 4803 quislibet
1278 4749 1599 4806 potestatem
1632 4744 1796 4800 habet
1826 4762 1912 4801 me
1938 4751 2108 4821 repel—

538 4818 663 4873 lere.
715 4819 825 4876 Nec
852 4820 1110 4879 fraudetis
1138 4842 1373 4896 unquam
1402 4831 1545 4887 ovile
1574 4844 1816 4890 vestrum
1842 4856 1855 4891 :
1888 4818 2107 4896 non'in-

535 4919 756 4979 surgant
786 4912 947 4982 pedes
979 4912 1261 4970 adversum
1306 4908 1471 4988 caput
1487 4961 1502 4986 ,
1551 4938 1723 4994 neque
1765 4939 1927 4998 caput
1971 4947 2002 4985 a
2047 4949 2105 4990 se

532 5013 652 5054 esse
682 5000 887 5057 alienos
908 5002 1122 5074 deputet
1143 5006 1306 5075 pedes
1335 5009 1426 5078 (In
1445 5015 1579 5068 notis
1599 5015 1669 5069 ad
1694 5014 1824 5072 Can.
1858 5018 2103 5090 Patricii,

535 5104 588 5158 p.
621 5087 765 5162 ιεο).

533 5196 661 5253 CAP.
684 5215 887 5284 xxxvtt.
909 5234 980 5244 —
1003 5204 1327 5295 Dejquqnod
1356 5228 1459 5295 non
1487 5216 1632 5271 debet
1650 5222 1895 5295 pﬁnceps
1918 5235 2103 5295 putare

668 5273 936 5342 proprium
962 5277 1101 5344 quod
1123 5273 1222 5333 sibi
1251 5280 1544 5351 deponitur,
1571 5273 1668 5341 sed
1687 5273 1956 5348 Eccl—asini

600 5379 882 5453 Synodus:
933 5383 1221 5443 Pontiﬁces
1266 5405 1396 5445 vero
1441 5397 1638 5463 quibus
1684 5406 1778 5452 aut
1823 5416 1944 5455 cum
1993 5403 2090 5459 Ec-

2210 4555 2363 4621 Item,
2392 4560 2512 4613 navi
2542 4558 2712 4616 fracta
2737 4567 2829 4634 qui
2855 4577 3032 4637 potest
3056 4555 3247 4629 natare
3267 4584 3427 4630 natet.

2209 4645 2335 4701 CAP.
2365 4664 2482 4704 Vlll.
2508 4682 2578 4690 —
2615 4652 2692 4707 De
2715 4671 2775 4709 eo
2801 4659 2941 4726 quod
2968 4660 3115 4743 debet
3139 4667 3417 4719 monachus
3439 4666 3553 4718 dare
3574 4658 3710 4715 abbati

2856 4743 3131 4798 acqmsna.

2252 4806 2525 4879 ‘Synodus
2563 4812 2730 4869 dicit:
2768 4816 3060 4876 Monachus
3106 4824 3196 4893 qui
3243 4840 3340 4895 per
3376 4820 3707 4881 contumaciam

2205 4912 2303 4967 per
2317 4900 2528 4957 deserta
2551 4903 2667 4960 loca
2686 4908 2867 4977 vagari
2889 4914 3116 4981 coeperit
3133 4922 3189 4968 ut
3207 4916 3401 4970 habere
3414 4912 3590 4982 aliquid
3605 4921 3706 4979 ρτιεδ

2206 4989 2497 5056 sumpserit
2526 4994 2800 5062 proprium
2817 5036 2832 5059 ,
2862 4999 3041 5054 omnia
3074 5018 3190 5071 quae
3219 5002 3542 5073 acquisiverit
3562 4992 3701 5053 abbati

2205 5073 2517 5132 deferantur
2536 5084 2828 5138 secundum
2857 5091 3165 5145 monasterii
3196 5092 3458 5163 regulam:
3488 5091 3583 5160 ipse
3603 5096 3697 5139 νοω

2204 5170 2460 5233 tanquam
2484 5167 2645 5240 fugax
2672 5174 2771 5227 sub
2796 5178 3041 5232 custodia
3071 5192 3364 5236 revocetur.

2203 5252 2331 5309 CAP.
2364 5271 2419 5309 ι.
2460 5288 2533 5304 -η-
2572 5261 2649 5337 De
2681 5268 2908 5337 eo‘quod
2935 5271 3087 5324 ambo
3124 5268 3572 5325 excommunicandi
3599 5268 3691 5319 sunt

2429 5332 2714 5386 monachus
2742 5332 2990 5405 fugitivus
3016 5350 3063 5393 et
3089 5352 3344 5411 susceptor
3364 5340 3509 5394 illius.

2272 5411 2537 5471 Patricius
2566 5419 2788 5489 (Synod.
2820 5422 3072 5491 Patricii,
3115 5438 3234 5482 tam.
3276 5427 3304 5482 I
3338 5426 3517 5483 Concil.
3549 5417 3683 5489 Αιιςῑι,

530 5471 693 5527 clesia
736 5484 830 5529 aut
872 5477 1250 5544 sequestratim
1297 5480 1528 5536 donatur
1561 5485 1760 5555 aliquid
1785 5528 1799 5552 ,
1847 5490 1951 5547 hoc
1991 5509 2098 5550 non
2198 5518 2252 5570 p.
2274 5502 2395 5573 52):
2428 5471 2740 5578 Quicnttque
2766 5471 3253 5574 excommunicatus
3278 5518 3476 5575 fuerit:
3498 5512 3678 5585 quolibt'l

524 5563 677 5624 quasi
704 5564 1013 5637 proprium,
1043 5567 1138 5621 sed
1171 5567 1311 5623 inter
1337 5570 1620 5629 facultates
1654 5575 1909 5636 Ecclesiae
1943 5596 2095 5637 com-

525 5653 804 5717 putabunt.

2199 5590 2446 5658 clericus,
2469 5603 2523 5650 et
2550 5597 2618 5652 ab
2639 5598 2744 5655 alio
2772 5613 3054 5675 susceptus
3081 5609 3263 5675 luerit,
3296 5605 3522 5678 comquali
3547 5598 3673 5675 pumi—

2202 5679 2365 5734 tentia
2392 5684 2767 5755 corripiantur.
