4004 6172
364 293 491 349 I297

440 406 569 460 CAP.
594 421 668 461 ιι.
691 434 759 447 —-
788 404 861 460 De
887 423 1012 477 vago
1036 408 1289 462 monacho
1312 413 1830 468 excommunicando.

423 495 690 551 Patricius
719 495 832 551 ait:
877 496 1168 552 Monachus
1199 498 1500 555 inconsulto
1528 501 1724 557 abbate
1752 518 1919 574 vagus

353 585 631 641 ambulans
655 585 712 640 in
735 585 906 654 plebe,
937 586 1096 642 debet
1120 588 1598 643 excommunicari.

351 677 480 730 CAP.
508 690 596 730 xv.
614 704 685 715 —
710 674 784 728 De
810 691 870 729 eo
897 676 1036 747 quod
1062 693 1166 730 non
1193 686 1390 747 oportet
1415 679 1694 733 monachos
1732 697 1765 734 a
1797 696 1921 735 con-

838 745 1132 814 gregatione
1168 745 1421 801 secedere.

421 831 668 903 Synodus
694 831 1013 903 Agathensis
1042 832 1192 904 (Cap.
1219 835 1310 905 58)
1335 849 1349 888 :
1387 834 1662 891 Monachis
1689 837 1756 892 ad
1791 838 1919 893 soli-

348 923 516 977 tarias
546 922 762 978 cellulas
795 939 902 976 non
940 923 1098 978 liccat
1126 939 1155 978 a
1184 927 1599 996 congregatione
1628 929 1911 995 secedere,

347 1013 450 1067 nisi
476 1012 612 1069 forte
635 1014 875 1083 probatis
901 1022 1022 1083 post
1050 1014 1271 1070 meritos
1297 1016 1507 1073 labores
1534 1019 1602 1073 ab
1631 1019 1915 1074 abbatibus

344 1103 734 1171 permittatur:
764 1104 839 1158 ita
868 1112 1077 1170 tamen,
1122 1115 1181 1159 ut
1213 1106 1352 1161 intra
1382 1108 1567 1163 eadem
1598 1111 1911 1166 monasterii

343 1200 498 1262 septa
525 1202 822 1256 manentes,
850 1201 1129 1262 separatas
1154 1194 1384 1249 habeant
1411 1197 1649 1252 cellulas.

338 1279 471 1339 Car.
500 1297 611 1336 xvt.
646 1309 715 1323 --
746 1282 820 1337 De
843 1300 902 1337 eo
922 1286 1060 1356 quod
1082 1302 1186 1356 non
1214 1298 1410 1356 oportet
1432 1291 1686 1344 monacho
1717 1292 1902 1347 cellam

640 1354 941 1407 construere
971 1354 1081 1408 sine
1108 1354 1309 1410 abbatis
1331 1359 1607 1426 permissu.

412 1434 658 1507 Synodus
682 1439 1089 1496 Aurelianensis
1107 1441 1258 1513 (Cap.
1285 1444 1407 1515 722)
1439 1463 1451 1498 :
1491 1445 1677 1502 Nullus
1718 1463 1905 1503 mona-

335 1525 475 1580 chus
496 1527 803 1583 ambitionis
829 1538 883 1583 et
907 1530 1160 1585 vanitatis
1186 1532 1414 1601 impulsu
1442 1535 1631 1590 cellam
1657 1536 1774 1592 sine
1807 1539 1905 1593 ab-

333 1613 480 1668 batis
498 1614 578 1668 sui
600 1616 951 1684 permissione
973 1629 1290 1676 construere
1310 1633 1621 1691 prmsumat.

820 1706 912 1761 EX
939 1706 1141 1764 LIBRO
1170 1709 1411 1767 XXXIX.

794 1813 860 1851 DE
883 1813 1294 1855 EXCOHIUNICA'I'
1303 1817 1449 1856 IONE.

456 1882 588 1938 CAP.
614 1900 653 1939 ι.
678 1915 751 1926 -
778 1884 854 1940 De
875 1887 1203 1942 ordinatione
1221 1893 1788 1948 excommunicationis.

409 1970 658 2041 Synodus
682 1974 1030 2030 llibernensis
1061 1992 1116 2032 Vl
1160 1979 1346 2033 modos
1396 1980 1545 2046 dicit,
1590 1998 1620 2036 a
1666 1982 1905 2037 celebra-

332 2058 501 2121 tione,
543 2074 575 2113 a
615 2063 1100 2120 communicatione
1139 2066 1338 2131 missae,
1365 2082 1395 2121 a
1428 2068 1846 2137 cohabitationc,
1873 2089 1903 2126 a

330 2147 720 2215 benedictione,
770 2167 799 2206 a
827 2152 1090 2223 colloquio
1136 2155 1380 2224 paciﬁca,
1409 2172 1438 2212 a
1461 2169 1765 2216 commeatu
1811 2161 1902 2232 (In

330 2238 472 2291 uotis
502 2239 571 2292 ad
593 2238 724 2295 Con.
754 2241 994 2307 Patricii,
1022 2260 1142 2314 pag.
1171 2245 1316 2316 I26).

328 2326 461 2381 CAP.
499 2344 572 2383 Iv.
600 2359 670 2371 ——
696 2330 771 2385 De
795 2348 855 2386 eo
889 2334 1041 2456 quod!
1060 2336 1286 2417 non'cito
1304 2337 1421 2407 quis
1450 2341 1903 2395 excommunicau-

1045 2420 1106 2456 us
1138 2414 1226 2456 sit.
1832 2440 1835 2445 ‹

1045 2420 1106 2457 us
1138 2414 1226 2458 tit.
1832 2440 1835 2445 ⁴

404 2487 590 2544 Gildas
623 2490 700 2544 ait
733 2488 894 2562 (Vide
928 2501 1054 2547 tom.
1098 2493 1129 2547 I
1174 2494 1374 2549 Concil.
1403 2495 1581 2565 Ang’l.,
1612 2514 1733 2568 pag.
1762 2498 1853 2570 55)
1883 2516 1896 2553 :

327 2578 448 2633 Non
474 2578 585 2635 Noe
605 2580 773 2636 Cham
801 2582 968 2638 ﬁlium
993 2600 1149 2639 suum
1172 2587 1391 2656 magicte
1412 2588 1547 2645 artis
1572 2589 1805 2644 scribam
1832 2590 1903 2645 ab

324 2681 480 2733 arca,
528 2678 619 2723 aut
667 2686 865 2726 mensae
908 2674 1284 2731 communione
1310 2678 1479 2732 voluit
1530 2693 1737 2739 arcere.
1782 2677 1898 2733 Non

322 2755 598 2813 Abraham
640 2760 787 2816 Aner
825 2770 880 2817 et
920 2763 1148 2819 Heschol
1186 2767 1239 2821 in
1282 2767 1635 2825 debellatione
1657 2786 1686 2823 v
1715 2784 1898 2840 regum

319 2850 625 2905 exhorruit.
646 2851 763 2907 Non
784 2852 922 2908 Loth
949 2854 1303 2911 Sodomorum
1325 2858 1569 2914 convivia
1589 2868 1898 2915 exsecratus

318 2947 429 2992 est.
450 2936 566 2992 Non
593 2939 740 2995 Isaac
765 2943 1243 3013 participationem.
1258 2961 1457 3002 mensae
1477 2948 1811 3014 Abimelech,
1839 2958 1896 3005 et

1218 292 1532 351 CANONES
1567 296 1851 355 SELECTI
1885 299 1977 356 EX
2016 301 2321 370 ANTIQUA
2358 304 2695 362 COLLECT.

1944 416 1995 475 Α
2092 416 2222 470 Item
2248 432 2263 470 :
2286 416 2600 488 Quicunque
2626 420 2853 475 clericus
2869 421 2922 476 in
2948 421 3087 477 bello
3110 432 3202 477 aut
3223 424 3278 480 in
3305 425 3421 480 rixa
3443 442 3583 482 mor-

3445 316 3582 372 MSS

2021 504 2205 559 talium
2233 515 2288 561 et
2312 509 2547 577 gentium
2577 510 2716 565 ludis
2744 520 2987 567 mortuus
3016 511 3208 579 fuerit,
3236 530 3407 585 neque
3435 518 3585 573 olsla-

2018 594 2182 660 tione,
2242 609 2414 665 neque
2461 598 2704 654 oratione
2753 601 3050 670 postuletur
3096 618 3195 671 pro
3253 620 3338 669 eo,
3392 608 3484 661 sed
3530 608 3583 662 in

2018 698 2207 739 manus
2236 685 2435 740 incidat
2453 685 2686 754 judieis;
2729 690 3000 759 sepultura
3041 701 3219 747 tamen
3260 710 3363 749 non
3400 697 3583 764 prive»

2018 782 2125 827 tur.

2568 866 2658 921 EX
2690 867 2891 924 LIBRO
2923 869 3030 923 XL.

2292 972 2357 1010 DE
2385 972 2920 1016 COIIIENDATIONIBUS
2955 977 3295 1017 HORTI’ORL’I.

2012 1043 2140 1098 CAP.
2178 1061 2236 1099 tt.
2264 1076 2335 1087 —
2360 1046 2437 1100 De
2456 1048 2688 1119 principe
2715 1059 2807 1171 at:
2828 1053 3062 1123 episcopo
3088 1071 3183 1107 sua
3204 1057 3413 1125 propria
3443 1073 3579 1111 cont-

2648 1136 2763 1171 men
2802 1132 2939 1171 ante.

2648 1132 2939 1174 mendante.

2082 1204 2327 1275 Synodus
2353 1225 2364 1260 :
2403 1208 2591 1265 Omnis
2614 1211 2864 1281 princeps
2890 1222 3066 1283 potest
3087 1217 3460 1273 commendare
3481 1235 3578 1275 sua

2009 1294 2223 1362 propria
2243 1306 2362 1363 post
2389 1306 2636 1352 mortem.

2007 1383 2134 1437 Cap.
2161 1401 2242 1438 ιιι.
2271 1415 2341 1432 -ν-
2362 1386 2438 1440 De
2464 1404 2523 1441 eo
2555 1389 2696 1465 guod
2742 1407 2843 1444 non
2876 1394 3024 1465 liceat
3050 1399 3272 1465 principi
3320 1413 3575 1452 common.

2531 1461 2658 1510 dare
2694 1476 2774 1513 res
2795 1460 3043 1516 ecclesite.

2077 1540 2322 1612 Synodus
2353 1559 2368 1598 :
2400 1545 2586 1601 Omnis
2607 1548 2862 1620 princeps
2889 1549 3225 1608 Christianus
3266 1563 3324 1608 ut
3364 1556 3576 1609 invene-

2006 1630 2076 1683 rit
2097 1631 2507 1700 ecclesiam,sic
2544 1636 2899 1707 derelinquat,
2933 1642 3035 1695 nisi
3062 1658 3322 1699 consensu
3347 1647 3574 1700 clerico-

1934 1747 1981 1807 Β
2009 1736 2125 1774 rum
2153 1722 2283 1777 nihil
2314 1723 2368 1777 in
2414 1735 2588 1779 morte
2616 1731 2981 1794 commendet,
3004 1749 3070 1787 ne
3118 1735 3574 1792 maledictionibus

2008 1821 2129 1880 pOSI
2150 1823 2373 1869 mortem
2386 1826 2665 1885 gravetur.

2036 1902 2163 1957 Car.
2196 1920 2268 1958 tv.
2288 1935 2364 1944 —
2386 1905 2548 1983 De__eo
2576 1909 2714 1983 quod
2739 1920 2901 1983 potest
2924 1913 3160 1983 princeps
3185 1918 3542 1971 commendare

2379 2031 2384 2035 ,
2422 1975 2597 2046 aliqua
2630 1978 2694 2031 de
2724 1975 2870 2034 rebus
2895 1975 3140 2035 ecclesia".

2075 2061 2322 2133 Synodus
2347 2065 2722 2122 liibernensis:
2748 2069 3001 2139 Princeps
3023 2073 3074 2125 iu
3098 2090 3190 2126 sua
3216 2082 3386 2128 morte
3410 2076 3570 2129 etiam

2003 2152 2069 2207 de
2110 2155 2268 2209 rebus
2293 2148 2544 2210 Ecclesiae
2569 2160 2949 2214 commendare
2972 2172 3180 2231 potest,
3209 2166 3311 2220 hoc
3337 2175 3418 2220 est
3450 2183 3571 2237 pre-

2004 2241 2135 2295 tium
2161 2243 2385 2307 ancillte,
2425 2246 2538 2299 sive
2567 2248 2633 2299 de
2661 2248 2842 2302 ιηοὲἠί
2869 2252 2945 2303 sui
2971 2253 3189 2317 stantia,
3220 2254 3331 2309 sive
3358 2256 3421 2309 de
3438 2272 3567 2325 agro

2003 2332 2094 2404 (In
2119 2335 2254 2388 notis
2279 2335 2354 2387 ad.
2374 2333 2507 2389 Can.
2546 2336 2784 2400 Patricii,
2812 2354 2866 2407 p.
2896 2338 3038 2409 I20).

2070 2424 2199 2478 Item
2232 2441 2244 2476 :
2284 2424 2685 2480 Testamentum
2717 2429 2950 2497 episcopi
2996 2431 3110 2486 sive
3131 2432 3389 2503 principis
3425 2443 3507 2488 est
3536 2452 3564 2489 κ

2000 2513 2241 2583 scriptuli
2273 2516 2537 2570 sacerdoti
2557 2516 2704 2571 danti
2735 2519 2835 2572 sibi
2865 2520 3211 2587 sacriﬁcium,
3232 2538 3416 2592 sagum
3438 2541 3567 2594 pan.-

2000 2605 2138 2674 peri,
2184 2603 2442 2659 viaticum
2470 2606 2576 2661 cibi
2612 2608 2813 2671 viduae,
2861 2624 3146 2663 commune
3189 2614 3565 2669 vestimentum

2001 2695 2280 2761 ministro;
2312 2704 2366 2751 et
2394 2697 2507 2752 haec
2534 2705 2712 2753 tamen
2740 2698 3021 2755 ﬁrmentur
3057 2716 3087 2755 a
3124 2702 3355 2759 clericis.

1998 2788 2125 2844 CAP.
2177 2806 2292 2846 vm.
2335 2821 2407 2831 —
2442 2790 2519 2849 De
2548 2793 2758 2916 degenje
2783 2795 2877 2917 τώ
2924 2811 3078 2848 censu
3135 2794 3267 2848 nihil
3310 2812 3564 2851 commen-

2730 2881 2796 2917 an
2821 2881 2867 2917 e.

2730 2881 2867 2918 ante.

2067 2946 2316 3019 Synodus
2341 2950 2729 3007 Hibernensis:
2758 2953 2911 3008 Sicut
2935 2969 3052 3009 sme
3069 2957 3335 3025 permissu
3356 2956 3565 3011 abbatis

322 3031 528 3096 chaz,
557 3041 613 3087 et
638 3033 823 3088 Phicol
849 3036 1000 3092 ducis
1024 3036 1253 3093 militum
1274 3050 1467 3108 negat;
1515 3042 1609 3097 sed
1656 3050 1778 3111 post
1817 3043 1895 3098 ci-
1918 3081 1963 3142 c
1998 3039 2291 3095 monachus
2341 3042 2473 3095 nihil
2515 3045 2891 3114 commendare
2945 3045 3197 3111 audebit;
3248 3046 3338 3142 ita-
3363 3047 3564 3142 degens

318 3120 452 3174 bum
502 3130 557 3176 et
605 3130 786 3191 potum
822 3122 1141 3192 iuraverunt
1185 3127 1285 3182 sibi
1338 3138 1542 3183 mutuo.
1587 3128 1703 3185 Non
1726 3128 1892 3188 Iacob
1918 3120 1963 3142 “⁴
1994 3130 2094 3184 sub
2119 3146 2281 3186 censu
2314 3140 2632 3202 potestatem
2671 3148 2776 3188 non
2803 3134 3029 3189 habebit,
3044 3136 3245 3190 donare
3271 3136 3471 3205 aliquid
3495 3136 3560 3195 .in

318 3210 575 3264 extimuit
614 3214 1016 3269 communicare
1067 3215 1212 3279 ﬁliis,
1264 3233 1402 3286 quos
1450 3219 1597 3273 novit
1646 3223 1892 3276 venerari

316 3297 488 3353 idola.
516 3298 633 3354 Non
658 3298 854 3372 Joseph
878 3304 1055 3358 renuit
1074 3303 1373 3362 Pharaonis
1400 3322 1600 3363 mensa:
1619 3315 1672 3363 et
1689 3310 1893 3380 scypho

316 3387 656 3458 participari.
693 3388 810 3445 Non
844 3391 1025 3447 Aaron
1056 3395 1351 3450 sacerdotis
1377 3396 1639 3452 idolorum
1681 3397 1891 3453 Madian

319 3491 563 3530 mensam
603 3478 814 3548 repulit.
859 3480 1077 3537 Necnon
1115 3482 1324 3553 Moyses
1349 3486 1508 3539 simul
1542 3501 1662 3541 cum
1705 3484 1891 3541 Jetbro

313 3569 609 3639 hospitium
637 3579 692 3626 et
727 3573 1031 3628 convivium
1073 3576 1355 3643 paciﬁcum
1386 3576 1556 3631 inivit.
1590 3576 1705 3631 Non
1728 3576 1888 3632 Chri-

312 3664 432 3711 stus
452 3660 696 3714 convivia
717 3675 1046 3731 paganorum
1072 3663 1375 3728 devitabat;
1410 3672 1470 3717 ut
1497 3679 1683 3719 omnes
1706 3679 1890 3734 pecca-

315 3762 465 3809 tores
495 3764 551 3809 et
571 3759 887 3814 meretrices
909 3760 1160 3815 salvaret.

310 3841 444 3898 CAP.
468 3860 565 3900 vn.
587 3877 645 3888 —
686 3847 763 3901 De
794 3864 854 3902 eo
895 3849 1034 3920 quod
1058 3852 1387 3935 suscipienda
1413 3869 1517 3907 non
1561 3854 1629 3907 sit
1669 3853 1886 3909 eleemo-

798 3932 929 3988 syna
949 3932 1403 3978 excommunicati.

383 3999 647 4059 Patricius
674 4003 896 4077 (Synod.
928 4007 1171 4074 Patricii,
1211 4020 1337 4064 tom.
1377 4010 1409 4064 I
1459 4009 1657 4066 Concil.
1696 4013 1878 4084 lingl.,

305 4106 362 4161 ρ.
395 4091 519 4162 52);
549 4093 863 4165 Quicunque
900 4098 1126 4155 clericus
1164 4104 1659 4159 excommunicatus
1699 4104 1879 4171 fuerit,

308 4196 411 4235 nec
435 4179 550 4249 ejus
578 4183 914 4256 eleemosyna
942 4188 996 4242 in
1020 4188 1260 4245 Ecclesia
1285 4192 1594 4261 recipiatur.

304 4270 435 4324 CAP.
476 4288 600 4346 vni.
620 4304 691 4333 ——,
710 4274 788 4328 De
807 4293 866 4346 eo
887 4278 1026 4346 quod
1058 4295 1160 4333 non
1200 4279 1343 4334 debet
1399 4285 1877 4340 excommunicatus

521 4343 727 4411 offerre,
761 4343 837 4397 vel
868 4343 1147 4416 baptizare,
1174 4349 1264 4403 sed
1289 4349 1458 4404 solum
1488 4368 1659 4405 orare.

375 4429 641 4487 Patricius
672 4450 684 4485 :
721 4432 777 4487 Si
817 4435 935 4503 quis
978 4442 1476 4496 excommunicatus
1510 4441 1690 4509 fuerit,
1722 4446 1871 4501 solus
1907 4416 1951 4472 θ

300 4534 366 4574 ex
391 4523 577 4576 eadem
599 4522 731 4577 hora
755 4525 1052 4580 orationem
1079 4526 1259 4594 faciat,
1290 4545 1388 4585 nec
1413 4530 1627 4597 oll'erre,
1654 4549 1756 4589 nec
1784 4536 1873 4590 ba-

300 4610 506 4679 ptizare
533 4612 689 4666 liceat
715 4613 785 4677 ei,
811 4614 982 4669 donec
1010 4630 1069 4670 se
1102 4615 1264 4672 faciat
1294 4622 1658 4678 emendatum.

298 4698 429 4752 CAP.
458 4700 730 4783 'Xl.-—.De
750 4718 809 4755 eo
828 4703 968 4773 quod
997 4721 1100 4758 non
1121 4716 1226 4784 tam
1250 4723 1368 4784 esca
1407 4718 1454 4761 et
1492 4722 1658 4784 potus.
1710 4730 1865 4784 quam

437 4770 679 4838 cogitatio
699 4780 746 4824 et
769 4770 897 4841 opas
921 4789 1137 4842 pravum
1157 4776 1415 4830 hominem
1438 4770 1724 4835 maculant;

369 4854 616 4926 Synodus
657 4875 669 4912 :
712 4858 827 4915 Non
856 4868 965 4914 tam
999 4876 1122 4917 esea
1171 4872 1226 4917 et
1267 4872 1423 4933 potus
1459 4878 1673 4934 nocent,
1705 4885 1863 4939 quam

296 4944 436 4996 mala
480 4946 737 5015 cogitatio
786 4957 843 5003 et
888 4966 1025 5020 opus
1074 4967 1299 5021 pravum
1354 4956 1626 5013 hominem
1680 4977 1866 5016 macu-

297 5033 446 5087 lant:
480 5036 596 5090 sine
621 5038 727 5093 alio
747 5040 891 5093 enim
911 5052 1064 5111 potes
1086 5058 1225 5107 esse,
1252 5045 1368 5101 sine
1385 5061 1513 5102 vero
1542 5051 1712 5121 teipse
1732 5069 1866 5107 nun-

293 5142 478 5194 quam.

292 5216 422 5270 Car.
448 5231 560 5271 le.
585 5249 655 5259 —
675 5221 753 5275 De
778 5225 999 5345 eouqnod
1035 5225 1217 5279 melius
1246 5236 1319 5280 est
1358 5230 1590 5285 secedere
1618 5250 1650 5285 a
1686 5233 1860 5298 malis,

650 5307 713 5345 ne
731 5295 829 5345 δίνη
913 5295 1027 5345 tutis
1050 5312 1167 5345 cum
1187 5296 1292 5345 illis
1316 5309 1505 5345 pereat-

650 5307 713 5345 ne
731 5295 887 5345 simul
913 5295 1027 5364 quis
1050 5312 1167 5348 cum
1187 5296 1292 5351 illis
1313 5309 1505 5367 pereat.

362 5375 610 5445 Synodus
660 5396 674 5432 :
728 5380 917 5437 Omnis
964 5383 1195 5439 clericus
1241 5385 1334 5453 qui
1385 5386 1568 5441 ludum
1617 5397 1861 5459 spectare

292 5467 578 5535 desiderat,
598 5472 883 5542 degradetu
891 5491 934 5528 r.

1992 3234 2170 3281 morte
2194 3242 2311 3290 sua,
2338 3227 2441 3281 nisi
2463 3225 2687 3294 jubente
2707 3228 2923 3281 domino
2943 3242 3065 3281 suo.
3278 3294 3284 3300 '

1989 3314 2119 3370 Car.
2166 3332 2239 3370 nt.
2265 3347 2337 3356 —
2362 3316 2437 3371 De
2464 3316 2680 3387 «legente
2696 3316 2791 3369 sub
2829 3333 2985 3370 censu
3012 3334 3119 3371 sua
3142 3315 3556 3371 commendante.

2061 3407 2309 3477 Synodus
2333 3384 2718 3461 Hiberncnsis:
2749 3407 2806 3461 Si
2832 3411 2954 3477 quis
2972 3407 3135 3463 fuerit
3156 3408 3256 3462 sub
3274 3422 3449 3493 censu
3471 3423 3557 3462 re-

1990 3496 2113 3566 gali,
2153 3498 2347 3551 abbate
2382 3505 2437 3552 et
2483 3497 2941 3552 commendaverit
2970 3497 3198 3567 aliquid;
3245 3497 3291 3553 si
3329 3496 3558 3551 audierit

1987 3594 2042 3639 et
2069 3587 2300 3641 tacuerit
2346 3586 2597 3642 dominus
2635 3587 2844 3653 diebus,
2884 3604 2990 3643 non
3016 3596 3195 3659 potest
3241 3589 3554 3654 retrahere;

1987 3676 2068 3730 sin
2095 3692 2222 3731 vero
2242 3678 2455 3732 irritum
2475 3677 2603 3732 erit.

1985 3765 2111 3820 Car.
2166 3783 2218 3820 κ.
2255 3798 2326 3808 -
2374 3766 2451 3821 De
2495 3767 2940 3850 commendatione
2977 3768 3210 3823 mulieris
3229 3757 3465 3839 degentis
3500 3770 3553 3825 in

2624 3854 2887 3907 conjngto.

2054 3926 2304 3997 Synodus
2326 3927 2676 3983 llibernensis
2700 3946 2717 3981 ι
2746 3926 2805 3982 Si
2836 3931 2918 3983 vir
2940 3928 3058 3997 ejus
3084 3929 3315 3985 tacuerit
3342 3928 3545 3994 diebus,

1983 4031 2088 4070 non
2122 4017 2354 4071 retrahat
2387 4020 2741 4088 quodcunque
2776 4018 2954 4084 dedit;
3011 4020 3057 4075 si
3089 4035 3216 4075 vero
3240 4035 3347 4074 non
3374 4029 3552 4077 tacue-

1982 4108 2072 4171 rit,
2113 4108 2322 4163 irrltum
2359 4110 2465 4163 erit
2524 4108 2647 4177 ejus
2672 4117 3050 4165 testamentum
3090 4117 3288 4180 prmter
3312 4111 3554 4180 corporis

1979 4197 2061 4251 sui
2091 4198 2373 4261 rationem,
2391 4206 2445 4253 et
2468 4214 2654 4270 sagum
2677 4209 2732 4255 et
2756 4214 2971 4255 vaccam
2996 4214 3118 4253 cum
3140 4214 3364 4268 corpore
3387 4215 3483 4252 suo
3506 4200 3549 4252 si

1978 4288 2227 4342 habuerit
2253 4288 2562 4355 :ecclesiir,
2588 4291 2676 4344 cui
2702 4292 2971 4353 servierit,
2999 4289 3235 4359 quandiu
3266 4306 3386 4345 cum
3434 4292 3549 4345 viro

1978 4391 2074 4430 suo
2109 4377 2290 4435 fuerit.
2322 4392 2389 4430 ex
2410 4393 2677 4432 consensu
2699 4378 2798 4431 viri
2829 4379 3040 4432 tertiam
3063 4384 3269 4446 partem
3298 4377 3547 4431 substan-

1977 4465 2064 4519 tize
2084 4480 2196 4519 sum
2221 4465 2391 4527 dabit,
2429 4467 2520 4519 sed
2546 4468 2630 4520 vir
2650 4465 2765 4533 ejus
2787 4469 3071 4522 distribuet
3094 4480 3118 4507 ιι
3150 4482 3164 4520 :
3193 4475 3388 4522 ctetera
3420 4483 3547 4521 vero

1970 4554 2071 4608 viri
2111 4556 2195 4609 sui
2229 4563 2283 4608 et
2312 4555 2539 4610 ﬁliorum
2567 4555 2682 4625 ejus
2711 4566 2888 4611 erunt.

2516 4665 2608 4720 EX
2638 4665 2840 4721 LI-BRO
2865 4667 2997 4721 XLI.

2422 4773 2484 4811 DE
2519 4772 2761 4818 ECCLESIA
2801 4774 2868 4813 ET
2894 4774 3089 4815 IIUNDO.

1972 4848 2100 4903 Car.
2154 4865 2238 4903 ιιι.
2268 4878 2337 4888 ——
2362 4846 2437 4902 De
2468 4847 2704 4902 Ecclesia
2754 4865 2858 4903 non
2894 4849 3210 4905 denudanda
3247 4869 3291 4906 α
3322 4853 3537 4909 mundo.

2043 4936 2295 5009 Synodus
2320 4954 2335 4991 :
2374 4937 2540 4993 Fures
2558 4947 2613 4994 et
2643 4937 2881 4994 latrones
2901 4947 2955 4993 et
2982 4948 3226 5008 raptores
3257 4942 3324 4997 de
3352 4942 3537 5001 Eccle-

1970 5026 2050 5081 sia
2086 5025 2334 5095 ejiciendi
2366 5036 2509 5083 sunt.

2040 5117 2175 5172 Item
2207 5135 2219 5170 :
2259 5116 2318 5171 Si
2346 5115 2676 5173 fraudaveris
2704 5118 2956 5185 amiCum,
2979 5118 3183 5175 furtum
3203 5130 3317 5187 est;
3349 5121 3521 5179 Eccle-

1969 5212 2102 5265 siam
2126 5225 2253 5265 vero
2274 5208 2524 5264 fraudare
2544 5209 2902 5281 sacrilegium.

2090 5300 2220 5355 CAP.
2244 5315 2320 5354 vn.
2336 5298 2499 5354 —De
2528 5297 2786 5363 Ecclesia,
2812 5309 2869 5353 ut
2896 5310 3058 5354 totum
3081 5317 3183 5355 non
3219 5301 3407 5371 rapiat.

2034 5388 2320 5460 Synodus:
2361 5387 2573 5443 Nullum
2592 5396 2803 5457 oportet
2826 5389 3076 5447 Iraudare
3105 5390 3263 5457 ﬁlios,
3303 5403 3394 5445 aut
3414 5388 3520 5448 Ira-

1961 5488 2091 5542 tres,
2123 5487 2219 5533 aut
2242 5478 2613 5548 propinquos..

363 5635 388 5661 ³·
411 5622 469 5677 In
495 5627 677 5682 codice
706 5629 874 5683 sancti
901 5629 1150 5685 Germani
1174 5630 1383 5687 addit-ur
1409 5647 1422 5684 :
1451 5641 1494 5686 ct
1530 5632 1686 5685 aliam
1709 5641 1911 5698 partem
1931 5630 2068 5700 patri
2096 5641 2141 5682 ct
2166 5628 2319 5689 matri
2348 5638 2546 5682 tantum
2577 5629 2739 5683 dabit.
