4020 6170
550 292 737 351 1299’

1336 285 1603 342 ABEDOC
1638 283 1725 340 ET
1763 267 2271 339 ETIIELVOLFUS
2293 283 2604 338 ABBATES
2642 280 2940 337 HlBERNl.

3612 286 3729 341 1300

616 404 749 458 item
778 415 792 455 :
820 398 1059 455 Ecclesia
1078 396 1291 451 nonnisi
1314 403 1522 465 partem
1550 395 1644 451 Dei
1668 395 1895 464 accipiat
1925 414 1936 448 :
1985 409 2109 448 cum
2136 398 2188 457 Α
2211 395 2350 453 verit
2376 396 2431 450 in
2478 396 2650 464 plebe,
2680 410 2777 450 suo
2797 394 2950 464 jure,
2990 393 3105 448 sine
3144 393 3487 462 permissione
3527 396 3721 458 abbatis.

546 496 689 547 enim
712 492 885 546 haeres
909 487 1090 543 mundi
1113 486 1338 551 venerit,
1374 486 1611 542 rctrahet
1653 501 1718 541 ea
1765 502 1885 556 qua:
1929 485 2112 540 mundi

546 589 691 637 sunt.

546 671 675 729 Car.
700 686 797 727 vn.
828 698 903 712 --
923 669 1004 723 De
1020 667 1223 722 duabus
1240 666 1467 721 ecclesiis
1487 666 1909 721 contendentibus
1925 681 2109 736 agrum

1250 752 1429 790 unum.

2214 482 2416 537 meruit
2437 482 2911 537 excommunicari.

2217 572 2343 627 Car.
2372 588 2517 626 xxxv.
2549 602 2621 614 —
2655 571 2735 626 De
2758 569 3040 652 collectum
3058 571 3289 639 pecunia:
3317 587 3417 626 non
3436 577 3726 644 rituperonda

2712 650 3011 695 necessitate
3053 650 3283 710 cogente.

2288 731 2584 786 Patricius:
2618 730 2675 785 Si
2723 730 2847 800 quis
2886 729 3157 798 acceperit
3200 728 3586 797 permissionem
3618 745 3726 799 pon-

616 831 865 904 Synodus
897 844 915 884 :
956 828 1100 899 Ager
1137 826 1441 895 inquiratur
1474 826 1526 879 in
1554 824 1843 894 scriptione
1882 824 2111 879 duarum
2208 822 2394 886 tilicis,
2442 830 2498 876 et
2540 820 2822 876 collectum
2871 819 2943 874 sit
2986 818 3217 887 pretium
3264 818 3472 887 captivi,
3500 834 3594 872 non
3630 819 3725 889 plus

545 920 926 983 ecclesiarum;
976 916 1023 972 si
1068 917 1123 971 in
1177 914 1468 985 scriptione
1516 929 1624 968 non
1658 912 1984 976 inveniatur,
2024 927 2110 967 re-

544 1015 792 1084 quiratur
821 1027 852 1066 a
882 1010 1185 1066 senioribus
1208 1016 1263 1062 et
1300 1007 1614 1077 propinquis
1662 1013 1922 1075 quantum
1976 1012 2113 1059 tem-

543 1102 691 1174 poris
734 1101 834 1156 fuit
858 1115 982 1156 cum
1008 1099 1198 1164 altera,
1238 1106 1295 1153 et
1326 1098 1371 1151 si
1399 1097 1499 1152 sub
1528 1096 1733 1166 juhileo
1773 1107 1923 1151 certo
1954 1111 2105 1149 man-

541 1195 633 1256 sit.
663 1195 780 1250 sine
825 1192 1215 1263 vituperatione
1252 1198 1467 1246 maneat
1496 1191 1550 1245 in
1582 1199 1864 1245 aiternum.
1891 1189 1949 1245 Si
1981 1203 2104 1244 vero

542 1301 698 1342 senes
718 1301 823 1340 non
844 1283 1045 1339 inventi
1068 1283 1286 1349 fuerint,
1317 1282 1457 1337 inter
1479 1295 1537 1336 se
1563 1280 1833 1346 dividant;
1862 1289 1916 1335 et
1936 1280 2107 1334 altera

541 1377 628 1432 cui
648 1376 999 1446 propinquior
1021 1375 1111 1429 det
1136 1374 1369 1444 pretium
1391 1382 1651 1443 quantum
1670 1372 1879 1442 judices
1894 1371 2106 1442 judica-

543 1468 736 1524 verint.

2211 911 2432 981 exigens
2476 925 2637 981 quam
2679 908 2975 964 necessitas
3027 909 3220 978 poscit,
3273 907 3461 978 siquid
3487 924 3626 977 supra
3657 926 3724 964 re-

2210 1001 2489 1065 manserit,
2517 1007 2681 1070 ponat
2721 1013 2884 1068 super
2911 997 3097 1062 altare,
3125 1004 3179 1052 et
3226 997 3569 1068 indigentibus
3597 998 3725 1051 detur

2211 1102 2267 1148 et
2289 1091 2542 1161 captivis.

2278 1181 2412 1235 item
2452 1197 2465 1232 :
2509 1178 2564 1233 Si
2599 1177 2720 1249 quis
2745 1176 2948 1247 colligit
2981 1175 3262 1245 pecuniam
3298 1174 3395 1229 sub
3432 1173 3622 1228 nomine
3645 1174 3721 1228 mi-

2209 1270 2535 1334 sericordias,
2563 1283 2670 1324 non
2698 1269 2891 1323 audeat
2929 1266 3158 1337 spoliare
3185 1266 3473 1320 Ecclesium
3506 1265 3605 1329 Dei,
3644 1266 3720 1320 sed

2209 1375 2363 1432 reges
2404 1367 2459 1414 et
2491 1358 2694 1429 plebes,
2728 1358 2926 1427 quibus
2961 1356 3153 1411 melius
3186 1364 3274 1410 est
3312 1356 3436 1410 dare
3475 1370 3615 1424 quam
3651 1371 3719 1409 re-

2209 1449 2460 1507 condere.

2370 1538 2495 1594 Car.
2525 1553 2650 1593 xxv.
2674 1566 2745 1578 —-
2764 1536 2843 1591 De
2865 1535 3102 1591 Ecclesia
3124 1536 3342 1606 ligatum
3362 1534 3583 1589 solvente.

540 1557 670 1613 Car.
716 1572 834 1611 vm.
857 1585 929 1595 --
955 1554 1043 1626 De
1068 1555 1193 1626 jure
1232 1552 1461 1608 ecclesia:
1497 1561 1919 1626 non‘pereunte,
1980 1550 2099 1607 licet

2279 1628 2525 1701 Synodus
2574 1628 2960 1684 Hibernensis:
3010 1626 3069 1682 Si
3097 1626 3339 1681 Ecclesia
3385 1626 3585 1680 solverit
3622 1624 3715 1678 vin-

933 1624 1100 1679 multa
1128 1634 1359 1694 tempora
1387 1624 1708 1677 transierint.

610 1718 858 1790 Synodus
892 1732 908 1772 :
940 1718 999 1773 Si
1039 1718 1323 1786 episcopus
1362 1716 1711 1771 humanitatis
1752 1716 1974 1772 obtentu
2002 1714 2103 1769 vil—
2136 1733 2183 1793 ι
2207 1731 2352 1777 ctum
2386 1722 2451 1776 de
2475 1719 2707 1783 vinculo,
2734 1719 2827 1774 det
2852 1717 3063 1772 vincula
3089 1716 3247 1786 pretii
3266 1716 3573 1786 paenitentia:
3589 1730 3716 1783 super

540 1807 674 1862 lulas
727 1806 942 1862 clericis
983 1805 1068 1860 vel
1100 1805 1376 1860 monachis
1412 1804 1723 1874 praestiterit
1765 1805 2104 1871 excolendas,
2208 1827 2366 1866 cum:
2398 1810 2446 1866 si
2481 1825 2608 1865 vero
2642 1808 2732 1863 ille
2754 1822 2862 1863 non
2888 1806 3190 1877 impleverit
3211 1805 3579 1876 paenitentiam,
3601 1812 3644 1856 et
3662 1803 3716 1856 lc-

540 1898 622 1953 vel
653 1913 753 1968 pro
773 1907 1013 1967 tempore
1044 1899 1320 1961 tenendas,
1353 1897 1516 1952 etiam
1545 1896 1591 1951 si
1624 1896 1781 1967 longa
1805 1904 2108 1967 temporum
2209 1900 2345 1955 cerit
2372 1892 2599 1968 aliquod
2630 1897 2861 1963 malum,
2902 1911 3010 1952 non
3039 1895 3222 1951 veniet
3249 1894 3567 1950 maledictum
3589 1909 3716 1963 super

539 1990 713 2060 spatia
754 1989 983 2044 transire
1023 1988 1460 2058 comprobantur,
1504 1987 1572 2041 ad
1610 1987 1890 2045 ecclesiam
1923 2002 2105 2042 never-
2208 1989 2499 2046 Ecclesium
2538 1988 2633 2043 Dei
2664 2004 2679 2042 :
2710 1987 2951 2044 Ecclesia
2987 1987 3136 2042 enim
3165 1987 3325 2041 habet
3349 1993 3634 2055 potestatem
3661 1982 3706 2035 li-

540 2088 739 2134 tentur.

538 2166 667 2223 Ου’.
694 2182 784 2222 xv.
812 2196 885 2208 —-
920 2166 999 2222 De
1038 2164 1275 2221 Ecclesia
1298 2181 1423 2248 .non
1465 2168 1711 2222 retinente
1748 2167 1973 2240 aliquem
2016 2186 2108 2239 per

1263 2252 1384 2290 vim.

608 2330 855 2402 Synodus
879 2347 892 2383 :
935 2330 994 2385 Si
1018 2330 1140 2400 quis
1166 2344 1263 2385 sua
1284 2329 1556 2385 voluntate
1584 2330 1911 2396 discesserit,
1954 2339 2106 2386 note-

537 2432 627 2480 tur
649 2439 841 2488 coram.
857 2425 1103 2490 testibus,
1124 2432 1177 2480 et
1196 2423 1533 2493 relinquatur
1552 2424 1681 2477 Deo.

535 2516 664 2572 Car.
719 2530 832 2570 xtx.
876 2544 951 2556 —
992 2513 1073 2569 De
1106 2531 1166 2568 eo
1203 2514 1369 2637 ιιιιοίᾶ⁸
1391 2513 1575 2568 melior
1601 2513 1787 2568 divisio
1807 2529 1964 2585 quam
1994 2513 2103 2570 dis-

638 2606 669 2634 ο
1223 2600 1314 2637 cor
1352 2601 1426 2637 ia.

638 2606 669 2634 ο
1223 2600 1426 2638 carata.

607 2679 893 2750 Synodus:
934 2675 1123 2731 Melius
1152 2683 1236 2730 est
1259 2674 1514 2738 dividere,
1553 2688 1713 2743 quam
1760 2688 1972 2743 semper
1994 2674 2106 2729 dis-

536 2771 792 2827 cordare:
816 2766 1010 2823 divisio
1036 2766 1181 2820 enim
1219 2771 1438 2834 praestat
1451 2779 1658 2835 pacem,
1687 2763 1952 2818 discordia
1976 2778 2105 2821 vero

537 2862 787 2918 destruit.
2053 2874 2061 2883 ί

535 2956 665 3018 CAP.
694 2971 807 3011 xxt.
841 2983 914 2995 --
940 2952 1019 3008 De
1051 2959 1263 3023 quanto
1292 2947 1433 3023 male
1484 2957 1747 3023 metientur
1784 2957 2102 3017 prolectores

959 3016 1224 3092 infantum
1247 3021 1303 3074 in
1326 3016 1544 3072 ecclesia
1567 3017 1683 3071 Dei.

606 3115 856 3187 Synodus
889 3111 1238 3171 Hibernensis
1268 3128 1282 3164 :
1320 3108 1638 3178 Quicunque
1666 3107 1899 3164 infantes
1937 3108 1990 3163 in
2016 3123 2105 3164 ec-

535 3207 698 3263 clesia
725 3206 817 3260 Dei
846 3203 1136 3276 projicinnt
1170 3202 1450 3272 ignorante
1478 3199 1700 3266 abbate;
1736 3199 1783 3254 si
1809 3199 1867 3254 in
1895 3213 1960 3253 ea
1986 3199 2104 3268 epi-

536 3282 682 3368 scopi
705 3304 831 3352 sunt
867 3294 1086 3365 sepulti,
1134 3302 1230 3348 aut
1257 3300 1553 3363 praesentes
1586 3291 1714 3357 sint,
1760 3306 1822 3345 ιιι
1865 3290 2023 3346 annis
2050 3298 2105 3347 et

536 3388 757 3444 dimidio
771 3387 1085 3458 pceniteant.
1102 3385 1161 3441 Si
1184 3400 1311 3440 vero
1325 3384 1675 3441 homicidium
1689 3383 1743 3438 in
1766 3398 1829 3438 ea
1852 3382 2099 3448 fecerint,

534 3488 610 3533 vn
653 3477 811 3532 annis
846 3477 1158 3546 pmniteant.
1205 3474 1357 3531 Unde
1394 3474 1499 3530 hoc
1526 3483 1797 3545 sumptum
1828 3482 1929 3538 est,
1961 3475 2106 3544 quod

533 3572 816 3641 episcopus
847 3584 923 3625 vit
964 3568 1164 3640 gradus
1204 3568 1384 3631 habet,
1412 3574 1468 3622 et
1494 3566 1734 3623 Ecclesia
1777 3566 2106 3635 septiformis

534 3670 620 3718 est
646 3678 660 3716 :
684 3660 730 3716 si
765 3676 896 3716 vero
922 3676 1028 3716 non
1057 3659 1342 3715 habuerint
1367 3659 1668 3729 episcopos,
1695 3659 1791 3714 sed
1837 3674 2002 3729 parva
2033 3659 2107 3714 sit

535 3752 784 3816 ecclesia,
805 3766 948 3807 anno
977 3759 1034 3806 et
1057 3750 1280 3806 dimidio
1304 3750 1621 3820 pmniteant.

607 3843 737 3899 CAP.
768 3857 904 3896 χχιι.
931 3868 1003 3881 -—-
1026 3840 1099 3894 De
1131 3840 1418 3909 infantibus
1446 3840 1501 3894 in
1525 3839 1739 3894 ecclesia
1767 3838 2031 3911 profectis.

604 3932 806 3987 Eadem
836 3929 951 3984 ait:
982 3928 1148 3983 Filius
1187 3929 1379 3985 allatus
1415 3945 1604 3984 servus
1627 3940 1710 3985 est
1736 3928 1992 3997 ejusdem,
2023 3932 2107 3985 ni-

536 4023 584 4081 si
623 4020 970 4092 depretiatur,
993 4035 1093 4075 nec
1118 4036 1259 4076 noxa
1289 4019 1406 4088 ejus
1428 4023 1717 4078 maculabit
1742 4024 2028 4078 ecclesiam
2058 4024 2104 4079 si

534 4122 821 4186 protervus
850 4111 939 4175 sit,
972 4111 1018 4166 si
1053 4119 1233 4166 tamen
1267 4110 1585 4179 inquantum
1609 4112 1750 4166 valet
1781 4113 2105 4184 corripuerit

536 4207 678 4263 illius
699 4206 893 4261 allatus
917 4203 1160 4260 ecclesia:
1185 4218 1201 4257 :
1239 4204 1284 4259 si
1310 4202 1454 4258 intra
1474 4218 1504 4259 c
1527 4203 1644 4259 dies
1668 4206 1737 4260 ab
1760 4219 1823 4259 ea
1849 4205 2106 4261 discesse-

534 4300 626 4364 rit,
660 4297 861 4353 nullam
897 4302 1217 4367 potestatem
1260 4294 1494 4358 habebit,
1522 4294 1616 4350 sed
1661 4296 1728 4351 ad
1754 4296 2104 4351 nutrientium

2208 2080 2366 2151 gandi
2391 2088 2444 2134 et
2470 2078 2738 2146 solvendi,
2773 2085 2830 2132 et
2859 2076 3027 2133 libera
3071 2084 3173 2142 est,
3205 2085 3263 2130 et
3310 2075 3637 2144 unusquisque
3671 2072 3714 2124 iu

2208 2186 2329 2226 eam
2352 2169 2562 2225 debitor
2586 2177 2689 2223 est.

2209 2263 2338 2319 Car.
2371 2278 2516 2316 xxvi.
2540 2291 2610 2301 —
2632 2260 2709 2316 De
2733 2259 2967 2342 Ecclesia
2987 2259 3206 2342 degente
3224 2264 3316 2313 sub
3350 2274 3494 2312 censu
3517 2272 3605 2310 non
3627 2256 3713 2312 sold

2780 2340 2926 2385 vente
2949 2340 3177 2384 vinctum
3184 2367 3198 2382 .

2278 2424 2478 2480 Eadem
2505 2422 2742 2494 synodus
2766 2440 2780 2475 :
2819 2421 2878 2477 Si
2905 2420 3147 2476 Ecclesia
3177 2421 3278 2476 sub
3313 2434 3468 2475 censu
3494 2420 3614 2489 regis
3633 2418 3705 2472 dc-

2207 2515 2402 2589 guerit,
2424 2523 2479 2569 et
2508 2513 2867 2569 mundialibus
2892 2512 3213 2582 quibusdam
3234 2510 3441 2566 funibus
3466 2509 3706 2565 constricta

2207 2607 2295 2669 sit,
2330 2619 2437 2659 non
2464 2611 2547 2658 est
2576 2602 2734 2673 digna
2767 2602 2976 2656 solvere
3001 2600 3274 2667 vinctum;
3305 2614 3422 2654 nam
3448 2598 3490 2653 si
3513 2596 3704 2660 solverit,

2207 2697 2394 2754 reddet
2420 2696 2598 2751 debita
2624 2693 2939 2749 delictorum
2969 2690 3105 2760 ejus.

2206 2789 2336 2845 Car.
2376 2802 2545 2842 xxvii.
2580 2813 2651 2823 —-
2678 2770 2762 2836 ‘De
2804 2782 3039 2837 libertate
3074 2780 3324 2835 Ecclesia:
3357 2776 3595 2833 catholica
3622 2786 3703 2829 non

2612 2853 2851 2908 reddente
2876 2852 3049 2906 debita
3073 2851 3349 2906 malorum.

2277 2947 2476 3003 Eadem
2514 2945 2750 3016 synodus
2781 2960 2796 2996 :
2844 2941 2962 2997 Non
2998 2941 3190 2996 reddet
3232 2938 3459 2994 Ecclesia
3489 2938 3538 2991 in
3574 2934 3705 2988 tribu-

2130 3070 2178 3136 ο
2208 3040 2408 3095 latione
2444 3036 2637 3094 delicta
2686 3034 2933 3090 aliorum.
2965 3032 3120 3088 Sicut
3166 3047 3271 3088 non
3315 3030 3514 3087 venient
3550 3025 3701 3083 delicta

2207 3133 2511 3187 dmmonum
2558 3142 2724 3197 super
2768 3127 2938 3181 Deum
2964 3134 3059 3180 aut
3098 3125 3321 3197 angelos
3368 3121 3500 3191 ejus;
3530 3120 3596 3173 sic
3617 3131 3699 3170 non

2207 3224 2422 3279 venient
2457 3218 2651 3275 delicta
2684 3218 3044 3273 membrorum
3069 3216 3268 3271 diaboli
3313 3229 3464 3281 super
3505 3207 3696 3264 membra

2203 3313 2429 3378 Christi,
2451 3312 2506 3367 id
2520 3318 2606 3367 est
2623 3323 2786 3380 super
2796 3319 3031 3372 sanctos,
3054 3321 3158 3361 nec
3168 3306 3527 3361 monachorum
3539 3298 3697 3367 fugien-

2206 3406 2338 3459 tium
2367 3404 2435 3458 ab
2456 3402 2722 3467 Ecclesia;
2753 3413 2927 3469 neque
2952 3398 3353 3468 peregrinorum
3385 3393 3694 3465 pessimorum.

2205 3509 2381 3564 neque
2426 3508 2613 3549 eorum
2653 3491 2747 3560 qui
2790 3489 3063 3559 jaciuntur
3106 3502 3269 3558 super
3305 3483 3542 3545 Ecclesia,
3567 3480 3611 3534 id
3635 3483 3698 3530 est

2206 3585 2550 3640 collectorum
2610 3583 2901 3645 malorum,
2952 3591 3054 3634 nec
3098 3577 3465 3647 cognationum
3504 3568 3699 3626 mundia-

2204 3677 2366 3741 lium;
2414 3675 2507 3729 βω
2538 3671 2837 3728 mundiales
2882 3670 3073 3726 delicta
3117 3670 3344 3724 aliorum
3390 3661 3694 3721 mundialium,

2206 3782 2325 3836 qum
2372 3764 2758 3819 commiserunt
2799 3763 2853 3817 in
2899 3760 3160 3824 Ecclesia,
3196 3758 3440 3815 Ecclesia:
3476 3753 3692 3809 reddeat:

2204 3856 2453 3913 similiter
2468 3854 2594 3909 mali
2616 3852 2800 3907 fratris
2824 3852 3077 3907 delictum
3104 3867 3213 3906 non
3238 3846 3503 3904 maculabit
3522 3843 3695 3896 fratrem

2206 3947 2513 4016 religiosum
2546 3944 2659 3999 sive
2689 3941 3057 4012 spiritualiter,
3088 3942 3205 3997 sive
3232 3937 3545 3995 mundialiter
3565 3929 3694 3987 iude-

2206 4036 2333 4091 licto
2361 4035 2476 4105 ejus
2504 4034 2793 4089 reddendo.

2205 4123 2334 4179 CAP.
2364 4138 2552 4177 xxvut.
2589 4151 2662 4162 --
2689 4121 2768 4175 De
2806 4121 2988 4175 ordine
3028 4120 3204 4175 delicti
3252 4117 3422 4189 fratris
3468 4106 3692 4185 peccantis.

2276 4214 2475 4268 Eadem
2502 4212 2737 4283 synodus
2763 4227 2776 4264 :
2805 4211 3046 4265 Primum
3074 4211 3325 4266 delictum
3346 4198 3691 4268 uniuscujIIS‘luc

2207 4301 2332 4358 mali
2361 4300 2595 4357 hominis
2616 4301 2795 4354 veniet
2816 4314 2980 4370 super
3002 4299 3351 4354 substantiam
3373 4307 3509 4350 suam
3544 4296 3588 4343 et
3624 4298 3692 4352 pc-

504 4442 511 4449 ε
527 4388 617 4458 jus
638 4387 964 4459 pertinebit:
994 4386 1038 4442 si
1071 4387 1299 4442 ecclesia
1329 4388 1610 4457 pecuniam
1634 4390 1925 4460 sumpserit
1944 4405 1975 4444 a
2012 4407 2106 4461 pa-
2135 4411 2182 4472 υ
2206 4406 2333 4448 cora
2373 4406 2469 4445 sua
2494 4408 2506 4443 :
2537 4390 2830 4445 secundum
2872 4390 2919 4444 si
2964 4405 3073 4444 non
3122 4388 3362 4444 habuerit
3401 4375 3689 4439 substantiam

535 4481 776 4536 rentibus
822 4480 1371 4548 inquantumcumque
1412 4476 1765 4533 nutrientium
1808 4495 1958 4536 more
2008 4496 2103 4551 pa—
2135 4467 2169 4472 ⁷
2206 4491 2301 4537 aut
2324 4498 2519 4553 pecora
2551 4480 2729 4537 veniet
2770 4496 2930 4551 super
2970 4482 3214 4551 regiones
3249 4494 3393 4543 suas;
3434 4474 3474 4529 si
3513 4485 3598 4524 non
3621 4467 3690 4519 111‘

538 4583 747 4627 rentum
774 4572 877 4626 erit
906 4570 1080 4625 ﬁlius:
1111 4570 1157 4625 si
1194 4568 1371 4625 infans
1395 4578 1637 4626 mortuus
1667 4569 1828 4625 fuerit
1862 4586 1960 4642 per
2007 4587 2103 4627 ne-

534 4663 862 4735 gligentiam,
886 4677 961 4717 vn
990 4661 1147 4717 annis
1179 4661 1496 4731 pmniteant,
1520 4662 1646 4731 quia
1686 4662 1960 4718 Christum
2009 4680 2104 4718 ne-

534 4760 810 4809 caverunt.
851 4752 987 4807 Hinc
1015 4751 1104 4805 alii
1127 4750 1389 4819 iudicant,
1420 4760 1479 4806 ut
1500 4767 1572 4806 vn
1605 4752 1762 4808 annis
1803 4753 2104 4822 pmniteant

533 4845 625 4913 qui
648 4842 878 4898 infantes
894 4841 1210 4912 projiciunt;
1238 4850 1297 4895 ut
1325 4851 1586 4911 quantum
1609 4843 1808 4913 malum
1832 4843 2104 4897 inﬁxerint

535 4936 589 4988 in
616 4932 855 4988 Ecclesia
878 4932 997 4998 Dei,
1028 4939 1236 4985 tantum
1259 4931 1544 5000 accipiant.

532 5023 664 5081 CAP.
692 5038 845 5078 xxtn.
866 5048 940 5063 --
966 5021 1043 5076 De
1070 5021 1416 5092 querentibus
1450 5021 1695 5091 pecunias
1729 5020 2100 5090 vituperandis.

606 5111 854 5185 Synodus
894 5126 911 5165 :
960 5110 1063 5179 Qui
1103 5110 1385 5165 facultates
1426 5110 1817 5165 ecclesiasticas
1860 5111 2101 5165 subsidio

534 5204 659 5260 vita:
685 5211 1012 5275 congregant
1042 5203 1143 5258 sub
1170 5202 1384 5257 nomine
1410 5201 1810 5267 miseﬁcordize,
1842 5201 1997 5255 tollat
2034 5202 2103 5256 ab

536 5296 616 5349 eis
656 5294 969 5358 auctoritas,
1021 5293 1069 5349 si
1122 5293 1391 5348 neminem
1429 5294 1761 5364 captivorum
1812 5294 2102 5348 redemisse

535 5383 976 5452 comperiuutur:
1005 5390 1062 5439 et
1100 5382 1245 5452 quod
1279 5383 1651 5453 acquisierint,
1680 5384 1736 5437 in
1783 5382 2103 5453 redemptio-

456 5508 459 5511 λ
537 5484 661 5526 nem
682 5474 1011 5542 captivorum
1040 5472 1417 5540 distribuatur;
1452 5482 1507 5529 et
1534 5474 1694 5529 alieni
1725 5490 1758 5529 a
1786 5472 2103 5531 Christianis

537 5560 689 5625 ﬁant,
713 5564 882 5618 donec
904 5565 1276 5634 pmnitentiam
1300 5566 1460 5621 trium
1488 5582 1753 5622 annorum
1775 5576 1955 5639 agant.

607 5655 906 5711 Patricius:
940 5655 999 5711 Si
1033 5658 1153 5727 quis
1179 5657 1600 5729 redemptiOnem
1632 5660 1831 5728 captivi
1878 5661 2103 5731 inquisi-

2204 4573 2380 4629 buerit
2409 4573 2702 4643 regionem,
2742 4572 2922 4627 veniet
2943 4586 3105 4641 super
3133 4586 3310 4642 regem
3330 4580 3469 4623 suum
3498 4577 3511 4615 :
3548 4558 3585 4613 si
3611 4568 3688 4608 ιιυιι

2204 4667 2454 4721 habuerit
2486 4680 2665 4735 regem
2685 4703 2700 4728 ,
2751 4665 2930 4718 veniet
2965 4644 3127 4734 super
3154 4680 3274 4719 eum
3300 4660 3385 4730 qui
3416 4668 3543 4710 arma
3564 4644 3687 4704 dedit.

2202 4765 2257 4837 et
2278 4756 2594 4809 vestimenta
2619 4754 2764 4809 illius
2791 4754 2884 4823 qui
2913 4753 3162 4809 delictum
3182 4752 3331 4815 fecit;
3354 4748 3429 4802 sin
3463 4755 3585 4801 vero,
3621 4748 3689 4837 po-

2204 4828 2405 4903 stremo
2431 4847 2608 4903 veniet
2635 4860 2795 4916 super
2819 4845 2970 4900 illum
2994 4846 3087 4915 qui
3133 4844 3328 4900 cibavit
3360 4839 3509 4897 illum.
3550 4838 3595 4884 ει
3633 4828 3688 4875 IL“

2203 4949 2349 4993 ctum
2371 4938 2534 4994 dedit.
2568 4937 2627 4992 Si
2653 4951 2781 4992 vero
2804 4936 2940 4990 nihil
2966 4937 3033 4990 de
3054 4936 3139 4993 his
3165 4933 3404 4991 omnibus
3427 4919 3682 4981 inveniatur,

2202 5038 2258 5084 et
2301 5029 2577 5097 delinquat
2617 5030 2674 5083 in
2713 5028 2963 5094 ecclesia,
3010 5033 3331 5098 qumratura
3370 5030 3483 5086 rege
3503 5008 3683 5068 tuatim“

2202 5122 2492 5191 provincia:
2523 5122 2575 5175 in
2594 5137 2698 5190 qua
2724 5128 2809 5175 est
2830 5121 3058 5175 ecclesia
3091 5121 3231 5174 ista-

2202 5189 2329 5269 Car.
2384 5227 2531 5265 xxix.
2575 5189 2647 5251 -ξ-
2696 5211 2771 5264 De
2815 5210 2970 5280 culpa
3014 5220 3333 5280 peccatorum
3388 5214 3476 5254 non
3511 5189 3680 5247 seriem

2447 5298 2602 5350 super
2629 5281 2946 5344 Ecclesium,
2983 5280 3184 5334 etiamsi
3210 5282 3377 5347 pascat
3401 5284 3493 5322 eos.

2274 5377 2521 5447 Synodus
2553 5377 2741 5432 eadem
2767 5390 2783 5428 :
2816 5374 2874 5429 Si
2894 5374 3129 5430 Ecclesia
3149 5369 3348 5428 dederit
3367 5365 3520 5421 cibum
3536 5350 3673 5447 illiilli

2201 5446 2456 5523 delictum
2484 5466 2689 5531 fecerit,
2713 5482 2820 5522 non
2854 5466 3032 5520 veniet
3066 5464 3308 5520 delictum
3347 5452 3458 5511 mali

2200 5579 2362 5634 super
2391 5562 2686 5617 Ecclesium
2721 5568 2940 5630 propter
2969 5559 3147 5614 cibum
3188 5556 3357 5611 datum
3393 5545 3451 5599 ab
3492 5531 3669 5634 Eccleiift

2205 5627 2348 5712 malo
2372 5653 2595 5720 homini,
2624 5627 2749 5723 quia
2769 5627 3015 5709 columba
3042 5665 3164 5707 vera
3185 5656 3290 5713 est;
3317 5633 3524 5698 columba
3539 5627 3669 5681 autem
