4020 6170
361 277 482 329 1301

1236 256 1551 349 annonas
1588 274 1874 331 semen
1912 271 2003 326 ex
2043 270 2347 341 ANTIQUA
2387 236 2721 331 coLLEC'r.

3480 279 3497 331 Ι
3507 280 3616 334 5οἳ

347 405 456 441 non
484 402 597 440 ειυς
632 393 839 439 tantum
865 384 1026 454 pullis
1047 385 1445 449 ministrat,sed
1465 386 1716 442 omnibus
1738 385 1927 451 avibus
1955 385 2003 444 Α
2028 383 2134 439 loci
2157 395 2348 447 erunt:
2383 396 2438 441 et
2475 374 2735 457 quidquid
2775 386 2889 457 ipse
2932 385 3299 443 laborantibus
3338 386 3613 457 impende-

344 497 368 527 τι
381 474 716 545 parientibus
749 489 813 529 os
843 490 1000 530 suum
1032 490 1047 528 :
1090 475 1163 529 ita
1188 475 1443 531 omnibus
1469 475 1635 530 servit
1666 472 1925 537 Ecclesia.

352 565 576 619 tinnitu)
626 564 872 620 dicente:
904 562 1084 618 Estote
1126 562 1339 633 perfecti
1383 564 1518 617 sicut
1566 572 1714 632 pater
1767 572 1932 615 vester

360 654 564 708 mlestis
602 653 858 724 perfectus
887 661 961 706 est
990 669 1007 706 :
1036 654 1124 723 qui
1157 652 1317 707 solent
1342 669 1496 707 suum
1522 652 1651 706 oriri
1691 652 1818 721 facit
1842 667 1931 705 su-

340 759 437 810 per
463 743 624 798 bonos
648 751 694 797 et
724 741 920 807 malos,
951 759 1109 812 super
1134 742 1312 811 justas
1346 751 1393 796 et
1435 741 1658 809 iniustos
1699 739 1925 811 (Matth.

352 850 400 897 v,
427 833 500 890 45

348 926 476 982 Car.
508 942 636 981 xxx.
670 955 739 968 —
766 925 843 980 De
871 925 1224 980 mundialibus
1282 942 1384 979 non
1418 924 1724 994 jurantibus
1771 940 1929 994 super

804 996 1030 1053 discesso
1038 1013 1142 1050 rem
1184 995 1454 1050 Ecclesirr.

418 1087 668 1158 Synodus
688 1088 875 1143 eadem
908 1104 921 1140 :
954 1086 1201 1141 Defendit
1234 1099 1291 1139 se
1330 1084 1569 1139 Ecclesia
1609 1084 1772 1139 etiam
1807 1091 1929 1152 post

346 1177 550 1233 obitum
607 1176 907 1247 principum
959 1190 1199 1239 suorum,
1240 1181 1295 1228 et
1345 1188 1451 1229 non
1504 1170 1720 1241 iuratur
1767 1186 1930 1241 super

347 1267 514 1332 illam,
545 1267 600 1322 id
624 1274 706 1321 est
734 1280 897 1337 super
920 1265 1272 1327 discessorcs,
1299 1263 1424 1339 quia
1456 1261 1573 1317 viva
1604 1270 1729 1317 suut
1765 1262 1927 1315 verba

345 1358 582 1413 illorum.
620 1355 734 1417 Hoc
762 1354 1009 1425 exemplo
1045 1363 1249 1410 sancire
1278 1352 1568 1423 Scriptum:
1603 1368 1615 1405 :
1651 1350 1719 1405 Et
1752 1362 1926 1421 patres

342 1445 510 1501 nostri
542 1453 884 1498 narrarerunt
912 1443 1092 1507 nobis;
1123 1458 1228 1495 non
1263 1449 1383 1495 sunt
1411 1438 1672 1493 occultata
1716 1456 1750 1492 a
1797 1438 1927 1508 ﬁliis

341 1551 525 1591 eorum
550 1533 726 1605 (Psal.
756 1549 959 1599 Lxxvu,
984 1532 1064 1606 i).
1101 1534 1165 1587 Et
1202 1531 1292 1587 illa
1314 1528 1464 1599 jurat
1492 1544 1655 1601 super
1683 1536 1927 1583 mortuos

344 1627 665 1694 mundiales,
693 1634 749 1682 et
790 1626 912 1682 ideo
957 1641 1066 1682 non
1109 1623 1327 1694 iuratur
1383 1638 1545 1694 super
1590 1622 1766 1688 illam,
1798 1622 1926 1693 quia

344 1720 511 1776 libera
532 1727 637 1785 est,
656 1727 716 1775 et
742 1734 850 1776 non
878 1718 1233 1790 ergastulum.

866 1809 961 1865 EX
994 1808 1198 1865 ΜΒΒο
1236 1808 1393 1864 XL“.

985 1915 1051 1955 ns
1088 1914 1258 1955 cocrs.
1674 1946 1685 1957 ,

341 1992 468 2047 Car.
496 2008 538 2046 ι.
563 2020 636 2032 -
662 1989 741 2046 De
773 1988 989 2045 ecclesia
1025 1990 1092 2043 ab
1130 1987 1432 2057 inﬁdelibus
1481 2003 1586 2041 non
1621 1986 1921 2057 fundanda.

411 2081 703 2153 Synodus:
740 2079 940 2151 Siquis
965 2080 1244 2150 ingressus
1272 2076 1435 2132 fuerit
1475 2076 1668 2139 locum,
1698 2091 1808 2133 non
1855 2075 1925 2131 ab

340 2174 646 2229 inﬁdelibus
686 2181 780 2227 aut
819 2188 850 2227 a
896 2171 1080 2229 laicis.
1120 2170 1215 2225 sed
1262 2169 1330 2224 ab
1381 2166 1621 2223 Ecclesia
1668 2165 1927 2227 {tundatur

342 2264 591 2320 ecclesia.

340 2352 471 2409 Car.
520 2366 604 2407 ut.
648 2380 721 2392 —
755 2349 835 2404 De
879 2349 1221 2473 fundametuo
1267 2345 1502 2403 ecclesia:
1527 2346 1593 2401 ab
1624 2343 1923 2401 inﬁdelibus

1007 2436 1162 2473 accep
1187 2435 1239 2472 0.

1007 2435 1239 2489 accepto.

410 2512 662 2583 Synodus
684 2511 760 2569 ait
788 2527 801 2564 :
830 2509 1147 2578 Quicunque
1174 2509 1407 2565 mdilicat
1435 2507 1743 2575 ecclesiam,
1770 2505 1814 2561 si
1855 2506 1923 2560 ab

339 2601 648 2658 inﬁdelibus
685 2599 914 2669 accipiat
936 2598 1379 2662 fundamentum,
1410 2606 1672 2657 convocet
1710 2596 1919 2669 episco-

340 2710 467 2767 pum
494 2701 549 2751 et
573 2693 835 2757 seniores,
865 2701 923 2748 et
950 2692 1195 2747 ﬁrmetur
1218 2691 1491 2765 epi'scOpo,
1512 2698 1568 2745 et
1605 2689 1786 2751 ﬁrmet
1811 2687 1923 2758 epi-

339 2798 535 2853 scopus
558 2783 611 2837 in
636 2782 963 2838 oblationem
986 2782 1098 2836 Deo
1125 2790 1181 2837 et
1215 2781 1456 2837 advenis.

340 2876 468 2934 CAP.
500 2873 727 2930 Iv.—De
748 2873 1136 2928 conversatione
1158 2872 1373 2927 advenae
1390 2869 1703 2941 accipientis
1726 2868 1917 2923 locum.

410 2965 660 3037 Synodus
714 2963 933 3018 Patricii
992 2963 1123 3017 dicit
1178 2961 1375 3034 (Inter
1419 2960 1613 3031 Opusc.
1668 2959 1915 3024 Patricii,

332 3075 460 3130 pag.
489 3056 560 3112 45
582 3066 631 3112 et
684 3055 828 3127 124)
872 3070 897 3131 Δε
944 3054 1003 3149 Si
1040 3055 1163 3149 quis
1192 3054 1401 3111 advena
1446 3054 1724 3149 ingressus
1759 3052 1922 3113 fuerit
1949 3083 1997 3149 Ω

341 3150 393 3204 in
428 3149 654 3219 plebem,
678 3163 786 3202 non
816 3155 942 3209 ante
970 3146 1236 3216 baptizet,
1264 3161 1367 3201 nec
1408 3145 1623 3211 oll'erat,
1644 3161 1750 3207 nec
1793 3160 1924 3202 con-

340 3247 537 3302 secret,
567 3252 671 3292 nec
700 3236 929 3291 aediﬁcet
968 3235 1274 3300 ecclesiam,
1300 3234 1472 3289 donec
1509 3233 1924 3305 permissionem

337 3330 536 3399 accipit
560 3330 628 3383 ab
648 3328 902 3397 episcopo
929 3324 1071 3380 illius
1093 3324 1418 3394 provinciae;
1451 3325 1596 3394 quod
1616 3322 1923 3392 exemplmn

338 3418 659 3476 humilitatis
709 3426 792 3473 est
835 3435 848 3471 :
906 3431 1031 3471 nam
1075 3414 1167 3484 qui
1205 3423 1387 3483 sperat
1421 3415 1491 3469 ab
1537 3412 1862 3475 inﬁdelibus,
1893 3427 1923 3465 a

338 3508 491 3564 laicis
536 3517 591 3563 et
641 3524 747 3563 non
796 3508 864 3563 ab
922 3506 1174 3577 episcopo
1233 3504 1644 3575 permissionem
1700 3503 1923 3572 accipit,

337 3601 544 3656 alienus
564 3607 668 3655 est.

336 3693 468 3748 CAP.
494 3708 549 3745 v.
571 3721 645 3733 —
664 3690 743 3745 De
767 3691 968 3745 advena
989 3706 1092 3743 non
1121 3687 1320 3743 valente
1345 3695 1519 3741 tenere
1545 3684 1720 3738 locum
1744 3699 1919 3737 sm.

414 3781 664 3854 Synodus
691 3779 1038 3836 Hibernensis
1068 3779 1142 3833 ait
1175 3795 1188 3833 :
1220 3778 1432 3833 Placuit
1456 3784 1518 3830 ut
1543 3774 1746 3829 advena
1778 3773 1923 3828 acci-

338 3873 451 3948 piat
484 3872 660 3927 locum
696 3872 837 3926 inter
867 3868 1229 3934 mormsteria;
1291 3882 1414 3921 cum
1462 3876 1590 3919 vero
1637 3863 1820 3918 datum
1872 3862 1922 3917 ei

339 3965 515 4023 locum
545 3966 790 4021 obtinere
812 3980 920 4019 non
956 3962 1213 4033 potuerit,
1242 3961 1309 4015 ad
1340 3975 1500 4017 suum
1530 3958 1921 4014 metiasterium

338 4065 640 4116 revertetur
666 4056 806 4111 unde
832 4063 1075 4113 venerat.
1101 4053 1158 4111 Si
1184 4054 1252 4108 ab
1289 4051 1593 4107 inﬁdelibus
1626 4049 1841 4118 accipit,
1870 4056 1925 4103 et

238 4138 253 4145 “
339 4165 448 4204 non
474 4147 650 4218 potuit
671 4146 935 4211 obtinere,
964 4145 1195 4216 accipiat
1220 4142 1451 4214 pretium
1490 4138 1607 4208 ejus
1648 4140 1717 4193 ab
1760 4139 1922 4193 here-

340 4239 528 4302 dibus;
557 4236 677 4291 aliis
698 4251 827 4291 vero
849 4235 1009 4292 vendi
1038 4251 1143 4290 non
1173 4234 1391 4306 poterit.
1430 4232 1488 4288 Si
1514 4234 1569 4287 in
1610 4248 1676 4288 eo
1713 4232 1925 4302 planta-

340 4328 480 4382 verit
509 4327 764 4396 reliquias
785 4335 1096 4380 sanctorum
1115 4366 1129 4389 ,
1158 4332 1338 4399 potest
1366 4324 1497 4379 dare
1525 4323 1647 4378 aliis
1688 4322 1919 4388 clericis,

339 4422 434 4476 scd
465 4427 677 4477 tantum
702 4415 979 4488 perfectis.

340 4532 469 4588 Car.
496 4547 569 4586 vl.
597 4560 668 4570 —
705 4528 782 4581 De
807 4543 867 4581 eo
929 4526 983 4579 ui
1022 4526 1112 4578 dat
1161 4524 1331 4579 locum
1385 4522 1573 4585 alicui,
1603 4522 1649 4575 si
1695 4520 1921 4588 separati

649 4598 871 4650 fuerint.
894 4543 991 4650 χοε
1023 4595 1177 4649 modo
1211 4594 1611 4650 separabantur.

647 4598 871 4669 fuerint,
894 4594 991 4651 hoc
1023 4595 1177 4649 modo
1211 4594 1611 4665 separabantur.

413 4689 761 4745 llibernensis
818 4686 1056 4758 synodus
1103 4700 1117 4738 :
1168 4684 1392 4753 Oportet
1437 4690 1497 4737 ut
1538 4683 1790 4752 princeps
1832 4679 1924 4748 qui

341 4780 578 4848 scipsum
607 4794 715 4833 non
737 4777 900 4839 dedit,
929 4783 1023 4829 aut
1054 4788 1176 4837 sua,
1199 4772 1293 4827 sed
1320 4777 1528 4824 tantum
1559 4766 1798 4823 servabit
1836 4781 1927 4821 ec-

340 4871 539 4935 clesiae,
573 4872 619 4926 si
648 4869 851 4939 eiectus
878 4867 1059 4933 fuerit,
1097 4874 1190 4922 aut
1236 4863 1467 4919 voluerit
1505 4860 1824 4924 abscedere,
1850 4860 1927 4917 di-

342 4963 525 5017 mittat
554 4961 835 5016 dimidinm
879 4959 1104 5015 seminis
1148 4956 1202 5011 in
1242 4953 1533 5026 pecoribus
1580 4950 1845 5013 ecclesia,
1874 4957 1929 5004 et

342 5054 488 5124 quod
508 5053 557 5107 ei
584 5053 767 5108 datum
791 5052 1062 5121 relinquat
1087 5049 1368 5107 intactum,
1394 5045 1499 5100 nisi
1522 5045 1667 5114 quod
1697 5042 1926 5100 necessi-

344 5153 428 5199 tas
445 5142 549 5199 loci
578 5143 722 5198 illius
750 5141 993 5212 exegerit
1016 5140 1089 5194 ab
1117 5154 1183 5194 eo
1202 5178 1217 5202 ,
1240 5147 1295 5191 et
1325 5137 1469 5207 quod
1513 5149 1698 5190 secum
1746 5134 1929 5190 intulit

345 5234 516 5289 tollat.
543 5234 601 5289 Si
633 5233 747 5303 ipse
774 5230 1184 5288 dominatricem
1209 5236 1303 5287 aut
1338 5227 1619 5282 ministros
1650 5225 1924 5289 conduxit,

344 5327 398 5381 in
420 5342 517 5382 sua
546 5335 700 5398 parte
727 5335 887 5382 erus
913 5344 927 5380 :
951 5325 999 5380 si
1021 5340 1152 5380 vero
1180 5338 1342 5380 causa
1370 5322 1472 5378 loci
1502 5321 1779 5386 conduxit,
1805 5336 1929 5375 cum

344 5424 498 5487 parte
525 5416 631 5474 loci
664 5418 889 5479 exibunt
925 5430 940 5469 :
978 5424 1034 5471 et
1064 5431 1254 5469 omnes
1286 5413 1589 5469 (timuimus
1630 5412 1928 5467 alienorum

346 5508 487 5562 inter
530 5508 828 5579 principem
865 5514 919 5567 et
944 5506 1229 5563 ecclesiam
1272 5504 1581 5563 dividentur
1618 5503 1672 5557 in
1716 5518 1930 5573 separa-

345 5598 491 5653 tione
517 5614 531 5652 :
558 5597 652 5653 sed
680 5599 724 5653 si
752 5597 1003 5669 princeps
1028 5598 1283 5653 sacerdos
1308 5594 1607 5651 catholicus
1630 5595 1718 5661 sit,
1741 5609 1930 5649 omnes

349 5689 446 5745 hos
471 5691 682 5747 labores
714 5706 849 5761 quos
872 5689 958 5747 ille
981 5689 1130 5749 fecit.
1166 5697 1223 5742 ot
1251 5687 1431 5743 nuntia
1464 5685 1563 5741 loci
1593 5692 1932 5750 ornamenta,

2033 474 2106 529 rit
2132 475 2199 529 de
2223 475 2523 533 substantia
2549 475 2653 533 loci
2680 491 2786 533 non
2822 475 3037 537 reddet,
3058 475 3298 544 exceptis
3318 476 3477 532 rebus
3511 492 3616 533 ma-

2034 564 2194 621 ximis
2220 570 2277 620 et
2303 564 2566 635 propriis,
2594 565 2646 623 id
2693 574 2778 621 est
2813 563 3137 633 specialibus
3170 564 3412 620 ecclesia;
3448 582 3613 623 vasrs.

2031 653 2166 708 Aliis
2214 670 2345 708 vero
2395 655 2641 724 placuit,
2685 655 2829 726 quod
2871 654 2924 708 in
2982 670 3157 723 pnmo
3205 670 3347 709 anno
3397 656 3614 725 sparsit.

2032 746 2087 800 in
2114 748 2452 814 separatione
2476 763 2583 801 non
2608 748 2815 811 reddet,
2839 747 2965 817 quia
2987 761 3189 815 egenus
3212 744 3327 800 fuit.

2031 837 2159 892 Car.
2186 854 2263 892 ιι.
2293 870 2365 880 —
2391 837 2469 891 De
2492 838 2713 892 termino
2747 838 2912 891 sancti
2940 835 3039 890 loci
3065 836 3272 904 ignoto,
3304 836 3579 890 terminato

2529 924 2628 978 quc
2661 907 2827 961 tribus
2858 906 3110 976 personis.

2103 1000 2349 1073 Synodus
2372 999 2722 1055 Hiberuensis
2746 1012 2761 1051 :
2794 997 3079 1052 Terminus
3104 998 3272 1052 sancti
3297 997 3398 1050 loci
3420 998 3611 1051 habt-at
3708 1070 3713 1075 Α

2029 1092 2182 1161 signa
2204 1091 2351 1147 circa
2375 1104 2454 1145 se.
2978 1130 2991 1141 ,

2100 1181 2351 1251 Synodus
2402 1180 2533 1235 dicit
2582 1197 2594 1232 :
2656 1179 2975 1248 Ubicunque
3030 1176 3344 1235 mveneritis
3398 1175 3612 1244 signum

2028 1272 2208 1327 crucis
2237 1271 2459 1334 Christi,
2491 1285 2560 1325 ne
2592 1269 2858 1327 laeseritis.

2098 1362 2233 1419 Item
2278 1379 2290 1414 :
2327 1370 2437 1416 tres
2494 1376 2739 1430 personae
2784 1368 3107 1419 consecrant
3162 1357 3454 1421 terminum
3512 1356 3615 1412 loci

2027 1452 2232 1518 sancti;
2262 1467 2379 1516 rex,
2401 1452 2702 1521 cpiscopus,
2724 1449 2972 1525 populus.

2094 1566 2224 1624 Car.
2251 1584 2350 1622 xu.
2377 1598 2447 1607 —
2477 1566 2553 1621 De
2589 1583 2803 1621 numero
2837 1577 3179 1620 termtnorum
3211 1566 3381 1621 sancti
3416 1565 3537 1620 loci.

2099 1677 2347 1749 Synodus
2366 1678 2553 1732 eadem
2574 1686 2806 1747 mutuor
2829 1678 3091 1732 terminos
3115 1678 3257 1733 circa
3282 1678 3459 1732 locum
3492 1693 3614 1731 san-

1956 1732 2006 1801 Β
2028 1775 2173 1824 ctum
2198 1769 2378 1839 posuit
2405 1786 2417 1821 :
2445 1768 2675 1838 primum
2718 1769 2771 1823 in
2795 1784 2955 1837 quem
2984 1768 3106 1823 laici
3135 1776 3191 1822 et
3229 1768 3484 1823 mulieres
3524 1769 3611 1823 in-

2030 1866 2190 1921 trant,
2216 1857 2447 1911 alterum
2479 1859 2531 1911 in
2559 1873 2719 1927 quem
2751 1857 2932 1912 clerici
2962 1865 3169 1913 tantum
3198 1860 3441 1914 veniunt.
3489 1859 3608 1913 ['ri-

2026 1960 2147 2000 mus
2175 1954 2398 2000 vocatur
2422 1954 2660 2008 sanctus,
2688 1948 2956 2001 secundus
2977 1947 3234 2009 sanctior,
3265 1947 3459 2003 tertius
3486 1965 3609 2002 san-

2026 2036 2321 2091 ctissimus.
2359 2035 2494 2090 Nota
2527 2052 2720 2091 nmnen
2746 2047 2942 2108 quarto
2970 2039 3251 2093 defecisse.

2025 2147 2155 2204 ΟΜ).
2198 2163 2287 2202 xv.
2325 2179 2395 2189 —
2437 2147 2514 2203 De
2550 2150 2753 2203 decreto
2804 2149 3207 2207 Hibernensium
3256 2153 3311 2206 in
3355 2152 3611 2209 violandis

2698 2220 2949 2291 reliquiis.

2097 2326 2345 2397 Synodus
2393 2326 2744 2387 llibernensis
2787 2341 2802 2381 :
2842 2326 3160 2398 Quicunque
3199 2328 3451 2399 reliquias
3493 2329 3608 2399 cpi-

2024 2433 2308 2489 scoporum
2337 2418 2418 2474 vel
2445 2427 2745 2490 martyrum
2773 2420 3069 2479 homicidio
3098 2420 3396 2484 violaverit,
3413 2438 3486 2476 vu
3515 2438 3609 2476 an-

2025 2509 2109 2569 nis
2141 2510 2457 2580 peregrinus
2504 2510 2769 2579 pmniteat
2806 2528 2819 2564 :
2862 2511 2908 2567 si
2950 2527 3079 2568 vero
3130 2510 3303 2575 furto,
3332 2529 3391 2573 lu
3430 2512 3607 2571 annis.

2024 2599 2083 2654 Si
2125 2608 2306 2654 autem
2362 2600 2417 2654 in
2470 2600 2700 2656 termino
2750 2601 2852 2656 loci
2891 2603 3062 2657 sancti
3110 2602 3372 2658 occiderit.
3408 2603 3463 2660 iu
3504 2619 3611 2677 quo

2022 2688 2141 2744 laici
2168 2689 2525 2758 hospitantur,
2554 2706 2695 2749 anno
2732 2706 2841 2747 uno
2872 2708 2886 2746 :
2915 2691 3254 2763 indulgemus
3277 2707 3405 2761 vero
3427 2701 3608 2762 poste—

2023 2778 2165 2835 riora
2189 2787 2427 2853 tempora
2450 2795 2484 2837 ι.
2511 2779 2658 2853 dies;
2688 2781 2815 2857 quia
2851 2796 2957 2837 non
3002 2780 3151 2839 locus
3193 2791 3412 2841 sancms
3436 2781 3613 2838 dicen-

2023 2870 2124 2933 dus
2169 2881 2254 2929 est
2296 2873 2349 2927 iu
2380 2887 2540 2943 quem
2569 2862 2867 2931 homicida!
2890 2888 3012 2931 cum
3048 2873 3250 2953 spoliis,
3283 2872 3432 2930 fures
3486 2888 3611 2928 cum

2025 2967 2204 3035 furtis,
2231 2968 2463 3027 adulteri
2491 2977 2544 3027 et
2575 2965 2801 3049 periuri,
2831 2976 2886 3022 et
2922 2981 3230 3039 pulmones,
3262 2976 3318 3023 ct
3348 2966 3492 3039 magi
3522 2968 3607 3022 in-

2027 3068 2191 3125 traut.
2227 3061 2294 3115 Et
2327 3075 2436 3117 non
2459 3059 2634 3121 solum
2659 3057 2838 3119 omnis
2860 3058 3013 3117 locus
3034 3066 3256 3119 sanctus
3280 3058 3437 3113 debet
3464 3057 3611 3115 intus

2029 3150 2294 3215 mundari,
2317 3151 2412 3207 sed
2446 3158 2503 3206 et
2546 3148 2664 3225 ejus
2710 3149 2926 3209 termini
2973 3149 3064 3218 qui
3116 3148 3416 3217 consecrali
3460 3157 3607 3212 sunt,

2010 3241 2211 3317 mundi
2249 3255 2369 3298 esse
2413 3240 2633 3299 debent.

2023 3350 2153 3408 Car.
2193 3367 2305 3411 xvi.
2331 3381 2403 3391 ——
2429 3350 2503 3405 De
2539 3361 2687 3405 tanta
2715 3350 2951 3420 graviore
2977 3347 3272 3419 pollutione
3296 3350 3467 3407 sancti
3502 3348 3611 3403 loci

2412 3430 2607 3493 quanto
2632 3420 2808 3497 plures
2832 3420 2886 3475 in
2925 3436 2984 3475 eo
3023 3420 3212 3477 sancti.

2094 3530 2363 3587 Patricius
2389 3533 2465 3587 ait
2494 3546 2508 3585 :
2541 3531 2860 3601 Quicunque
2880 3531 3001 3591 diis.
3023 3531 3132 3591 hoc
3156 3539 3243 3589 est
3275 3531 3613 3602 martyribus

2023 3621 2276 3686 detrahit,
2306 3623 2416 3677 Deo
2463 3623 2730 3688 detrahit;
2772 3623 2957 3692 quanti
3009 3622 3154 3683 extim
3192 3635 3424 3690 euntque
3462 3636 3606 3675 mar-

2026 3720 2172 3782 tyres
2209 3714 2262 3766 in
2312 3728 2378 3768 eo
2410 3713 2614 3773 humati
2646 3720 2773 3773 sunt
2810 3712 2945 3776 loco,
2979 3720 3192 3773 tantum
3218 3712 3329 3766 Deo
3346 3711 3602 3766 detrahit.

2020 3823 2153 3879 Car.
2204 3837 2329 3877 xxv.
2367 3853 2437 3863 —
2476 3821 2553 3877 De
2597 3822 2993 3893 profanatione,
3038 3837 3134 3893 cur
3176 3821 3351 3875 carior
3394 3830 3611 3875 sanctus

2378 3891 2606 3964 sanguis
2629 3908 2789 3964 quam
2826 3903 3034 3946 sanctus
3069 3891 3251 3944 locus?

2097 4006 2345 4077 Synodus
2371 4023 2385 4059 :
2415 4036 2485 4045 —
2510 4004 2743 4077 Sang:.is
2769 4014 3068 4077 martyrum
3102 4013 3387 4058 consecrat
3406 4003 3607 4066 locum,

2024 4112 2130 4153 nun
2185 4098 2333 4153 locus
2377 4098 2713 4167 sanguinem.
2758 4095 2817 4151 Si
2872 4096 3067 4165 aliquis
3112 4095 3349 4150 dixerit;
3384 4096 3497 4152 Mea
3524 4103 3608 4150 est

2023 4190 2271 4253 ecclesia,
2307 4191 2454 4245 dices
2483 4189 2531 4244 ei
2565 4190 2706 4259 quod
2743 4189 2797 4243 in
2827 4186 3051 4243 Cantia'o
3100 4186 3295 4258 legitur
3326 4202 3342 4242 :
3383 4185 3427 4240 li
3435 4205 3501 4241 na
3534 4198 3610 4241 est

2024 4278 2263 4333 columba
2286 4295 2422 4345 mea,
2450 4289 2497 4332 et
2526 4296 2662 4332 unus
2685 4287 2761 4332 est
2798 4277 3017 4331 dilectus
3043 4293 3187 4331 meus
3219 4276 3396 4348 (Cant.
3425 4292 3501 4342 vr,
3528 4279 3608 4348 8).

2026 4368 2091 4422 Et
2114 4368 2260 4422 dices
2290 4367 2366 4421 illi
2397 4385 2409 4419 :
2452 4376 2635 4436 aptum
2662 4375 2746 4422 est
2774 4366 2940 4421 ﬁlium
2972 4368 3143 4422 occidi
3176 4367 3233 4421 in
3266 4368 3387 4422 sinu
3418 4369 3608 4423 matris

1943 4436 1999 4503 ι)
2024 4467 2081 4512 et
2104 4457 2333 4512 nutricis
2362 4473 2505 4523 sum;
2553 4468 2732 4513 tamen
2764 4460 2906 4514 scias
2944 4459 3210 4516 nutricem
3243 4469 3453 4516 tantum
3495 4462 3607 4532 pol-

2026 4550 2215 4621 lutam,
2243 4558 2298 4604 et
2321 4566 2420 4620 pro
2446 4550 2549 4604 hac
2571 4550 2866 4621 pollutione
2890 4559 3257 4617 consecratur,
3285 4551 3453 4607 ﬁlium
3480 4568 3607 4608 vero

2027 4650 2302 4696 mortuum
2332 4655 2473 4695 esse.

2097 4732 2229 4787 Item
2257 4730 2460 4787 Ouvius
2484 4731 2771 4803 episcopus
2811 4732 2982 4788 dicit:
3009 4733 3288 4804 Reliquias
3322 4749 3480 4789 nemo
3516 4750 3608 4805 po-

2029 4829 2134 4877 test
2176 4821 2445 4891 polluere,
2500 4836 2732 4892 quorum
2779 4823 2973 4879 animae
3012 4825 3219 4879 visione
3256 4824 3354 4879 Dei
3399 4824 3608 4878 satiatae

2028 4913 2317 4969 mundialis
2346 4913 2603 4969 oblivioni
2631 4915 2877 4982 tradunt;
2926 4916 3119 4971 animm
3144 4931 3270 4971 vero
3307 4926 3605 4985 martyrum

2029 5007 2127 5061 sub
2154 5023 2247 5060 ara
2279 5005 2371 5060 Dei
2414 5006 2651 5062 clamant
2701 5008 2963 5079 dicentes,
3035 5006 3253 5062 l’indica
3302 5010 3615 5078 saitguinem

2030 5106 2286 5163 nostrum,
2322 5105 2429 5153 etc.
2469 5097 2651 5172 (Apoc.
2684 5115 2760 5164 vl,
2786 5098 2895 5169 10).

2120 5208 2250 5264 Car.
2277 5224 2424 5262 xum.
2452 5208 2530 5263 De
2558 5210 2766 5264 nomine
2793 5209 3025 5264 basilica:
3050 5220 3097 5265 et
3121 5210 3240 5280 ejus
3263 5211 3513 5264 scissura.

2103 5318 2352 5390 Synodus
2373 5317 2723 5377 llilmmmsis
2748 5337 2760 5373 :
2796 5318 3255 5385 Basiliouﬁrzecc,
3281 5334 3372 5374 rex
3382 5316 3607 5377 Latine:

2032 5413 2156 5467 hinc
2180 5421 2235 5466 et
2256 5411 2495 5476 basilica,
2525 5411 2742 5482 regalis,
2766 5413 2890 5482 quia
2935 5414 2989 5468 in
3036 5414 3226 5484 primis
3268 5411 3607 5481 temporibus

2033 5517 2189 5572 reges
2210 5509 2417 5555 tantum
2441 5500 2837 5571 sepeliebantur
2856 5502 2908 5556 in
2937 5515 3019 5565 ea,
3051 5517 3245 5558 nomen
3272 5502 3463 5558 sortita
3488 5510 3607 5557 est:

2028 5608 2158 5647 nam
2196 5591 2379 5647 czeteri
2406 5590 2799 5673 bomines,sive
2827 5594 2958 5664 igni.
2987 5595 3103 5653 sive
3139 5610 3335 5652 acervo
3372 5593 3617 5671 lapidum

2034 5682 2234 5741 εωιὰὴὶ
2257 5692 2409 5742 sunt.
