4020 6170
300 298 439 357 1505

299 498 480 552 Petro.
509 495 691 549 Tertia
716 510 842 549 vero
872 495 1001 558 Deo,
1032 498 1090 547 ut
1114 493 1326 546 Domini
1352 502 1426 546 est
1456 500 1596 545 terra
1621 500 1669 545 et
1698 489 1869 561 pleni—

299 588 425 643 tudo
471 587 607 657 ejus,
634 594 739 640 etc.
786 584 1024 639 Tertiam
1051 591 1259 652 partem
1288 584 1398 637 Deo
1446 583 1603 645 dant;
1653 581 1872 635 tertiam

298 686 511 745 partem
539 677 653 747 regi
690 675 782 746 qui
830 675 967 745 regit
992 682 1049 728 et
1094 673 1245 728 fulcit
1271 672 1567 727 Ecclesiam
1597 687 1721 725 cum
1765 670 1875 725 Deo

300 778 354 823 et
378 766 705 823 hominibus.
738 765 804 818 Et
831 772 940 818 tres
959 764 1178 818 ordines
1197 763 1568 818 columnarum
1595 760 1649 814 in
1672 759 1872 828 templo

302 862 572 930 leguntur,
623 856 832 926 primus
877 854 1145 924 lignorum
1189 854 1307 908 sine
1345 853 1597 922 tegmine,
1647 852 1750 905 hoc
1794 858 1877 904 est

302 950 530 1019 subjecti
558 965 573 1004 :
606 947 872 1004 secundus
899 961 1023 1001 eum
1050 952 1291 1015 argento,
1342 944 1652 1014 signiﬁcans
1678 958 1833 1012 reges
1858 956 1873 996 :

303 1041 498 1095 tertius
526 1054 650 1094 cum
679 1052 830 1102 auro,
861 1036 1168 1107 significans
1193 1035 1464 1104 principes
1490 1034 1803 1089 catholicos.

300 1134 432 1187 CM‘.
464 1147 519 1185 v.
567 1118 643 1170 -Ῑ
682 1129 757 1182 De
778 1146 837 1183 eo
863 1128 1003 1199 quod
1043 1129 1177 1198 regis
1211 1137 1259 1181 et
1302 1127 1526 1198 episcopi
1557 1123 1775 1197 wqualis
1808 1125 1875 1178 sit

987 1214 1191 1251 εεηειιε.

373 1290 622 1360 Synodus
646 1285 997 1342 llibernensis
1038 1286 1152 1340 ait:
1184 1285 1371 1342 Omnis
1398 1284 1489 1354 qui
1517 1300 1680 1338 ausus
1716 1283 1877 1339 fuerit

303 1394 366 1433 ea
396 1393 516 1447 quae.
559 1386 686 1431 sunt
713 1376 859 1445 regis
901 1384 996 1429 aut
1022 1375 1257 1443 episcopi
1290 1372 1493 1437 furari,
1530 1383 1624 1426 aut
1655 1387 1869 1442 rapere,

304 1478 397 1524 aut
427 1468 630 1537 aliquid
660 1468 714 1521 in
739 1480 832 1521 eos
858 1466 1216 1527 committere,
1257 1464 1650 1534 parvipeudens
1692 1462 1877 1532 displi—

306 1574 449 1623 cere,
490 1575 565 1612 vu
602 1557 920 1612 ancillarum
953 1557 1183 1625 pretium
1233 1554 1437 1620 reddat,
1464 1564 1558 1609 aut
1587 1570 1660 1609 vu
1706 1569 1877 1610 annos

304 1649 563 1721 pmniteat
586 1664 708 1704 cum
737 1648 1029 1718 episcopis.
1112 1704 1115 1707 .

873 1757 967 1811 ex
1004 1757 1206 1813 LIBRO
1244 1759 1306 1829 L,

908 1862 974 1902 DE
1015 1864 1273 1904 TONSURA.

590 1957 720 2013 Car.
757 1973 832 2012 Vl.
859 1989 931 1997 —
958 1958 1035 2012 De
1061 1968 1277 2013 tonsura
1303 1960 1598 2015 Britonum.

381 2050 566 2106 Gildas
594 2050 672 2104 ait
713 2068 726 2101 :
755 2049 1003 2105 Britones
1031 2058 1142 2104 toto
1172 2052 1371 2105 mundo
1402 2051 1684 2115 contrarii,
1721 2052 1887 2107 mori-

306 2140 412 2199 bus
440 2140 699 2195 Romanis
723 2139 947 2204 inimici,
980 2154 1087 2194 non
1108 2140 1280 2194 solum
1303 2141 1357 2194 in
1384 2141 1569 2204 missa,
1600 2142 1694 2196 sed
1719 2141 1886 2196 etiam

309 2231 366 2287 in
397 2238 617 2285 tonsura
639 2244 762 2283 cum
786 2226 986 2284 Judmis
1010 2229 1215 2283 umhrm
1243 2228 1547 2284 futurorum
1567 2230 1883 2295 servientes,

311 2333 340 2363 ι
367 2336 488 2391 qua:
535 2318 780 2382 veritati,
836 2318 1063 2373 Romani
1110 2317 1334 2383 dicunt,
1386 2335 1614 2388 quorum
1664 2327 1885 2374 tonsura

313 2427 447 2467 aure
472 2412 540 2466 ad
569 2426 754 2466 aurem
790 2418 998 2463 tantum
1047 2410 1409 2480 contingebat,
1439 2427 1536 2480 pro
1569 2410 1886 2466 excellentia

309 2502 428 2571 ipsa
456 2514 734 2571 magorum
768 2506 1010 2565 tonsura,
1038 2515 1144 2569 qua
1176 2501 1290 2555 sola
1328 2500 1479 2557 frons
1503 2502 1742 2557 anterior
1780 2501 1887 2572 tegi

310 2592 539 2657 solebat,
569 2591 834 2661 priorum.
869 2590 1160 2648 Auctorem
1189 2609 1320 2648 vero
1358 2593 1517 2663 hujus
1550 2602 1786 2649 tonsura:
1833 2594 1888 2648 in

313 2679 570 2735 H.bernia
598 2678 878 2734 subulcum
908 2680 1052 2750 regis
1078 2682 1313 2752 Loigairi
1334 2682 1453 2747 lilii,
1482 2683 1590 2737 illis
1615 2684 1889 2738 exstitisse

311 2768 532 2824 Patricii
575 2783 755 2824 sermo
802 2777 1050 2834 testatur,
1099 2786 1164 2825 ex
1189 2786 1296 2840 quo
1344 2771 1709 2827 Hibernenses
1750 2787 1890 2841 pene

313 2875 504 2915 omnes
528 2859 670 2914 hanc
698 2864 974 2915 tonSuram
999 2872 1364 2931 sumpserunt.

314 2951 445 3008 CAP.
471 2967 644 3006 vu.-—-
670 2950 743 3005 De
767 2953 1278 3025 excommunicandis
1300 2952 1501 3009 clericis
1528 2956 1619 3025 qui
1645 2971 1750 3008 non
1774 2963 1893 3008 ton-

745 3022 935 3077 dentur
967 3032 1183 3077 tonsura
1218 3023 1476 3077 Romana.

388 3116 693 3173 Patricius:
724 3115 783 3171 Si
806 3117 928 3187 quis
952 3117 1209 3181 clericus,
1236 3115 1387 3185 cujus
1416 3117 1593 3187 capilli
1623 3134 1731 3173 non
1765 3125 1893 3173 sunt
1922 3141 1966 3203 ε

319 3207 459 3263 tonsi
484 3207 726 3263 Romano
747 3222 918 3272 more,
948 3207 1107 3261 debet
1133 3207 1616 3262 cxcommunicari.

877 3317 970 3372 EX
1008 3317 1212 3376 LIBRO
1249 3317 1334 3372 Ll.

820 3424 886 3463 DE
922 3423 1124 3463 BESTHS
1162 3423 1398 3463 ιιιτιιιυε.

758 3499 888 3555 CAP.
929 3515 982 3553 v.
1019 3528 1089 3538 —
1117 3499 1193 3552 De
1224 3499 1460 3552 canibus.

398 3589 756 3646 [libernenses
802 3589 988 3643 dicunt
1026 3603 1040 3640 :
1097 3587 1260 3641 Canis
1311 3594 1591 3641 catenatus
1636 3585 1898 3653 quidquid

324 3684 452 3740 mali
488 3683 679 3738 fecerit
708 3683 762 3736 in
811 3689 988 3743 nocte,
1020 3695 1127 3734 non
1171 3678 1424 3732 reddetur
1446 3694 1476 3731 a
1503 3678 1721 3732 domino
1750 3693 1847 3732 suo
1879 3696 1892 3732 :

324 3777 373 3832 si
397 3790 525 3831 vero
569 3776 623 3829 iu
652 3774 739 3828 die
788 3770 1070 3824 violaverit
1113 3768 1368 3837 aliquem,
1416 3767 1604 3823 reddet
1650 3767 1900 3823 dominus

325 3866 464 3934 ejus.
509 3867 673 3922 Canis
709 3880 836 3919 vero
862 3879 1119 3933 pecorum
1155 3862 1416 3931 quidquid
1456 3861 1581 3916 mali
1617 3861 1805 3917 fecerit
1844 3863 1899 3917 in

325 3958 558 4021 bovello,
591 3964 684 4009 aut
711 3955 765 4008 in
787 3952 1003 4023 pascuis
1032 3968 1251 4007 suorum
1274 3966 1552 4021 pecorum,
1579 3967 1683 4006 non
1714 3950 1902 4007 redde-

331 4058 418 4102 tur
444 4063 475 4100 a
507 4046 724 4101 domino
771 4059 868 4099 suo
898 4060 911 4097 :
944 4044 990 4098 si
1022 4059 1148 4098 vero
1175 4050 1329 4097 extra
1359 4045 1493 4100 lines
1521 4044 1733 4110 exierit,
1777 4044 1902 4100 red-

327 4141 485 4195 detur
507 4152 604 4207 pro
632 4152 697 4191 eo
726 4134 985 4206 quidquid
1017 4134 1144 4189 mali
1171 4133 1379 4189 fecerit.

712 4228 838 4283 CAP.
877 4243 996 4281 vm.
1026 4257 1096 4266 —
1122 4225 1198 4280 De
1225 4225 1501 4296 pilacibus.

402 4320 764 4376 llibernenses
791 4318 977 4373 dicunt
1020 4335 1032 4371 :
1070 4318 1098 4357 δ
1123 4316 1278 4372 Pilax
1324 4318 1370 4372 si
1404 4318 1533 4387 quid
1570 4317 1697 4372 mali
1719 4316 1909 4372 fecerit

333 4421 512 4475 nocte,
540 4425 648 4465 non
688 4410 874 4465 reddet
907 4408 1157 4463 dominus
1185 4404 1330 4475 ejus;
1360 4408 1413 4462 in
1437 4407 1527 4464 die
1552 4423 1679 4463 vero
1706 4423 1906 4464 nocens

335 4504 544 4558 reddet.

759 4593 888 4650 CAP.
928 4609 1004 4648 ix.
1035 4623 1105 4632 —
1135 4591 1213 4646 De
1251 4591 1483 4663 gallinis.

409 4712 770 4764 llibernenses
822 4707 1058 4762 dicunt:
1123 4704 1348 4759 Gallinae
1410 4704 1455 4757 si
1509 4702 1906 4757 devastaverint

335 4814 588 4863 messem,
621 4806 714 4853 aut
734 4797 966 4860 vineam,
997 4802 1092 4849 aut
1118 4793 1392 4849 hortulum
1438 4792 1492 4845 in
1519 4792 1741 4847 civitate
1779 4806 1908 4861 sepe

339 4892 747 4954 circumdatum,
780 4904 900 4958 qua:
920 4886 1255 4941 altitudinem
1284 4883 1447 4938 habet
1471 4896 1641 4950 usque
1666 4882 1734 4936 ad
1755 4897 1906 4935 men-

343 4992 457 5038 tum
488 4981 612 5045 viri,
637 4989 691 5035 et
719 4993 976 5034 coronam
1004 4976 1279 5045 spinarum
1309 4972 1578 5034 habuerit,
1608 4972 1796 5025 reddet
1819 4973 1916 5026 do-

341 5075 525 5131 minus
553 5086 770 5134 earum;
822 5068 906 5123 sin
946 5080 1093 5127 vero,
1124 5078 1228 5117 non
1262 5062 1467 5117 reddet.
1517 5060 1575 5115 Si
1602 5075 1732 5115 vero
1769 5058 1915 5114 foras

340 5158 575 5223 exierint
605 5163 743 5217 ultra
776 5170 798 5197 π
851 5156 1228 5218 siccatorium,
1260 5151 1509 5207 dominus
1537 5150 1725 5205 reddet
1749 5150 1795 5205 si
1816 5149 1917 5204 ali-

350 5259 476 5329 quid
505 5254 632 5310 mali
661 5250 907 5306 fecerint.

418 5419 443 5447 a
470 5405 573 5468 An,
598 5403 767 5473 potius
794 5415 951 5471 quam
984 5400 1208 5473 ueritati,
1242 5387 1831 5473 ut_p:l‘acu_it__Aehel_"io‘i
1857 5392 1914 5446 in

351 5478 453 5531 hoc
681 5462 817 5543 vide:
848 5469 1109 5543 synodum
1152 5462 1600 5543 sancti‘lfatricii,
1640 5472 1690 5516 et
1719 5462 1919 5543 getiam

351 5547 445 5601 lib.
475 5532 763 5598 IlI-llistor.
793 5532 972 5609 Angl.,
1012 5551 1130 5609 cap.
1155 5535 1247 5609 25,
1274 5550 1335 5589 ac
1369 5534 1469 5609 _li_b.
1498 5550 1550 5597 v,
1577 5547 1696 5600 cap.
1720 5532 1809 5585 22.

426 5617 453 5656 δ
477 5602 993 5685 ΡίιωειριμιίΑοιιεῖίιιε
1022 5602 1217 5685 ascivit
1237 5620 1336 5685 PFO.
1363 5602 1500 5685 τςιεο.
1588 5670 1610 5685 .
1654 5658 1773 5685 .

428 5698 448 5724 ο
473 5684 558 5739 Au
584 5680 953 5743 Gallinariam,
988 5686 1047 5731 ut
1072 5668 1288 5742 coniicit
1310 5670 1610 5728 Acherius?
1651 5668 1777 5724 Mihi
1799 5668 1920 5733 qui-

1173 292 1489 351 CANONES
1527 291 1814 347 SELECTI
1850 291 1943 346 EX
1978 291 2282 361 ANTIQUA
2318 291 2657 350 COLLECT.

297 407 546 464 Christus
574 404 716 458 enim
743 402 873 459 dicit
903 418 916 457 :
949 402 1055 457 Pro
1081 419 1161 456 me
1183 414 1231 457 et
1258 412 1309 457 te
1336 401 1552 474 (Matth.
1577 417 1712 464 xvii,
1742 400 1863 470 2'7),
1898 402 1949 461 Α

3418 290 3554 351 15οῦ

2517 403 2611 462 EX
2647 402 2850 459 LIBRO
2887 403 2977 458 Lll
2991 452 3007 468 ,

2581 510 2646 548 DE
2674 511 2949 550 CARNIBUS.

2014 582 2142 641 Cu.
2173 599 2227 637 x.
2249 614 2320 624 —-
2343 583 2416 637 De
2438 600 2528 637 esu
2554 583 2786 653 ferarum
2807 585 3035 638 maxime
3056 601 3322 641 cervorum
3345 587 3509 644 licito.
3586 640 3595 657 ,

2050 673 2411 729 Hibernenses
2438 674 2660 729 dicunt:
2695 674 2835 729 Caro
2876 674 3135 743 ferarum,
3177 685 3237 733 ut
3265 679 3418 736 multi
3455 696 3559 751 pu-

1983 771 2114 826 tant,
2140 763 2207 817 ad
2230 778 2381 818 esum
2402 762 2586 818 illicita
2610 777 2623 816 :
2646 763 2772 833 quia
2795 765 2968 835 magis
2982 766 3272 837 aeruginem
3284 769 3555 836 vitalium,

1981 868 2143 922 quam
2165 852 2506 908 saturitatem
2533 853 2724 924 gignit.
2748 853 2977 920 Quidam
3003 871 3124 911 eam
3147 857 3378 914 similem
3401 864 3555 917 carui

1982 943 2202 1013 reliqua:
2233 943 2452 1010 dicunt;
2501 944 2627 1013 quia
2671 945 3012 1001 saturitatem
3068 949 3290 1016 ventris,
3342 959 3403 1006 ut
3450 953 3563 1007 alia

1981 1049 2127 1096 caro,
2153 1032 2421 1104 praestatd
2441 1042 2618 1089 tamen
2646 1034 2882 1093 Ecclesia
2964 1039 3062 1094 has
3106 1055 3164 1095 tu
3208 1056 3401 1099 carnes
3441 1046 3554 1098 esui

1981 1129 2336 1183 consecravit.

1987 1251 1991 1254 ~
2066 1216 2194 1272 Car.
2224 1234 2323 1272 xu.
2349 1249 2420 1257 —-
2448 1218 2525 1271 De
2546 1219 2726 1274 suibus
2754 1221 3192 1277 manducantibus
3212 1224 3468 1281 homines.

2054 1307 2369 1362 Theodorus
2393 1308 2470 1361 ait
2514 1325 2527 1361 :
2573 1306 2732 1363 Porci
2781 1310 2875 1379 qui
2910 1315 3227 1381 sanguinem
3277 1327 3558 1386 gustantes

1984 1400 2280 1469 tetigerint,
2324 1400 2749 1467 manducentur;
2801 1403 2897 1457 sed
2926 1404 2970 1458 si
3018 1406 3280 1462 cadavera
3316 1417 3557 1464 mortuo-

1983 1506 2101 1545 rum
2133 1491 2431 1546 laccrantes
2456 1494 2802 1558 manducent,
2835 1506 3028 1549 carnes
3050 1508 3239 1550 eorum
3279 1513 3385 1555 nou
3432 1499 3558 1556 licet

1982 1582 2191 1636 comedi
2219 1597 2497 1652 usquequo
2526 1592 2891 1639 macerentur.

2052 1676 2214 1730 Item:
2233 1674 2291 1729 Si
2318 1692 2515 1747 porcus
2539 1679 2854 1749 sanguinem
2876 1679 3256 1747 biberit,licet,
3279 1681 3324 1738 si
3349 1690 3556 1738 tantum

1908 1776 1956 1835 Β
1984 1766 2300 1835 gustaverit,
2327 1767 2463 1821 nihil
2491 1774 2592 1823 est.

1987 1858 2116 1913 CAP.
2157 1875 2267 1914 xlv.
2294 1889 2367 1901 —-
2391 1859 2471 1913 De
2496 1862 2788 1915 morticinis
2821 1861 3022 1926 suibus,
3063 1871 3111 1916 et
3154 1863 3219 1917 de
3245 1864 3559 1920 animalibus

2053 1930 2359 1999 sanguinem
2405 1930 2692 1985 humanum
2736 1933 3077 1996 sumentibus,
3124 1942 3174 1986 et
3220 1936 3284 1987 de
3314 1936 3560 1990 carnibus

2058 2000 2296 2079 comestis
2322 2016 2354 2053 a
2380 1999 2548 2081 lupis,
2564 1999 2627 2054 de
2636 2001 2879 2123 bpiscibus
2907 2011 2954 2054 et
2978 2002 3320 2072 strangulatis
3355 2004 3560 2060 anima-

2058 2067 2210 2123 libus.
2242 2068 2306 2123 de
2339 2079 2575 2123 comestis
2601 2088 2629 2123 a
2696 2071 2961 2123 accipitre.
2993 2072 3131 2123 etde
3157 2090 3308 2123 eauo.

2057 2067 2210 2134 libus,
2242 2068 2306 2123 de
2339 2067 2575 2123 comestis
2601 2067 2665 2123 ab
2696 2071 2961 2141 accipitre,
2993 2081 3042 2125 et
3067 2067 3308 2143 de'equo.

2057 2162 2376 2218 Theodorus
2401 2162 2685 2232 episcopus
2714 2164 2843 2218 dicit
2869 2181 2881 2217 :
2913 2162 3086 2220 Graeci
3114 2181 3333 2221 carnem
3362 2170 3555 2224 morti-

1987 2255 2165 2309 cinam
2191 2271 2298 2309 non
2338 2256 2467 2311 dant
2515 2255 2697 2325 porcis
2722 2256 2854 2310 suis.
2887 2256 3064 2312 Pelles
3086 2273 3218 2313 vero
3246 2261 3557 2316 morticino-

1989 2361 2107 2400 rum
2128 2346 2193 2400 ad
2219 2346 2571 2401 calciamenta
2592 2353 2648 2401 et
2673 2346 2852 2400 lanam
2872 2355 2925 2401 et
2947 2363 3148 2403 cornua
3172 2348 3336 2405 licent
3353 2352 3556 2423 accipi;

1988 2440 2081 2497 sed
2126 2457 2233 2496 non
2278 2441 2333 2496 in
2375 2448 2620 2497 sanctum
2648 2441 2851 2510 aliquid
2892 2458 2908 2507 ;
2947 2449 3127 2496 tamen
3159 2442 3205 2497 si
3242 2458 3371 2498 casu
3410 2446 3563 2514 porci

1989 2529 2275 2585 comedant
2299 2543 2519 2585 carnem
2549 2530 2980 2594 morticinorum,
3004 2539 3098 2584 aut
3125 2532 3439 2602 sanguinem
3464 2534 3564 2589 ho-

1990 2620 2181 2683 minis,
2237 2635 2343 2675 non
2402 2617 2734 2687 abjiciendos
2791 2620 3062 2675 credimus
3105 2637 3119 2674 :
3183 2636 3286 2676 nec
3338 2623 3565 2694 gallinas

1990 2710 2184 2779 aequali
2219 2709 2398 2766 modo.
2451 2708 2717 2765 Animalia
2746 2725 2867 2779 quae
2904 2726 2936 2764 a
2971 2711 3141 2781 lupis,
3194 2712 3309 2768 sive
3337 2714 3564 2770 canibus

1990 2807 2398 2864 consumuntur,
2439 2814 2545 2854 non
2604 2800 2955 2866 comedenda,
3011 2801 3116 2855 nisi
3164 2801 3346 2871 porcis
3392 2802 3564 2873 proji-

1992 2892 2205 2947 ciantur
2237 2900 2292 2946 et
2325 2891 2551 2946 canibus
2578 2909 2591 2945 :
2627 2907 2728 2947 nec
2756 2907 2966 2957 cervus,
2996 2908 3095 2948 nec
3121 2908 3267 2963 aper,
3298 2893 3345 2949 si
3368 2896 3567 2950 mortui

1995 2985 2197 3039 inventi
2246 2982 2469 3039 fuerint.
2509 2983 2697 3040 Pisces
2740 2995 2920 3040 autem
2950 2984 3134 3051 licent,
3183 2986 3309 3056 quia
3344 2986 3569 3043 alterius

1995 3085 2201 3131 natura:
2225 3083 2370 3131 sunt.
2398 3075 2540 3131 Aves
2570 3084 2626 3131 et
2647 3076 2899 3131 animalia
2928 3085 3143 3142 caetera,
3191 3077 3237 3133 si
3277 3078 3330 3132 in
3362 3079 3570 3135 retibus

1997 3169 2422 3239 strangulentur,
2471 3184 2578 3223 non
2625 3176 2751 3223 sunt
2785 3171 3134 3224 comedenda.
3184 3168 3385 3226 Paulus
3421 3173 3566 3227 enim

1994 3258 2071 3313 ait
2098 3277 2111 3311 :
2144 3259 2403 3313 Abstinete
2430 3274 2517 3312 vos
2539 3274 2571 3310 a
2598 3259 2855 3326 suﬂ'ocato
2883 3261 3157 3329 sanguine,
3180 3268 3229 3313 et
3258 3260 3323 3314 ab
3344 3260 3568 3315 idolola-

1995 3350 2099 3403 tria
2142 3349 2279 3419 (Act.
2325 3364 2436 3412 xxx,
2468 3347 2582 3419 25).
2615 3341 2880 3403 Similiter
2925 3349 2993 3403 ab
3021 3348 3279 3419 accipitre
3330 3358 3565 3406 mortua.

1996 3438 2204 3506 Equum
2238 3452 2345 3491 non
2382 3436 2709 3506 prohibent:
2750 3445 2931 3492 tamen
2969 3439 3302 3495 consuetudo
3332 3455 3439 3496 non
3481 3447 3564 3496 est

1996 3526 2296 3583 comedere.

2528 3618 2622 3673 EX
2657 3617 2859 3674 LIBRO
2896 3618 3029 3673 LVI.

2413 3725 2478 3764 DE
2513 3724 2854 3765 SUBSTANTIIS
2885 3724 3147 3765 HOHINUU.

2104 3798 2232 3855 CAP.
2272 3814 2354 3853 ιιι.
2383 3829 2455 3839 --
2486 3798 2565 3853 De
2590 3799 2752 3852 tribus
2782 3797 2957 3853 liberis
2982 3815 3014 3851 a
3037 3807 3245 3869 peccato
3271 3798 3464 3854 alieno.

2071 3888 2320 3959 Synodus
2343 3888 2706 3944 llibernensis.
2733 3887 2860 3942 Tria
2879 3896 3005 3941 sunt
3030 3904 3148 3957 qua:
3167 3897 3386 3958 peccata
3399 3889 3570 3945 aliena

2001 3996 2108 4035 non
2137 3980 2423 4035 sustinent.
2453 3980 2663 4051 Largus
2703 3982 2885 4045 homo,
2933 3979 2976 4035 si
3007 3980 3227 4036 domum
3258 3996 3410 4035 suam
3450 3997 3572 4036 cum

2001 4075 2249 4131 omnibus
2281 4089 2623 4129 communem
2650 4074 2840 4139 habet;
2868 4088 3083 4143 pecora,
3112 4088 3341 4142 quorum
3367 4073 3576 4129 fructus

2003 4176 2058 4221 et
2101 4166 2252 4221 labor
2285 4167 2591 4221 communia
2641 4174 2767 4220 sunt
2799 4165 3060 4229 omnium,
3111 4164 3243 4218 nihil
3278 4165 3575 4234 quaerentia

2006 4257 2109 4311 nisi
2135 4257 2357 4319 victum,
2404 4263 2460 4308 et
2481 4255 2656 4308 victus
2684 4269 2792 4323 quo
2825 4254 3011 4307 vivunt
3045 4268 3150 4306 non
3184 4254 3436 4317 hominis,
3481 4252 3575 4307 sed

2005 4345 2132 4407 Dei;
2163 4359 2352 4399 servus
2376 4343 2593 4398 domino
2623 4358 2721 4396 suo
2756 4341 2985 4396 ﬁdeliter
3013 4341 3272 4414 serviens.
3308 4339 3435 4395 Inde
3456 4340 3579 4394 Hic-

2010 4449 2139 4504 rony
2149 4449 2268 4487 mus
2307 4431 2469 4486 dicit:
2488 4430 2777 4485 Peccatum
2807 4428 3009 4484 domini
3039 4428 3093 4483 in
3116 4443 3330 4483 servum
3354 4443 3462 4483 non
3488 4444 3578 4482 ca-

2010 4527 2101 4581 det
2126 4542 2139 4577 :
2173 4530 2454 4592 peceatum
2481 4535 2610 4576 vero
2638 4519 2779 4574 servi
2809 4518 3006 4573 transit
3042 4518 3098 4573 in
3124 4518 3419 4574 dominum.
3450 4517 3580 4574 lude

2007 4617 2226 4672 Balaam
2251 4612 2509 4670 occisioni
2535 4618 2758 4680 paratus
2778 4608 2895 4673 fuit,
2923 4609 3027 4664 nisi
3054 4626 3152 4681 per
3175 4610 3381 4664 asinam
3401 4623 3581 4665 emen-

2008 4709 2165 4762 datus
2192 4711 2351 4767 esset,
2381 4711 2435 4758 et
2468 4701 2619 4755 asina
2650 4699 2818 4755 libera
2846 4698 2968 4752 fuit.

2008 4797 2138 4855 Car.
2180 4811 2253 4851 iv.
2283 4824 2357 4835 —
2390 4792 2467 4846 De
2488 4807 2670 4872 pecore
2696 4807 2804 4871 non
2825 4789 3076 4872 sumendo
3116 4789 3178 4843 ob
3217 4788 3444 4859 alicujus
3462 4804 3582 4858 pec-

2549 4870 2723 4914 catum
2752 4870 2850 4914 ηιδι
2877 4876 3052 4913 suum.

2084 4957 2333 5028 Synodus
2379 4949 2733 5007 Hibernensis
2780 4948 2946 5003 dicit:
2979 4947 3051 5003 Ut
3075 4946 3210 5002 nihil
3253 4945 3397 5001 aliud
3418 4960 3584 5014 pecus

2013 5051 2297 5105 damnetur
2326 5045 2429 5099 nisi
2456 5043 2509 5096 in
2544 5056 2699 5096 suum
2726 5047 3029 5109 peccatum,
3059 5039 3172 5093 sive
3194 5037 3464 5091 hominem
3492 5049 3585 5089 oc-

2014 5138 2262 5202 cidendo,
2277 5137 2392 5190 sive
2410 5131 2751 5195 infirmando,
2780 5130 2893 5185 sive
2914 5128 3059 5183 aliud
3080 5143 3246 5199 pecus
3268 5125 3583 5189 occidendo,

2014 5230 2129 5285 sive
2154 5228 2379 5290 fmnum,
2407 5224 2521 5279 sive
2542 5236 2771 5278 messem
2802 5220 3149 5275 devastando.

1992 5384 2142 5439 .dem
2189 5393 2295 5434 non
2339 5376 2416 5431 ita
2456 5375 2687 5437 videtur,
2724 5352 2827 5428 sed
2871 5371 3205 5426 siccatorium
3249 5366 3455 5437 accipio
3488 5379 3589 5435 pro

2021 5462 2274 5586 ωιςιῧιιιιξ
2317 5524 2426 5570 sint
2454 5511 3086 5586 tria__carnium_genera_
3117 5507 3379 5563 didicerat
3405 5504 3600 5586 Ache-

2028 5593 2141 5647 rius
2155 5574 2231 5644 ~est
2260 5601 2423 5666 capp.
2446 5585 2543 5637 8et
2564 5582 2616 5646 9,
2633 5596 2751 5661 quae
2771 5574 2970 5666 idcitico
2983 5578 3231 5634 omittere
3251 5592 3359 5633 non
3385 5574 3594 5628 debuit.

2029 5663 2115 5730 Ea.
2140 5665 2265 5714 sunt
2294 5648 2542 5726 piscium,
2581 5648 2758 5707 avium
2793 5667 2853 5705 ac
2887 5648 3142 5703 ferarum.
