4020 6170
313 328 454 388 ιδοθ

1286 324 1600 385 CANONES
1639 320 2132 378 HIBERNENSES.
2164 351 2230 361 —
2267 318 2607 377 MONITUM.

3414 316 3548 373 13εο

290 486 296 491 .
374 446 569 512 ρηίηω
588 438 936 498 Antiocheam
964 440 1173 511 synodi,
1200 439 1253 493 in
1280 455 1387 509 qua
1411 439 1600 492 Patres
1626 452 1729 490 xxx
1762 442 1873 490 sta-
1900 440 1944 493 Α
1973 438 2278 487 statuerunt
2304 446 2558 496 canones,
2588 443 2815 499 quorum
2841 435 3027 484 auctor
3054 427 3284 483 maxime
3316 426 3551 484 Hilarius

298 543 524 593 tuerunt
553 546 786 590 canones
819 548 939 596 xxv,
970 547 1195 602 quorum
1219 538 1409 585 auctor
1431 528 1664 583 maxime
1701 527 1873 583 Euse-

301 629 425 683 bius
460 623 857 679 Palaestinensis
878 623 1160 691 episcopus
1187 619 1416 675 exstitit.

377 716 539 770 Sexta
562 712 922 773 Laodicensis,
946 712 1001 766 in
1037 727 1142 780 qua
1190 711 1378 765 Patres
1405 724 1517 763 xxtt
1569 713 1876 762 statuerunt

305 818 539 860 t'anones
571 819 721 864 mu,
749 816 977 870 quorum
1028 810 1217 855 auctor
1265 799 1498 855 maxirne
1534 796 1877 853 Theodosius

305 895 593 964 episcopus
617 892 844 947 exstitit.

328 1024 345 1032 -
378 987 616 1056 Septima
644 984 1100 1054 Carthaginensis,
1127 984 1180 1037 in
1215 998 1319 1052 qua
1348 982 1537 1036 Patres
1557 996 1734 1035 ccxvn
1763 988 1877 1035 sta-

308 1084 525 1131 tuerunt
549 1090 781 1131 canones
812 1091 1004 1140 xxxm,
1036 1090 1263 1144 quorum
1299 1083 1487 1129 auctor
1507 1073 1737 1127 maxime
1764 1071 1878 1126 Au-

308 1169 473 1223 relius
504 1166 941 1236 Carthaginiensis
982 1165 1264 1236 episcopus
1296 1165 1520 1228 exstitit,
1549 1165 1711 1220 etiam
1748 1179 1877 1217 san-

306 1267 426 1315 ctus
443 1257 770 1328 Augustinus
794 1257 1146 1328 Hipponensis
1178 1257 1460 1326 episcopus
1486 1257 1540 1309 in
1571 1256 1759 1310 eadem
1788 1269 1878 1324 sy-

307 1352 448 1406 nodo
477 1350 669 1419 legitur
688 1348 851 1405 fuisse
886 1350 1211 1419 temporibus
1241 1349 1459 1404 Honorii
1489 1348 1736 1420 Augusti.

378 1444 577 1500 Octava
601 1443 865 1500 Africanae
890 1447 988 1500 sub
1022 1445 1323 1500 Theodosio
1353 1446 1560 1499 minore
1604 1444 1876 1514 Augusto,

308 1537 364 1591 in
388 1552 493 1606 qua
520 1535 707 1590 Patres
736 1551 891 1591 ccxxv
928 1537 1287 1591 recitaverunt
1312 1543 1365 1590 et
1394 1535 1743 1590 firmaverunt
1787 1550 1878 1588 ca-

308 1643 475 1683 nones
500 1642 586 1691 cv,
616 1626 707 1696 qui
735 1640 833 1695 per
866 1625 1079 1683 diversa
1124 1626 1348 1681 concilia
1368 1623 1634 1701 Africanae
1658 1624 1881 1693 provin-

308 1721 405 1775 cite
444 1719 771 1788 temporibus
805 1716 1007 1772 Aurelii
1050 1715 1487 1787 Carthaginensis
1538 1714 1771 1785 episcopi
1802 1713 1877 1768 le-

308 1818 507 1882 guntur
530 1824 649 1864 esse
678 1809 990 1878 conscripti.

377 1899 527 1954 Nona
550 1897 896 1962 Arelatensis,
934 1898 990 1952 in
1016 1913 1123 1969 qua
1158 1892 1345 1954 Patres
1374 1912 1438 1953 nc
1462 1903 1768 1953 statuerunt
1789 1911 1880 1950 ca-

309 2004 515 2051 nones,
569 2002 797 2056 quorum
840 1996 1083 2043 auctores
1136 1989 1371 2044 maxime
1425 1987 1682 2043 Silvester
1731 1985 1882 2041 urbis

311 2079 495 2133 Romae
545 2082 861 2147 episcopus,
912 2085 965 2133 et
1017 2088 1233 2134 sanctus
1282 2078 1518 2133 Marinus
1553 2077 1881 2132 Arelatensis

310 2167 592 2236 episcopus
634 2168 958 2221 exstiterunt
1007 2168 1335 2237 temporibus
1378 2165 1713 2222 Constantini
1775 2165 1884 2219 Au-

313 2259 477 2331 gusti,
506 2258 645 2312 sicut
666 2258 881 2328 quidam
906 2268 1172 2312 asserunt.

387 2350 602 2404 Decima
632 2349 759 2403 item
784 2348 1130 2413 Arelatensis,
1150 2349 1202 2403 in
1226 2363 1329 2418 qua
1354 2348 1543 2404 Patres
1569 2364 1659 2404 xix
1683 2356 1884 2404 statue-

317 2450 443 2495 runt
463 2455 714 2504 canones,
743 2453 970 2508 quorum
996 2448 1184 2495 auctor
1209 2440 1441 2494 maxime
1462 2438 1724 2495 Caesarius
1751 2438 1886 2494 Are-
1923 2461 1931 2469 -

317 2531 539 2587 latensis
565 2529 847 2600 episcopus
868 2529 1095 2584 exstitit.

388 2621 678 2680 Undecima
703 2623 833 2677 item
883 2619 1250 2687 Arelatensis,
1301 2621 1480 2692 inqua
1515 2620 1702 2682 Patres
1752 2633 1885 2676 xvut

317 2718 622 2769 statuerunt
647 2726 901 2767 canones.

392 2800 713 2855 Duodecima
741 2800 869 2854 item
890 2797 1237 2862 Arelatensis,
1276 2797 1330 2853 in
1361 2814 1468 2869 qua
1487 2799 1674 2856 Patres
1698 2816 1751 2855 x1
1778 2808 1889 2856 sta-

320 2897 538 2945 tuerunt
580 2902 830 2954 canones,
869 2904 1097 2958 quorum
1145 2896 1331 2944 auctor
1382 2890 1616 2946 maxime
1670 2898 1888 2947 sanctus

321 2979 587 3036 Caesarius
620 2979 947 3034 Arelatensis
975 2979 1256 3049 episcopus
1277 2979 1504 3034 exstitit.

1972 525 2259 594 episcopus
2285 524 2513 579 exstitit.

2042 612 2239 680 Quinta
2285 612 2489 667 decima
2518 608 2883 681 Epannensis,
2940 610 2994 664 in
3045 625 3149 679 qua
3186 609 3375 666 Patres
3404 627 3549 665 xxvu

1975 710 2275 757 statuerunt
2299 717 2532 757 canones
2561 717 2646 760 xx.
2678 716 2906 770 quorum
2937 709 3126 755 auctor
3166 701 3400 755 maxime
3433 701 3547 755 ί]ίὲ-

1976 795 2151 848 sarius
2174 794 2457 862 episcopus
2485 793 2711 846 exstitit.

2047 884 2211 940 Sexta
2236 884 2440 938 decima
2470 882 2812 952 Agathensis,
2832 882 2885 935 in
2908 897 3012 951 qua
3038 881 3226 936 Patres
3254 897 3420 935 xxxxv
3451 890 3553 936 sta-

1976 982 2195 1029 tuerunt
2232 987 2482 1035 canones,
2511 988 2739 1042 quorum
2779 982 2968 1028 auctor
2998 973 3229 1027 maxime
3281 971 3553 1029 Caesarius

1977 1065 2257 1133 episcopus
2277 1062 2504 1117 exstitit.

2050 1152 2287 1222 Septima
2311 1151 2518 1206 decima
2544 1151 2958 1214 Aurelianensis,
2985 1151 3038 1205 in
3062 1166 3164 1220 qua
3190 1148 3380 1206 Patres
3403 1167 3552 1206 Lxxu

1978 1249 2283 1298 statuerunt
2308 1256 2561 1305 canones,
2583 1256 2808 1309 Quorum
2843 1248 3032 1295 auctor
3056 1241 3286 1295 maxime
3309 1240 3554 1294 Aurelia-

1978 1348 2080 1387 nus
2134 1330 2464 1385 Arelatensis
2511 1330 2793 1401 episcopus
2840 1343 2864 1370 ει
2916 1330 3162 1396 exstitit,
3228 1331 3555 1400 temporibus

1979 1417 2271 1474 Chlodovci
2309 1418 2472 1485 regis.

2050 1506 2248 1562 Octava
2277 1507 2484 1562 decima
2528 1506 2657 1561 item
2689 1505 3114 1579 Aurelianensis,
3150 1507 3205 1562 in
3236 1522 3341 1578 qua
3367 1507 3556 1564 Patres

1978 1608 2110 1648 xxxi
2141 1601 2444 1648 statuerunt
2496 1608 2762 1657 canones,
2817 1611 3044 1664 quorum
3084 1604 3269 1651 auctor
3321 1596 3555 1651 maxime

1981 1682 2242 1738 Melanius
2266 1684 2594 1738 Redonensis
2623 1683 2904 1755 episcopus
2919 1686 3143 1740 exstitit.

1910 1788 1955 1848 ε
2052 1770 2199 1825 Nona
2225 1770 2432 1826 decima
2461 1772 2588 1826 item
2605 1772 3024 1837 Aurelianensis,
3049 1774 3101 1829 in
3124 1790 3226 1844 qua
3240 1773 3428 1829 Patres
3448 1791 3556 1829 xxv

1980 1866 2283 1943 statuerunt
2315 1876 2566 1925 canones,
2598 1876 2825 1930 quorum
2856 1870 3045 1917 auctor
3075 1863 3308 1918 maxime
3334 1876 3555 1920 sanctus

1977 1951 2202 2006 Albinus
2218 1951 2619 2023 Andegavensis
2648 1953 2933 2023 episcopus
2959 1953 3194 2011 exstitit.
3460 2014 3465 2019 ,

2051 2046 2318 2115 Vigesima
2347 2044 2722 2111 Arvernensis,
2750 2047 2804 2099 in
2833 2061 2938 2114 qua
2963 2044 3150 2100 Patres
3169 2061 3236 2099 xv
3257 2052 3555 2099 statuerunt
3580 2087 3584 2092 .

1981 2149 2233 2196 canones,
2263 2150 2491 2203 quorum
2516 2143 2705 2189 auctor
2732 2134 2967 2191 maxime
2998 2134 3302 2190 Honoratus
3328 2134 3354 2174 δ
3377 2133 3560 2188 Brevi-

1984 2225 2150 2280 tensis
2179 2225 2460 2295 episcopus
2481 2226 2709 2280 exstitit.
2934 2234 2937 2235 '

2054 2334 2320 2404 Vigesima
2351 2334 2525 2402 prima
2558 2332 2891 2389 Matiscensis
2915 2375 2930 2399 ,
2990 2334 3043 2388 in
3093 2349 3197 2403 qua
3230 2334 3416 2387 Patres
3460 2346 3551 2390 xxi

1985 2431 2291 2479 statuerunt
2309 2439 2566 2488 cationes,
2592 2439 2820 2492 quorum
2865 2434 3055 2480 auctor
3084 2425 3318 2479 maxime
3348 2423 3561 2477 Priscus

1983 2512 2356 2583 Lugdunensis
2391 2514 2674 2582 episcopus
2697 2515 2927 2570 exstitit.

2057 2614 2079 2640 ε
2119 2602 2383 2672 Vigesima
2412 2601 2647 2667 secunda
2675 2602 2804 2658 item
2843 2603 3197 2669 Matiscensis,
3226 2602 3281 2657 in
3325 2618 3433 2672 qua
3462 2602 3563 2656 Pa-

1987 2703 2098 2749 tres
2122 2709 2248 2749 thv
2274 2700 2580 2748 statuerunt
2602 2708 2856 2759 canones,
2877 2710 3105 2764 quorum
3120 2702 3309 2748 auctor
3331 2692 3565 2746 maxime

1985 2782 2116 2838 item
2142 2782 2362 2839 Priscus
2390 2783 2764 2853 Lugdunensis
2786 2785 3070 2855 episcopus
3104 2784 3331 2839 exstitit.

2060 2876 2329 2946 Vigesima
2381 2877 2541 2931 tertia
2574 2875 2980 2948 Lugdunensis,
3033 2879 3086 2932 in
3113 2894 3218 2947 qua
3257 2877 3449 2933 Patres
3473 2893 3565 2933 xtv

1988 2974 2291 3022 statuerunt
2316 2982 2568 3033 canones,
2595 2983 2825 3037 quorum
2863 2980 3054 3025 auctor
3100 2970 3333 3025 maxime
3362 2971 3564 3040 Philip-

392 3070 571 3126 Tertia
606 3069 814 3126 decima
838 3070 965 3124 item
992 3067 1340 3133 Arelatensis,
1368 3070 1422 3125 in
1447 3087 1550 3141 qua
1572 3072 1762 3127 Patres
1794 3088 1888 3127 xix

1994 3075 2091 3130 pus
2116 3060 2434 3116 Viennensis
2453 3061 2739 3131 episcopus
2770 3062 2997 3117 exstitit.

322 3168 623 3219 statuerunt
649 3175 902 3224 canones,
939 3175 1164 3229 quorum
1213 3168 1401 3214 auctor
1437 3162 1666 3216 maxime
1692 3162 1888 3232 Sapar—

1994 3125 2008 3130 -
2064 3150 2335 3222 Vigesima
2366 3125 2559 3219 quarta
2583 3125 2714 3205 item
2737 3151 3127 3220 Lugdunensis,
3170 3151 3226 3205 in
3257 3166 3359 3219 qua
3379 3151 3568 3207 Patres

321 3251 424 3306 dus
451 3250 779 3304 Arelatensis
806 3250 1088 3320 episcopus
1113 3251 1338 3305 exstitit.

391 3340 593 3408 Quarta
638 3340 843 3395 decima
875 3340 1247 3397 Arausicensis
1270 3381 1285 3408 ,
1337 3341 1391 3395 in
1449 3357 1553 3412 qua
1590 3340 1779 3396 Patres
1803 3326 1892 3396 3m

393 3484 419 3513 α
458 3469 609 3543 Quod
624 3470 875 3543 sequitur
903 3473 967 3529 de
993 3482 1233 3543 tempore
1251 3489 1362 3543 quo
1391 3473 1573 3536 habita.
1621 3480 1703 3543 et}!
1730 3487 1893 3541 Syno-

323 3540 423 3665 5}ng
454 3540 883 3610 Aurelianensis,
937 3540 1228 3614 ascriptum
1273 3540 1358 3597 est
1383 3558 1412 3596 c
1437 3544 1593 3596 codd.
1648 3540 1781 3611 Reg.
1834 3549 1890 3595 et

409 3627 533 3665 uan.

409 3627 533 3666 uan.

394 3682 422 3721 ιι
458 3680 721 3736 Acherius
763 3688 947 3735 monet
974 3679 1356 3749 legiioportere
1396 3678 1765 3741 Bituricenais;
1795 3678 1890 3734 sed

326 3749 381 3804 in
404 3750 635 3807 laudatis
661 3751 817 3806 codd.
846 3748 1044 3819 legitur
1070 3748 1419 3803 Breuidemz's.

1994 3257 2065 3294 xx
2088 3248 2391 3296 statuerunt
2413 3256 2667 3304 canones,
2699 3255 2927 3308 quorum
2959 3248 3148 3294 auctor
3180 3239 3411 3294 maxime
3438 3239 3566 3294 item

1992 3331 2212 3387 Priscus
2233 3328 2610 3400 Lugdunensis
2628 3329 2917 3398 episcopus
2937 3329 3163 3384 exstitit.

2069 3474 2091 3502 ο
2134 3464 2335 3532 Deerat
2354 3463 2406 3516 in
2432 3463 2600 3532 priori
2643 3461 2893 3523 editione,
2919 3469 2972 3532 et
3011 3461 3215 3532 adjecta
3245 3469 3329 3517 est
3353 3477 3383 3516 e
3407 3461 3562 3518 codd.

1996 3533 2254 3602 Regioiet
2297 3531 2571 3586 Thuaneo.
2618 3532 2799 3602 Monet
2848 3531 3099 3602 Baluzius
3155 3532 3568 3587 Adnotationcm

1999 3601 2139 3658 hanc
2156 3601 2520 3673 fragmentum
2545 3617 2665 3673 esse
2685 3601 3188 3673 maioriscujusdam
3210 3603 3409 3673 operis,
3422 3602 3569 3671 quod

1999 3688 2031 3727 a
2052 3687 2113 3728 se
2136 3671 2461 3740 descriptum
2482 3681 2565 3726 est
2590 3688 2621 3728 e
2640 3670 2872 3726 laudatis
2895 3672 3191 3730 codicibus.

327 3881 3553 3912 MM

1190 3980 1650 4043 ADMONITIO
1692 3982 1775 4044 IN
1837 3981 2291 4055 SEQUENTES
2332 3979 2720 4043 CANONES.

394 4116 683 4199 Antiquam
712 4132 976 4199 canonum
1002 4117 1404 4199 collectionem,
1434 4117 1675 4199 libris.65
1696 4119 1748 4173 in
1770 4134 1893 4188 gra-
1922 4125 1975 4186 Β
1997 4120 2261 4199 bentley-(3.,
2290 4122 2379 4190 qui
2417 4121 2510 4199 vel
2530 4121 2746 4199 Acherii
2772 4123 3022 4199 fugerant
3065 4125 3270 4199 oculos,
3293 4125 3395 4199 vel,
3425 4104 3571 4194 quod

326 4192 459 4247 tiam
490 4187 897 4242 Hibernensium
930 4188 1125 4243 s:eculo
1152 4197 1343 4244 octavo
1369 4189 1737 4258 compositam,
1772 4187 1895 4245 cum

327 4259 615 4331 repetisset
660 4266 845 4331 noster
866 4258 1132 4331 Acberius
1172 4258 1238 4331 in
1521 4260 1897 4331 vetustissimis

327 4327 620 4392 codicibus,
651 4327 959 4383 ϐαι-δεῖθηεί
993 4342 1100 4382 uno
1124 4336 1180 4383 et
1209 4328 1498 4384 Parisiensi
1549 4330 1719 4383 sancti
1765 4328 1899 4383 Ger-

329 4400 473 4454 mani
502 4398 692 4462 altero,
716 4398 1099 4453 necommnnia
1123 4398 1324 4468 passim
1344 4399 1502 4463 obvia
1521 4398 1651 4453 viris
1674 4399 1900 4453 eruditis

329 4477 618 4550 regereret,
651 4476 809 4536 atque
833 4469 995 4522 etiam
1025 4475 1091 4550 ut_
1132 4468 1349 4550 pronrio
1397 4468 1565 4550 labori
1621 4476 1894 4550 parceret,

328 4537 481 4592 ex'ea
507 4546 712 4609 tantum
744 4552 976 4609 canones
1016 4537 1203 4609 selegit
1233 4537 1379 4609 illos”
1403 4537 1494 4608 qui
1534 4537 1590 4609 in
1641 4537 1897 4609 Hibernia

329 4607 623 4677 praesertim
645 4606 1101 4670 eondithuerant,
1118 4606 1217 4663 nec
1238 4606 1504 4678 publicam
1530 4607 1708 4678 lucem,
1724 4608 1899 4678 adhuc

331 4677 575 4747 viderant
597 4694 621 4747 :7
638 4692 775 4745 quos
793 4677 1128 4746 antiquitatis
1152 4677 1510 4747 etdisdplinte
1521 4677 1899 4747 ecclesiasticae

327 4746 582 4802 studiosis
610 4746 1020 4817 haudquaquam
1048 4748 1287 4817 ingratos
1317 4747 1369 4817 in
1401 4746 1706 4817 reipublicae
1758 4746 1901 4801 litte-

330 4816 482 4887 rarize
504 4815 941 4887 commodumget
969 4815 1252 4871 utilitatem
1308 4815 1579 4887 Spicilegii
1636 4817 1718 4871 sui
1753 4824 1899 4871 tomo

331 4885 533 4956 vulgari
562 4885 790 4956 curavit.
830 4885 942 4956 Ego
972 4902 1101 4941 vero
1135 4901 1256 4941 cum
1288 4885 1609 4955 Rotbom'agi
1638 4887 1896 4956 existens,

331 4901 533 5007 vulgari
562 4901 790 4940 curavit.
832 4901 942 4956 ego
972 4902 1101 4941 vero
1135 4901 1256 4941 cum
1290 4901 1609 4955 nomomagt
1638 4901 1896 4948 exismns,

331 4954 421 5009 bib
445 4955 691 5026 iothecm
716 4955 1007 5026 Bigotiante
1049 4957 1443 5025 manuscriptos
1501 4956 1714 5011 codices
1753 4954 1900 5010 evol-

331 5038 531 5089 verem,
563 5025 660 5079 bos
681 5024 819 5078 inter
853 5026 1149 5095 elegantem
1171 5024 1337 5095 unum
1360 5034 1484 5079 ante
1507 5040 1679 5080 annos
1701 5026 1901 5093 septin-

328 5102 518 5162 gentos
542 5101 842 5153 exaratum,
868 5094 1180 5162 praedictam
1214 5094 1582 5150 collectionem
1623 5095 1903 5150 continen-

331 5170 439 5217 tem
469 5163 662 5233 teperi,
686 5162 776 5231 qui
808 5162 1204 5233 Fiscamnensis
1228 5163 1354 5219 olim
1384 5165 1697 5233 monasterii
1736 5163 1903 5219 fuisse

325 5231 587 5303 .videtur.
610 5231 881 5303 Factaque
905 5232 1072 5303 ipsius
1094 5248 1216 5287 cum
1237 5234 1397 5288 editis
1429 5232 1745 5298 collatione,
1794 5234 1905 5288 ani-

334 5302 593 5358 madverti
610 5301 792 5372 plures
820 5301 938 5358 nec
962 5305 1383 5361 contemnendos
1403 5319 1637 5362 canones
1661 5319 1905 5376 compre-

1987 4192 2332 4262 probabilius
2358 4200 2459 4262 est,
2498 4193 2551 4262 in
2582 4192 2750 4262 ipsius
2795 4192 3068 4248 eddicibus
3108 4192 3567 4249 desiderabantur.

2000 4259 2338 4330 Quapropter
2387 4259 2618 4328 alicujus
2646 4276 2823 4330 opera:
2871 4263 3101 4330 pretium
3134 4263 3465 4322 existimavi.
3524 4264 3570 4318 si

2002 4331 2237 4398 aliquem
2264 4329 2316 4382 in
2338 4330 2441 4384 hoc
2462 4338 2646 4384 nostro
2675 4329 3066 4385 Auccdotorum
3095 4331 3369 4385 Thesauro
3394 4331 3571 4387 locum

2002 4400 2081 4454 eis
2103 4399 2416 4468 tribuerem.
2432 4398 2561 4468 Post
2584 4398 2859 4468 praefatam
2881 4415 3147 4454 canonum
3162 4401 3571 4455 Hibernensium

2004 4466 2455 4536 compilationem,
2485 4466 2538 4521 in
2574 4466 2769 4538 eodem
2816 4469 3001 4524 codice
3029 4469 3308 4538 Bigotiano
3358 4478 3573 4538 exstant

2004 4538 2381 4610 Fragmentum
2419 4536 2606 4610 synodi
2642 4537 3009 4610 Hibernensis,
3046 4536 3212 4610 Gildre
3236 4537 3478 4610 pragfatio
3504 4540 3575 4595 de

2004 4607 2338 4680 poenitentia,
2366 4607 2601 4680 synodus
2625 4607 2956 4675 Aquilonalis
2979 4607 3282 4671 Britanniae.
3305 4608 3471 4680 altera
3490 4626 3575 4680 sy-

2002 4676 2173 4733 nodus
2207 4676 2334 4732 Luci
2368 4676 2636 4748 Victoriae,
2672 4684 2927 4748 excerpta
2957 4680 3198 4748 quaedam
3223 4693 3290 4733 ex
3315 4678 3454 4748 libro
3470 4676 3573 4733 ns-

2002 4748 2160 4818 yidis,
2200 4748 2434 4818 synodus
2466 4747 2613 4818 dicta
2665 4745 2991 4815 Sapientiaf
3022 4756 3276 4818 excerpta
3321 4746 3388 4818 de
3418 4748 3576 4805 libris

2001 4814 2368 4872 Romanorum
2394 4824 2448 4870 et
2466 4814 2816 4880 Francorum,
2838 4832 3073 4872 canones
3094 4814 3389 4872 Adomnani
3416 4858 3439 4883 ,
3483 4834 3574 4873 ca-

2002 4901 2172 4942 nones
2198 4886 2387 4957 synodi
2411 4885 2706 4950 Hiberniae,
2744 4901 2867 4940 cum
2896 4887 3054 4957 brevi
3097 4886 3277 4957 libello
3299 4887 3364 4942 de
3398 4902 3574 4957 reme-

2002 4957 2105 5011 diis
2140 4956 2510 5026 peccatorum,
2547 4962 2670 5012 octo
2702 4963 2981 5012 constante
3019 4956 3299 5026 capitulis,
3344 4972 3408 5011 ex
3445 4956 3575 5011 scri-

2001 5027 2109 5096 ptis
2136 5026 2401 5080 Tlnodori
2426 5040 2544 5094 quae
2570 5026 2798 5080 necdum
2825 5026 2877 5080 in
2903 5026 3074 5081 lucem
3100 5027 3433 5095 prodierunt,
3460 5042 3574 5096 mag-

2003 5095 2146 5149 xima
2176 5110 2241 5148 ex
2289 5104 2439 5164 parte
2471 5104 2782 5164 compacto;
2842 5096 3035 5163 quibus
3086 5096 3139 5149 in
3184 5096 3433 5151 omnibus
3468 5095 3572 5150 etsi

2003 5163 2391 5219 subobscurum
2423 5163 2665 5218 [nonnihil
2713 5164 2969 5233 reperias,
2991 5166 3131 5233 quod
3154 5164 3572 5219 llibernensihus

2004 5234 2244 5289 innatum
2284 5233 2447 5289 fuisse
2496 5233 2731 5297 videtur,
2765 5250 2829 5288 ea
2860 5243 3040 5291 tamen
3075 5236 3145 5291 ab
3179 5235 3405 5291 eruditis
3442 5233 3574 5289 viris

2005 5304 2225 5360 minimc
2246 5303 2547 5375 spernenda
2571 5318 2869 5374 speramus.
