4020 6170
280 319 392 387 515

1453 313 1770 369 GANONES
1805 315 2296 372 HIBERNENSES.

3355 329 3485 384 {3H

252 432 378 486 Cu».
405 425 676 483 xm.-De
702 435 926 507 quatuor
948 424 1319 507 principalibus
1347 426 1515 478 modis
1542 427 1817 494 reprehen—
1841 430 1893 488 Α
1920 436 2088 482 strum
2144 430 2439 501 principem
2477 446 2651 498 suum,
2693 434 2778 489 cui
2815 435 3035 492 assistat
3082 453 3147 492 ac
3202 439 3489 507 ministrat,

860 495 1015 549 dendi
1034 494 1321 564 judicium.

320 584 569 655 Synodus
588 583 747 638 dicit:
767 582 1010 650 Quatuor
1037 583 1209 637 modis
1224 581 1486 650 judicium
1521 584 1820 638 humanum

252 674 603 744 pervertitur;
655 673 867 737 timore,
918 672 1247 741 cupiditate,
1291 672 1452 736 odio,
1507 683 1563 728 et
1609 689 1816 728 amore.

255 765 467 820 Timore
494 772 693 826 autem,
723 778 843 816 cum
875 770 1018 815 metu
1044 761 1322 828 cujusdam
1357 764 1642 831 potestatis
1670 764 1818 815 veri-

249 866 421 913 tatem
442 854 587 924 loqui
630 853 985 922 pavescimus.
1034 850 1363 919 Cupiditate,
1413 852 1537 906 dum
1597 852 1822 921 prmmio

257 946 495 1002 muneris
528 940 754 1010 alicujus
804 942 1219 1011 corrumpimur.
1274 940 1427 1011 Saape
1473 942 1617 996 enim
1675 944 1824 997 dives

252 1041 362 1097 cito
405 1038 716 1093 muneribus
758 1034 1053 1103 corrumpit
1084 1032 1321 1102 judicem
1357 1051 1369 1086 :
1400 1048 1606 1102 pauper
1641 1042 1823 1087 autem

256 1133 379 1186 dum
409 1144 513 1185 non
537 1128 699 1182 habet
725 1127 868 1196 quod
893 1123 1103 1188 oﬁ‘erat,
1155 1139 1265 1178 non
1295 1124 1467 1179 solum
1494 1124 1666 1178 audiri
1697 1140 1827 1178 con-

254 1221 531 1285 temnitur,
592 1218 685 1273 sed
705 1225 895 1272 contra
933 1216 1219 1270 veritatem
1265 1213 1822 1284 opprimitur.'0dio,

259 1311 382 1365 dum
405 1316 589 1364 contra
619 1305 913 1376 quemlibet
942 1304 1252 1359 adversaria
1279 1304 1551 1358 molimur.
1599 1304 1821 1371 Amore,

260 1405 383 1460 dum
413 1402 585 1457 amico
612 1402 695 1455 vel
714 1400 1029 1469 propinquis
1048 1399 1368 1454 beneﬁcium
1406 1410 1665 1470 praestare
1695 1417 1828 1456 con—

261 1492 391 1548 tenti
430 1506 635 1547 sumus.
683 1490 778 1545 llis
806 1499 984 1544 autem
1013 1497 1245 1558 quatuor
1271 1491 1450 1545 causis
1480 1507 1621 1560 saepe
1650 1493 1819 1560 aequi-

263 1592 344 1637 tas
385 1582 634 1645 violatur,
690 1588 745 1635 et
788 1595 927 1648 serpe
969 1580 1275 1634 innocentia
1330 1580 1560 1634 laeditur.
1609 1579 1826 1635 Addunt

261 1675 476 1745 quidam
499 1673 661 1727 alium
700 1671 938 1735 modum,
965 1672 1424 1726 adulationem.—
1444 1672 1776 1743 Augustinus
1807 1692 1819 1726 :

1919 516 2123 572 timeat.

1962 605 2090 660 CAP.
2117 637 2189 647 —
2212 623 2364 663 xvm.
2417 607 2492 664 De
2512 612 2898 734 eozttratzicente
2937 615 3160 683 principi
3180 618 3447 672 ordinant:

2603 697 2703 734 aere
2742 699 2843 734 ent.

2603 697 2843 736 mreaem.

1990 762 2236 833 Synodus
2272 783 2284 818 :
2316 764 2417 832 Qui
2445 770 2839 825 contradixerit
2883 774 3101 828 decreto
3149 774 3410 845 principis
3441 778 3492 831 in

1919 852 2183 907 hmredem
2218 856 2533 918 ordinando,
2566 873 2672 913 non
2707 868 2792 913 est
2813 860 3170 927 Christianus,
3207 865 3301 918 sed
3325 865 3495 919 beare-

1923 942 2084 996 licus.

2229 1029 2386 1069 LIBRO
2408 1031 2516 1079 XLI,
2552 1032 2679 1073 POS'I'
2714 1035 2832 1074 CAP.
2875 1035 2993 1085 VIII,
3034 1035 3172 1075 ADDB

1922 1102 2050 1157 CAP.
2074 1119 2129 1156 χ.
2154 1134 2223 1143 -—
2254 1104 2329 1158 De
2348 1121 2407 1158 eo
2432 1107 2569 1175 quod
2594 1106 2786 1177 liqueat
2811 1109 3059 1164 Ecclesia:
3084 1126 3288 1165 sumere
3310 1111 3492 1167 danda

2452 1177 2674 1230 hostium
2701 1180 2895 1232 omnia.

1997 1262 2246 1334 Synodus
2276 1281 2288 1317 :
2318 1263 2432 1319 Non
2456 1265 2692 1320 Ecclesia
2714 1282 2976 1335 quaerere,
2999 1276 3054 1322 et
3072 1270 3194 1324 data
3216 1286 3490 1341 respuere.

1926 1351 2055 1408 CAP.
2086 1369 2272 1408 xvn.-
2296 1355 2374 1409 De
2396 1356 2623 1433 eo_quod
2662 1374 2764 1433 non
2790 1359 3156 1433 comedendum
3186 1376 3347 1433 neque
3370 1362 3495 1415 Δον-

2402 1426 2663 1479 miendum
2684 1428 2737 1479 in
2762 1427 2997 1482 ecclesia.

1999 1517 2246 1588 Synodus
2274 1536 2286 1571 :
2316 1518 2432 1573 Non
2471 1528 2683 1589 oportet
2724 1520 2863 1574 intra
2903 1521 3121 1576 domum
3168 1521 3263 1577 Dei
3311 1524 3490 1578 cibum

1928 1609 2198 1664 carnalem
2223 1612 2523 1676 comedere,
2545 1626 2642 1666 nec
2664 1613 2938 1667 accubitos
2967 1613 3034 1667 ad
3056 1613 3492 1670 dormitationem

1930 1709 2191 1755 sternere.
2237 1700 2364 1755 Inde
2387 1701 2632 1757 Christus
2653 1703 2945 1760 vendentes
2965 1712 3020 1758 et
3052 1713 3290 1759 ementes
3316 1713 3497 1759 extor«

262 1764 450 1858 manu?
479 1772 559 1819 θδί
585 1778 686 1858 ΡΨ
708 1763 936 1818 "crime
955 1762 1294 1832 supplicmmt
1340 1778 1501 1833 quam
1526 1779 1624 1835 Ρ¹¹⁰
1649 1764 1831 1819 adula'
1863 1770 1907 1830 Β
1931 1791 2133 1858 quebat
2179 1791 2364 1846 dicens
2393 1809 2405 1844 :
2446 1792 2646 1849 Domus
2671 1809 2788 1849 mea
2824 1794 3012 1849 domus
3038 1796 3299 1851 orationis
3326 1811 3488 1851 voca-

264 1856 408 1909 tione
436 1853 778 1909 beneﬁcium.

260 1944 389 1999 Car.
437 1960 639 1998 xx..—-
669 1943 746 1999 De
776 1944 975 2013 iudicio
1009 1944 1261 2068 bozorum
1301 1944 1539 2008 iudicum
1575 1963 1680 2001 non
1719 1964 1831 2000 mo-

983 2031 1076 2068 uen
1117 2031 1168 2067 ο.

983 2031 1168 2069 uenao.

332 2103 581 2175 Synodus
609 2104 886 2159 Laudatiaa
916 2122 929 2158 :
956 2101 1234 2160 Iudicibus
1271 2113 1451 2161 autem
1502 2122 1639 2176 quos
1685 2123 1834 2163 com-

265 2196 443 2250 munis
494 2210 789 2250 consensus
814 2195 1055 2265 elegerit,
1107 2211 1215 2251 non
1246 2196 1408 2252 liceat
1436 2198 1668 2266 aliquem
1700 2197 1831 2251 irri-

266 2294 377 2340 tum
403 2302 742 2356 provocasse,
770 2287 951 2341 nullus
973 2288 1023 2342 ei
1056 2288 1434 2359 episcoporum
1452 2290 1831 2346 communicet.

263 2379 437 2436 donec
482 2381 820 2451 obtemperet
840 2379 1135 2448 iudicibus.

549 2471 677 2528 Cn.
701 2488 851 2528 xm.
876 2503 950 2514 -—
972 2472 1046 2529 De
1067 2475 1265 2546 synodo
1287 2476 1557 2531 Brenensi.

335 2563 546 2619 Nemini
575 2563 895 2619 clericorum
921 2564 1119 2620 auferri
1155 2567 1313 2622 debet
1337 2566 1488 2621 locus
1522 2582 1685 2636 quem
1708 2567 1838 2622 anni

266 2654 471 2710 circulo
500 2653 901 2719 inhabitaverit,
931 2670 1093 2726 super
1122 2671 1283 2727 quem
1317 2656 1630 2721 ecclesiam,
1661 2657 1714 2712 id
1744 2657 1839 2711 do-

271 2758 418 2797 mum
439 2758 594 2798 suam
632 2742 1012 2800 :edilicaverat.
1078 2744 1184 2801 Sed
1218 2754 1276 2799 ut
1309 2746 1577 2817 possessio
1626 2747 1839 2804 levitica

274 2830 457 2886 dedica
493 2831 594 2887 sibi
617 2832 807 2901 procul
834 2833 997 2889 dubio
1032 2833 1292 2890 habeatur
1318 2835 1666 2905 sempiterna.

339 2922 396 2976 In
444 2923 545 2978 hac
574 2921 1091 2993 synodojudicatum
1120 2932 1205 2980 est
1238 2939 1254 2979 :
1280 2924 1339 2979 In
1364 2941 1687 2996 quocunque
1715 2926 1836 2983 loco

274 3015 525 3070 sacerdos
570 3015 915 3071 aediﬁcaverit
959 3016 1241 3072 ecclesiam
1294 3034 1468 3085 suam,
1516 3019 1569 3074 id
1621 3020 1839 3075 domum

1932 1879 2096 1935 bitur.

2369 1987 2528 2027 LIBRO
2556 1990 2606 2037 L,
2654 1990 2789 2028 ADDI-Z
2832 1989 2954 2029 CAP.
2996 1990 3071 2028 νι.

1933 2061 2065 2119 Car.
2088 2078 2166 2119 vr.
2195 2094 2266 2104 —
2288 2063 2366 2119 De
2404 2068 2909 2122 excommunicandis
2930 2068 3130 2122 clericrs
3150 2070 3237 2133 Qui
3263 2085 3365 2121 non
3389 2077 3502 2121 ton-

2352 2145 2605 2188 surantur
2642 2135 2879 2191 Romano
2915 2154 3058 2191 more
3073 2178 3090 2195 .

2003 2223 2267 2281 Patricius
2316 2226 2426 2280 ait:
2454 2226 2770 2297 Quicunque
2819 2229 3049 2284 clericus
3118 2231 3186 2283 ab
3238 2233 3497 2296 bestiario

1937 2329 2106 2384 usque
2131 2316 2198 2371 ad
2227 2316 2558 2371 sacerdotem
2590 2318 2704 2371 sine
2726 2318 2906 2374 tunica
2936 2317 3175 2375 femorali
3215 2325 3359 2381 visus
3385 2327 3501 2383 fue-

1936 2402 2027 2466 rit,
2049 2418 2168 2472 qua:
2189 2405 2569 2474 turpitudinem
2590 2407 2791 2462 ventris
2803 2425 2908 2463 non
2936 2418 3077 2479 tegat
3096 2419 3151 2464 et
3172 2414 3500 2483 nuditatem;

1936 2501 1991 2547 et
2014 2494 2060 2548 si
2090 2510 2195 2548 non
2254 2511 2406 2551 more
2446 2495 2695 2552 Romano
2742 2507 2928 2553 tonsus
2964 2497 3146 2564 fuerit,
3205 2510 3258 2556 et
3289 2520 3424 2560 uxor
3455 2509 3502 2563 si

1939 2596 2047 2638 non
2071 2584 2246 2639 velato
2266 2586 2444 2655 capite
2468 2587 2842 2651 ambulaverit,
2864 2590 3069 2659 pariter
3081 2591 3508 2653 condemnabun-

1941 2680 2053 2745 tur,
2076 2684 2130 2729 et
2156 2675 2224 2730 ab
2255 2674 2494 2731 Ecclesia
2522 2677 2915 2751 separabantur
2936 2677 3202 2750 (Synodus
3241 2681 3301 2737 S.
3330 2684 3512 2742 Patri-

1940 2763 2028 2825 cii,
2060 2772 2160 2816 art.
2205 2762 2283 2835 6).

1941 2852 1959 2923 (
1983 2850 2149 2923 Caput
2168 2870 2282 2907 vero
2302 2869 2354 2906 γι
2382 2863 2455 2908 est
2484 2855 2539 2908 in
2571 2855 2747 2910 codice
2774 2866 2949 2911 nostro
2973 2875 3070 2921 vn,
3094 2870 3141 2914 et
3168 2877 3241 2916 vn
3265 2874 3339 2919 est
3362 2866 3508 2938 vm.)

2229 2958 2386 2999 ΜΒΒο
2417 2960 2560 3009 LXIV,
2588 2960 2707 2999 CAP.
2737 2962 2790 3012 V,
2835 2963 2925 3002 ΙΤΔ
2944 2965 3176 3005 ιεσιτυιι
3205 2969 3217 3004 ε

2066 3032 2195 3088 CAP.
2222 3050 2276 3087 v.
2316 3065 2386 3075 -—
2424 3035 2500 3091 De
2525 3045 2751 3107 quatuor
2773 3041 3105 3109 petitionibus
3138 3042 3379 3099 Patricii.

273 3119 425 3160 suam
451 3105 505 3160 in
531 3122 640 3161 uno
685 3121 826 3162 anno
850 3107 1137 3162 hasreditas
1163 3107 1279 3174 ejus
1303 3109 1409 3164 erit
1428 3110 1835 3180 sempiternum.
1866 3106 1918 3171 α
2022 3122 2382 3179 Ηιυεηιεηερε
2406 3105 2590 3181 diem];
2614 3144 2626 3178 ε
2662 3105 2907 3182 δεδι)θο
2930 3138 3022 3184 tuo
3050 3132 3322 3197 gratulare
3346 3152 3506 3195 nunc.

544 3233 705 3273 ιιιιιιο
729 3234 924 3285 XXVIII,
963 3235 1133 3275 CAPUT
1163 3236 1215 3274 VI
1243 3237 1333 3275 I'I'A
1357 3237 1555 3277 INCIPIT
1589 3241 1604 3277 ἒ

437 3328 566 3383 Car.
603 3345 676 3383 vr.
717 3360 788 3371 -—
831 3329 906 3384 De
944 3331 1083 3401 furto
1105 3332 1159 3386 in
1186 3330 1401 3387 ecclesia
1440 3343 1671 3404 peracto.

347 3421 594 3492 Synodus
614 3422 967 3480 Hibernensis
991 3425 1228 3479 decrevit
1253 3440 1266 3478 :
1295 3426 1527 3495 primum
1558 3425 1757 3480 furtum
1783 3427 1835 3480 in

275 3512 500 3587 ecclesia
541 3520 816 3583 peractum
872 3514 988 3567 vice
1052 3522 1263 3567 tantum
1312 3514 1461 3567 reddi
1500 3521 1555 3565 et
1590 3514 1841 3581 pmniteri

282 3604 349 3658 ad
370 3602 631 3672 judicium
665 3605 982 3659 sacerdotis.
1045 3605 1113 3657 Et
1142 3607 1244 3658 hoc
1262 3620 1359 3672 pro
1389 3603 1717 3673 indulgentia
1739 3603 1844 3657 Ec-

279 3695 442 3751 clesia
495 3695 643 3750 facit.
699 3695 765 3748 Et
808 3695 853 3749 si
907 3694 1146 3748 secundo
1202 3692 1400 3746 factum
1438 3692 1618 3755 fuerit,
1684 3692 1842 3762 duplo

280 3786 364 3840 vel
401 3784 698 3855 quadruplo
724 3782 893 3837 reddi.
925 3781 1076 3848 Quod
1095 3782 1139 3835 si
1171 3781 1458 3835 mundialis
1482 3781 1717 3835 hominis
1755 3797 1848 3851 pe-

280 3876 438 3930 cunia
463 3875 640 3929 ablata
666 3872 736 3925 sit
761 3872 827 3925 ab
851 3871 1097 3932 ecclesia,
1146 3878 1199 3924 et
1223 3870 1449 3925 ecclesia
1479 3872 1549 3925 sit
1573 3872 1842 3926 catholica

282 3972 339 4017 et
377 3964 444 4017 ab
463 3960 609 4015 Omni
637 3972 799 4013 censu
828 3958 1015 4020 libera,
1057 3958 1308 4011 damnum
1349 3958 1564 4013 domino
1591 3960 1848 4015 restitue-

284 4064 404 4115 tur,
455 4060 510 4104 et
535 4066 697 4104 usura
738 4048 853 4117 ejus
898 4048 1001 4101 erit
1044 4048 1308 4102 ccclesice.
1362 4046 1418 4102 Si
1454 4062 1582 4103 vero
1622 4049 1849 4105 ecclesia

285 4144 386 4198 sub
430 4154 592 4196 censu
623 4138 784 4195 fuerit
813 4138 1001 4210 regali,
1054 4137 1307 4192 damnum
1334 4138 1474 4217 idem
1511 4139 1714 4195 domini
1740 4155 1851 4197 res-

289 4232 532 4297 tituetur,
566 4236 621 4284 et
650 4245 810 4284 usura
834 4228 945 4299 regi
975 4236 1029 4283 et
1055 4226 1295 4282 ecclesia:
1319 4229 1442 4282 erit.

647 4338 804 4378 LIBRO
823 4337 974 4386 XXXI,
1000 4338 1117 4375 CAP.
1148 4336 1279 4377 XXIII
1315 4338 1450 4377 ADDE
1484 4337 1500 4374 τ

361 4413 608 4486 Synodus
636 4413 959 4469 Ancoritana
989 4413 1232 4468 deﬁnivit
1259 4427 1272 4465 :
1302 4412 1359 4468 Si
1387 4413 1492 4469 duo
1518 4414 1572 4498 in
1609 4413 1849 4493 absentia
1883 4444 1932 4504 Β

291 4514 623 4560 mortuorum
682 4505 1125 4568 contradixerint,
1176 4512 1408 4572 quatuor
1442 4492 1704 4572 judicent,
1760 4492 1854 4557 aut

293 4604 438 4651 sorte
462 4613 579 4665 quae
605 4596 861 4650 discernit
890 4611 1047 4650 omne
1069 4596 1318 4658 invisum,
1347 4604 1438 4648 aut
1458 4596 1699 4649 dividant
1718 4596 1859 4664 quod

293 4686 642 4750 contendunt,
668 4695 760 4741 aut
783 4686 918 4740 alter
948 4685 1200 4740 abscedat
1226 4687 1418 4754 pretio,
1476 4696 1568 4739 aut
1606 4687 1857 4740 sacerdo-

292 4776 438 4831 tibus
462 4775 608 4831 dent.

542 4882 698 4922 LIBRO
726 4882 906 4931 XXXIV,
945 4882 1009 4920 DE
1042 4882 1370 4928 JURAMISN'I'O,
1406 4881 1577 4920 ΑΜ)εέ

367 4981 498 5038 CAP.
530 4997 647 5037 xm.
682 5012 753 5022 —
778 4981 854 5035 De
898 4997 956 5035 eo
995 4980 1135 5051 quod
1172 4981 1237 5034 sit
1282 4979 1635 5045 ferramentum
1675 4997 1793 5034 cum

950 5050 1205 5120 pluribus.

370 5140 620 5212 Synodus
644 5139 992 5195 Consulensis
1016 5158 1028 5192 :
1056 5139 1118 5195 lli
1145 5140 1236 5208 qui
1264 5141 1593 5194 contendunt
1629 5156 1867 5210 quacun-

298 5249 406 5307 que
429 5249 496 5289 ex
539 5248 716 5293 causa,
763 5233 806 5286 si
838 5232 976 5286 alter
1002 5248 1123 5286 cum
1150 5241 1287 5287 teste
1315 5249 1443 5297 uno,
1474 5242 1565 5287 aut
1594 5250 1714 5287 cum
1746 5235 1866 5303 plu-

302 5326 474 5392 ribus,
506 5332 562 5380 et
580 5324 716 5379 alius
749 5324 864 5380 sine
887 5332 1021 5378 teste
1047 5337 1062 5376 :
1089 5321 1450 5393 juramentum
1478 5336 1599 5379 cum
1627 5324 1868 5395 pluribus

301 5419 431 5477 erit.

635 5526 794 5565 LIBRO
821 5526 1005 5573 XXXVI,
1033 5526 1160 5565 POS’I’
1189 5526 1376 5579 CAP.V,
1407 5527 1541 5565 ADDI’.
1575 5528 1587 5564 ε

476 5599 604 5655 Car.
622 5614 707 5654 ‘VI.
735 5625 810 5642 -
850 5600 922 5654 Ile
945 5601 1261 5671 subjectione
1290 5602 1465 5673 populi
1489 5602 1731 5672 principi.

1943 3215 2068 3282 quia
2103 3222 2209 3270 tum
2256 3215 2394 3270 datu:
2416 3223 2541 3270 sunt
2568 3216 2663 3270 tibi
2687 3226 2922 3285 quatuor
2946 3220 3234 3288 petitiones
3261 3238 3394 3291 quas
3421 3240 3513 3294 pe-

1943 3309 2076 3363 tisti.
2107 3309 2284 3364 Prima
2303 3310 2490 3379 petitio
2514 3318 2616 3374 est,
2648 3310 2783 3363 utin
2806 3310 3095 3367 Ardmachi
3118 3314 3388 3371 ordinatio
3412 3327 3514 3373 tua:

1943 3398 2037 3452 ﬁat
2065 3399 2271 3469 gratim.
2311 3398 2554 3453 Secunda
2591 3399 2781 3467 petitio
2814 3407 2916 3464 est,
2944 3409 3005 3455 ut
3037 3402 3340 3474 quicunque
3363 3408 3515 3478 bym-

1941 3502 2071 3541 num
2095 3487 2186 3555 qui
2240 3488 2336 3542 tibi
2360 3490 2694 3556 compositus
2714 3498 2820 3556 est,
2878 3490 2932 3544 in
2985 3492 3071 3547 die.
3102 3494 3281 3550 exitus
3308 3496 3373 3551 de
3396 3513 3514 3552 cor-

1945 3598 2076 3652 pore
2118 3586 2434 3645 cantaverit,
2483 3593 2539 3640 tu
2588 3586 2703 3655 ejus
2750 3590 3122 3658 paenitentiam
3166 3591 3514 3661 iudicaveris.

1946 3673 2129 3728 Tertia
2154 3675 2340 3743 petitio
2384 3685 2487 3742 est,
2535 3685 2595 3731 ut
2621 3687 2843 3748 nepotes
2867 3680 3186 3751 Dicuin,qui
3208 3690 3260 3738 te
3287 3683 3515 3753 benigne

1947 3772 2317 3833 susceperunt,
2377 3765 2798 3822 misericordiam
2835 3779 3232 3840 consequentur
3260 3772 3348 3835 hic
3371 3781 3428 3829 et
3462 3774 3515 3828 in

1949 3850 2152 3916 futuro,
2197 3860 2248 3906 et
2282 3869 2386 3907 non
2407 3862 2645 3923 pereant.
2670 3855 2880 3923 Quarta
2900 3860 3087 3929 petitio
3112 3869 3213 3927 est,
3244 3870 3302 3916 ut
3325 3862 3518 3918 Hiber-

1950 3954 2143 3996 nenses
2171 3956 2359 3996 omnes
2396 3943 2448 3996 in
2494 3943 2580 3998 die
2622 3942 2811 4012 judicii
2840 3961 2871 4000 a
2915 3955 2969 4003 te
2996 3947 3326 4017 iudicentur,
3378 3952 3521 4008 sicut

1951 4029 2148 4085 dicitur
2182 4030 2249 4085 ad
2275 4032 2547 4101 apostolos
2574 4044 2620 4087 et
2664 4029 2749 4089 viis
2775 4036 3009 4092 sedentes
3052 4039 3363 4110 judicabitis
3390 4042 3524 4097 duo-

1951 4119 2115 4174 decim
2142 4122 2307 4176 tribus
2330 4120 2535 4188 Israel;
2572 4132 2631 4179 ut
2666 4140 2776 4188 eos,
2824 4127 3021 4193 quibus
3046 4130 3322 4199 apostolus
3348 4130 3521 4190 fuisti.

1951 4207 2173 4279 iudices.

2093 4318 2570 4376 FRAGMENTUM
2620 4321 2870 4378 SYNODI
2906 4325 3379 4384 IIIBERNENSIS.

2309 4408 2552 4479 Synodus
2575 4410 2910 4469 Hibernensis
2932 4414 3170 4470 decrevit.

2025 4498 2258 4569 Sanguis
2285 4499 2521 4569 episcOpi
2570 4501 2655 4555 vel
2696 4502 2896 4556 excelsi
2921 4504 3181 4572 principis
3207 4506 3290 4560 vel
3312 4509 3522 4584 scribae,

1958 4591 2047 4660 qui
2089 4590 2156 4645 ad
2183 4599 2382 4644 terram
2408 4590 2717 4657 eﬂ'unditnr,
2754 4594 2799 4646 si
2831 4594 3052 4665 collyrio
3073 4596 3374 4668 indiguerit,
3404 4616 3523 4656 eum

1959 4683 2048 4751 qui
2074 4680 2322 4737 elfuderit
2349 4682 2617 4751 sapientes
2642 4683 2885 4753 cruciligi
2916 4684 3181 4754 judicant,
3227 4690 3310 4744 vel
3330 4707 3404 4745 vn
3435 4707 3530 4747 an—

1962 4773 2112 4828 cillas
2145 4773 2350 4827 reddat.
2387 4772 2444 4825 Si
2469 4773 2522 4825 in
2545 4772 2739 4841 specie,
2767 4775 2977 4828 tertiam
3007 4784 3215 4845 partem
3247 4779 3312 4833 de
3338 4795 3529 4852 argena

1965 4871 2039 4925 to,
2072 4869 2124 4916 et
2147 4876 2451 4930 comparem
2489 4862 2706 4918 verticis
2732 4863 2795 4918 de
2832 4880 2984 4930 auro,
3047 4865 3525 4940 latitudinem.nec~

1965 4970 2069 5009 non
2097 4962 2150 5008 et
2181 4954 2408 5008 similem
2437 4954 2576 5009 oculi
2605 4956 2670 5009 de
2689 4970 2900 5022 gemma
2935 4967 3172 5026 pretiosa
3210 4963 3534 5032 magnitudi-

1965 5061 2087 5099 nem
2103 5044 2308 5099 reddat.
2326 5046 2393 5100 Et
2403 5060 2501 5115 pro
2514 5045 2629 5114 ejus
2644 5047 2826 5102 livoris
2841 5048 2924 5103 vel
2938 5049 3173 5105 vulneris
3185 5052 3532 5110 admiratione

1968 5135 2021 5187 in
2053 5147 2343 5200 conventu,
2394 5136 2479 5190 vel
2515 5136 2569 5190 in
2592 5137 2832 5206 qualibet
2876 5139 3213 5196 multitudine
3263 5159 3432 5212 usque
3467 5145 3532 5199 ad

1970 5228 2189 5281 tertium
2235 5243 2456 5292 annum,
2503 5236 2596 5282 aut
2635 5229 2971 5298 eoamplius,
3020 5230 3065 5284 si
3095 5246 3203 5286 non
3242 5233 3531 5304 indulgeat,

1968 5319 2200 5388 pretium
2249 5318 2455 5373 ancilla:
2503 5318 2549 5373 is
2600 5319 2690 5387 qui
2734 5319 3005 5374 commisit
3057 5321 3261 5378 reddat.
3315 5322 3373 5378 Si
3408 5341 3536 5381 vero

1972 5410 2193 5479 sanguis
2222 5409 2456 5478 episcOpi
2495 5409 2561 5463 ad
2596 5416 2799 5462 terram
2839 5425 2947 5465 non
2976 5412 3275 5480 perveniat,
3308 5430 3407 5471 nec
3430 5420 3536 5472 col-

1972 5501 2112 5569 lyrio
2149 5501 2406 5571 indigeat,
2459 5514 2650 5553 manus
2669 5500 3021 5569 percutientis
3049 5501 3412 5572 abscindatur,
3449 5516 3544 5563 aut

1975 5594 2253 5649 dimidium
2297 5610 2371 5649 vu
2419 5594 2734 5650 ancillarum
2767 5594 2975 5660 reddat,
3019 5596 3063 5649 si
3119 5597 3185 5651 de
3238 5598 3534 5655 industria:

377 5691 643 5747 Patricius
666 5690 923 5747 :Ministri
959 5707 1049 5747 vos
1080 5692 1228 5757 estis,
1277 5701 1329 5745 et
1384 5692 1750 5761 unusquisque
1792 5706 1876 5745 ve—
1976 5686 2020 5740 si
2048 5693 2225 5740 autem
2257 5700 2360 5741 non
2399 5685 2464 5740 de
2503 5684 2784 5750 industria,
2834 5686 3064 5756 pretium
3090 5688 3292 5744 ancilla:
3319 5691 3545 5752 tribuat.
