4020 6170
607 319 744 374 1515
1415 317 1681 376 ABEDOC
1719 320 1806 375 ET
1845 318 2350 378 ETIIELVOLFUS
2385 322 2697 383 ABBATES
2736 323 3030 380 HIBERNI.
3646 329 3747 387 I516

603 434 707 501 Qui
745 438 871 487 vero
890 431 1199 501 episcopum
1218 431 1335 486 sine
1356 431 1616 487 ell'usnone
1641 435 1924 503 sanguinis
1952 448 2171 503 percus-
2201 438 2254 493 Α
2348 433 2412 487 V.
2455 433 2746 490 Monachus
2766 435 2975 491 furatus
3002 444 3202 491 vestem
3238 436 3316 493 vel
3361 438 3563 509 aliquam
3597 460 3686 499 rem
3718 465 3746 503 ιι

605 525 757 588 serit,
820 522 900 576 vel
927 523 1355 587 commotaverit,
1409 521 1691 578 dimidium
1736 541 1811 578 vn
1850 524 2174 578 ancillarum

604 614 832 684 pretium
880 612 1088 667 reddat.
1156 611 1213 667 Si
1254 624 1433 667 autem
1484 614 1687 683 aliquid
1711 615 1777 669 de
1815 614 2021 683 capillis
2056 612 2175 683 ejus

602 714 846 775 carptum
878 705 1058 768 fuerit,
1102 706 1365 759 scdatium
1396 704 1813 775 uniuscujusque
1856 706 2058 776 capilli,
2121 706 2174 761 id

600 807 684 854 est
712 813 787 851 χιι
811 797 1053 866 discipuli
1074 781 1244 867 usque
1280 814 1348 851 xx
1376 800 1440 854 de
1462 806 1690 868 utroque
1718 799 1994 852 reddatur.
2024 799 2174 852 Licet

601 890 743 943 enim
783 904 954 957 majus
976 888 1220 943 evulsum
1253 889 1431 952 fuerit,
1484 890 1635 958 quasi
1682 890 1958 959 proprium
2017 889 2168 943 reddi

601 994 706 1030 non
729 978 941 1032 dicitur.
976 978 1204 1047 Sanguis
1228 980 1526 1049 presbyteri
1555 980 1646 1049 qui
1676 981 1743 1035 ad
1774 990 1973 1035 terram
1995 979 2174 1035 effun-

599 1069 744 1121 ditur
778 1070 946 1122 donec
984 1069 1263 1139 collyrium
1314 1069 1518 1134 suffert,
1569 1086 1759 1124 manus
1804 1070 2168 1125 interfectoris

597 1161 967 1226 abscindatur,
992 1146 1077 1216 vel
1111 1162 1388 1216 dimidium
1419 1178 1493 1216 vn
1535 1162 1848 1216 ancillarum
1885 1162 2093 1225 reddat,
2120 1162 2166 1215 si

597 1255 664 1306 de
686 1253 947 1307 industria
984 1270 997 1305 :
1042 1253 1087 1307 si
1115 1261 1294 1306 autem
1338 1267 1443 1307 non
1502 1251 1568 1307 de
1613 1252 1896 1317 industria,
1945 1244 2153 1306 ancilla:

594 1344 768 1412 pretio
797 1351 1036 1398 sanetur.
1078 1342 1135 1397 Si
1180 1344 1249 1397 ad
1278 1352 1475 1398 terram
1501 1359 1608 1398 non
1634 1345 1931 1412 perveniat,
1952 1359 2175 1413 percus-

595 1448 690 1488 sor
712 1434 957 1488 ancillam
980 1434 1193 1498 reddat;
1225 1433 1271 1487 si
1307 1433 1358 1486 in
1384 1435 1562 1502 specie
1606 1434 1743 1503 ejus,
1792 1434 2006 1488 tertiam
2032 1450 2160 1502 par-

596 1533 703 1581 tem
756 1528 823 1581 de
866 1535 1089 1595 argento
1138 1527 1417 1582 retribuat.
1473 1527 1756 1582 Percussio
1799 1527 1915 1597 ejus
1954 1528 2164 1582 ancilla:

591 1619 769 1687 pretio
827 1620 1172 1682 restituatur,
1228 1619 1452 1673 motatio
1496 1617 1636 1687 ejus,
1683 1626 1743 1674 ut
1793 1619 2164 1689 praediximus,

591 1718 833 1766 εαηθιυν.

1107 1815 1386 1855 numerus
1422 1796 1591 1855 nicrr.

659 1891 845 1948 Omnis
881 1892 972 1961 qui
1011 1908 1174 1946 ausus
1199 1890 1361 1945 fuerit
1401 1904 1465 1944 ea
1519 1906 1639 1959 qua:
1686 1898 1810 1944 sunt
1856 1891 2025 1960 regis,
2074 1890 2158 1945 vel

589 1984 845 2053 episcopi,
886 1991 979 2038 aut
1004 1983 1197 2038 scriba:
1226 1982 1419 2047 furari,
1449 1988 1541 2035 aut
1569 1996 1779 2050 rapere,
1837 1991 1930 2035 aut
1955 1982 2160 2051 aliquid

591 2074 644 2127 in
676 2090 767 2128 eos
802 2081 1162 2138 committere,
1206 2072 1598 2142 parvipendens
1621 2071 1916 2140 despicere,
1961 2087 2036 2125 vn
2063 2086 2158 2125 an-

587 2166 830 2220 cillarum
881 2166 1112 2236 pretium
1164 2163 1370 2228 reddat,
1427 2171 1523 2218 aut
1566 2179 1641 2218 vn
1687 2163 1844 2217 annis
1898 2163 2158 2234 pinniteat

586 2270 707 2308 cum
744 2254 995 2323 episcopo
1019 2252 1102 2307 vel
1132 2253 1330 2307 scriba.

583 2364 824 2420 INCIPIT
854 2362 1220 2419 PRA‘IFATIO
1266 2362 1496 2421 (ΗΜ)μὲ
1545 2363 1632 2417 DE
1679 2360 2149 2417 ΡΟΕΝΙΤΕΝΤΙΛ.

655 2477 696 2531 ι.
736 2475 1027 2545 Presbyter
1073 2482 1167 2528 aut
1213 2474 1472 2529 diaconus
1500 2473 1705 2529 faciens
1741 2472 2152 2528 fornicationem

579 2568 906 2633 naturalem,
973 2566 1087 2622 sive
1112 2566 1455 2632 sodomitam,
1516 2566 1724 2637 prolato
1751 2573 1875 2620 ante
1900 2564 2151 2620 monachi

578 2669 727 2724 voto,
767 2676 827 2714 ιιι
870 2659 1024 2713 annis
1051 2659 1333 2730 pmniteat,
1384 2659 1593 2713 veniam
1635 2658 1781 2714 omni
1811 2659 1941 2712 hora
1974 2666 2148 2729 roget,

578 2750 1059 2819 superpositionem
1108 2749 1270 2803 faciat
1327 2749 1381 2802 in
1433 2764 1752 2817 unaquaque
1784 2749 2142 2813 hcbdomada,

578 2844 819 2913 exceptis
853 2861 883 2897 L
928 2844 1116 2898 diebus
1136 2851 1259 2911 post
1302 2842 1608 2911 passionem
1644 2856 1660 2895 :
1691 2855 1829 2912 pane
1850 2842 1966 2896 sine
1990 2856 2148 2896 men-

578 2951 726 2999 sura,
776 2943 832 2989 et
864 2933 1068 2989 ferculo
1096 2933 1431 3002 aliquatenus
1466 2934 1661 3003 butyro
1710 2934 2039 3003 impinguato
2061 2934 2146 2989 die

576 3024 854 3081 Dominico
885 3039 899 3078 :
929 3023 1142 3078 cmteris
1165 3037 1290 3076 vero
1309 3022 1499 3077 diebus
1525 3022 1781 3092 paximati
1819 3023 1972 3090 panis
1997 3038 2147 3078 men-

2281 524 2457 589 annis,
2503 533 2562 579 ut
2586 541 2768 596 supra,
2805 526 3083 595 pmniteat,
3111 528 3154 581 si
3174 526 3350 595 jnnior
3384 542 3493 597 est;
3522 533 3561 587 si
3591 538 3749 606 senior,

2279 627 2421 668 anno
2454 614 2683 685 integro.
2734 614 2793 670 Si
2818 631 2946 671 vero
2987 619 3276 674 monachus
3310 635 3407 675 non
3437 619 3594 691 fuerit,
3633 644 3748 699 atque

2277 718 2418 759 anno
2439 713 2495 759 et
2518 705 2747 761 maxime
2773 706 2826 760 in
2860 708 3303 778 quadragesimis.

2347 796 2432 850 VI.
2476 796 2531 850 Si
2574 799 2872 854 monachus
2893 800 3196 854 exundante
3224 810 3401 857 ventre
3424 809 3748 866 evomuerilsa-

2276 884 2536 940 criticium
2592 886 2646 941 in
2685 888 2793 952 die,
2840 903 3051 943 caenam
3098 905 3249 945 suam
3276 907 3377 946 non
3411 909 3667 963 pnesumal.
3701 902 3747 956 Et

2274 974 2317 1028 si
2358 990 2463 1029 non
2502 976 2831 1033 infirmitatis
2855 994 3041 1044 causa,
3098 996 3170 1034 vn
3195 985 3745 1051 superpositionibusza

2273 1064 2605 1123 infirmitatis
2636 1077 2690 1123 et
2726 1085 2832 1124 non
2860 1071 3168 1127 voracitatis
3194 1088 3370 1139 causa,
3412 1091 3468 1131 ιιι
3516 1084 3749 1151 superposi.

2274 1154 2508 1213 tionibus
2549 1159 2723 1213 deleat
2748 1160 2982 1230 culpam.
3031 1162 3087 1217 Si
3125 1173 3301 1219 autem
3340 1182 3438 1221 non
3474 1172 3744 1236 sacriﬁcium,

2270 1249 2378 1305 diei
2420 1253 2847 1322 superpositione
2870 1262 2925 1308 et
2951 1256 3117 1310 multa
3163 1258 3507 1328 increpatione
3524 1262 3744 1333 plectatur.

2272 1338 2327 1394 Si
2370 1356 2497 1395 casu
2544 1342 2815 1413 negligens
2858 1345 2978 1413 quis
3017 1346 3337 1417 sacrificium
3371 1348 3560 1419 aliquod
3589 1355 3743 1422 perdat.

2267 1445 2365 1498 per
2393 1447 2453 1485 ιιι
2480 1434 2918 1503 quadragesimus
2944 1435 3223 1503 paeniteat,
3250 1437 3532 1508 relinquens
3570 1442 3671 1497 illud
3697 1444 3750 1499 fe-

2268 1521 2342 1575 ris
2375 1529 2429 1575 et
2463 1521 2681 1578 alitibus
2708 1522 3075 1579 devorandum
3103 1538 3150 1578 ιι.

2340 1610 2447 1665 VII.
2489 1610 2547 1665 Si
2573 1613 2696 1681 quis
2724 1623 2902 1668 autem
2939 1615 3221 1671 ebrietatis
3256 1632 3410 1673 causa
3441 1619 3632 1689 psallere
3666 1636 3741 1678 non

2268 1709 2445 1769 potest
2468 1709 2690 1772 stupens
2716 1703 2945 1774 elinguis
2961 1745 2976 1768 ,
3030 1720 3184 1760 etena
3206 1707 3453 1776 privatur.

2335 1792 2464 1846 VIII.
2504 1792 2741 1849 Peccans
2761 1810 2881 1849 cum
2909 1796 3135 1864 pecode,
3166 1814 3340 1865 anno;
3375 1801 3416 1855 si
3433 1801 3531 1872 ipse
3553 1802 3684 1869 solus,
3697 1819 3739 1858 ιιι

2258 1886 2699 1955 quadragesimus
2732 1886 2905 1941 diluat
2932 1888 3175 1959 culpam.

2328 1976 2417 2030 IX.
2459 1975 2559 2043 Qui
2596 1978 3078 2035 communicaverit
3105 1996 3144 2036 a
3174 1996 3272 2038 suo
3303 1982 3481 2039 abbate
3505 1998 3738 2039 excommu-

2257 2069 2458 2134 nicato,
2488 2085 2585 2130 ιι..

2327 2159 2394 2213 X.
2430 2157 2759 2215 Manducans
2792 2161 3140 2218 morticinam
3174 2163 3388 2230 inscius,
3411 2182 3491 2220 ιι..
3523 2164 3735 2221 Sciendum

2256 2259 2435 2305 tamen
2460 2259 2544 2306 est
2567 2252 2711 2321 quod
2734 2261 2937 2320 quanto
2953 2254 3074 2323 quis
3099 2262 3345 2326 tempore
3362 2265 3574 2313 moratur
3591 2258 3634 2313 in
3653 2273 3736 2328 pce

2255 2350 2396 2408 cato,
2430 2349 2579 2399 tanto
2604 2344 2653 2398 ei
2681 2346 2924 2414 augenda
2953 2346 3276 2415 pmnitentia
3301 2357 3400 2403 est.

2322 2453 2412 2507 XI.
2456 2453 2513 2508 Si
2543 2454 2629 2509 cui
2655 2454 2949 2524 imponitur
2970 2472 3105 2525 opus
3139 2459 3381 2528 aliqqu,
3405 2470 3455 2516 et
3479 2468 3734 2529 contemptus

2253 2541 2424 2611 gratia
2455 2542 2585 2597 illud
2615 2558 2722 2597 non
2756 2543 2971 2609 fecerit,
3004 2562 3166 2602 creua
3201 2559 3396 2605 careat.
3439 2551 3489 2605 Si
3515 2565 3619 2604 vero
3642 2550 3733 2604 obli-

2252 2635 2427 2697 vione,
2460 2634 2738 2689 dimidium
2771 2635 3070 2704 quotidiani
3098 2638 3298 2694 victus.
3344 2639 3398 2695 Si
3431 2648 3584 2695 autem
3610 2646 3734 2694 sumat

2250 2725 2474 2780 alterius
2502 2730 2666 2793 opus,
2707 2726 2839 2780 illud
2878 2734 3064 2781 notum
3107 2728 3279 2785 faciat
3318 2731 3481 2786 abbati
3505 2743 3712 2784 enimvero

2249 2818 2463 2880 cundia,
2493 2826 2717 2888 excepto
2743 2832 2810 2873 eo
2834 2818 2982 2874 nullo
3005 2821 3295 2889 audiente;
3324 2832 3377 2879 et
3398 2823 3471 2879 sic
3492 2830 3681 2893 peragat,
3700 2818 3733 2873 si

2242 2906 2482 2975 jubetur.

2314 3017 2426 3072 XII.
2468 3018 2603 3072 Nam
2638 3020 2727 3089 qui
2765 3019 2899 3075 iram
2931 3024 3092 3078 corde
3123 3025 3295 3081 multo
3326 3036 3539 3096 tempore
3564 3024 3730 3088 retinet,

574 3132 721 3183 sura,
748 3125 803 3171 et
825 3116 1047 3171 misoclo
1073 3130 1294 3184 parvum
1326 3114 1674 3185 impinguato.
1712 3115 1861 3170 Horti
1887 3115 2141 3180 oleribus,
2172 3104 2221 3171 (ἶ
2251 3108 2304 3163 in
2333 3118 2505 3163 morte
2528 3117 2630 3164 est.

573 3206 693 3262 ovis
735 3206 944 3277 paucis,
1014 3204 1324 3260 Britannico
1369 3203 1613 3260 formello
1664 3212 1868 3270 utatur,
1926 3205 2140 3261 IIimina

574 3297 815 3354 Romana
845 3296 1003 3352 lactis
1047 3313 1146 3367 pro
1188 3295 1474 3366 fragilitate
1520 3297 1762 3366 corporis
1814 3297 1970 3352 istius
2020 3298 2142 3352 arvi.

573 3387 823 3443 Tenuclaa
850 3402 978 3443 vero
1013 3387 1095 3441 vel
1130 3388 1392 3443 Balthuun
1414 3387 1570 3443 lactis
1597 3387 1833 3442 sextario
1878 3387 2141 3441 Romano.

572 3478 705 3535 Sitis
751 3478 927 3545 Kratia
978 3484 1033 3531 et
1079 3491 1233 3546 aqua:
1284 3477 1586 3546 talimpulo,
1622 3477 1667 3531 si
1715 3478 1996 3547 operarius
2037 3485 2141 3532 est.

572 3565 797 3621 Lectum
829 3582 935 3621 non
966 3566 1135 3620 multo
1162 3565 1308 3621 [ωηο
1331 3567 1648 3620 instructum
1677 3566 1891 3621 habeat.
1941 3565 2046 3622 Per
2082 3583 2141 3622 ιιι

572 3658 1009 3729 quadragesimas
1046 3657 1372 3727 superaddat
1392 3658 1594 3726 aliquid
1621 3667 1781 3727 prout
1827 3658 1999 3714 virtus
2051 3660 2145 3714 ad-

500 3750 512 3761 ’
572 3753 798 3818 miserit,
821 3768 1034 3823 semper
1053 3768 1117 3807 ex
1141 3753 1332 3807 intimo
1347 3753 1509 3808 corde
1523 3752 1718 3808 defleat
1730 3754 1939 3823 culpam
1963 3768 2139 3807 suam.

570 3843 937 3898 Obedientiam
958 3859 1057 3913 pro
1078 3843 1326 3897 omnibus
1345 3843 1701 3899 libentissime
1731 3845 1981 3913 excipiat.
2007 3844 2137 3898 Post

570 3945 768 3986 annum
790 3937 842 3983 et
873 3930 1149 3984 dimidium
1189 3930 1581 3985 Eucharistiam
1610 3940 1808 3995 sumat,
1853 3940 1908 3986 et
1927 3932 1995 3986 ad
2040 3948 2138 4002 pa-

567 4034 687 4076 cem
712 4019 914 4085 veniat,
975 4020 1212 4089 psalmos
1231 4035 1351 4075 cum
1377 4020 1635 4075 fratribus
1661 4030 1839 4084 canat,
1889 4037 1956 4076 ne
1981 4023 2136 4092 peni-

569 4120 658 4165 tus
698 4108 880 4164 anima
932 4117 1081 4165 tanto
1121 4118 1361 4179 tempore
1401 4109 1637 4166 celestis
1666 4111 1947 4167 medicinae
1998 4114 2138 4168 inte-

566 4206 708 4257 reat.

630 4290 698 4345 II.
739 4290 797 4346 Si
824 4290 945 4361 quis
982 4290 1236 4347 inferiore
1274 4292 1441 4362 gradu
1481 4292 1688 4364 positus
1713 4296 2029 4360 monachus,
2070 4313 2130 4350 ιιι

554 4382 719 4441 annis
768 4383 1059 4450 poeniteat:
1091 4385 1185 4438 sed
1230 4399 1482 4439 mensura
1534 4394 1790 4454 gravetur
1839 4387 2011 4456 panis.
2068 4387 2125 4441 Si

554 4472 858 4542 operarius,
915 4474 1209 4529 sextarium
1248 4474 1315 4530 de
1349 4475 1483 4531 lacte
1503 4476 1828 4541 Romanum,
1882 4486 1936 4531 et
1967 4477 2132 4531 alium

558 4562 629 4617 de
669 4563 909 4627 tenucla,
949 4572 1004 4618 et
1053 4580 1249 4635 aquam
1290 4575 1551 4636 quantum
1600 4566 1832 4623 subiciat
1864 4584 1960 4638 pro
2010 4568 2131 4623 sitis

562 4653 757 4708 ardore
784 4664 984 4710 sumat.
1595 4724 1600 4729 θ

632 4743 716 4798 III.
747 4743 803 4799 Si
827 4761 953 4799 vero
976 4747 1093 4800 sine
1111 4750 1356 4802 monachi
1378 4758 1500 4804 voto
1519 4751 1799 4821 presbyter
1818 4758 1909 4804 aut
1941 4751 2126 4806 diaco—

562 4851 663 4891 nus
688 4837 991 4905 peccaverit
1025 4851 1041 4891 :
1067 4841 1207 4894 sicut
1234 4840 1527 4894 monachus
1549 4841 1667 4894 sine
1694 4841 1870 4909 gradu
1909 4842 1986 4896 sic
2012 4858 2130 4911 pce-

561 4924 748 4978 niteat.
775 4924 832 4979 Si
862 4934 1042 4979 autem
1056 4937 1331 4994 peccatum
1350 4929 1578 4984 voluerit
1597 4932 1893 4986 monachus
1910 4931 2089 4987 facere
2108 4950 2122 4997 ;

561 5029 697 5067 anno
718 5023 771 5070 et
799 5016 1037 5071 dimidio.
1084 5017 1254 5073 Habet
1286 5028 1459 5074 tamen
1482 5022 1648 5076 abbas
1669 5022 1825 5089 hujus
1848 5025 1923 5078 rei
1945 5026 2128 5079 mode-

560 5108 739 5159 randas
783 5104 1113 5171 facultatem,
1161 5108 1207 5163 si
1233 5110 1536 5165 obedientia
1573 5110 1690 5180 ejus
1718 5112 1911 5181 placita
1962 5112 2125 5168 fuerit

556 5196 666 5251 Deo
693 5204 751 5252 et
771 5198 952 5253 abbati
978 5214 1094 5253 suo.
1322 5188 1325 5193 “

624 5286 710 5341 IV.
750 5287 970 5357 Antiqui
1005 5288 1191 5345 Patres
1220 5306 1293 5345 xu
1323 5293 1649 5362 presbytero.
1703 5300 1756 5347 et
1778 5308 1849 5345 vn
1898 5292 2124 5349 diacono

552 5377 881 5445 paenitentia:
908 5386 1236 5435 statuerunt.

624 5502 652 5531 ι
690 5491 788 5566 I_Iic
815 5493 1022 5566 videtur
1045 5494 1466 5566 esseverborum
1494 5497 1841 5566 tranSpositio
1863 5498 1934 5552 ita
1964 5500 2123 5554 resti-

557 5558 746 5611 tuenda
779 5574 793 5612 :
823 5560 883 5613 Si
942 5578 1067 5614 casu
1103 5579 1136 5614 η
1199 5562 1360 5630 ligans
1394 5566 1511 5633 quis
1549 5558 1867 5634 sacri/icium
1905 5569 1976 5622 ali
2016 5570 2119 5623 uad

557 5624 754 5688 perdat,
781 5627 1069 5694 relinquam
1109 5579 1241 5682 ilelzd
1274 5633 1399 5694 feris
1424 5643 1471 5686 et
1501 5635 1709 5688 alitibus
1739 5587 2112 5694 devoranjum.

553 5624 754 5689 perdat,
781 5627 1069 5705 relinquens
1109 5624 1260 5682 ill'ud'
1274 5624 1471 5705 feris'et
1501 5624 1709 5688 alitibus
1739 5624 2112 5705 devorandum,

554 5707 647 5759 per
672 5707 729 5745 ιιι
759 5695 1179 5764 quadragesimus
1205 5695 1463 5760 pmniteat.

2317 3222 2451 3278 XIII.
2490 3223 2548 3279 Si
2570 3232 2749 3280 autem
2773 3226 3061 3282 confitetur
3081 3238 3384 3298 peccatum,
3408 3245 3468 3283 ιιι
3486 3226 3665 3299 jejunet.
3682 3223 3731 3279 Et

2246 3314 2290 3368 si
2319 3314 2462 3369 ultra
2488 3314 2540 3368 in
2567 3323 2790 3383 peccato
2821 3316 3106 3385 persistat,
3139 3318 3275 3374 duas
3297 3336 3380 3374 ιιι.
3409 3317 3525 3372 Etsi
3547 3315 3654 3369 idem
3675 3311 3729 3366 fe-

2245 3405 2408 3470 cerit,
2457 3407 2767 3462 abscidatur
2802 3422 2833 3461 a
2870 3421 3095 3477 corpore
3133 3410 3276 3465 sicut
3310 3410 3576 3464 membrum
3608 3403 3730 3474 paui-

2245 3495 2399 3558 dum,
2430 3497 2556 3566 quia
2586 3495 2737 3552 furor
2764 3498 3111 3552 homicidium
3142 3500 3330 3555 nutrit.

2312 3607 2451 3662 XIV.
2491 3606 2738 3664 Offensus
2765 3609 2888 3678 quis
2921 3610 2989 3664 ab
3017 3610 3225 3680 aliquo,
3256 3613 3406 3666 debet
3436 3611 3525 3666 hoc
3553 3605 3729 3661 indicare

2242 3696 2444 3761 abbati,
2476 3712 2580 3751 non
2618 3705 2797 3752 tamen
2824 3701 3152 3767 accusantis,
3187 3702 3279 3757 sed
3307 3699 3547 3757 medentis
3569 3695 3724 3756 adesto,

2241 3795 2295 3839 et
2319 3787 2487 3841 abbas
2510 3787 2782 3841 decernat.

2312 3895 2427 3951 XV.
2464 3895 2565 3962 Qui
2595 3912 2701 3950 non
2736 3898 3036 3953 occurrerit
3064 3899 3136 3954 ad
3164 3899 3725 3958 consummationem,ca-

2240 3993 2334 4038 nat
2356 4001 2450 4040 VIII
2481 3986 2535 4040 in
2557 3987 2746 4042 ordine
2772 3987 3028 4059 psalmos.
3061 3989 3120 4044 Si
3154 3992 3412 4046 excitatus
3435 3990 3587 4045 veniat
3606 3987 3628 4025 δ
3643 3990 3726 4055 post

2238 4077 2489 4141 missam;
2532 4077 2790 4147 quidquid
2832 4088 3206 4146 cantaverunt,
3244 4082 3453 4151 replicet
3485 4095 3540 4135 ex
3571 4074 3724 4135 ordine.

2239 4168 2453 4223 fratres.
2490 4168 2546 4224 Si
2583 4185 2710 4224 vero
2738 4170 2803 4223 ad
2835 4172 3125 4226 secundam
3160 4174 3391 4236 venerit,
3422 4186 3555 4226 omna
3576 4171 3723 4222 careat.

2238 4262 2294 4317 Si
2323 4265 2443 4332 quis
2466 4278 2656 4317 errans
2679 4265 3085 4318 commotaverit
3112 4263 3314 4335 aliquid
3343 4266 3404 4319 de
3426 4261 3578 4316 verbis
3600 4252 3723 4310 sacris

2236 4354 2324 4407 ubi
2351 4353 2648 4422 periculum
2676 4354 2981 4418 adnotatur,
3008 4354 3317 4409 triduanum
3346 4361 3432 4407 aut
3456 4368 3508 4407 ιιι
3532 4356 3724 4416 superpo-

2163 4446 2217 4506 D
2238 4444 2458 4499 sitiones
2481 4443 2663 4498 faciat.
2692 4444 2748 4498 Si
2772 4461 2981 4499 sacrum
3006 4455 3307 4500 tcrratenus
3331 4442 3607 4514 negligenda
3623 4433 3723 4489 ceci-

2235 4535 2402 4601 derit;
2446 4552 2599 4591 cmna
2641 4544 2842 4590 careat.
2889 4537 2989 4603 Qui
3024 4538 3296 4593 voluntate
3332 4538 3543 4591 obsceno
3570 4530 3721 4599 ιὶφιοη

2233 4627 2534 4682 maculatus
2581 4626 2743 4681 fuerit
2786 4628 3126 4695 dormienda;
3188 4630 3233 4683 si
3279 4629 3474 4684 cervisa
3519 4633 3565 4678 et
3602 4627 3720 4674 came

2232 4719 2495 4786 abundat;
2522 4720 2829 4775 coenubium
2856 4728 2956 4775 est.
2985 4737 3046 4775 ιιι
3076 4722 3251 4776 noctis
3279 4720 3423 4776 horis
3446 4716 3608 4772 stando
3627 4706 3719 4777 Vigi-

2232 4811 2332 4873 Iet,
2376 4811 2420 4865 si
2460 4826 2605 4864 same
2642 4811 2858 4865 virtutis
2893 4818 2994 4866 est.
3040 4810 3096 4865 Si
3126 4827 3255 4865 vero
3282 4821 3545 4880 pauperem
3571 4803 3715 4855 vich

2231 4896 2407 4958 habet,
2439 4910 2606 4948 xxvm
2635 4902 2728 4948 aut
2757 4910 2863 4947 xxx
2890 4894 3123 4964 psalmos
3147 4904 3305 4950 canet
3337 4891 3511 4949 stando
3533 4882 3713 4955 suppl“.

2229 5003 2350 5042 cum
2377 5002 2539 5055 opere
2566 4988 2992 5043 extraordinario
3016 4991 3233 5059 pendat.

2296 5099 2433 5154 XVI.
2477 5100 2581 5154 Pro
2623 5101 2778 5156 bonis
2825 5102 3040 5172 regibus
3082 5118 3237 5158 sacra
3282 5103 3520 5158 debemus
3553 5091 3710 5150 effem

2224 5208 2323 5261 pro
2351 5193 2506 5248 malis
2533 5209 2892 5264 nequaquam.

2294 5304 2454 5358 XVII.
2494 5304 2801 5375 Presbyteri
2823 5322 2951 5362 vero
2973 5323 3073 5376 pro
3091 5308 3352 5378 episcopis
3371 5321 3466 5361 non
3488 5297 3711 5372 prohibe!"

2225 5403 2313 5449 tur
2333 5393 2545 5449 offerre.
3009 5389 3013 5395 ’

2295 5509 2322 5548 b
2354 5507 2412 5562 Id
2447 5516 2530 5562 est
2562 5516 2683 5577 post
2707 5509 3025 5566 orationem.
3044 5511 3200 5567 Missa
3226 5511 3363 5565 enim
3386 5508 3499 5564 olim
3513 5502 3628 5577 die“
3645 5498 3705 5577 θῗξ

2219 5558 2414 5641 orati—0:
2440 5558 2761 5647 ὦήῖιόἷῶ
2773 5558 3647 5649 adtul":
3665 5558 3704 5612 id

2220 5657 2301 5701 est
2326 5657 2447 5720 post
2473 5648 2840 5705 dimissionem
2866 5652 2933 5706 ab
2956 5651 3129 5708 cilicio
3152 5651 3346 5705 divino.
