4020 6170
277 342 425 396 1317

1514 350 1830 409 CANONES
1864 354 2359 414 IIIBERNENSES.

3398 368 3535 425 1518
3565 327 3580 410 --

354 454 535 511 XVIII.
574 453 676 522 Qui
718 458 960 528 arguitur
1000 473 1098 528 pro
1137 460 1319 531 aliquo
1356 462 1576 529 delicto,
1608 474 1666 520 et
1704 470 1863 536 quasi
1893 474 1939 533 Α
1968 471 2037 524 rit
2061 472 2297 537 animali,
2326 489 2362 529 ιι
2390 475 2545 529 annis
2565 484 2619 530 et
2642 475 2881 531 dimidio.
2906 477 3007 545 Qui
3030 476 3159 535 facit
3182 480 3356 536 scelus
3382 483 3535 541 virile

277 546 652 601 inconsultans
677 547 995 615 refrenatur,
1022 564 1176 605 creua
1204 560 1406 606 careat.

352 636 493 692 XIX.
530 636 633 703 Qui
672 639 942 693 sarculum
982 640 1285 713 perfrangit
1315 651 1372 697 et
1403 650 1528 700 ante
1559 644 1855 702 fracturam

278 739 391 780 non
416 725 630 789 habuit,
658 734 751 780 aut
777 727 908 783 illud
932 731 1362 787 extraordinario
1382 747 1548 803 opere
1571 736 1855 801 restituat,

277 828 377 871 aut
400 825 742 886 superponat.
1830 842 1831 845 ‘

356 910 474 965 XX.
502 909 604 976 Qui
624 910 819 964 viderit
837 911 1068 980 aliquem
1088 928 1153 968 ex
1176 914 1436 971 fratribus
1452 917 1664 972 abbatis
1685 925 1857 972 trans-

279 1001 432 1068 gredi
456 1009 743 1070 praecepta,
774 1002 933 1057 debet
957 1005 1203 1059 abbatem
1233 1021 1338 1060 non
1363 1007 1540 1061 celare
1565 1023 1580 1061 :
1610 1009 1703 1063 sed
1728 1016 1853 1062 ante

277 1093 567 1147 admoneat
602 1101 914 1163 peccantem
933 1133 948 1155 ,
984 1101 1044 1147 ut
1072 1093 1217 1150 solus
1245 1098 1388 1164 quod
1421 1095 1560 1151 male
1587 1098 1697 1167 agit
1725 1112 1855 1152 con-

274 1183 496 1236 fiteatur
527 1183 735 1247 abbati,
770 1197 876 1237 non
911 1191 1021 1237 tam
1048 1184 1273 1251 delator,
1304 1200 1465 1255 quam
1492 1188 1737 1243 veritatis
1767 1204 1853 1243 re-

270 1270 413 1341 gula:
436 1280 721 1327 exsecutor
750 1272 1071 1327 inveniatur.

793 1422 895 1461 nuc
931 1420 1093 1470 usque
1130 1423 1332 1462 GILDAS.

271 1520 574 1577 INCIPIT
611 1521 823 1579 NUNC
874 1523 1244 1581 SYNODUS
1278 1524 1847 1592 AQUILONALIS

814 1613 1313 1669 ΒΒΙΤΑΝΝΙΑΞ.

338 1724 379 1779 1.
416 1722 553 1779 Cum
583 1725 807 1781 muliere
833 1727 915 1781 vel
944 1742 1065 1781 cum
1092 1727 1212 1782 viro
1236 1742 1465 1797 peccans
1487 1729 1626 1797 quis,
1656 1728 1843 1799 expel-

1960 568 2018 615 ut
2036 563 2332 627 sodomiue,
2356 580 2437 618 ιιιι
2462 565 2637 619 annis.
2663 566 2763 633 Qui
2783 582 2912 622 vero
2936 569 2989 623 in
3016 568 3329 635 femoribus,
3357 588 3417 627 ιιι
3442 590 3535 629 an-

1956 650 2057 703 nis.
2088 649 2246 705 Manu
2270 661 2450 707 autem
2475 655 2587 709 sive
2615 655 2858 724 alterius,
2885 658 2998 712 sive
3021 674 3137 723 sua,
3167 675 3205 714 ιι
3232 662 3407 718 annis.
3432 663 3531 719 To-

1958 747 2071 793 tum
2108 741 2213 795 hoc
2248 742 2390 811 quod
2427 744 2678 808 diximus,
2718 745 2763 799 si
2801 755 2924 815 post
2965 756 3149 803 votum
3187 750 3532 819 perfectionis

1953 828 2142 885 fecerit
2167 832 2356 899 homo;
2382 833 2429 887 si
2450 843 2629 890 autem
2654 844 2779 891 ante
2798 847 3001 904 votum,
3022 854 3196 894 annus
3215 841 3530 898 diminuitur

1954 918 2020 972 de
2053 920 2300 975 omnibus
2339 921 2424 977 his
2462 924 2633 980 tribus
2663 942 2676 978 :
2711 924 2779 980 de
2817 926 3038 996 reliquis
3064 942 3211 993 vero,
3249 937 3307 985 ut
3345 931 3525 1000 debet,

1951 1007 2211 1061 minuitur
2237 1007 2364 1063 dum
2395 1026 2500 1065 non
2526 1012 2693 1066 vovit.

2009 1131 2350 1193 INCIPIUNT
2386 1138 2750 1198 EXCERPTA
2786 1143 3098 1211 ρυίΕιιΑιι
3138 1149 3225 1203 DE
3261 1149 3466 1209 unco
3505 1121 3511 1129 ’

2595 1233 2684 1286 DA
2692 1234 2885 1289 VIDIS.

2017 1339 2059 1393 I.
2097 1338 2415 1396 Sacerdotes
2445 1342 2499 1396 in
2527 1344 2724 1413 templo
2746 1345 2837 1400 Dei
2862 1347 3217 1406 ministraturi
3246 1353 3384 1421 gula:
3408 1370 3526 1425 ειε-

1947 1433 2021 1486 tia
2054 1432 2239 1487 viuum
2281 1441 2338 1487 et
2376 1436 2602 1489 siceram
2642 1452 2741 1507 per
2776 1439 3157 1508 negligentiam
3199 1452 3253 1498 et
3292 1460 3396 1499 non
3426 1462 3524 1515 per

1946 1522 2301 1591 ignorantiam
2330 1523 2589 1589 bibentes,
2624 1542 2710 1582 ιιιι
2746 1526 2934 1582 diebus
2969 1530 3285 1599 pmniteant.
3333 1534 3391 1589 Si
3428 1552 3525 1590 au-

1946 1619 2055 1666 tem
2084 1627 2182 1682 per
2208 1621 2571 1684 contemptum
2608 1621 2980 1688 arguentium,
3015 1637 3105 1676 XL.
3139 1623 3391 1680 Inebriati
3429 1643 3524 1681 au-

1945 1708 2053 1756 tem
2073 1718 2170 1772 per
2194 1703 2572 1773 ignorantiam,
2597 1723 2666 1760 xv
2688 1709 2909 1776 diebus;
2934 1711 2979 1765 si
3003 1727 3100 1781 per
3122 1715 3523 1786 negligentiam,

267 1814 433 1879 latur,
469 1826 530 1869 ut
556 1815 779 1871 alterius
806 1818 995 1885 patria:
1021 1792 1270 1873 cmnubio
1294 1818 1467 1883 vivat,
1492 1792 1548 1874 et
1578 1792 1825 1889 pceniteal

1943 1807 2045 1857 XL;
2091 1792 2137 1847 si
2166 1808 2263 1862 per
2301 1804 2699 1866 contemptum,
2744 1799 2917 1854 tribus
2944 1801 3391 1873 quadragesimis.
3421 1806 3522 1873 Qui

263 1902 546 1958 confessus
572 1919 634 1959 ιιι
657 1919 813 1959 annis
833 1904 1067 1960 clausus.
1092 1906 1160 1960 Et
1186 1914 1370 1976 postea
1395 1906 1565 1962 frater
1589 1907 1733 1963 illius
1757 1912 1840 1966 al—

264 1995 373 2049 tari
420 1993 725 2063 subjectus:
761 1995 917 2051 Anno
957 2011 1065 2052 uno
1110 1996 1385 2065 diaconus,
1430 2015 1490 2053 ιιι
1534 2001 1838 2071 presbyter,

262 2101 349 2140 ιιιι
385 2087 687 2157 episcopus,
721 2095 775 2141 et
802 2088 968 2142 abbas
996 2103 1094 2143 suo
1129 2090 1356 2158 quisque
1383 2090 1572 2144 ordine
1597 2092 1842 2160 privatus

262 2178 502 2234 doctoris
521 2178 724 2248 judicio
750 2176 1027 2249 paniteat.

334 2269 398 2323 Il.
445 2268 547 2336 Qui
595 2269 831 2340 seipsum
876 2269 1333 2339 coinquinaverit,
1380 2284 1579 2327 annum
1624 2271 1840 2327 clausus

259 2359 562 2432 paeniteat:
595 2374 732 2430 puer
760 2373 838 2415 xu
872 2374 1136 2415 annorum
1171 2375 1241 2415 χι.
1267 2371 1360 2415 aut
1391 2378 1451 2416 ιιι
1486 2362 1836 2432 quadragesi-

261 2452 386 2517 mis,
401 2467 421 2507 ι
440 2452 698 2508 diaconus
718 2466 860 2507 anno
881 2450 1116 2516 clausus,
1142 2460 1196 2507 et
1224 2467 1345 2507 cum
1375 2451 1633 2508 fratribus
1657 2452 1837 2523 paeni-

261 2553 376 2601 teat
415 2546 677 2603 demedio.
723 2547 985 2604 Sacerdos
1022 2562 1127 2605 uno
1161 2563 1304 2604 anno
1343 2548 1578 2615 clausus,
1618 2557 1675 2603 et
1714 2562 1837 2605 cum

263 2635 523 2692 fratribus
549 2637 738 2693 altero.

336 2725 422 2780 Ill.
460 2726 753 2783 Monachus
771 2737 1083 2784 consecrata
1104 2727 1315 2785 furatus
1334 2729 1523 2785 exsilio
1545 2746 1686 2786 anno
1705 2735 1834 2798 uno,

260 2826 316 2870 et
339 2816 508 2872 altero
530 2833 650 2873 eum
680 2817 937 2874 fratribus
957 2820 1234 2889 paeniteat.
1268 2820 1325 2875 Si
1350 2829 1530 2877 autem
1554 2822 1839 2878 intraverit

264 2905 471 2979 [Forte,
511 2909 852 2983 iteraverit],
891 2912 1142 2966 exsilium
1180 2912 1433 2981 patietur.
1478 2914 1712 2971 Furatus
1759 2918 1838 2972 ci-

260 3001 409 3067 bum,
436 3001 878 3071 quadragesima;
910 3003 956 3058 si
984 3004 1196 3070 iterato,
1224 3012 1337 3060 tres
1360 3008 1831 3080 quadragesimas;

261 3090 308 3146 si
344 3093 520 3156 tertio,
557 3109 730 3160 anno;
768 3094 813 3149 si
843 3104 1057 3165 quarto,
1084 3095 1200 3168 jugi
1234 3098 1427 3153 exsilio
1459 3101 1561 3155 sub
1594 3098 1700 3156 alio
1733 3103 1833 3158 ab-

259 3180 385 3237 bate
409 3184 685 3253 pteniteat.

326 3268 418 3325 IV.
454 3271 658 3327 Dilatus
678 3281 734 3327 et
756 3272 950 3330 dilator
972 3274 1235 3331 consimili
1256 3289 1483 3344 persona
1500 3275 1827 3347 judicentur.

258 3360 319 3418 Si
344 3360 540 3416 dilatus
577 3363 868 3432 negaverit,
899 3379 1041 3418 anno
1070 3366 1232 3420 simili
1263 3368 1553 3435 pmniteat,
1583 3368 1635 3421 in
1668 3368 1832 3437 septi-

257 3467 415 3506 mana
446 3469 487 3507 ιι
512 3453 702 3509 diebus
723 3470 861 3526 pane
889 3471 1151 3528 aquaque,
1183 3467 1239 3513 et
1263 3460 1496 3515 biduano
1522 3461 1575 3515 in
1604 3464 1707 3514 line
1731 3476 1828 3515 cu-

256 3537 446 3610 jusque
483 3543 683 3597 mensis
707 3546 957 3601 omnibus
986 3546 1245 3602 fratribus
1277 3550 1727 3618 subponentibus;
1773 3559 1829 3605 et

257 3632 424 3686 Deum
463 3633 543 3689 eis
574 3633 811 3704 judicem
837 3640 1280 3693 contestautibus.
1324 3640 1705 3694 Permanentes
1733 3656 1828 3694 au-

259 3733 365 3777 tem
400 3724 455 3777 in
487 3726 865 3792 obstinatione,
892 3741 1034 3781 anno
1067 3742 1304 3795 emenso,
1338 3730 1560 3785 alterius
1586 3746 1827 3785 commu-

255 3814 401 3867 nioni
427 3815 527 3868 sub
547 3812 728 3882 judice
754 3813 967 3870 ﬂamma
993 3817 1287 3883 sociantur,
1318 3827 1371 3874 et
1396 3820 1487 3875 Dei
1507 3819 1711 3888 judicio
1739 3836 1826 3878 re-

254 3904 583 3974 linquantur.
611 3903 667 3958 Si
689 3904 903 3974 quando
925 3906 1060 3962 alter
1081 3907 1242 3964 fuerit
1265 3911 1540 3973 confessus
1562 3923 1822 3981 quantum

255 3996 454 4051 laboris
479 3996 634 4050 alteri
662 3996 933 4064 intulerit,
962 4007 1171 4059 tantum
1200 4002 1301 4056 sibi
1329 4004 1731 4074 multiplicetur.

285 4122 530 4183 INCIPIT
566 4127 842 4184 ALTERA
879 4128 1195 4188 SYNODUS
1231 4131 1387 4189 LUCI
1423 4134 1786 4191 VICTORIIE.

322 4241 550 4297 Faciens
585 4240 783 4296 furtum
814 4240 1009 4307 semel,
1052 4257 1194 4297 anno
1222 4260 1363 4311 uno;
1407 4247 1452 4300 si
1486 4246 1658 4316 plura,
1691 4249 1821 4305 duo-

252 4335 352 4393 bus
388 4336 565 4391 annis.
610 4334 712 4402 Qui
752 4335 949 4390 occidit
986 4334 1208 4391 fratrem
1249 4352 1405 4392 suum
1447 4356 1550 4394 non
1596 4356 1664 4396 ex
1708 4344 1819 4400 odii

254 4425 622 4492 meditatione;
666 4426 712 4481 si
746 4426 1020 4482 iracundia
1057 4429 1254 4491 subita,
1283 4430 1511 4485 triennio
1535 4434 1812 4502 pmniteat.

1946 1882 2088 1952 cogit
2120 1881 2351 1953 aliquem
2397 1885 2749 1943 humanitatis
2789 1890 2963 1958 gratia
3002 1899 3063 1945 ut
3104 1892 3415 1958 inebrietur,
3450 1897 3523 1951 si-

1944 1973 2144 2027 militer
2166 1983 2228 2029 ut
2255 1974 2437 2030 ebrius
2461 1978 2740 2051 poeniteat.
2771 1979 2872 2047 Qui
2901 1996 3028 2039 vero
3053 1982 3247 2041 effectu
3282 1988 3391 2043 odii
3425 2002 3522 2043 seu

1942 2062 2200 2128 luxuriat,
2254 2072 2315 2119 ut
2363 2068 2591 2136 turpiter
2643 2068 2962 2137 confundat,
3012 2073 3096 2128 vel
3142 2075 3399 2143 irrideat,
3452 2079 3522 2134 ad

1939 2156 2256 2212 ebrietatem
2288 2158 2425 2220 alios
2460 2161 2636 2230 cogit,
2667 2162 2711 2215 si
2748 2178 2855 2219 non
2894 2165 3027 2220 satis
3062 2168 3404 2235 pmuituerit,
3439 2172 3521 2228 sic

1938 2247 2197 2317 pmuiteat
2223 2258 2285 2303 ut
2308 2251 2576 2306 homicida
2601 2254 2924 2310 animarum.

2009 2338 2072 2392 ll.
2113 2339 2248 2395 Cum
2271 2341 2496 2398 muliere
2520 2344 2841 2415 desponsata
2861 2348 3079 2405 Christo
3100 2352 3383 2419 maritove,
3402 2354 3518 2412 sive

1938 2446 2060 2486 cum
2082 2431 2328 2501 jumento
2358 2434 2443 2490 vel
2480 2452 2605 2492 cum
2641 2439 2878 2496 masculo
2916 2439 3268 2510 fornicantes,
3297 2445 3362 2502 de
3390 2448 3518 2503 reli-

1938 2535 2045 2590 quo
2070 2522 2266 2577 mortui
2304 2525 2505 2580 mundo
2531 2526 2644 2581 Deo
2674 2527 2878 2583 vivant.
2916 2528 3019 2597 Qui
3042 2541 3223 2587 autem
3256 2548 3378 2589 cum
3406 2536 3517 2590 vir-

1937 2610 2060 2681 gine
2084 2611 2167 2666 vel
2192 2614 2350 2668 vidua
2377 2615 2605 2669 necdum
2632 2616 2954 2687 desponsata
2981 2624 3303 2690 peccaverit,
3333 2625 3515 2681 dotem

1937 2701 2026 2756 det
2057 2703 2373 2771 parentibus
2408 2704 2554 2775 ejus,
2594 2715 2649 2761 et
2678 2722 2820 2763 anno
2852 2724 2962 2766 uno
2992 2712 3271 2781 paeniteat.
3313 2712 3372 2769 Si
3406 2730 3514 2770 nou

1936 2791 2187 2847 habuerit
2215 2794 2424 2859 dotem,
2456 2811 2516 2851 ιιι
2546 2797 2702 2852 anuis
2728 2800 3009 2869 pteniteat.

2004 2881 2090 2936 III.
2131 2883 2427 2954 Episcopus
2461 2888 2807 2945 homicidium
2840 2891 3114 2949 voluntate
3151 2893 3386 2962 faciens,
3426 2896 3511 2952 vel

1934 2975 2228 3043 quamlibet
2256 2978 2663 3036 fornicationem
2681 3023 2696 3047 ,
2723 2983 2998 3051 dolumve,
3028 3002 3126 3041 xm
3154 2987 3308 3043 annis
3340 2989 3515 3059 pomi-

1933 3072 2062 3119 teat.
2092 3065 2380 3139 Presbyter
2398 3080 2579 3127 autem
2604 3089 2710 3139 vn,
2737 3090 2858 3129 cum
2884 3090 3024 3144 pane
3048 3085 3102 3132 et
3125 3094 3294 3147 aqua,
3322 3089 3377 3134 et
3406 3079 3515 3135 fer-

1855 3187 1900 3253 c
1933 3154 2055 3209 culo
2080 3155 2136 3211 in
2162 3157 2250 3213 die
2289 3159 2567 3217 Dominico
2594 3163 2677 3221 vel
2717 3164 2948 3218 sabbati.
2979 3165 3247 3223 Diacouus
3269 3185 3355 3235 vi,
3394 3171 3513 3225 sine

1931 3249 2120 3316 gradu.
2148 3248 2441 3306 Monachus
2465 3268 2569 3317 ιιιι,
2598 3253 2698 3307 nisi
2723 3253 3012 3310 infirmitas
3036 3257 3290 3326 impediat
3314 3259 3455 3315 IIIOS.

2000 3338 2088 3392 IV.
2129 3338 2230 3406 Qui
2263 3341 2315 3394 in
2344 3343 2549 3398 somnis
2568 3359 2692 3398 cum
2712 3344 2987 3400 voluntate
3005 3347 3242 3417 pollutus
3266 3359 3369 3415 est,
3391 3367 3513 3407 sur-

1927 3436 2046 3496 gat,
2080 3438 2343 3500 canatque
2373 3448 2447 3487 vn
2489 3433 2746 3503 psalmos,
2776 3444 2830 3490 et
2858 3435 2912 3490 in
2948 3438 3033 3493 die
3069 3439 3163 3494 illo
3201 3440 3256 3495 iu
3284 3457 3425 3512 pane
3456 3453 3513 3499 et

1926 3533 2065 3587 aqua
2096 3520 2260 3575 vivat.
2300 3520 2394 3576 Sin
2431 3532 2645 3589 autem,
2683 3541 2791 3579 xxx
2823 3527 3061 3595 psalmos
3094 3538 3272 3586 canat.
3312 3533 3510 3589 Voleus

1925 3621 2105 3666 autem
2145 3613 2198 3666 in
2237 3616 2441 3670 somnis
2469 3631 2722 3685 peccare,
2754 3621 2847 3673 sed
2878 3635 2985 3674 non
3024 3622 3231 3691 potuit,
3263 3638 3332 3677 xv
3366 3625 3510 3694 psal-

1925 3715 2061 3755 mos.
2085 3700 2143 3756 Si
2163 3710 2341 3757 autem
2362 3707 2686 3773 peccaverit,
2705 3707 2798 3762 sed
2818 3724 2927 3764 non
2947 3708 3180 3779 pollutus
3191 3722 3297 3780 est,
3311 3729 3502 3782 niui;

1923 3790 1968 3845 si
1994 3793 2109 3848 sine
2128 3792 2401 3849 voluntate
2428 3796 2681 3864 pollutus,
2707 3813 2795 3851 xv.

1995 3882 2057 3936 V.
2096 3882 2316 3954 Antiqui
2342 3886 2627 3943 decrevere
2651 3889 2823 3944 sancti
2846 3896 2907 3945 ut
2931 3890 3214 3961 episcopus
3237 3907 3337 3962 pro
3360 3895 3507 3965 capi-

1921 3972 2118 4029 talibus
2148 3978 2383 4044 peccatis
2408 3993 2565 4034 xxuu
2594 3981 2752 4036 annis
2778 3982 3067 4051 pmniteat,
3096 3986 3381 4056 presbyter
3402 4003 3503 4053 xu,

1920 4065 2176 4121 diaconus
2203 4084 2277 4122 vn
2309 4087 2320 4122 :
2355 4070 2435 4125 sic
2459 4070 2631 4141 virgo,
2660 4071 2937 4142 lectorque
2965 4082 3020 4128 et
3050 4074 3352 4143 religiosus.
3380 4077 3506 4132 Ebi-

1896 4155 2078 4210 ‘batus
2105 4165 2285 4212 autem
2312 4175 2417 4214 ιιιι.
2446 4159 2600 4217 Nunc
2624 4170 2804 4217 autem
2830 4165 3133 4236 presbyteri
3160 4167 3368 4222 ruentis
3388 4182 3503 4239 pte-

1917 4245 2143 4301 nitentia
2169 4256 2271 4313 est,
2296 4250 2612 4320 diaconique
2638 4261 2693 4308 et
2717 4254 3054 4319 subdiaconi,
3080 4256 3424 4327 virginisque,
3448 4266 3502 4319 et

1918 4333 2201 4403 cujuslibet
2220 4337 2475 4403 hominis,
2502 4341 2774 4395 hominem
2798 4343 2867 4397 ad
2889 4351 3116 4398 mortem
3138 4347 3420 4412 tradentis,
3446 4358 3503 4407 et

1918 4440 2038 4479 cum
2067 4426 2385 4492 pecodibus,
2417 4428 2502 4483 vel
2530 4445 2651 4484 cum
2680 4446 2775 4484 sua
2804 4447 3021 4498 sorore,
3051 4434 3136 4489 vel
3169 4451 3291 4490 cum
3319 4439 3499 4497 mariti

249 4515 468 4571 Adulter
494 4532 710 4587 quoque
735 4526 790 4572 et
825 4517 938 4588 ipse
972 4518 1221 4573 triennio.
1253 4520 1353 4587 Qui
1386 4524 1627 4591 praebent
1653 4525 1815 4579 duca-

1936 4529 2083 4569 ixore
2118 4512 2454 4579 fornicantis,
2491 4526 2547 4572 et
2579 4521 2798 4575 venenis
2826 4521 3097 4577 hominem
3132 4525 3379 4582 occidere
3406 4543 3502 4583 νος·

254 4616 363 4661 tum
401 4609 675 4674 barbaris,
717 4625 835 4664 xun
875 4611 1059 4677 annis;
1104 4620 1282 4665 tamen
1322 4614 1365 4666 si
1408 4628 1514 4667 non
1556 4615 1817 4669 acciderit

250 4699 440 4768 stragis
469 4700 931 4766 Christianorum,
966 4708 1020 4755 et
1052 4701 1329 4771 sanguinis
1362 4701 1571 4767 effusio,
1608 4712 1663 4757 et
1695 4705 1812 4759 dira

248 4790 542 4858 captivitas.
589 4790 646 4845 Si
691 4799 869 4846 autem
915 4792 1186 4857 evenerit;
1231 4800 1393 4861 agant
1436 4794 1652 4849 residuo
1689 4796 1812 4852 vita:

247 4881 635 4950 paenitentiam,
682 4882 884 4939 relictis
922 4885 1109 4949 armis.
1149 4883 1204 4938 Si
1250 4893 1431 4939 autem
1463 4887 1712 4954 voluerit,
1755 4897 1811 4944 et

246 4989 346 5027 non
378 4973 446 5027 ad
484 4982 606 5029 vota
647 4975 747 5029 sibi
788 4977 1045 5031 barbaros
1085 4977 1148 5028 ad
1185 4975 1521 5033 Christianos
1559 4980 1805 5046 educere,

246 5061 455 5117 residuo
482 5064 605 5119 vita:
632 5080 741 5119 sua:
769 5065 1044 5134 pteniteat.
1074 5064 1175 5131 Qui
1209 5064 1501 5134 perjurium
1521 5066 1688 5135 jurat,
1724 5087 1805 5125 ιιιι

243 5153 413 5208 annis.
454 5153 555 5219 Qui
584 5152 799 5210 deducit
833 5155 995 5209 alium
1028 5156 1080 5209 in
1118 5154 1411 5224 perjurium
1449 5156 1805 5227 ignorantem,

245 5261 312 5303 ιιι
337 5247 512 5302 annis.
549 5248 650 5313 Qui
676 5248 935 5303 deductus
962 5257 1044 5303 est
1078 5248 1348 5317 ignorans,
1384 5257 1438 5302 et
1469 5257 1651 5318 postea
1683 5252 1806 5316 scit,

243 5352 376 5395 anno
412 5354 540 5395 uno.
582 5338 682 5404 Qui
719 5353 849 5394 vero
892 5340 1195 5408 suspicatur
1234 5339 1375 5408 quod
1418 5339 1470 5392 in
1512 5338 1806 5409 pcrjurium

245 5428 534 5491 deducitur,
568 5435 747 5482 tamen
772 5426 949 5494 jurat,
987 5443 1085 5495 pro
1122 5444 1386 5484 consensu
1418 5445 1458 5483 ιι
1496 5431 1670 5485 anuis.
1703 5431 1804 5498 Qui

246 5531 269 5561 ι
292 5520 593 5574 moechatur
620 5518 809 5571 matris
829 5527 931 5582 est,
957 5533 1014 5571 ιιι
1044 5518 1199 5571 annis
1228 5534 1351 5573 cum
1375 5521 1804 5590 peregrinatione

246 5610 475 5684 perenni.
509 5609 611 5678 Qui
640 5625 763 5665 cum
792 5623 925 5663 cane
948 5608 1032 5663 vel
1057 5623 1179 5663 cum
1205 5624 1524 5681 quocunque
1548 5627 1805 5683 peccave-

1917 4605 2096 4671 leutis,
2122 4608 2431 4662 triennium.
2458 4609 2639 4666 Primo
2663 4627 2805 4665 anno
2827 4628 2990 4682 super
3012 4624 3235 4681 terram,
3263 4620 3499 4677 secundo

1916 4694 2077 4764 lapidi
2105 4706 2264 4765 caput
2293 4698 2706 4767 imponendum,
2738 4705 2896 4757 tertio
2927 4720 3087 4773 super
3109 4722 3265 4762 axem
3284 4707 3461 4776 jaceat
3480 4750 3496 4773 ,

1915 4785 2135 4854 soloque
2171 4802 2308 4855 pane
2344 4796 2397 4842 et
2424 4804 2562 4858 aqua
2591 4799 2645 4845 ct
2680 4791 2791 4846 sale
2816 4801 2869 4846 et
2902 4792 3187 4863 leguminis
3218 4797 3498 4867 talimpula

1914 4884 2180 4930 vescatur.
2227 4877 2526 4949 Cancrique
2574 4881 2763 4936 malint
2799 4899 2903 4942 xxx
2948 4885 3227 4941 triduauos
3262 4888 3346 4942 vel
3373 4904 3496 4944 cum

1914 4968 2451 5036 superpositiouibus,
2477 4986 2598 5025 cum
2622 4972 2745 5027 cibo
2767 4973 3012 5043 lectoque
3038 4977 3369 5047 supradicto,
3400 4994 3498 5033 au-

1915 5073 2056 5112 nona
2083 5059 2149 5113 ad
2178 5076 2374 5115 nouam
2404 5078 2571 5132 usque
2592 5066 2659 5117 ad
2690 5065 2935 5120 alterunt.
2973 5066 3092 5120 Alia
3122 5075 3206 5122 est
3230 5068 3497 5139 pmuiten-

1915 5151 1989 5206 tia
2027 5168 2087 5207 ιιι
2127 5153 2302 5220 annis,
2343 5155 2436 5208 sed
2475 5156 2677 5210 himina
2718 5157 2784 5211 de
2818 5158 3045 5213 cervisia
3072 5160 3155 5214 vel
3194 5160 3334 5218 lacte
3369 5175 3492 5217 cum

1911 5257 2050 5312 pane
2073 5244 2291 5314 saleque
2318 5262 2329 5296 :
2361 5244 2530 5299 altera
2556 5260 2587 5300 e
2615 5245 2824 5302 duabus
2860 5250 3110 5304 noctibus
3133 5266 3252 5305 cum
3280 5251 3493 5322 prandii

1909 5334 2137 5398 ratione,
2161 5343 2216 5389 et
2236 5335 2426 5389 ordine
2453 5351 2527 5390 xu
2550 5337 2700 5393 horis
2722 5340 2961 5394 noctium
2987 5342 3302 5413 dierumque
3322 5342 3492 5400 Deum

1909 5429 2212 5499 supplicare
2239 5431 2456 5485 debent.
2489 5431 2625 5486 Hinc
2648 5442 2828 5488 autem
2854 5438 3167 5508 presbytero
3186 5437 3382 5494 offerre
3405 5454 3491 5495 sa-

1910 5520 2203 5583 criticmm,
2238 5520 2323 5575 vel
2356 5521 2585 5577 diacono
2614 5530 2800 5579 tenere
2835 5525 3057 5582 calicem
3082 5544 3188 5586 non
3213 5529 3367 5595 licet,
3398 5537 3492 5585 aut

1912 5612 1967 5666 in
1997 5612 2365 5668 sublimiorem
2396 5616 2620 5686 gradum
2645 5619 2954 5675 ascendere.

309 5750 332 5778 ι
371 5733 428 5790 Id
452 5740 562 5797 est,
598 5729 907 5794 moechatur;
945 5742 1068 5782 nam
1090 5737 1300 5784 veteres
1322 5727 1555 5785 litteram
1590 5747 1624 5786 ιι
1652 5745 1749 5802 pro
1777 5746 1808 5785 ο
1846 5729 2156 5802 frequenter
2184 5733 2533 5804 usurpabant.
