4020 6170
561 361 698 418 1519

1380 352 1640 409 ABEDOC
1682 351 1770 406 ET
1821 348 2229 406 ETIIELVOLF
2236 352 2321 408 US
2374 353 2685 409 ABBATES
2720 351 3016 408 IIIBERNI.

3652 356 3759 412 I520

631 469 720 525 VI.
752 468 981 524 Usuram
1000 476 1269 533 accipiens
1286 461 1472 530 perdat
1491 475 1555 515 ea
1577 475 1695 529 quae
1715 458 1927 527 accipit.
1949 458 2135 512 Praeda
2165 463 2211 522 Α
2310 460 2396 514 III.
2436 460 2587 525 Item,
2627 462 2850 517 decima:
2872 476 2977 516 non
3009 460 3182 516 solum
3210 476 3309 530 per
3333 461 3607 515 animantia
3625 475 3757 527 sunt,

561 558 647 615 vel
670 557 857 612 fraude
882 555 1070 619 vescit,
1102 552 1428 608 semiannus.
1460 551 1666 621 Virgini
1695 549 1938 605 osculum
1966 548 2020 602 in
2050 562 2135 602 se-

561 655 710 704 creto
729 648 994 718 praebens,
1018 643 1324 698 triduanum
1348 641 1627 711 paeniteat.
1649 640 1707 694 In
1729 638 1955 694 ecclesia
1984 653 2136 692 men-

564 737 773 794 dacium
786 735 994 806 iurans,
1008 732 1363 803 quadruplum
1386 746 1484 801 pro
1505 745 1612 800 quo
1626 728 1903 797 iuraverat
1923 727 2130 782 reddat.

832 862 961 902 neu
1001 858 1311 899 rueononus
1348 841 1540 911 (Capit.
1572 856 1686 909 cap.
1716 837 1826 909 l5).

634 960 896 1015 Animalia
934 973 1052 1027 quae
1089 973 1119 1011 a
1154 956 1294 1026 lupis
1333 969 1425 1009 seu
1466 952 1688 1008 canibus
1725 966 1987 1014 comessa,
2029 950 2134 1004 nisi

560 1051 740 1121 porcis
773 1058 828 1104 et
860 1049 1100 1111 canibus,
1140 1061 1241 1100 nec
1277 1058 1488 1108 cervus,
1515 1057 1615 1098 nec
1640 1057 1818 1107 cerva,
1849 1041 1932 1096 vel
1960 1056 2135 1111 caprae

561 1143 607 1197 si
636 1140 833 1196 mortui
866 1138 1067 1193 inventi
1094 1136 1320 1199 fuerint,
1351 1150 1459 1190 non
1483 1132 1817 1188 comedendi.

978 1318 981 1323 _
1078 1267 1209 1307 ιτειι
1248 1265 1609 1306 Αιιοιιριιλκυε.

631 1367 887 1423 Medullas
927 1369 1130 1421 ossium
1173 1377 1454 1418 cervorum
1500 1376 1606 1416 non
1651 1361 1778 1415 licet
1822 1357 2135 1414 manducari

561 1474 695 1527 quos
734 1458 843 1528 lupi
886 1456 1252 1512 comederunt.
1295 1454 1556 1509 Similiter
1591 1460 1646 1507 et
1684 1466 1872 1506 cervos
1908 1465 2135 1520 quorum

562 1549 874 1619 sanguinem
897 1547 1141 1617 quamvis
1162 1544 1443 1616 parvulum
1464 1543 1680 1598 fluxisse
1701 1542 1991 1607 cernimus.
2014 1541 2139 1595 Pcr-

562 1640 733 1695 fracta
772 1641 828 1694 in
866 1639 1070 1709 pedicis
1109 1652 1267 1691 crura
1291 1643 1439 1690 vetat
1467 1634 1808 1699 manducari,
1853 1632 2137 1687 morticina

560 1746 680 1786 esse
707 1731 1033 1786 conﬁrmans
1057 1743 1273 1784 carnem
1299 1741 1363 1781 eo
1384 1726 1525 1795 quod
1556 1742 1664 1783 non
1684 1725 1897 1780 ﬁnxerit
1918 1724 2137 1793 sanguis

2236 565 2332 619 per
2378 553 2625 607 mortalia
2658 552 2812 607 ﬁunt.
2862 552 2942 606 Ita
2972 560 3027 606 et
3050 552 3330 622 primitue,
3382 551 3434 605 id
3478 562 3556 606 est
3590 554 3759 621 primus

2237 638 2444 695 fructus
2470 641 2647 696 omnis
2680 641 2779 706 rei,
2818 648 2873 697 et
2905 642 3103 695 animal
3132 641 3282 711 quod
3308 641 3533 709 primum
3562 646 3759 699 nascitur

2237 730 2290 786 in
2326 746 2487 786 anno.
2514 731 2722 786 Similia
2748 747 2867 801 qua:
2893 739 3019 786 sunt
3046 740 3104 786 ut
3132 732 3431 802 primitiva,
3457 732 3756 803 primogenita

2236 829 2416 876 autem
2436 822 2747 877 animalium
2779 831 3018 887 tantum;
3048 839 3153 878 non
3178 824 3357 878 solum
3385 823 3655 889 hominum,
3685 827 3756 880 sed

2236 913 2549 967 animalium
2573 928 2693 983 quae
2715 913 2861 968 licita
2881 923 3004 969 sunt
3025 913 3318 968 immolari.

2304 1002 2393 1058 IV.
2432 1002 2586 1068 Item,
2612 1002 2835 1056 decima:
2864 1004 2917 1055 in
2939 1002 3245 1069 pecoribus,
3278 1001 3524 1072 primitiae
3542 1003 3591 1056 in
3610 1003 3758 1058 fructi-

2235 1093 2355 1148 bus.
2391 1092 2649 1147 Primitiae
2685 1100 2809 1148 sunt
2847 1093 3105 1161 quidquid
3150 1094 3221 1148 de
3262 1093 3539 1162 pecoribus
3564 1095 3757 1148 nascitur

2236 1192 2524 1254 antequam
2555 1192 2904 1240 nascerentur
2939 1184 3042 1237 alia
3077 1183 3134 1236 in
3177 1184 3286 1238 hoc
3320 1198 3476 1238 anno.
3521 1181 3755 1237 Sciendum

2236 1282 2496 1343 quantum
2522 1282 2604 1329 est
2627 1276 2837 1345 pondus
2871 1275 3261 1345 primitiarum,
3291 1275 3395 1328 hoc
3419 1283 3497 1328 est
3517 1289 3693 1344 gomor,
3712 1284 3756 1328 ut

2236 1366 2347 1431 alii,
2376 1367 2428 1422 id
2455 1375 2537 1422 est
2562 1383 2680 1421 vnn
2709 1382 2906 1436 panes,
2951 1366 3034 1420 vel
3060 1383 3138 1420 xu
3171 1381 3362 1435 panes.
3407 1367 3591 1421 Deinde
3628 1382 3757 1436 panes

2235 1456 2616 1526 propositionis
2645 1456 2873 1511 materia
2918 1471 3037 1510 vnn
3082 1456 3309 1525 panium
3339 1455 3419 1509 vel
3454 1471 3522 1508 xu
3562 1455 3752 1524 panium.

2237 1547 2313 1602 De
2360 1547 2596 1602 oleribus
2648 1562 2777 1602 vero
2822 1557 3081 1617 quantum
3129 1562 3347 1618 pugnus
3396 1560 3573 1616 capere
3601 1554 3752 1614 potest.

2236 1638 2330 1692 Ila:
2368 1653 2456 1692 res
2494 1639 2548 1692 in
2588 1638 2743 1693 initio
2770 1639 2975 1693 aestatis
3010 1638 3162 1692 reddi
3193 1638 3393 1692 debent
3414 1677 3445 1701 ,μ
3465 1647 3515 1691 et
3555 1634 3691 1690 semel
3712 1635 3748 1687 in

2238 1743 2379 1782 anno
2403 1727 2469 1782 ad
2508 1729 2815 1783 sacerdotes
2845 1727 3149 1783 Jerusalem
3183 1726 3553 1781 oll‘erebantur.
3572 1726 3622 1779 In
3638 1725 3750 1779 Novo

563 1822 827 1891 superior,
856 1820 947 1890 qui
976 1828 1159 1875 custos
1182 1826 1237 1873 et
1265 1817 1418 1872 sedes
1446 1817 1639 1871 animae
1664 1823 1799 1879 erat,
1826 1814 1920 1871 sed
1942 1829 2134 1885 coagw
2171 1815 2213 1885 Β
2239 1826 2421 1872 autem
2462 1818 2829 1887 unusquisque
2874 1818 2942 1873 ad
2971 1818 3364 1874 monasterium
3404 1817 3486 1872 cui
3520 1816 3752 1871 monachus

561 1910 704 1966 latus
729 1920 810 1965 est
837 1911 979 1964 intra
1004 1922 1241 1969 carnem,
1266 1906 1559 1976 quamlibet
1586 1904 1900 1959 extremitas
1925 1902 2142 1973 sangui-
2180 1972 2183 1983 η

560 2003 649 2059 nis
687 2001 851 2058 eﬂ‘usa
895 2002 966 2056 sit
1008 2015 1106 2070 per
1151 2007 1454 2057 extremum
1497 1997 1772 2068 quodlibet
1815 1996 2138 2060 membrum,

561 2093 781 2162 sanguis
800 2099 977 2145 tamen
1001 2089 1237 2144 crassior
1260 2095 1313 2142 et
1341 2088 1561 2143 solidior
1579 2088 1632 2141 in
1659 2102 1765 2157 quo
1790 2086 1967 2141 anima
1990 2085 2142 2140 sede-

561 2190 650 2237 rat
687 2182 827 2235 intra
859 2195 1075 2234 carnem
1100 2177 1412 2249 coagulatus
1441 2186 1639 2233 manet.
1688 2177 1872 2246 Itaque
1911 2175 2055 2246 quod
2094 2176 2142 2230 si

560 2289 668 2329 non
713 2287 876 2327 causa
901 2272 1138 2327 vulneris
1178 2272 1323 2327 inlisi
1364 2272 1546 2327 sedem
1594 2271 1787 2325 animae
1814 2268 2140 2333 turbaverit,

559 2378 668 2417 non
697 2370 781 2418 est
814 2362 1092 2432 sanguinis
1119 2359 1330 2428 ellusio,
1362 2362 1457 2417 sed
1480 2367 1739 2416 extrema:
1773 2359 1944 2429 partis
1968 2356 2141 2413 oll‘en-

560 2452 662 2505 slo.
693 2451 879 2520 Itaque
903 2458 958 2506 et
984 2450 1075 2519 qui
1106 2465 1227 2505 eam
1251 2465 1470 2506 carnem
1495 2449 1819 2513 comederit,
1851 2447 1987 2503 sciat
2017 2463 2140 2502 car-

559 2558 683 2598 nem
714 2558 835 2597 cum
869 2542 1128 2613 sanguine
1158 2542 1473 2598 comedisse.
1496 2540 1639 2597 Cum
1667 2541 1811 2595 enim
1842 2539 2140 2610 prohibuit,

559 2651 666 2690 non
694 2635 874 2690 carnis
910 2636 1085 2690 coctio
1125 2636 1329 2701 deerat,
1370 2637 1465 2691 sed
1506 2634 1782 2705 sanguinis
1816 2631 2026 2688 eﬁ'usio.
2074 2632 2144 2686 Et

559 2727 662 2780 hoc
698 2727 1011 2795 praedictum
1052 2728 1275 2798 intelligi
1301 2728 1460 2782 debet
1485 2738 1541 2782 et
1581 2730 1646 2783 de
1676 2727 1995 2796 pecoribus,
2020 2740 2141 2795 quae

561 2826 680 2886 post
701 2818 1016 2880 abscissam,
1042 2818 1124 2872 vel
1146 2826 1326 2873 tamen
1352 2818 1574 2872 scissam
1597 2833 1804 2882 aurem,
1829 2817 1882 2871 in
1900 2823 2141 2871 extrema

562 2907 876 2961 inﬁrmitate
905 2917 1116 2963 mortua
1150 2918 1308 2971 sunt,
1351 2908 1561 2983 adipem
1588 2918 1767 2963 tamen
1795 2915 1849 2961 et
1884 2906 2050 2976 pelles
2085 2907 2139 2961 in

562 3013 691 3053 usus
715 2998 893 3053 varios
917 3000 1253 3054 habebimus.

1108 3106 1237 3145 [TI-II
1274 3105 1600 3146 τιιεουοιιυε.

631 3182 817 3238 Pisces
842 3190 1021 3237 autem
1050 3182 1242 3247 licent,
1273 3183 1398 3252 quia
1423 3183 1646 3237 alterius
1669 3190 1878 3236 natura;
1908 3189 2066 3246 sunt,
2096 3182 2142 3236 si

568 3273 767 3328 mortui
807 3272 1150 3327 inveniantur
1185 3273 1271 3327 vel
1305 3273 1359 3327 in
1398 3273 1602 3327 retibus
1635 3271 1969 3342 strangulati.
2005 3270 2147 3325 Aves

563 3372 619 3419 et
652 3364 901 3419 animalia
926 3363 1135 3418 etiamsi
1162 3362 1215 3417 in
1236 3363 1438 3418 retibus
1459 3362 1877 3431 strangulentur,
1893 3378 2001 3416 non
2022 3370 2148 3416 sunt

563 3455 914 3511 comedenda.
940 3455 1139 3510 Paulus
1170 3455 1314 3509 enim
1343 3454 1419 3508 ait
1450 3472 1462 3508 :
1495 3455 1757 3509 Abstinete
1787 3471 1874 3509 vos
1912 3470 1945 3507 a
1980 3454 2148 3522 sit/fo-

563 3556 705 3612 catu,
728 3548 982 3617 sanguine
1006 3557 1053 3601 et
1078 3548 1142 3601 ab
1165 3546 1490 3601 idololatria.
1520 3545 1785 3601 Similiter
1804 3546 1871 3601 ab
1894 3545 2148 3615 accipitre

564 3634 939 3688 mortiﬁcanda
970 3643 1114 3689 sunt.

635 3724 776 3794 Apes
814 3726 860 3779 si
895 3726 1144 3780 occidant
1178 3726 1483 3790 hominem,
1523 3724 1843 3781 festinanter
1868 3724 2146 3780 occidendi

565 3822 710 3867 sunt.
746 3813 847 3867 Mel
880 3823 1060 3868 tamen
1088 3817 1461 3871 manducetur.

641 3905 906 3959 Animalia
937 3907 1081 3960 coitu
1115 3907 1392 3961 hominum
1428 3908 1628 3977 polluta
1657 3908 1988 3969 occidantur,
2031 3922 2149 3961 car-

570 4009 771 4062 nesque
807 3994 1032 4049 canibus
1066 3994 1437 4063 projicientur.
1480 3995 1587 4050 Sed
1622 3998 1766 4064 quod
1803 4006 2145 4066 generantur,

572 4082 659 4136 uE.i
689 4090 868 4136 autem
898 4082 1116 4135 dubium
1146 4091 1258 4148 est,
1291 4098 1399 4137 non
1428 4084 1759 4138 occidentur.

572 4192 734 4256 ITEM
774 4190 1090 4249 SYNODUS
1126 4206 1152 4234 ι
1196 4193 1551 4248 SAPIENTIA
1592 4194 1698 4250 SIC
1745 4195 1833 4249 DE
1879 4194 2150 4251 DECIMIS

1181 4284 1550 4348 DISPUTAT.

640 4372 681 4426 I.
723 4372 918 4427 Dicunt
942 4382 1190 4429 auctores
1213 4374 1450 4430 decimas
1468 4377 1636 4432 semel
1655 4392 1905 4445 pecorum
1926 4376 2151 4433 offeren-

572 4466 688 4529 das,
718 4473 772 4518 et
794 4466 863 4519 ob
888 4465 941 4519 id
967 4475 1213 4521 sanctum
1249 4478 1558 4523 sanctorum
1588 4468 1709 4523 erit.
1746 4469 1803 4523 ld
1825 4480 1909 4524 est
1933 4486 2038 4526 non
2065 4471 2151 4526 de-

575 4555 730 4607 betur
768 4555 959 4608 iterum
993 4552 1175 4608 offerri
1199 4556 1264 4611 de
1292 4555 1396 4610 illis
1430 4557 1712 4612 decimam.
1749 4558 1856 4613 Sed
1893 4559 1981 4613 alii
2019 4575 2150 4613 sana

2165 3146 2217 3211 C

2241 1906 2425 1961 fuerit.
2460 1906 2529 1960 Et
2558 1916 2819 1976 praeterea
2847 1908 3087 1963 charitas
3112 1908 3359 1963 abundat
3379 1922 3495 1962 cum
3520 1906 3692 1969 iisdem,
3712 1912 3750 1959 et

2241 1999 2594 2069 primogenita
2631 1999 2685 2053 in
2728 2000 2983 2055 masculis
3028 1983 3268 2065 tantum,
3295 2011 3553 2068 nunquam
3575 1995 3621 2049 in
3643 1995 3752 2049 femi-

2242 2090 2328 2145 nis
2361 2090 2514 2144 ﬁunt.

2315 2180 2381 2235 V.
2418 2180 2573 2244 Item,
2617 2187 2677 2234 ut
2697 2179 2787 2234 alii
2817 2179 2863 2235 si
2899 2179 3077 2234 minus
3096 2179 3316 2235 decimo
3344 2176 3661 2234 substantiam
3676 2174 3746 2228 ha-

2240 2272 2438 2337 buerit,
2464 2287 2571 2326 non
2599 2272 2785 2326 reddet
2812 2272 3067 2327 decimas.
3292 2316 3297 2319 ,

2313 2359 2399 2417 VI.
2433 2360 2584 2425 Item,
2628 2370 2688 2415 ut
2720 2361 2811 2415 alii
2840 2376 2948 2431 quo
2975 2362 3142 2417 modo
3171 2361 3420 2418 convenit
3453 2359 3623 2416 oll‘erre
3642 2356 3747 2412 deci-

2242 2466 2360 2507 mas
2382 2452 2578 2522 aliquis
2602 2453 2862 2508 Domino?
2889 2453 2946 2508 Si
2971 2469 3076 2509 non
3102 2454 3366 2510 habuerit
3391 2454 3487 2508 nisi
3507 2467 3641 2507 unam
3658 2463 3745 2503 vac-

2242 2558 2363 2599 cam
2389 2543 2474 2599 vel
2505 2544 2719 2610 bovem,
2751 2545 2954 2600 dividat
2983 2547 3224 2617 pretinm
3250 2562 3424 2602 vaccas
3452 2547 3500 2599 in
3527 2561 3576 2611 x,
3612 2552 3656 2597 et
3681 2540 3744 2595 det

2241 2633 2505 2689 decimam
2529 2644 2740 2704 partem
2766 2635 3013 2700 Domino,
3048 2636 3134 2692 sic
3158 2646 3213 2692 et
3240 2637 3459 2706 reliqua.

2314 2726 2423 2782 VII.
2450 2726 2602 2793 Item,
2646 2727 2923 2783 victimam
2952 2728 3314 2784 voluntariam
3350 2728 3582 2783 Domin's
3601 2722 3741 2796 praci-

2241 2823 2321 2893 pit
2343 2841 2356 2876 :
2383 2822 2502 2878 ideo
2525 2823 2656 2878 dicit
2684 2841 2697 2877 :
2729 2838 2887 2878 nemo
2910 2824 3064 2879 tollat
3086 2824 3333 2878 animam
3354 2839 3382 2877 a
3404 2837 3482 2877 me
3504 2828 3552 2875 et
3569 2817 3737 2886 reliqua-

2244 2915 2321 2971 De
2355 2931 2421 2972 eo
2446 2917 2587 2987 quod
2611 2933 2719 2972 non
2757 2917 2991 2973 vindicat
3017 2918 3169 2973 Deus
3193 2957 3209 2982 ,
3252 2932 3423 2987 neque
3449 2915 3652 2970 homines
3676 2910 3740 2963 de-

2243 3007 2372 3063 bent
2388 3007 2650 3062 vindicari
2683 3024 2698 3060 :
2720 3016 2780 3079 et
2801 3008 2857 3062 in
2875 3007 2959 3062 his
2984 3007 3077 3077 qui
3096 3008 3215 3062 cito
3237 3012 3536 3063 convertunt
3559 3003 3613 3058 de
3627 2997 3738 3065 culpa

2247 3098 2313 3151 ad
2332 3096 2708 3166 paenitentiam
2734 3097 2787 3152 in
2810 3097 2995 3153 Exodo
3017 3100 3162 3169 (cap.
3187 3115 3358 3164 xxxn,
3378 3097 3444 3151 27
3466 3091 3577 3165 seq.)
3599 3090 3737 3159 legitur

2247 3202 2348 3256 pro
2374 3187 2688 3243 adoratione
2733 3188 2907 3243 vituli.
2940 3189 3008 3243 Et
3034 3198 3186 3245 stans
3215 3189 3415 3260 Moyses
3437 3188 3488 3242 in
3525 3192 3645 3256 porta
3675 3194 3736 3232 ca-

2247 3289 2475 3333 strorum
2503 3280 2600 3345 ait,
2657 3281 2704 3335 si
2738 3281 2853 3351 quis
2881 3280 3011 3347 Deo,
3034 3280 3299 3352 jungatur
3331 3279 3478 3341 mihi;
3511 3286 3551 3330 et
3583 3284 3734 3340 mare

2250 3367 2357 3436 θαιί
2385 3377 2506 3421 81ml
2541 3369 2611 3424 ad
2638 3386 2757 3423 eum
2777 3385 2954 3423 omnes
2973 3368 3073 3438 ﬁlii
3097 3368 3223 3424 Levi
3258 3368 3436 3440 quibus
3458 3365 3523 3419 ait
3545 3379 3562 3416 :
3582 3362 3665 3414 hac
3679 3355 3733 3408 di-

2248 3459 2317 3511 cit
2355 3458 2612 3514 Dominus
2648 3459 2790 3515 Deus
2828 3460 2998 3515 Israel
3031 3477 3050 3515 :
3077 3471 3245 3525 ponat
3280 3462 3355 3517 vir
3391 3457 3592 3530 gladium
3626 3460 3733 3517 super

2248 3549 2421 3619 femur
2463 3566 2636 3617 suum,
2676 3560 2732 3606 et
2767 3551 2972 3622 reliqua
3011 3568 3186 3621 usque
3230 3552 3355 3607 dicit
3384 3546 3584 3604 :occidit
3617 3553 3733 3594 utm-

2248 3642 2462 3712 quisque
2508 3644 2803 3712 proximum
2845 3653 2893 3696 et
2935 3642 3155 3712 fratrem
3201 3653 3250 3697 et
3295 3641 3520 3695 amicum.
3544 3634 3598 3689 Et
3622 3625 3731 3699 paulo

2248 3742 2372 3802 post
2410 3734 2487 3788 ait
2530 3734 2740 3804 Moyses
2771 3752 2784 3787 :
2817 3735 3162 3788 consecrastis
3200 3749 3381 3787 manus
3425 3738 3589 3785 uestras
3624 3718 3730 3774 hodie

2249 3822 2475 3877 Domino
2503 3825 2856 3894 unusquisque
2884 3825 2937 3878 in
2965 3824 3079 3894 ﬁlio
3105 3834 3157 3878 et
3185 3825 3240 3878 in
3262 3823 3419 3893 fratre
3441 3836 3542 3877 suo,
3562 3824 3607 3869 ut
3627 3811 3731 3865 de!"

2249 3914 2389 3968 vobis
2415 3915 2721 3969 benedictio.
2760 3916 2936 3980 Finit,
2967 3932 3144 3970 amen.
3187 3915 3413 3986 Populus
3438 3903 3730 3966 lsraeldebuc-

2251 4010 2335 4056 rat
2354 4003 2684 4072 constringui
2717 4021 2748 4058 ιι
2775 4005 3041 4059 mandatis
3060 4005 3214 4074 legis,
3242 4006 3361 4058 dum
3395 4013 3538 4057 causa
3560 3997 3728 4063 ἰρεοηιιι

2251 4094 2517 4161 percussit
2542 4095 2683 4149 Deus
2709 4095 2999 4165 (Egyptnm
3033 4113 3064 4150 ι
3095 4097 3289 4168 plagis,
3317 4096 3430 4149 ideo
3456 4092 3608 4149 decem
3626 4093 3728 4136 "139’

2250 4184 2376 4238 data
2405 4194 2566 4251 sunt,
2598 4186 2688 4240 ubi
2720 4197 2845 4241 sunt
2880 4188 2934 4241 in
2961 4188 3077 4258 lege
3115 4195 3374 4258 praecepta
3396 4198 3502 4255 quze
3532 4181 3639 4233 Deus
3653 4181 3727 4225 non

2251 4276 2493 4344 Pmipit
2515 4316 2529 4339 ,
2584 4277 2676 4331 sed
2720 4277 2855 4331 dixit
2889 4276 3036 4332 Jetro
3074 4294 3231 4334 socer
3266 4276 3424 4347 Moysi
3462 4271 3622 4339 eligere
3653 4270 3725 4347 ut

2251 4367 2544 4437 principes,
2584 4369 2675 4437 qui
2715 4369 3021 4439 judicarent
3067 4370 3319 4440 populum
3365 4381 3476 4422 cum
3500 4352 3646 4429 Moysi.
3680 4346 3728 4401 Et

2254 4459 2358 4513 hoc
2379 4456 2641 4526 judicium
2684 4468 2786 4524 est,
2817 4461 2959 4529 quod
3004 4460 3050 4514 si
3081 4460 3429 4514 inveniremus
3453 4450 3614 4523 judicia
3637 4456 3727 4514 ἔπ’

2254 4547 2387 4602 tium
2415 4548 2574 4612 bona,
2603 4564 2722 4618 quae
2752 4558 2943 4603 natura
2971 4549 3074 4603 illis
3099 4551 3269 4613 docet,
3295 4556 3347 4603 et
3370 4547 3469 4601 Deo
3492 4556 3579 4596 nou
3599 4529 3725 4601 displi-

574 4646 677 4699 lidc
704 4644 1004 4709 allirmant,
1034 4654 1095 4700 ut
1121 4647 1267 4700 omni
1294 4663 1436 4701 anno
1469 4649 1705 4702 decimas
1729 4648 1794 4702 de
1819 4649 2073 4705 vitalibus
2097 4659 2153 4705 et
2251 4644 2357 4700 εει,
2393 4637 2747 4692 servabimus-

577 4732 809 4786 mortali.
829 4748 890 4785 us
912 4732 1021 4787 Deo
1042 4733 1247 4797 demus,
1269 4750 1387 4788 cum
1410 4736 1555 4790 omni
1578 4752 1720 4792 anno
1740 4737 1908 4807 ipsius
1929 4754 2150 4793 munera

574 4823 890 4876 lini-eamus.

645 4912 705 4966 Il.
738 4913 893 4978 Item,
914 4915 1093 4969 omnia
1119 4923 1315 4984 praeter
1342 4915 1523 4987 fruges
1548 4926 1705 4973 terra:
1728 4920 1920 4988 quibus
1942 4919 2150 4975 decima

576 5002 741 5055 setnel
768 5002 1021 5057 olli-retur
1047 5006 1294 5069 Domino,
1321 5016 1378 5061 ut
1402 5008 1599 5062 dicitur
1627 5026 1638 5061 :
1672 5009 1939 5078 Quidquid
1966 5026 2151 5065 conse-

577 5101 785 5147 cratum
831 5094 991 5148 fuerit
1024 5097 1188 5151 semel
1229 5097 1373 5159 Deo,
1410 5108 1653 5154 sanetum
1697 5110 2004 5155 sanctorum
2048 5103 2152 5155 erit

582 5181 824 5236 Domino.
861 5183 976 5237 Non
1010 5185 1203 5240 iterum
1228 5185 1387 5243 debet
1415 5189 1479 5243 de
1521 5190 1630 5244 illis
1656 5190 1835 5244 oll'erri
1866 5191 2149 5255 decimam,

582 5280 639 5326 ut
665 5271 1046 5331 Colummanus
1070 5278 1256 5333 doctor
1281 5278 1481 5333 docuit.
1508 5280 1741 5351 Frugqu
1769 5296 1896 5337 vero
1918 5291 2075 5336 terrm
2099 5283 2151 5335 in

582 5378 902 5434 unoquoque
944 5383 1085 5420 anno
1117 5369 1317 5423 decima
1347 5385 1472 5438 pars
1515 5371 1692 5426 olI'erri
1719 5371 1911 5436 debet,
1942 5373 2064 5442 quia
2096 5373 2147 5426 in

583 5470 904 5525 unoquoque
934 5473 1074 5513 anno
1103 5469 1412 5514 nascuntur.

654 5595 706 5664 an
716 5582 970 5648 Quianam
995 5587 1154 5642 fuerit
1169 5593 1415 5664 synodus
1437 5592 1537 5664 ista
1562 5602 1832 5664 utcunque
1853 5594 2154 5664 colligimus

585 5650 1227 5731 ex'l‘ragtne'utosynodi'
1247 5659 1632 5731 Hiberuieusis,
1668 5650 1761 5715 ubi
1786 5650 2155 5731 percussorem

586 5721 838 5791 episcopi,
878 5720 1146 5788 Sapientes
1169 5728 1403 5796 εντηῆὶθὶ
1418 5720 1681 5796 judicaut.
1713 5720 1897 5801 Itaque
1921 5733 2157 5803 synodus

2651 4727 2990 4783 INCIPIUNT
3033 4726 3385 4784 EXCERPTA

2504 4833 2567 4871 DE
2593 4834 2764 4872 LIBRIS
2797 4834 3116 4875 BOIIANORUI
3142 4835 3209 4874 Ετ
3240 4826 3539 4876 γιιΑκοοιιιιιι.

2322 4908 2364 4960 1.
2394 4908 2451 4962 Si
2477 4910 2598 4977 quis
2622 4910 2965 4965 homicidium
2993 4926 3058 4965 ex
3082 4911 3409 4966 contentione
3442 4891 3729 4960 commiserit;

2255 4999 2477 5054 ancillas
2507 5017 2584 5063 Ill,
2618 5016 2800 5055 servos
2834 5017 2919 5064 ιιι,
2948 5002 3162 5068 reddat,
3186 5015 3393 5056 securus
3421 4997 3515 5050 ﬁat.

2324 5090 2385 5143 Il.
2434 5090 2492 5144 Si
2516 5092 2636 5160 quis
2665 5091 2861 5145 invidia
2889 5092 3229 5147 homicidium
3253 5090 3440 5146 fecerit,
3466 5077 3639 5137 ancillas
3658 5082 3711 5122 ml

2257 5183 2584 5251 totidemque
2614 5198 2798 5238 servos
2849 5184 3053 5249 reddat,
3095 5194 3148 5240 et
3184 5184 3296 5252 ipse
3336 5176 3619 5234 securitatem
3649 5164 3711 5216 Ιιιο

2254 5275 2420 5331 bebit.

2322 5367 2407 5422 Ill.
2455 5367 2511 5421 Si
2541 5369 2661 5435 quis
2683 5367 2842 5422 fuerit
2869 5369 3133 5424 homicida
3172 5368 3222 5422 in
3253 5362 3438 5434 judicio
3462 5345 3707 5448 compulsl’f:

2256 5472 2307 5518 et
2348 5465 2635 5532 prmstandi
2672 5464 2909 5518 rationes
2961 5464 3103 5517 diras
3134 5460 3393 5537 noluerit,
3425 5458 3471 5506 et
3510 5439 3708 5501 inlicialﬂ‘

2256 5595 2530 5666 Sapientia
2568 5605 2620 5651 et
2655 5596 3021 5651 Iliberuiensis
3044 5594 3253 5666 unicam
3269 5566 3702 5666 cousllluéﬁjigg:

2258 5644 3442 5738 ῑιῖέζὶῖέῑεῑπξιειιῆξιξ-ιῆίῖδιῖεεῖδξιῑ’ῇςιςεείί,
3474 5644 3593 5713 cons
3614 5644 3696 5688 sw-

2257 5737 2422 5792 tentia
2456 5738 2521 5791 de
2546 5738 2687 5791 furto
2717 5729 3132 5804 facto'cpiscopo
3156 5729 3423 5799 subjicitur.
