4020 6170
283 269 386 324 321

1445 271 1764 331 CANONES
1801 269 2147 327 HIBERNEN
2157 271 2238 329 SE
2248 271 2304 329 S.

3390 278 3528 334 1529.

251 384 436 448 fuerit,
459 383 685 441 ancillas
712 401 766 452 v,
798 401 983 443 servos
1004 388 1250 453 totidem,
1290 388 1437 444 reddi
1468 389 1832 459 prrecipimus.
1865 392 1908 448 Α
1941 383 2102 438 fuerit
2151 385 2526 453 οοηείὲητιῑυηι
2572 403 2584 438 τ
2626 385 2674 439 εἱ
2709 394 2985 442 auctorem
3027 396 3119 440 θυι
3159 385 3526 456 ὓάεἱυεεονειιι

253 474 508 529 Mannum
547 484 602 531 et
639 478 935 546 quamlibet
973 481 1338 536 membrorum
1385 480 1716 536 debilitatem
1754 479 1836 534 fa-

251 568 419 632 ciens,
445 569 678 639 accipiet
706 570 756 624 in
779 569 1008 638 judicio.

321 659 411 715 IV.
455 660 512 716 Si
536 663 658 732 quis
691 665 966 720 homicidii
993 680 1155 722 causa
1185 669 1507 738 suspicatus,
1538 682 1592 728 et
1618 690 1724 730 non
1756 684 1840 730 est

250 753 300 807 ei
338 753 529 808 titulus
555 756 936 824 comprobandi
963 756 1053 830 [Id
1076 769 1166 823 est,
1200 762 1517 836 revelandi],
1547 781 1714 821 xcvm
1744 768 1842 823 bo—

253 845 428 900 mines
458 846 764 901 nominatos
798 851 1145 919 congregabit
1163 891 1177 916 ,
1203 867 1235 907 e
1270 854 1466 922 quibus
1487 872 1646 912 xxnu
1674 858 1728 912 in
1751 873 1842 914 ec-

251 936 417 990 clesia
442 936 629 1006 jurent
653 954 775 992 eum
803 954 924 994 esse
946 955 1217 997 veracem.
1252 942 1343 999 Sic
1366 945 1484 1000 sine
1510 947 1665 1016 culpa
1688 963 1842 1004 exce-

253 1028 375 1090 dat;
409 1029 453 1083 si
477 1043 583 1082 non
601 1027 896 1097 iuraverit,
922 1032 1146 1087 ancillas
1171 1049 1204 1088 v
1230 1044 1286 1089 et
1307 1051 1381 1090 vn
1405 1051 1592 1094 servos
1615 1039 1834 1104 reddet,

252 1129 310 1174 et
348 1133 573 1174 securus
610 1120 724 1175 fiat.

328 1211 392 1264 V.
423 1209 480 1264 Si
519 1212 640 1280 quis
668 1227 856 1269 servus
881 1214 1172 1284 ingenuum
1193 1217 1478 1285 occiderit,
1505 1228 1560 1275 et
1580 1221 1735 1293 plaga
1757 1224 1841 1278 in-

251 1319 460 1374 genuus
497 1311 589 1358 aut
617 1304 682 1358 de
709 1303 869 1369 fuste,
910 1315 1001 1361 aut
1017 1307 1084 1362 de
1104 1311 1280 1364 securi
1312 1323 1337 1350 ιι
1366 1311 1717 1383 bidubioque,
1743 1324 1840 1370 aut

252 1393 472 1449 cultello
495 1392 810 1451 interfectus
856 1394 1049 1462 fuerit,
1095 1398 1364 1454 homicida
1390 1401 1705 1470 parentibus
1734 1411 1842 1457 tra-

254 1485 428 1550 ditur,
455 1493 511 1540 et
538 1485 739 1540 habent
779 1486 1085 1542 libertatem
1109 1488 1342 1546 faciendi
1375 1493 1521 1561 quod
1549 1494 1838 1549 voluerint.

328 1578 412 1633 VI.
465 1577 521 1634 Si
569 1585 751 1632 autem
801 1579 1050 1635 dominus
1105 1596 1262 1637 servo
1314 1599 1464 1638 arma
1504 1586 1842 1641 commiserit

254 1676 493 1738 portare,
534 1676 592 1724 et
617 1669 909 1739 ingenuum
933 1671 1210 1727 hominem
1252 1675 1542 1739 occiderit,
1582 1676 1760 1748 ipsum
1786 1689 1840 1732 et

255 1763 419 1816 alium
445 1775 664 1816 servum
686 1777 744 1817 se
773 1764 984 1818 noverit
1011 1766 1365 1822 redditurum.

326 1855 434 1910 VII.
478 1854 537 1908 Si
578 1854 699 1924 quis
727 1854 990 1924 ingenuus
1027 1872 1243 1912 servum
1282 1859 1507 1916 alterius
1528 1862 1646 1918 sine
1689 1864 1844 1934 culpa

254 1945 543 2010 occiderit,
573 1959 758 2000 servos
799 1946 933 2002 duos
967 1948 1184 2003 domino
1224 1951 1494 2006 restituat.
1527 1952 1585 2008 Si
1612 1969 1710 2024 pro
1738 1969 1844 2024 qua

255 2040 409 2110 culpa
437 2044 578 2099 servi
607 2043 815 2111 fecerit,
852 2062 1043 2102 servus
1069 2063 1169 2116 pro
1199 2063 1377 2104 servo.

326 2132 457 2187 VIII.
487 2133 545 2188 Si
575 2136 696 2204 quis
722 2137 775 2190 in
807 2137 923 2190 rixa
948 2153 1166 2192 manum
1194 2138 1278 2194 vel
1303 2139 1517 2195 oculum
1547 2142 1846 2212 pedemque

255 2227 489 2282 hominis
520 2230 888 2292 maculaverit,
933 2230 1182 2285 ancillam
1208 2232 1323 2287 sive
1349 2247 1565 2286 servum
1607 2234 1847 2289 redditu-

260 2334 376 2372 rum
411 2330 725 2390 cognoscat.

329 2407 422 2462 IX.
477 2409 534 2467 Si
573 2412 696 2481 quis
739 2413 988 2482 pollicem
1034 2429 1226 2468 manus
1263 2413 1559 2479 exciderit,
1609 2416 1846 2472 medium

257 2503 436 2558 damni
467 2505 592 2574 poni
619 2505 983 2574 praecipimus.

329 2593 396 2647 X.
428 2593 485 2648 Si
511 2595 632 2664 quis
655 2595 926 2652 hominem
956 2598 1141 2656 lancea
1168 2602 1413 2672 gladiove
1442 2601 1666 2667 ferierit,
1686 2611 1742 2658 et
1767 2603 1849 2657 in-

258 2683 459 2738 teriora
501 2685 783 2754 inspiciat,
824 2690 1033 2758 argenti
1065 2691 1231 2746 libras
1257 2709 1320 2747 nt
1349 2694 1610 2748 exsolvat.

328 2775 418 2829 XI.
469 2774 526 2829 Si
565 2777 697 2845 quis
721 2786 881 2846 caput
928 2779 1151 2836 alterius
1185 2784 1518 2852 percusserit
1565 2801 1736 2854 usque
1782 2787 1851 2841 ad

259 2868 467 2922 cerebri
498 2883 723 2938 pampas
755 2869 847 2941 [Id
873 2881 983 2936 est,
1024 2874 1325 2947 squamas],
1357 2877 1522 2932 libras
1547 2879 1754 2948 argenti
1785 2895 1847 2933 ιιι

267 2958 474 3013 reddat.

330 3048 443 3102 XII.
485 3048 542 3104 Si
577 3051 698 3120 quis
727 3051 938 3123 alapam
974 3054 1127 3109 alteri
1155 3055 1470 3128 impegerit,
1497 3074 1598 3115 nec
1629 3061 1848 3132 sanguis

262 3154 363 3194 nec
396 3140 559 3195 livido
594 3152 873 3212 appareat,
905 3160 934 3197 v
963 3145 1164 3201 solidos
1186 3150 1394 3218 argenti
1419 3151 1680 3206 exsolvat.

330 3232 464 3288 XIII.
493 3232 549 3288 Si
580 3235 701 3304 quis
726 3236 948 3292 alterius
969 3237 1024 3290 in
1049 3237 1240 3294 faciem
1263 3240 1476 3311 alapam
1494 3246 1847 3313 percusserit,

259 3333 319 3381 ut
337 3325 556 3396 sanguis
595 3335 690 3381 aut
735 3327 900 3384 livido
927 3339 1214 3400 appareat,
1255 3347 1312 3387 se
1348 3334 1602 3390 ancillam
1638 3337 1850 3392 noverit

261 3416 618 3470 redditurum.

332 3507 468 3562 XIV.
511 3508 568 3564 Si
607 3511 728 3580 quis
755 3512 965 3579 lancea,
999 3524 1091 3570 aut
1127 3517 1179 3570 in
1206 3519 1452 3582 brachio,
1480 3527 1573 3572 aut
1609 3520 1662 3572 in
1691 3534 1847 3573 surra

261 3598 480 3655 alterius
505 3600 749 3656 foramen
784 3605 996 3670 fecerit,
1032 3617 1210 3661 tamen
1237 3610 1480 3662 membro
1507 3624 1615 3662 non
1636 3618 1847 3673 noceat,

264 3691 474 3759 argenti
506 3691 672 3747 libras
698 3710 734 3748 η
763 3703 1056 3764 cognoscat
1084 3697 1326 3751 reddere.

333 3778 448 3833 XV.
487 3779 544 3834 Si
567 3782 688 3849 quis
714 3783 1064 3837 homicidium
1094 3782 1285 3839 fecerit
1311 3793 1366 3840 et
1396 3785 1579 3858 fugam
1610 3788 1847 3858 petierit,

263 3878 515 3940 parentes
561 3871 729 3939 ipsius
773 3871 898 3939 jura
947 3874 1172 3928 reddant
1223 3874 1366 3929 intra
1424 3876 1542 3932 dies
1586 3893 1788 3948 paucos
1834 3894 1849 3932 :

263 3971 448 4030 postea
482 3968 732 4030 parentes
752 3963 942 4030 patrize
969 3963 1329 4020 restituuntur
1349 3976 1442 4020 aut
1464 3968 1563 4037 ipsi
1585 3968 1650 4024 de
1675 3969 1851 4038 patria

265 4055 485 4116 vadant,
523 4054 606 4108 vel
625 4055 859 4123 pretium
887 4057 1169 4112 dimidium
1192 4060 1439 4127 reddant,
1478 4069 1532 4116 et
1564 4063 1642 4117 sic
1669 4065 1852 4118 securi

267 4144 320 4198 in
349 4144 566 4199 sedibus
603 4147 842 4202 sedeant.
869 4148 998 4205 Post
1021 4151 1137 4204 haec
1164 4151 1208 4205 si
1233 4167 1360 4207 reus
1387 4155 1572 4210 venire
1598 4155 1844 4220 voluerit,

266 4236 455 4290 reddat
481 4240 624 4307 quod
656 4247 824 4294 restat
849 4242 1040 4310 pretii;
1075 4243 1220 4298 vivat
1261 4259 1505 4301 securus.
1537 4246 1594 4302 Si
1634 4249 1850 4304 interim

265 4341 294 4378 a
329 4327 577 4397 cognatis
617 4329 783 4384 occisi
825 4331 1037 4386 occisus
1064 4331 1258 4396 fuerit,
1300 4336 1588 4406 mancipia,
1617 4338 1844 4405 ancillae,

265 4417 346 4470 vel
365 4419 526 4482 servi,
554 4435 676 4489 qua:
696 4431 1016 4490 acceperant
1039 4424 1331 4490 debitores,
1351 4429 1669 4496 parentibus
1693 4433 1852 4486 resti-

266 4517 505 4566 tuantur.

339 4602 472 4658 XVI.
501 4603 560 4658 Si
583 4605 705 4674 quis
730 4605 970 4662 lanceam
992 4609 1218 4674 miserit,
1243 4617 1297 4664 et
1315 4612 1479 4665 homo
1501 4611 1697 4667 illaesos
1723 4615 1845 4678 erit,

265 4695 474 4762 argenti
519 4693 716 4750 libram
749 4714 910 4753 unam
937 4701 1214 4767 exsolvat;
1245 4702 1290 4755 si
1316 4702 1472 4773 plaga
1499 4703 1679 4768 fuerit,
1711 4704 1845 4773 legi-

265 4786 364 4838 bus
389 4799 447 4840 se
473 4788 687 4842 noverit
712 4789 1069 4844 redditurum.

338 4876 495 4932 XVII.
523 4878 580 4934 Si
607 4880 730 4950 quis
753 4879 1051 4938 fornicatus
1077 4881 1238 4938 fuerit
1265 4900 1387 4939 cum
1412 4886 1632 4941 alterius
1660 4903 1845 4955 uxore,

268 4975 355 5019 aut
385 4982 588 5032 sorore,
621 4978 713 5023 aut
741 4969 871 5037 Iilia,
900 4982 1074 5027 morte
1098 4975 1380 5028 moriatur.
1408 4975 1510 5041 Qui
1550 4986 1732 5031 autem
1761 4993 1853 5034 oc-

267 5057 402 5111 cide:
420 5059 477 5120 it.
504 5060 704 5114 nullam
733 5078 952 5117 causam
992 5065 1180 5120 timeat
1207 5066 1430 5122 habere.

341 5148 521 5205 XVIII.
554 5149 611 5204 Si
653 5153 774 5219 quis
814 5154 1104 5220 caballum,
1134 5163 1230 5210 aut
1267 5158 1480 5224 bovem,
1524 5169 1618 5214 aut
1667 5177 1854 5231 quam-

269 5236 396 5291 libet
416 5239 672 5306 pecodem
691 5242 824 5296 furti
851 5244 1096 5314 ligatum,
1120 5246 1206 5300 vel
1234 5248 1377 5317 quod
1405 5250 1645 5305 occisum
1667 5251 1853 5317 fuerit,

268 5329 535 5383 "uenerit
562 5330 614 5384 in
645 5333 843 5402 villam,
877 5336 1014 5390 dctis
1039 5335 1343 5405 iuramento
1369 5357 1429 5395 III
1470 5341 1692 5398 idoneos
1710 5344 1854 5412 quod

268 5417 404 5472 nihil
435 5419 669 5476 habeant
713 5425 930 5492 damni;
960 5426 1005 5481 si
1031 5427 1156 5496 quis
1184 5445 1290 5484 non
1313 5429 1612 5499 juraverit,
1659 5433 1849 5490 solvat.

339 5508 479 5564 XIX.
514 5511 570 5567 Si
597 5515 719 5584 quis
745 5531 959 5571 servum
985 5533 1304 5590 servamque
1325 5522 1408 5576 vel
1435 5523 1732 5593 quamlibet
1753 5539 1850 5594 pe-

269 5601 457 5658 codem
489 5645 504 5670 ,
539 5608 620 5662 vel
648 5625 760 5664 rem
788 5609 1022 5679 aliquam
1055 5615 1471 5682 comparaverit,
1503 5625 1558 5670 et
1584 5631 1705 5671 cum
1734 5617 1850 5685 ipso

1940 490 2048 530 non
2077 475 2358 540 habuerit,
2384 476 2450 531 de
2481 475 2626 531 furto
2650 491 2708 532 se
2729 478 2940 532 noverit
2968 480 3420 550 componendum.

2009 566 2130 622 XX.
2189 567 2247 622 Si
2282 567 2405 638 quis
2447 569 2513 623 de
2539 567 2707 623 Gallis
2751 569 2834 623 vel
2872 569 2938 625 de
2991 568 3298 625 Saxonibus
3340 570 3426 624 vel
3461 569 3530 626 de

1939 659 2178 730 qualibet
2203 667 2362 729 gente
2397 659 2662 728 capallum
2692 660 3090 730 comparaverit
3134 661 3187 715 in
3234 661 3532 730 quamlibet

1941 751 2196 820 speciem,
2249 751 2479 805 testibus
2503 752 2850 820 comprobet;
2875 750 2922 805 si
2950 758 3132 805 autem
3151 751 3527 822 consignatum

1939 842 2130 910 fuerit;
2154 852 2209 898 et
2237 841 2467 899 invicem
2492 852 2659 900 testes
2685 845 3116 914 adaequaverint;
3141 845 3186 900 si
3211 845 3305 910 ita,
3333 847 3528 916 aequali

1941 936 2200 991 dividant.
2251 935 2306 990 Si
2343 943 2508 990 testes
2544 951 2652 990 non
2677 935 2950 998 habuerit,
2974 945 3031 989 et
3070 936 3410 992 mendacium
3437 953 3529 992 eo-

1941 1036 2101 1080 natur
2129 1027 2421 1097 inquirere,
2453 1026 2672 1096 triplum
2696 1042 2755 1082 se
2783 1027 2994 1081 noverit
3024 1027 3403 1082 restituturum
3439 1030 3532 1097 qui

1941 1129 2188 1175 conatur.

1963 1250 1978 1264 .
2014 1208 2160 1270 XXI.
2197 1208 2254 1263 Si
2285 1211 2408 1279 quis
2433 1210 2688 1264 animalia
2712 1210 2877 1266 vicini
2917 1211 3001 1266 sui
3029 1211 3081 1265 in
3109 1211 3274 1266 herba
3304 1211 3530 1266 commi-

1943 1299 2078 1353 serit
2096 1299 2315 1364 intacta,
2343 1307 2396 1355 et
2426 1301 2724 1356 manserint
2746 1299 2798 1356 in
2827 1317 2924 1367 ea;
2965 1310 3187 1372 propter
3215 1301 3470 1356 animalia
3488 1318 3526 1356 ιι

1941 1406 2109 1445 unum
2141 1391 2436 1460 scripulum
2465 1392 2674 1447 reddat.
2721 1391 2778 1446 Si
2810 1393 2863 1446 in
2893 1391 3170 1461 fastigium
3199 1392 3381 1447 herbae
3418 1390 3539 1446 fueJ

1943 1483 2054 1537 rint
2102 1491 2260 1552 capta
2287 1525 2300 1549 ,
2349 1491 2572 1554 propter
2614 1484 2870 1539 animalia
2901 1500 2986 1539 ml
3033 1484 3328 1555 scripulum
3363 1500 3530 1539 unum

1944 1572 2151 1628 reddat.
2191 1573 2249 1628 Si
2289 1575 2342 1628 in
2378 1590 2557 1630 messe
2585 1585 2845 1645 quantum
2866 1575 3133 1645 juraverit
3160 1577 3434 1638 dominus,
3465 1577 3532 1631 de

1946 1678 2122 1719 messe
2160 1680 2282 1719 cum
2319 1665 2424 1719 alio
2468 1667 2660 1722 idoneo
2698 1667 2958 1736 quidquid
3002 1667 3182 1723 damni
3227 1667 3529 1738 pertulerit,

1870 1743 1919 1803 Β
1945 1755 2064 1809 sine
2086 1756 2249 1811 dubio
2287 1765 2646 1811 restauratur.

2018 1847 2181 1902 XXII.
2212 1847 2271 1902 Si
2309 1864 2509 1918 porcus
2537 1866 2636 1919 per
2662 1865 2929 1904 annonam
2961 1859 3214 1906 noctuam
3253 1854 3532 1917 manserit,

1947 1951 2044 2006 per
2098 1937 2356 2006 majorem
2413 1939 2592 1994 noctis
2646 1944 2856 2010 partem
2903 1952 3134 2011 quatuor
3161 1944 3415 1998 sextaria.
3473 1943 3532 1998 Si

1946 2042 2076 2082 vero
2101 2043 2202 2098 per
2227 2030 2490 2084 minorem
2516 2031 2694 2086 noctis
2735 2042 2964 2100 partem.
2993 2033 3290 2086 sextarium
3321 2032 3532 2087 reddat.

2019 2121 2204 2175 XXIII.
2239 2121 2296 2176 Si
2340 2122 2463 2193 quis
2489 2138 2654 2178 causa
2690 2122 3063 2179 fornicationis
3103 2125 3466 2194 approbatur;
3491 2125 3536 2178 si

1947 2212 2349 2280 nonjuraverit,
2379 2215 2630 2268 ancillam
2656 2215 2862 2270 reddat.

2019 2305 2207 2360 XXIV.
2251 2305 2310 2359 Si
2349 2306 2470 2376 quis
2510 2306 2788 2362 sustulerit
2814 2308 2881 2362 de
2924 2307 3142 2362 homine
3168 2321 3396 2376 equum,
3443 2316 3538 2361 aut

1948 2411 2191 2461 vaccam,
2221 2397 2305 2451 vel
2333 2397 2630 2466 quamlibet
2650 2398 2925 2468 pecodem,
2953 2407 3006 2452 et
3033 2398 3390 2466 quodcunque
3412 2413 3536 2450 eum

1948 2489 2262 2558 repetierit;
2325 2490 2538 2544 debitor
2601 2491 2790 2544 reddat
2851 2505 2975 2544 cum
3050 2489 3347 2544 nutrimiue
3415 2503 3533 2543 suo.

1949 2581 2314 2651 Quodcunque
2350 2583 2634 2650 proba-tum
2687 2580 2882 2645 fuerit,
2927 2581 3294 2651 recipiendum
3347 2580 3538 2650 praeci-

1948 2672 2146 2741 pimus.

2021 2762 2185 2816 XXV.
2216 2763 2274 2816 Si
2325 2764 2474 2834 porci
2505 2765 2561 2816 in
2597 2763 2791 2833 glande
2831 2763 3113 2834 ingrcssi;
3135 2764 3348 2833 quoties
3371 2764 3535 2834 capti,

1951 2865 2204 2924 porcator
2230 2856 2433 2908 reddat.
2469 2854 2524 2908 Si
2559 2855 2673 2924 ipse
2700 2855 2990 2909 minavcrit
3015 2872 3112 2911 eos
3141 2863 3364 2925 sponte,
3410 2870 3536 2925 por-

1951 2961 2074 3000 cum
2097 2945 2356 3014 majorem
2386 2947 2593 3000 reddat.
2611 2996 2628 3015 ,

2023 3035 2210 3091 XXVI.
2257 3036 2522 3092 Parvulus
2555 3052 2728 3107 usque
2756 3038 2824 3094 ad
2853 3053 3056 3093 annum
3099 3053 3178 3094 xu
3215 3055 3313 3109 pro
3348 3040 3544 3096 delicto

1953 3125 2086 3179 nihil
2121 3125 2224 3180 nisi
2255 3125 2592 3196 disciplinam
2627 3128 2876 3197 accipiat.
2909 3127 3039 3183 Post
3075 3144 3204 3183 vero
3248 3130 3387 3183 hanc
3404 3139 3539 3184 mla--

1953 3226 2080 3280 tem,
2108 3217 2367 3286 quidquid
2399 3218 2673 3288 delinquat
2699 3219 2783 3272 vel
2810 3218 3048 3282 furatur,
3091 3219 3377 3274 retribuat.

2023 3326 2232 3382 XXVII.
2265 3327 2323 3381 Si
2349 3327 2470 3396 quis
2501 3327 2764 3394 ingenuus
2797 3325 2997 3380 furtum
3024 3326 3231 3392 fecerit,
3272 3337 3328 3382 et
3353 3336 3542 3399 captus

1953 3419 2132 3484 fuerit,
2164 3419 2278 3488 ipse
2307 3419 2584 3482 morietur,
2618 3417 2796 3472 nullus
2825 3419 2892 3473 ab
2917 3419 2997 3472 eis
3025 3418 3256 3489 accipiat
3287 3419 3543 3491 qumstio-

1952 3525 2109 3574 nem;
2145 3511 2247 3564 hoc
2289 3523 2459 3579 usque
2503 3523 2659 3564 ovem
2690 3509 2771 3562 vel
2801 3524 3060 3579 porcum;
3092 3512 3237 3580 quod
3255 3513 3298 3567 si
3327 3513 3506 3568 minus
3525 3553 3540 3579 ,

1953 3601 2171 3670 triplum
2199 3601 2467 3655 restituat.
2508 3601 2619 3654 Fur
2645 3615 2744 3670 per
2772 3609 2986 3656 noctem
3031 3602 3200 3657 occidi
3251 3603 3410 3666 licet,
3446 3618 3543 3674 per

1955 3692 2093 3746 diem
2118 3707 2225 3746 non
2250 3691 2394 3755 licet,
2418 3692 2510 3759 qui
2542 3692 2804 3747 occiderit
2828 3692 2881 3746 in
2906 3700 3065 3747 nocte
3091 3692 3295 3746 nullam
3319 3709 3539 3748 causam

1953 3782 2135 3836 habet.

2024 3891 2257 3947 XXVIII.
2302 3891 2358 3948 Si
2389 3894 2512 3964 quis
2536 3911 2699 3950 causa
2724 3894 2852 3949 furti
2881 3897 3243 3966 suspicionem
3268 3898 3541 3963 habuerit,

1954 3993 2010 4038 et
2036 4000 2141 4038 non
2170 3984 2219 4038 ei
2251 3984 2436 4039 titulus
2461 3986 2538 4040 rei
2566 3986 2734 4056 ipsius
2764 3987 2904 4042 inter
2937 3987 3052 4042 dies
3079 4003 3149 4042 xx
3171 3989 3540 4062 consignetur,

1955 4091 2235 4144 usquequo
2262 4077 2462 4152 veritas
2480 4078 2756 4148 probetur.

2025 4187 2218 4243 XXIX.
2250 4189 2306 4244 Si
2333 4191 2455 4260 quis
2475 4191 2541 4245 ad
2567 4190 2832 4260 judicium
2865 4195 3200 4264 compeditus
3229 4197 3416 4252 venire
3442 4213 3542 4252 no-
3578 4216 3584 4225 ·

1956 4278 2136 4342 luerit,
2176 4280 2277 4334 hoc
2313 4289 2373 4334 ut
2407 4281 2458 4334 in
2499 4284 2728 4338 testibus
2769 4283 3062 4352 probetur,
3107 4287 3316 4356 argenti
3348 4286 3542 4340 libram

1957 4384 2119 4423 unam
2151 4378 2375 4438 cogatur
2410 4371 2719 4436 exsolvere;
2754 4382 2808 4427 et
2839 4389 2872 4442 q
2893 4374 3096 4442 ιίᾶίιυίᾶ
3136 4377 3202 4430 ad
3230 4390 3354 4429 cum
3381 4373 3546 4430 fuerit

1881 4440 1932 4501 Ῐ)
1958 4461 2264 4530 repetitum,
2297 4460 2413 4514 sine
2437 4461 2694 4517 dilatione
2718 4440 2986 4518 restituat.

2028 4573 2194 4629 XXX.
2235 4573 2294 4629 Si
2323 4576 2446 4645 quis
2473 4577 2736 4631 tributum
2775 4593 2882 4634 non
2913 4588 3232 4650 opportune,
3271 4589 3324 4635 et
3361 4581 3428 4636 ad
3448 4580 3542 4652 ju-

1957 4670 2130 4725 dicem
2173 4686 2205 4724 a
2234 4669 2521 4725 tributario
2549 4669 2859 4739 compulsus
2885 4668 3066 4736 fuerit,
3107 4673 3150 4726 si
3188 4688 3373 4730 mense
3413 4682 3542 4729 ante

1956 4763 2214 4832 prredicto
2264 4761 2596 4834 neglexerit,
2642 4762 2836 4832 pignus
2883 4762 2988 4818 det.
3038 4763 3104 4817 Et
3147 4765 3192 4818 si
3243 4764 3545 4836 neglexerit

1958 4869 2142 4909 mense
2176 4854 2431 4918 secundo,
2466 4853 2685 4923 duplum
2713 4853 2980 4908 restituet.

2028 4969 2218 5024 XXXI.
2254 4968 2309 5023 Si
2339 4971 2459 5039 quis
2492 4969 2741 5024 ancillam
2774 4977 2866 5024 aut
2909 4985 3126 5025 servum
3158 4971 3454 5042 perdiderit
3490 4982 3546 5028 et

1957 5061 2319 5130 suspicionem
2350 5061 2620 5127 habuerit,
2662 5077 2820 5116 mm
2842 5061 2946 5115 viri
2976 5062 3294 5117 nominatim
3317 5077 3543 5132 congre-

1957 5167 2150 5229 gentur
2195 5173 2262 5212 ex
2306 5158 2500 5227 quibus
2526 5158 2807 5213 duodecim
2825 5155 3010 5225 jurent
3031 5157 3076 5213 si
3110 5173 3216 5213 non
3236 5157 3424 5213 reddat
3452 5159 3544 5227 qui

1957 5255 2305 5323 approbatur.

2031 5346 2244 5401 XXXII.
2292 5347 2348 5402 Si
2392 5348 2516 5418 quis
2542 5346 2806 5417 capallum
2850 5346 3166 5404 invocandis
3209 5346 3372 5414 viris,
3419 5358 3543 5404 vnn

1951 5435 2155 5504 jlll‘rl’ll,
2199 5437 2332 5493 nihil
2365 5439 2626 5508 sequitur.

2031 5528 2267 5583 XXXIII.
2311 5528 2370 5584 Si
2414 5529 2535 5599 quis
2561 5544 2752 5585 servus
2795 5544 3010 5585 servum
3048 5529 3346 5597 occiderit,
3391 5527 3545 5585 vivus

1961 5621 2269 5675 communis
2293 5621 2637 5676 dominorum
2666 5621 2887 5676 existat.

343 5711 366 5740 ι
419 5701 701 5757 Bidubium
761 5713 844 5758 est
893 5703 1206 5760 ferramenti
1280 5722 1450 5776 genus
1505 5709 1646 5778 quod
1684 5707 1996 5764 falcastrum
2030 5721 2241 5776 vorant,
2267 5715 2407 5781 quod
2435 5713 2486 5767 in
2511 5711 2661 5767 falcis
2692 5713 3042 5768 similitudine
3065 5729 3285 5768 curvum
3311 5712 3400 5769 sit.

674 5799 942 5856 Ρλτιιοι..
988 5799 1200 5860 XCVI.

3029 5807 3106 5867 .ὶὲ
