4020 6170
293 297 432 368 1395

1489 290 1802 366 uxorias
1842 293 2328 368 uiantiamsns.

3404 313 3539 376 l328

288 415 371 479 tes
398 407 690 488 nescimus,
718 419 974 478 sumenda
995 428 1118 476 sunt
1148 428 1278 475 sana
1309 419 1411 475 fide
1436 462 1450 486 ,
1495 422 1597 476 nisi
1625 421 1859 490 putrida.
1891 421 1936 478 Α
1967 422 2266 491 quisquam.
2304 422 2543 479 Clericus
2577 433 2754 479 autem
2804 425 3083 496 penuniam
3126 429 3254 485 dare
3296 446 3402 489 non
3447 436 3542 490 de-

356 515 420 569 ll.
445 515 650 570 Pecora
671 514 739 569 de
764 529 896 583 rupe
921 513 1167 568 cadentia
1191 552 1207 578 ,
1241 513 1286 568 si
1313 513 1534 582 sanguis
1558 528 1746 568 eorum
1788 511 1863 565 ef-

283 605 437 661 fusus
462 605 553 670 sit,
577 604 896 677 recipienda.
928 603 1021 658 Sin
1061 619 1207 668 vero,
1247 605 1342 660 sed
1378 601 1549 659 fracta
1582 601 1706 660 sunt
1739 618 1864 659 ossa

280 716 499 768 eorum,
527 707 581 754 et
605 700 822 768 sanguis
843 697 987 754 foras
1012 714 1119 754 non
1142 696 1312 764 ﬂttxit,
1342 697 1623 754 refutanda
1653 707 1798 753 sunt.

352 791 438 846 ιιι.
470 790 540 846 Ut
566 790 848 845 morticina
874 799 996 844 sunt
1021 790 1076 844 in
1104 790 1260 858 aquis
1287 789 1555 845 exstincta
1586 828 1600 856 ,
1631 803 1860 859 quorum

282 882 504 952 sanguis
528 882 853 935 intrinsecus
882 881 1033 945 latet,
1065 896 1094 934 a
1128 881 1319 935 bestiis
1344 889 1500 950 capta
1530 881 1783 935 animalia
1809 888 1863 936 et

281 972 562 1036 semiviva,
594 971 912 1025 bestialibus
933 970 1242 1025 hominibus
1268 969 1525 1024 sumenda
1552 978 1696 1025 sunt.

354 1061 443 1116 IV.
475 1059 690 1114 Animal
734 1060 1052 1114 semivivum
1080 1060 1256 1114 subita
1297 1068 1471 1114 morte
1501 1069 1861 1130 praeparatum

279 1151 522 1206 Ibscissa
560 1165 691 1204 aure
716 1149 800 1203 vel
826 1149 929 1202 alia
952 1156 1126 1218 parte,
1159 1149 1500 1204 morticinum
1531 1159 1633 1205 est.

359 1243 421 1297 V.
452 1241 655 1297 Carnes
685 1239 854 1296 suillae
899 1241 944 1296 si
982 1241 1325 1297 morticinum
1352 1242 1652 1309 comedent,
1678 1260 1859 1300 crassa

281 1331 369 1385 ’νει
400 1330 614 1401 pinguis
647 1339 708 1385 ut
735 1331 1079 1386 morticinum
1109 1346 1215 1400 quo
1247 1331 1603 1401 pinguescunt
1627 1348 1753 1390 sues
1775 1351 1860 1390 re-

277 1418 566 1488 Tundenda:
595 1429 740 1476 sunt.
773 1419 907 1474 Cum
941 1421 1070 1475 vero
1099 1421 1432 1474 decreverint
1479 1429 1532 1475 et
1581 1423 1646 1477 ad
1675 1425 1858 1492 pristi-

284 1529 410 1568 nam
439 1513 670 1568 maciem
700 1526 930 1567 reversae
951 1519 1092 1565 sunt.

357 1604 440 1657 \‘l.
471 1602 529 1656 Si
552 1616 682 1657 vero
703 1618 809 1657 una
837 1602 956 1657 vice
977 1601 1062 1656 vel
1099 1617 1158 1656 ιιι
1201 1601 1545 1657 morticinum
1567 1605 1858 1659 manducas

282 1695 490 1760 'verint,
531 1701 654 1762 post
700 1692 861 1762 hujus
895 1707 1173 1748 excessum
1199 1693 1264 1748 de
1301 1701 1487 1748 ventre
1513 1709 1697 1749 eorum
1725 1711 1853 1749 sana

285 1785 388 1840 ﬁde
411 1785 683 1842 sumenda:
709 1794 854 1842 sunt.

353 1876 462 1929 Yll.
491 1875 626 1930 Sues
647 1891 865 1931 carnem
886 1875 970 1931 vel
986 1875 1300 1945 sanguinem
1323 1876 1558 1932 hominis
1577 1885 1857 1948 gustantes

281 1965 453 2021 illiciti
496 1972 626 2019 sunt
657 1974 886 2035 semper.
930 1966 988 2019 ln
1028 1966 1146 2037 lege
1183 1967 1325 2021 enim
1359 1967 1556 2021 animal
1599 1982 1859 2039 cornupc-

281 2042 416 2124 tum,
440 2059 488 2114 'si
517 2058 790 2114 hdminem
812 2058 1094 2124 Occiderit,
1121 2058 1364 2113 illicitum
1393 2068 1494 2114 eSt.

348 2139 479 2204 Vill.
509 2150 694 2218 Equus
731 2157 825 2204 aut
859 2164 1024 2219 pecus
1064 2150 1111 2204 si
1138 2147 1466 2219 percusserit
1492 2150 1765 2210 hominem
1800 2155 1852 2208 in

278 2253 410 2312 agro
431 2242 665 2297 civitatis
705 2257 837 2308 suae,
865 2242 1144 2297 dimidium
1193 2244 1366 2298 unciae
1415 2244 1603 2298 reddet
1645 2259 1743 2314 pro
1791 2259 1855 2299 eo

275 2333 480 2387 homini
533 2332 685 2402 cujus
731 2335 948 2404 sanguis
1011 2331 1214 2390 effusus
1263 2343 1366 2390 est.
1421 2337 1478 2391 Si
1525 2339 1855 2406 percusserit

277 2418 438 2475 homo
462 2421 660 2475 animal
689 2421 746 2474 in
767 2437 898 2492 agro
925 2437 1044 2488 suo,
1072 2421 1178 2477 nan
1206 2421 1451 2478 redditur
1476 2439 1574 2494 pro
1598 2441 1683 2480 eo.

518 2529 861 2586 lNClPlUNT
891 2529 1154 2587 JUDICIA
1195 2532 1591 2589 COMPENDIA

878 2638 944 2675 DE
980 2638 1138 2678 ιιιιιιο
1174 2640 1253 2678 Ill.

453 2710 530 2766 De
566 2712 772 2766 duobus
797 2712 1049 2781 fratribus
1077 2723 1126 2765 et
1159 2714 1362 2769 duabus
1391 2717 1679 2771 sororibus.

339 2790 380 2857 Ῐ.
417 2803 514 2858 Vir
553 2803 599 2857 si
642 2802 888 2874 nupserit
923 2803 1130 2857 duabus
1169 2805 1486 2870 sororibus,
1532 2806 1616 2859 vel
1657 2806 1852 2862 mulier

269 2879 476 2950 duobus
505 2894 794 2959 fratribus,
820 2892 1145 2962 abjiciantur
1190 2909 1220 2948 a
1267 2896 1646 2952 Communione
1678 2912 1849 2968 usque

269 2987 338 3040 ad
404 2993 665 3051 mortem;
713 3000 902 3039 verum
951 2994 1129 3039 tamen
1181 2985 1234 3039 in
1269 2987 1416 3040 exitu
1454 2987 1578 3041 vitm
1621 2996 1848 3059 propter

1966 512 2078 577 bet,
2102 521 2194 565 aut
2224 513 2297 566 illi
2327 553 2342 577 ,
2397 522 2488 567 aut
2521 513 2630 567 ille.
2657 515 2826 585 lgitur
2850 519 3112 585 poeniteat
3149 521 3543 592 supplicatione

1966 603 2292 657 necessaria.

2035 675 2144 744 Ἧι.
2177 677 2598 758 ρυιοοιιγθιέιιε
2636 685 2897 767 ingemuit
2923 681 2976 752 et
3003 714 3126 754 cum
3172 686 3281 756 Deo
3317 715 3537 774 pactum

1966 780 2141 847 inivit,
2173 783 2226 836 in
2255 783 2347 837 illo
2371 784 2457 838 die
2484 799 2590 840 non
2615 790 3181 845 commemorabuntur
3203 790 3319 862 ejus
3346 796 3537 852 delicta

1965 884 2083 939 qua:
2107 873 2272 942 gessit
2302 873 2357 928 in
2381 877 2598 931 smculo.

2034 960 2165 1016 Vlll.
2195 962 2249 1016 Si
2282 967 2402 1033 quis
2431 949 2681 1032 clericus,
2703 968 2790 1022 vel
2824 969 2868 1023 si
2908 984 3013 1037 qua
3039 970 3234 1027 mulier
3253 974 3493 1030 maleﬁca
3521 1017 3535 1042 ,

1964 1049 2008 1105 si
2035 1049 2266 1121 aliquem
2295 1055 2556 1111 maleficio
2582 1073 2683 1112 suo
2702 1059 3032 1128 deceperint,
3062 1077 3134 1116 vu
3161 1064 3340 1128 annis,
3364 1066 3539 1121 tribus

1963 1142 2028 1195 de
2054 1143 2140 1198 his
2175 1161 2294 1198 cum
2335 1155 2471 1215 pane
2496 1157 2550 1202 et
2578 1165 2717 1218 aqua
2741 1191 2756 1217 ,
2781 1160 2834 1207 et
2855 1153 2909 1206 in
2944 1155 3156 1209 caneris
3186 1156 3455 1211 abstineat
3482 1172 3540 1212 se

1963 1247 1992 1284 a
2019 1234 2143 1288 vino
2170 1245 2223 1290 et
2244 1254 2271 1289 a
2296 1239 2570 1293 carnibus.

2033 1323 2122 1377 IX.
2154 1324 2212 1378 Si
2245 1335 2423 1379 autem
2450 1344 2557 1382 non
2587 1327 2857 1398 deceperit
2885 1311 3114 1400 aliquem
3134 1371 3149 1399 ,
3179 1335 3272 1389 sed
3300 1333 3401 1404 'pro
3423 1331 3538 1393 ille-

1961 1415 2186 1471 cebroso
2216 1429 2400 1468 amore
2429 1415 2652 1471 dederat
2676 1418 2858 1484 alicui,
2889 1434 3088 1475 annum
3111 1424 3380 1493 integrum
3413 1443 3536 1483 cum

1963 1524 2098 1577 pane
2133 1511 2186 1580 et
2209 1521 2349 1580 aqua
2373 1511 2651 1579 paeniteat.

2031 1597 2098 1651 X.
2138 1578 2196 1653 Si
2228 1578 2406 1669 aliqua
2435 1592 2626 1657 mulier
2665 1597 2929 1661 maleficio
2950 1621 3048 1662 suo
3072 1601 3285 1677 'parlum
3312 1608 3537 1682 alicujus

1962 1689 2173 1748 kminze
2209 1695 2544 1764 perdiderit,
2589 1698 2867 1752 dimidium
2915 1701 3045 1758 anni
3104 1704 3363 1771 pmniteat
3411 1722 3534 1762 cum

1888 1755 1934 1816 Β
1960 1795 2098 1850 pane
2122 1793 2176 1837 et
2201 1755 2363 1852 aqtta,
2386 1794 2440 1838 et
2469 1786 2676 1841 duobus
2710 1788 2976 1843 abstineat
3010 1801 3068 1843 se
3143 1793 3271 1848 vino
3291 1802 3345 1847 et
3367 1810 3396 1848 a
3421 1811 3538 1849 car-

1961 1875 2136 1940 nibus,
2174 1867 2228 1930 et
2269 1884 2380 1930 tres
2432 1877 2871 1948 quadrage'simas
2921 1879 3128 1950 jt-juuet
3177 1883 3233 1936 in
3303 1900 3441 1955 pane
3481 1891 3537 1941 et

1958 1981 2119 2037 aqua.
2162 1967 2219 2022 Si
2250 1968 2442 2023 mulier
2474 1978 2653 2023 autem
2685 1971 2929 2040 genuerit
2964 1971 3132 2027 ﬁlium
3151 1997 3171 2038 λ,
3209 1990 3289 2038 ut,
3319 1984 3380 2032 ut
3400 1977 3537 2032 dixi-

1956 2066 2078 2112 mus
2098 2059 2162 2113 de
2186 2058 2405 2123 clerico,
2435 2075 2604 2114 annos
2625 2059 2903 2128 paeniteat.

2231 2147 2550 2204 CANONES
2591 2148 2838 2205 SYNODI
2879 2149 3246 2207 HIBERNL/E‘.

2023 2236 2254 2293 Arreum
2309 2241 2435 2294 anni
2477 2240 2638 2294 tridui
2686 2242 2799 2295 dies
2835 2249 2889 2297 et
2938 2253 3125 2300 noctes
3167 2245 3284 2300 sine
3320 2248 3446 2302 sede
3481 2258 3537 2304 ct

1955 2342 2166 2390 somno,
2192 2329 2297 2384 nisi
2326 2331 2625 2400 paulisper;
2655 2333 2737 2388 vel
2774 2350 2836 2387 cr.
2884 2336 3107 2403 psalmis
3140 2353 3262 2392 cum
3293 2355 3325 2392 ι
3355 2343 3532 2394 canti-

1955 2418 2034 2474 cis
2058 2418 2249 2473 stando
2279 2429 2331 2474 et
2362 2422 2568 2476 orando
2591 2422 2648 2476 in
2691 2424 2837 2477 omni
2889 2425 3044 2490 liora,
3074 2443 3148 2480 xu
3189 2442 3402 2500 quoque
3438 2430 3534 2486 ile-

1953 2511 2162 2566 ctiones
2195 2507 2425 2581 genuum
2480 2511 2772 2568 flectuntur
2798 2515 2852 2568 in
2876 2517 3022 2570 omni
3057 2517 3187 2571 liora
3215 2517 3426 2586 oi'andi,
3476 2535 3531 2577 et

1940 2603 2144 2672 "palma:
2174 2615 2418 2674 supemze
2447 2607 2514 2661 ad
2543 2607 2865 2662 orationem.

2020 2695 2250 2749 A’rreum
2275 2696 2399 2750 anni
2432 2696 2666 2750 triduum
2710 2713 2832 2753 cum
2871 2707 3295 2756 mortuo-sancto
3333 2704 3385 2758 in
3424 2719 3534 2761 uno

1951 2785 2218 2854 sepulcro,
2269 2787 2385 2841 sine
2441 2787 2563 2843 (ibo
2611 2796 2847 2858 potuque
2879 2806 2943 2846 ac
2985 2792 3100 2847 sine
3148 2793 3532 2852 dormitatiouc

1950 2877 2274 2945 praecinctus
2313 2879 2637 2934 vestimento
2683 2895 2782 2935 suo
2809 2889 2864 2936 et
2893 2897 3014 2938 cum
3042 2885 3254 2940 cantico
3300 2888 3532 2956 psalmo-

1949 2982 2090 3032 rum,
2122 2978 2176 3023 et
2202 2984 2324 3024 cum
2351 2970 2667 3026 adoratione
2694 2972 2950 3028 horarum
2984 2985 3110 3045 post
3138 2977 3530 3036 confessionem

266 3077 693 3135 misericordiam
719 3119 733 3144 ,
757 3078 803 3133 si
829 3078 1127 3134 incolumes
1152 3080 1498 3147 permiserint
1525 3081 1688 3150 hujus
1717 3098 1846 3138 con-
1874 3099 1920 3162 ο
1950 3061 2216 3162 Sac-crdo“
2245 3070 2299 3116 δ”
2327 3070 2449 3162 βίξδῖ
2479 3073 2683 3162 ξ’ξηυῖη·

261 3170 557 3242 junctionis
579 3159 788 3225 vincula
807 3171 1114 3234 dissolvere,
1130 3172 1504 3242 paenitentiam
1528 3184 1842 3245 sequantur.

268 3261 420 3328 Quod
445 3261 491 3316 si
527 3259 853 3327 defecerint,
903 3261 956 3315 in
1002 3263 1198 3319 talibus
1241 3265 1468 3335 nuptiis,
1505 3265 1737 3324 diilicilis
1763 3274 1846 3324 est

261 3354 578 3422 ptenitentia
607 3354 1068 3423 permanentibus.

334 3443 398 3496 Il.
431 3442 487 3497 Si
512 3443 632 3513 quis
658 3444 830 3498 rixam
881 3441 1068 3498 fecerit
1115 3443 1183 3499 de
1227 3445 1441 3502 clericis
1466 3457 1558 3501 aut
1585 3449 1845 3503 ministris

265 3532 396 3597 Dei,
438 3531 829 3589 hebdomadam
878 3532 1087 3587 dierum
1143 3536 1404 3602 poeniteat
1437 3551 1558 3588 cum
1613 3545 1751 3602 pane
1789 3543 1844 3589 et

260 3636 403 3690 aqua
461 3635 559 3691 per
609 3637 959 3685 mensuram,
1025 3633 1079 3677 et
1132 3631 1279 3692 petat
1326 3640 1357 3678 a
1399 3625 1509 3678 Deo
1550 3625 1760 3679 veniam
1789 3633 1842 3681 et

263 3713 510 3781 pro‘ximo
558 3729 655 3768 suo
694 3714 852 3782 plena
892 3713 1232 3768 confessione
1281 3724 1335 3768 et
1387 3716 1687 3772 humilitate
1713 3758 1728 3784 ,
1761 3719 1842 3773 sic

259 3801 448 3869 petens
474 3801 540 3854 ab
564 3792 674 3853 Deo
695 3800 1030 3854 retonciliari
1052 3810 1107 3855 et
1131 3805 1377 3871 proximo
1403 3816 1518 3860 Suo.

328 3889 413 3944 lll.
446 3887 504 3942 Si
534 3888 654 3958 quis
681 3889 748 3943 ad
772 3889 1083 3944 scandalum
1110 3895 1407 3948 surrexerit
1431 3903 1487 3950 et
1509 3892 1758 3965 deposuit
1783 3899 1837 3954 in

261 3979 421 4033 corde
459 3993 557 4033 suo
581 3978 886 4048 proximum
925 3994 1081 4034 suum
1115 3990 1399 4051 percutere
1425 3992 1518 4038 aut
1545 3987 1832 4054 occidere;

259 4067 302 4121 si
333 4067 562 4122 clericus
602 4067 804 4132 fuerit,
844 4068 1121 4124 dimidium
1152 4073 1279 4126 anni
1303 4088 1426 4128 cum
1454 4089 1591 4143 pane
1619 4085 1674 4131 et
1697 4093 1835 4148 aqua

260 4156 555 4210 secundum
595 4172 905 4211 mensuram
942 4158 1244 4228 poeniteat,
1296 4170 1351 4216 et
1409 4178 1608 4218 annum
1661 4174 1834 4221 totum

253 4247 524 4301 abstineat
549 4262 607 4302 se
633 4263 664 4301 a
689 4247 817 4303 vino
845 4257 900 4302 et
921 4250 1194 4316 carnibus,
1235 4260 1290 4307 et
1328 4253 1406 4308 sic
1425 4254 1619 4311 altario
1641 4273 1831 4314 recon-

259 4336 546 4391 ciliabitur.

2017 3152 2246 3206 Arreum
2276 3153 2403 3208 anni
2430 3153 2667 3208 triduum
2686 3155 2738 3208 in
2758 3155 2985 3210 ecclesia
3012 3156 3129 3212 sine
3150 3156 3531 3217 dormitatioue

1943 3256 2068 3295 cum
2099 3243 2420 3297 vestimento
2461 3260 2606 3297 crca
2650 3260 2708 3298 se
2765 3246 2882 3299 sine
2937 3247 3092 3312 sede,
3148 3257 3202 3301 et
3255 3252 3527 3306 canticum

1944 3329 2271 3402 pSalmort‘im
2299 3343 2420 3387 cum
2447 3335 2672 3387 canticis
2700 3319 2818 3388 sine
2840 3334 3332 3402 intenuissione,et
3361 3340 3522 3396 missa

1944 3411 2364 3490 uniuscujusque
2390 3425 2556 3487 horae,
2589 3431 2644 3477 et
2672 3439 2746 3477 xu
2772 3422 3084 3482 inﬂexiones
3108 3427 3526 3501 uniuscujusque

1941 3513 2090 3568 hora:
2137 3529 2242 3583 per
2286 3515 2678 3571 confessionem
2720 3526 3068 3586 peccatorum
3107 3537 3288 3576 coram
3345 3539 3526 3581 sacer-

1942 3604 2066 3658 dote
2093 3613 2147 3658 et
2171 3605 2328 3674 plebe
2353 3615 2406 3660 et
2428 3616 2549 3677 post
2571 3615 2774 3662 votum.

2005 3697 2235 3752 Arreum
2265 3699 2392 3752 anni
2422 3716 2499 3756 xu
2532 3697 2828 3757 triduanas.
2873 3703 3104 3757 Arrcum
3134 3704 3262 3758 anni
3290 3721 3366 3761 xu
3407 3707 3523 3763 dies

1939 3795 1994 3840 et
2020 3796 2208 3842 noctes
2235 3803 2397 3860 super
2424 3807 2500 3845 xu
2525 3792 2792 3849 buccellas
2825 3808 3089 3848 mensura:
3129 3795 3194 3850 de
3219 3796 3394 3852 tribus
3427 3812 3523 3869 pa-

1936 3877 2115 3932 'nibus.

2007 3965 2236 4022 Arreum
2265 3970 2390 4024 anni
2418 3969 2618 4027 mc‘nsis
2651 3971 2702 4025 in
2733 3971 2914 4028 deiore
2944 3976 3158 4045 magno,
3183 3973 3278 4031 sed
3316 3978 3382 4034 de
3412 3994 3520 4048 quo

1935 4072 2040 4112 non
2068 4058 2296 4114 moritur
2317 4061 2439 4129 quis
2461 4061 2650 4115 iterata
2665 4058 3006 4131 postmddum
3035 4064 3142 4119 vita
3167 4064 3517 4134 adjudicium

1935 4149 2249 4203 sacerdotis.

2002 4239 2231 4294 Arreum
2260 4240 2384 4295 anni
2415 4255 2480 4296 ιιι
2512 4243 2626 4297 dies
2656 4251 2708 4298 et
2741 4253 2928 4301 nectes
2969 4247 3021 4300 iu
3065 4262 3204 4317 pane
3241 4257 3295 4303 et
3328 4265 3466 4321 aqua
3496 4290 3511 4316 ,

1933 4338 1988 4384 et
2030 4331 2658 4402 duresupcrpositiones
2707 4337 2998 4406 unicuique
3063 4339 3412 4396 hebdomadre
3446 4358 3514 4398 ιιι,

326 4427 414 4481 lV.
451 4425 508 4482 Si
537 4436 718 4482 autem
758 4428 926 4486 laicus
963 4431 1154 4498 fuerit,
1203 4433 1590 4510 hebdomadam
1622 4434 1828 4491 dierum

1958 4424 2147 4488 isalmi',
2179 4433 2234 4478 et
2261 4441 2324 4479 ιιι
2350 4423 2684 4480 inflectiones
2714 4427 2768 4481 in
2793 4443 3113 4498 unaquaque
3141 4430 3272 4484 hora
3295 4433 3510 4488 orandi.

251 4520 556 4588 pmuiteat,
605 4523 731 4591 quia
769 4523 930 4580 homo
971 4513 1154 4581 saeculi
1194 4525 1353 4594 hujus
1401 4536 1523 4592 est,
1575 4536 1630 4583 et
1675 4529 1830 4600 culpa

257 4609 371 4677 ejus
393 4609 564 4668 levior
593 4613 648 4666 in
678 4613 780 4668 hoc
811 4616 1025 4680 mundo,
1058 4625 1109 4670 et
1131 4617 1410 4685 praemium
1436 4619 1614 4673 minus
1651 4619 1704 4674 in
1743 4620 1828 4676 fu-

259 4709 396 4755 turo.
919 4765 929 4774 α

313 4791 387 4845 νγ.
419 4791 474 4846 Si
505 4786 683 4848 autem
715 4792 946 4850 clericus
972 4793 1152 4862 fuerit,
1177 4806 1231 4852 et
1255 4795 1580 4868 pereusserit
1604 4789 1827 4855 fratrem

253 4893 404 4936 suum
437 4891 528 4937 aut
553 4886 892 4954 proximum,
922 4895 978 4942 et
1021 4890 1337 4960 sanguinem
1381 4889 1496 4958 ejus
1537 4891 1825 4959 effuderit,

253 4973 416 5026 unum
461 4981 547 5028 est
587 4984 868 5042 peccatum
897 4985 957 5031 ut
995 4979 1292 5043 occiderit,
1343 4981 1436 5035 sed
1489 4993 1594 5035 non
1638 4984 1826 5037 eadem

252 5063 586 5129 pmnitentia.
618 5063 832 5118 Annum
863 5065 1132 5136 integrum
1173 5068 1435 5136 poeniteat
1463 5085 1583 5124 cum
1615 5087 1751 5139 pane
1773 5080 1828 5127 et

252 5168 404 5222 aqua,
435 5161 490 5207 et
513 5155 630 5208 sine
651 5144 954 5212 ministerio
974 5159 1279 5236 clericatus.
1309 5161 1377 5216 Et
1396 5177 1554 5219 orare
1581 5179 1639 5220 se
1669 5165 1827 5220 debet

250 5257 372 5296 cum
397 5241 526 5296 fletu
552 5255 606 5299 et
628 5243 884 5316 lacrymis
909 5288 924 5312 ,
969 5254 1023 5303 et
1065 5249 1490 5306 miSericordiam
1531 5263 1826 5324 Conseque-

251 5341 334 5387 tur
381 5349 412 5386 a
452 5333 594 5400 Deo;
627 5337 751 5405 quia
807 5338 932 5393 dicit
988 5339 1284 5410 Scriptura,
1333 5345 1423 5415 qui
1459 5338 1569 5399 odit
1605 5347 1823 5417 fratrem

242 5436 396 5480 suum
443 5425 708 5480 homicida
732 5438 807 5483 est
834 5428 888 5500 (1
911 5430 1071 5485 Joan.
1111 5448 1192 5498 ιιι,
1239 5434 1367 5505 15);
1402 5443 1606 5505 quanto
1654 5439 1825 5509 magis

248 5515 336 5584 qui
371 5519 701 5584 percusserit
725 5521 749 5574 ?

313 5605 400 5659 Vl.
441 5604 498 5660 Si
545 5607 714 5664 laicus
743 5608 904 5667 fuerit
930 5627 996 5666 ιιι
1021 5611 1137 5667 dies
1162 5615 1442 5682 poeniteat,
1472 5623 1525 5671 et
1552 5617 1641 5672 det
1662 5633 1825 5687 pecu-

251 5692 387 5747 niam
436 5697 649 5764 quando
688 5700 980 5756 arbitratus
1015 5701 1175 5759 fuerit
1204 5705 1475 5766 sacerdos,
1518 5710 1609 5760 aut
1645 5708 1824 5776 justus

2000 4515 2227 4570 Arr’eum
2260 4517 2385 4571 amil
2416 4534 2445 4571 ι.
2470 4517 2584 4572 dies
2629 4527 2684 4572 et
2710 4527 2898 4574 noctes
2945 4519 2998 4574 in
3041 4535 3182 4591 pane
3213 4529 3268 4577 et
3293 4539 3430 4594 aqua
3456 4526 3509 4580 in

1931 4622 2182 4662 mensura
2223 4624 2292 4661 ιι
2331 4607 2523 4677 psalmi
2547 4617 2602 4664 et
2631 4625 2696 4664 ιιι
2723 4609 3054 4666 inllectiones
3085 4613 3137 4667 in
3187 4629 3512 4686 unaquaque

1929 4699 2062 4753 hora
2091 4699 2300 4754 orandi.

1997 4790 2224 4845 Arreum
2259 4791 2385 4846 anni
2417 4792 2533 4848 dies
2560 4809 2588 4848 c
2612 4794 2664 4847 in
2691 4787 2831 4864 pane
2853 4803 2909 4850 et
2933 4806 3070 4866 aqua
3094 4795 3258 4852 missa
3282 4797 3338 4853 in
3360 4801 3506 4854 omni

1929 4886 2062 4941 hora
2087 4888 2274 4942 orandi
2295 4889 2611 4957 pmnitentia
2652 4890 2862 4946 illorum
2899 4906 2996 4962 per
3017 4892 3235 4964 longum
3273 4904 3505 4965 quorum

1928 4991 2140 5031 arreum
2164 4979 2215 5032 in
2245 4979 2329 5034 liis
2355 4980 2625 5051 praedictis
2661 4982 2946 5049 emittitur,
2976 4983 3090 5038 sine
3111 4998 3277 5040 carne
3301 4993 3356 5040 et
3381 4987 3506 5042 vino

1928 5079 1982 5123 et
2006 5071 2201 5140 butyro
2221 5079 2275 5124 et
2304 5072 2444 5126 lacte
2474 5071 2616 5126 dulci
2655 5083 2865 5143 agatur.

1999 5154 2099 5228 Qui
2135 5179 2255 5216 cum
2283 5179 2415 5218 cane
2448 5163 2532 5218 vel
2568 5180 2689 5220 cum
2713 5163 2824 5236 quo
2852 5162 3067 5221 animali
3095 5167 3431 5238 peccaverit,
3468 5179 3504 5222 ιι

1928 5254 2083 5308 annis
2113 5263 2168 5308 ct
2199 5255 2502 5310 dimidium.

1998 5343 2098 5409 Qui
2123 5343 2252 5399 facit
2280 5346 2457 5402 scelus
2488 5347 2659 5412 virile,
2681 5357 2740 5403 ut
2768 5349 3066 5416 sodomitae,
3097 5367 3180 5408 ιιιι
3204 5351 3362 5408 annis
3385 5367 3502 5422 pa»

1928 5433 2128 5502 niteat;
2183 5437 2275 5505 qui
2322 5452 2451 5491 vero
2501 5439 2844 5497 inferioribus
2885 5457 2946 5496 ιιι
2977 5445 3130 5497 anuis
3164 5444 3422 5514 poeniteat
3449 5444 3504 5500 in

1927 5540 2064 5593 pane
2107 5535 2162 5580 et
2201 5541 2338 5595 aqua
2391 5530 2663 5584 totumsi
2722 5539 2842 5601 post
2881 5540 3062 5588 votum
3113 5533 3500 5603 perfectionis:

1928 5615 1973 5668 si
2008 5623 2183 5670 autem
2239 5624 2390 5684 ante,
2451 5633 2622 5674 annus
2663 5621 2978 5677 diminuitur
3018 5624 3083 5678 de
3119 5626 3369 5680 omnibus
3418 5625 3506 5680 his

1929 5707 2103 5761 tribus
2119 5740 2130 5756 .
