4020 6170
255 406 404 461 i529
1147 404 1580 467 ETHELVOLFI
1618 406 1900 464 CARMEN
1943 404 2030 460 DE
2063 399 2469 462 ABBATIBUS,
2511 398 2662 454 ETC.
3383 393 3520 450 1330

373 517 480 569 Non
503 522 898 582 praetermittam.
922 521 961 568 si
987 519 1112 571 forte
1137 522 1358 591 praeterit
1383 519 1465 570 ille
1496 561 1510 584 ,
1853 523 1905 581 Α
2053 510 2307 625 Nogeguod
2333 511 2420 560 sim
2443 511 2630 621 dignus
2657 510 2887 579 peccator
2913 504 3027 553 talia
3050 503 3137 552 fari
3163 520 3177 554 :

437 580 722 625 Ott-uanam
743 584 1012 625 nrmsnlem
1032 585 1277 625 gaudent
1299 585 1405 625 inse
1429 583 1625 625 marina.
2242 585 2415 625 precor
2441 585 2486 622 In
2542 582 2690 625 80118.
2710 569 2890 625 (“8005
2914 572 2967 614 υί
2988 579 3101 615 esse
3121 578 3299 625 queam

437 580 722 644 quanquam
743 584 1012 645 praesulem
1032 580 1277 632 scanderit
1299 585 1405 644 ipse
1428 580 1625 643 gradus.
2117 580 2216 625 Sed
2242 585 2415 636 Ρΐθοοτ
2441 580 2690 632 δυσ-ἐπεν
2710 580 2890 630 αιίζηιη
2914 580 2967 614 ul
2988 580 3101 615 esse
3121 580 3319 628 queam-

371 638 493 707 Najn
513 638 763 704 cog'itosus
784 646 919 707 item.
947 648 990 694 si
1017 645 1160 702 iuste
1179 638 1343 704 judice
1365 638 1510 696 cedat
1528 683 1542 707 ,

438 703 500 767 Et
522 703 676 754 nostri
694 705 840 754 studii
863 705 1076 755 funditus
1101 703 1253 767 impar
1273 706 1388 757 erit.

375 765 474 815 Sed
493 779 578 829 cur
599 771 693 829 tam
719 779 922 828 magnos
944 765 1213 829 praecella'm
1234 781 1438 819 munere
1463 769 1670 820 Patres?

438 827 585 890 Quod~
605 826 737 876 solus
760 826 959 890 pandam
985 837 1122 890 gesta
1147 829 1286 890 beata
1314 834 1478 881 trium.

375 884 437 936 Et
447 884 588 954 μορ
609 884 845 948 precipui
868 884 1040 938 Patris
1065 889 1335 954 profamine
1357 903 1510 954 praete

486 951 731 1011 uiderant,
759 963 900 1016 versu
929 951 1491 1016 nunc’modulabor'ego.

373 1013 714 1076 Jatpgcmptam
737 1013 970 1076 comitare
997 1015 1135 1073 viam,
1156 1013 1485 1076 famulumque
1505 1017 1631 1066 tueri

439 1072 694 1134 Digneris,
719 1074 917 1134 superis
937 1076 1044 1134 apta
1070 1072 1429 1134 puella-eboris.

377 1133 854 1198 Et_quigprincipium
878 1133 986 1198 facti
1011 1133 1287 1186 concedere
1309 1138 1454 1198 jussit
1479 1174 1492 1198 ,

439 1194 724 1246 Perfectum
747 1195 891 1246 faciat
913 1196 1132 1247 Christus
1156 1194 1344 1248 habere
1370 1194 1516 1249 tinem

1994 657 2074 711 Ex
2097 655 2184 711 his
2233 669 2396 719 porro
2440 653 2711 716 versibus,
2742 651 2835 719 qui
2880 647 3080 719 Ebouis
3113 655 3287 719 {etate
3338 646 3525 716 scripti

1996 673 2074 711 LX
2099 673 2184 711 ms
2269 673 2396 709 orro
2440 673 2711 716 verswus,
2742 673 2835 719 qm
2880 673 3080 703 nuunts
3129 673 3287 702 amati:
3338 673 3525 716 scripti

1927 735 2073 792 sunt,
2117 673 2488 795 inteiiigimus,
2515 731 2733 793 poetam
2762 721 2898 794 (sive
2914 719 2974 795 _is
3001 718 3282 772 Chilienus
3317 719 3412 795 sit,
3429 731 3526 795 seu

1928 781 2321 870 aliusiquivis)‘,
2343 781 2548 870 vixisse
2603 802 2730 847 ante
2765 781 3022 870 saeculum
3066 781 3527 870 tx,Aaﬁc‘proinde

1929 859 2218 921 Comiti-asa:
2243 859 2595 938 vocabulum,
2616 879 2744 938 _quo
2773 877 2902 915 usus
2931 867 3032 922 est,
3088 859 3282 938 anteid
3312 867 3528 938 tempus

1931 947 2209 1009 receptum
2234 936 2416 1009 fuisse.
2434 1005 2447 1009 _
2481 935 2588 1009 sed
2616 929 2732 989 haec
2753 946 2980 1002 parerga
3000 939 3145 1009 sunt.
3197 929 3350 984 Nunc
3377 929 3530 1009 ethi-

1931 999 2579 1078 bendumestEthelvolfi
2606 999 2853 1078 carmen,
2903 999 3049 1078 quod
3095 1014 3293 1078 exams:
3339 999 3531 1078 codice

1926 1076 2361 1148 Cantabrigiehsi
2414 1075 2547 1148 mihi
2598 1073 2854 1148 submisit
2903 1068 3140 1148 Thomas
3164 1068 3384 1148 Caelus,
3445 1068 3530 1148 vir

1929 1138 2262 1200 doctrinze'et
2289 1146 2642 1200 humanitatis
2655 1143 2967 1215 singularis,
2999 1142 3084 1197 cui
3095 1141 3205 1210 jam
3225 1140 3395 1195 multa
3422 1138 3530 1192 alia

1929 1232 2016 1270 me
2040 1217 2237 1272 debere
2257 1217 2534 1285 proﬁteor.

261 1358 1136 1387 Wa

1435 1465 1842 1545 INCIPIT
1903 1466 2347 1544 CARMEN.

630 1706 928 1762 PREFAT
931 1708 999 1764 10
1039 1709 1472 1765 ETHELVOLFI

1946 1713 2247 1770 Adversum
2276 1724 2362 1770 est
2385 1717 2644 1788 quidquid
2681 1732 2872 1774 moneo
2901 1717 3130 1772 tolerare
3152 1717 3415 1782 modeste,

254 1836 719 1881 LINDlSl-‘ARNENSIS
747 1836 1006 1876 accessu:
1039 1839 1289 1889 MONACIII,
1316 1840 1383 1878 Αι)
1405 1840 1689 1879 essanun
1720 1841 1841 1879 LIN-
1877 1817 1924 1877 Β
2019 1803 2129 1858 Nec
2154 1806 2378 1874 querula
2409 1807 2464 1860 in
2484 1823 2752 1877 Quoquam
2784 1808 2944 1862 corde
2973 1822 3190 1862 movere
3214 1816 3323 1861 tua.

327 1906 718 1950 DISFARNENSEI
741 1908 1050 1956 εριερορωι,
1078 1908 1145 1947 DE
1171 1911 1462 1949 ABBATIBL’S
1487 1911 1714 1950 EJUSDEM
1751 1909 1841 1950 EC-

324 1978 546 2019 CLI-18113.

326 2052 636 2107 Amicorum
661 2051 1106 2121 praestantissimo
1121 2061 1282 2123 atque
1295 2054 1645 2110 dilectissimo
1658 2069 1841 2109 sacer-

258 2143 370 2200 doti
421 2131 615 2212 magno
666 2143 898 2210 Egberto
924 2144 1242 2214 presbytero
1265 2157 1313 2208 ει,
1354 2146 1564 2200 meritis
1613 2145 1844 2216 exiguus

259 2233 593 2304 Ethelvolfus
627 2233 1084 2291 Lindisfarnensis
1124 2236 1380 2293 Ecclesia:
1431 2237 1732 2292 monachus
1761 2237 1845 2291 in—

263 2329 408 2382 limat
429 2328 715 2383 charitatis
739 2327 988 2382 salutem.

260 2419 449 2481 Sume.
473 2419 655 2484 Pater,
687 2419 926 2489 placidos
952 2419 1240 2474 modulatis
1263 2429 1387 2474 vota
1415 2428 1610 2490 poetae,

261 2511 538 2578 Quatenus
561 2517 765 2565 aeterno
785 2510 969 2578 capias
991 2525 1113 2568 cum
1138 2526 1264 2581 rege
1283 2511 1539 2580 quietem,

264 2602 438 2673 Atque
461 2609 616 2671 petas
638 2615 862 2670 superas
882 2601 1088 2656 meritis
1112 2602 1518 2672 splendentibus
1544 2617 1720 2658 arces.

261 2695 414 2752 Nunc
440 2710 744 2751 memorare
772 2695 948 2750 libens
971 2710 1204 2765 semper,
1236 2695 1529 2750 lectissime
1550 2695 1768 2764 praesul,

263 2786 463 2844 Sancta
492 2800 848 2856 supernorum
875 2786 1245 2840 conscendens
1271 2797 1482 2856 sceptra
1510 2787 1777 2856 polorum,

266 2875 676 2945 Mercedemque
703 2883 851 2929 tuam
878 2875 1128 2944 quamvis
1153 2875 1224 2929 sit
1250 2876 1476 2930 reddere
1503 2877 1708 2942 calvus,

268 2967 433 3023 Nocte
461 2967 655 3038 dieque
675 2966 834 3022 simul
867 2975 1060 3022 cuncta
1081 2968 1178 3038 per
1205 2978 1446 3038 tempora
1467 2970 1611 3035 vitae,
1767 3001 1781 3030 ς

266 3059 450 3130 Teque
469 3067 699 3128 tuosque
723 3058 886 3113 simul
900 3058 1186 3114 clementia
1215 3067 1462 3130 protegat
1488 3061 1614 3115 alta.

267 3148 385 3216 Quo
409 3149 573 3205 decus
599 3149 922 3204 immensum
956 3150 1172 3205 radians
1198 3166 1296 3220 per
1318 3151 1513 3206 saecula
1536 3157 1730 3206 cuncta

267 3238 530 3295 Omnibus
557 3239 611 3294 in
631 3240 836 3295 sanctis
856 3239 1108 3296 clarescit
1126 3240 1329 3296 lumine
1359 3241 1516 3296 miro.

269 3329 524 3400 Corpore,
554 3338 755 3396 mente,
779 3346 962 3396 manu,
995 3332 1207 3388 cunctis
1225 3341 1281 3386 et
1309 3332 1558 3388 sensibus
1586 3347 1693 3386 una

267 3417 386 3474 Jam
405 3421 682 3476 dominum
718 3421 948 3478 colitans
975 3423 1178 3479 celsum
1209 3425 1324 3479 sine
1356 3425 1479 3489 fide,
1507 3423 1701 3478 valeto.

789 3530 1020 3589 CAPUT
1054 3533 1344 3588 PRIMUM.

273 3618 537 3676 Salutatio
573 3624 705 3676 vatis
728 3623 799 3675 ad
818 3624 1116 3692 episcopum
1161 3622 1224 3692 de
1256 3621 1557 3692 propinquis
1605 3631 1652 3674 et
1680 3637 1862 3674 mona-

833 3690 945 3744 chis
981 3690 1126 3744 cella:
1155 3691 1292 3760 ejus.

271 3784 405 3839 Cum
431 3792 481 3838 te
504 3789 692 3837 sancta
718 3797 911 3835 manus
933 3788 1224 3851 prrestante
1249 3781 1482 3836 reddidit
1501 3781 1706 3854 Anglis,

345 3876 498 3930 Nunc
525 3875 621 3929 tibi
653 3873 980 3944 complacuit
998 3873 1202 3928 rustica
1229 3875 1367 3930 dona
1390 3876 1540 3931 dare.

275 3966 498 4022 Rustica
533 3966 628 4020 sed
656 3965 868 4020 stolidis
899 3966 1093 4020 sudent
1123 3966 1166 4019 si
1190 3975 1410 4035 pectora
1439 3968 1618 4033 dictis,

345 4055 455 4109 Nec
486 4055 738 4109 stolidum
765 4070 985 4110 carmen
1019 4055 1223 4110 rustica
1253 4056 1458 4126 plectra
1485 4059 1707 4114 dabunt.

276 4144 409 4199 Nam
439 4144 532 4200 tibi
562 4144 690 4199 dum
722 4159 975 4214 proceres
1016 4146 1236 4214 proprio
1266 4147 1331 4201 de
1361 4149 1624 4218 sanguine
1651 4149 1869 4219 signant

348 4234 466 4290 Jam
498 4235 726 4290 Domino
751 4235 1007 4305 placidos,
1051 4238 1246 4306 gaudia
1275 4253 1469 4310 magna
1497 4240 1666 4310 capis.

280 4325 528 4399 Suscipe,
568 4325 728 4381 docte
753 4326 937 4392 Pater,
971 4326 1150 4382 dilecti
1178 4343 1373 4383 munus
1403 4331 1584 4394 amici,

351 4417 418 4471 Et
441 4424 623 4486 grates
647 4415 867 4471 Christo
893 4431 1109 4486 semper
1132 4417 1330 4486 ubique
1357 4435 1506 4482 cane,

280 4507 434 4578 Quod
460 4519 549 4563 tua
575 4517 685 4564 tam
712 4509 870 4564 electi
894 4519 1212 4564 meruerunt
1238 4511 1407 4581 stirpe
1437 4512 1608 4568 creari

354 4601 624 4665 Pastores,
649 4603 879 4658 Domino
907 4603 1000 4673 qui
1028 4603 1282 4673 placuere
1307 4621 1426 4661 suo.

283 4695 393 4751 Nec
412 4695 590 4750 minus
609 4705 664 4750 et
691 4697 984 4751 monachos
1009 4697 1311 4765 primorum
1334 4713 1558 4753 munere
1587 4697 1769 4752 claros.

353 4785 447 4841 Sic
473 4786 672 4842 mirare
698 4787 870 4842 libens
898 4787 1157 4842 scandere
1181 4788 1318 4844 lucis
1343 4790 1466 4844 iter.

283 4877 341 4932 Si
372 4877 502 4947 quid
526 4878 580 4933 in
610 4879 696 4934 his
725 4879 910 4943 castis,
943 4887 994 4933 te
1023 4878 1246 4949 dignum
1269 4881 1492 4936 reddere
1508 4889 1717 4952 grates,

351 4968 600 5025 Invenias
627 4969 876 5034 Domino,
929 4971 1163 5026 maxime
1182 4987 1327 5025 nunc
1352 4987 1566 5027 moneo.

281 5062 377 5118 Sin
403 5062 557 5124 alias,
599 5062 709 5116 vati
731 5061 945 5116 veniam
975 5062 1198 5130 dignare
1228 5065 1446 5119 canenti

351 5152 472 5208 lam
494 5154 734 5209 tribuere
763 5154 900 5223 pius,
945 5153 1087 5222 quod
1105 5156 1276 5210 notuit
1299 5155 1518 5210 cecinit.

281 5246 435 5302 lianc
457 5250 550 5298 tuo
584 5258 709 5298 nam
737 5244 896 5314 cupio
922 5245 1164 5316 requiem
1184 5255 1446 5315 pnestare
1477 5248 1678 5315 labori,

354 5333 610 5395 Carmina
629 5351 750 5408 quae
769 5336 999 5391 Domino
1028 5336 1338 5392 sacriﬁcata
1373 5345 1588 5393 sonant.

358 5533 385 5561 ι
428 5521 591 5592 Vides
613 5522 719 5577 hoc
747 5520 873 5576 loco
892 5519 1179 5592 presbyteri
1206 5536 1401 5577 nomen
1425 5518 1584 5588 adjici
1612 5519 1876 5592 vocabulo

286 5591 487 5662 summi
511 5592 827 5662 sacerdotis,
854 5606 1028 5656 nove;
1063 5606 1130 5644 an
1158 5591 1443 5662 legendum
1474 5593 1714 5662 episcopo
1745 5591 1770 5645 1’

359 5663 388 5702 δ
427 5661 731 5718 Aldfridum
763 5664 906 5718 hunc
952 5670 1112 5718 vocat
1149 5662 1312 5726 Beda,
1346 5661 1781 5730 distinguendum
1809 5661 1877 5716 ab

287 5729 566 5804 Aiclifrido
602 5733 789 5798 fratre,
822 5741 880 5788 ut
927 5732 1236 5804 probaviin
1265 5733 1452 5802 Elogio
1499 5729 1670 5786 sancti
1709 5730 1877 5787 Cuth-

288 5802 470 5877 burga:
497 5805 565 5861 ad
590 5819 790 5862 annum
819 5802 944 5861 ηπ
967 5802 1244 5862 Aldfridus
1269 5804 1404 5861 obiit
1425 5817 1574 5860 anno.
1593 5817 1742 5858 acer.

1950 1893 2099 1950 Mens
2128 1896 2369 1965 requiem
2394 1899 2572 1967 capiat
2599 1913 2812 1968 semper
2849 1898 2965 1952 sine
2995 1898 3099 1951 fine
3125 1899 3356 1966 benigne

2021 1985 2074 2039 ln
2109 1986 2338 2043 Domino
2365 1988 2582 2044 Christo
2605 1989 2964 2060 prosperitate
2993 1989 3100 2058 pia.

2575 2123 2804 2180 CAPUT
2849 2125 2910 2178 Il.

1948 2229 2025 2284 De
2052 2247 2111 2284 eo
2141 2232 2280 2301 quod
2309 2229 2499 2286 Horret
2538 2249 2750 2315 regnum}
2798 2233 3040 2305 indeptus
3066 2276 3080 2300 ,
3133 2243 3322 2288 multos
3361 2247 3542 2304 perse—

2647 2314 2846 2373 quitur.
3027 2320 3031 2324 ·

1951 2410 2234 2482 Ecgfridus
2257 2410 2452 2468 infesto
2473 2412 2748 2468 Pictorum
2789 2415 2913 2469 dum
2945 2414 3086 2470 cadit
3108 2429 3257 2477 ense,

1952 2503 2032 2558 En
2062 2505 2256 2558 nothus
2274 2504 2567 2575 Anglorum
2592 2522 2885 2576 germanus
2915 2508 3155 2578 rcgmina
3185 2509 3414 2578 sumpsit

1951 2593 2190 2649 Alfridus
2208 2595 2256 2660 δ,
2281 2604 2336 2650 et
2358 2606 2543 2651 natum
2573 2597 2774 2667 genuit,
2807 2598 2899 2667 qui
2929 2599 3145 2654 nomine
3175 2610 3196 2638 ε
3223 2600 3427 2662 clarus,

1952 2687 2213 2744 Gentibus
2241 2690 2433 2744 enituit
2464 2689 2732 2745 Saxorum
2761 2692 3003 2763 regmina
3035 2708 3274 2756 servans,

1954 2778 2133 2834 Gestis
2160 2786 2214 2834 et
2232 2781 2413 2836 verbis
2433 2784 2487 2835 et
2518 2781 2666 2836 omni
2689 2789 2942 2837 strenuus
2977 2792 3122 2837 actu.

1956 2870 2178 2926 Exstitit
2204 2888 2233 2926 a
2258 2874 2449 2944 primis
2477 2875 2569 2930 sed
2592 2892 2700 2932 non
2722 2877 3036 2933 moderatus
3065 2881 3119 2935 in
3148 2881 3325 2943 anuis,

1955 2961 2452 3032 lndocilisjuvenis,
2494 2966 2668 3020 nescit
2695 2979 2992 3041 sensusque
3019 2971 3265 3041 petulcos

1959 3051 2304 3108 Subcurvare
2331 3055 2532 3121 animo,
2561 3060 3056 3129 contemnensjura
3084 3061 3366 3122 Tonantis,

1881 3167 1932 3229 ρ
1957 3143 2305 3215 Armipotens
2345 3146 2592 3212 nimium,
2616 3150 2852 3218 propriis
2869 3150 2923 3203 in
2944 3151 3150 3205 viribus
3179 3153 3377 3206 audax.

1960 3234 2076 3290 Non
2095 3251 2347 3304 proceres
2363 3244 2654 3291 veneratus
2677 3244 2823 3302 erat;
2852 3253 2960 3292 non
2992 3238 3222 3308 denique
3247 3238 3550 3302 Christum,

1962 3325 2033 3383 Ut
2053 3327 2253 3393 decuit,
2287 3328 2490 3392 coluit;
2524 3327 2712 3382 vacuis
2740 3327 2832 3382 sed
2851 3328 3089 3383 subdidit
3108 3345 3271 3385 omne

1959 3416 2205 3482 Actibus,
2231 3418 2336 3472 heu
2361 3419 2373 3471 ε
2406 3417 2592 3480 vitam,
2623 3417 2824 3471 mansit
2855 3417 2983 3472 dum
3021 3434 3247 3489 corpore
3275 3420 3406 3474 vita.

1961 3507 2089 3562 inde
2111 3506 2212 3561 fuit
2235 3523 2475 3578 praesens
2501 3524 2668 3578 parvo
2691 3509 2834 3579 quod
2860 3518 3100 3581 tempore
3125 3511 3343 3566 szeclum

1964 3597 2258 3664 Manserat,
2289 3607 2450 3669 atque
2468 3599 2560 3655 diu
2586 3601 2760 3670 potuit
2786 3617 2893 3656 non
2920 3603 3117 3657 ducere
3140 3603 3332 3656 vitam.

1964 3690 2064 3746 Hic
2093 3690 2257 3759 igitur
2276 3691 2478 3746 multos
2498 3692 2803 3747 miseranda
2836 3701 3011 3748 morte
3036 3693 3288 3762 peremit.

1965 3780 2065 3836 Ast
2094 3780 2230 3835 alios
2256 3781 2400 3852 cogit
2438 3797 2649 3837 summo
2671 3783 2875 3837 servire
2901 3785 3130 3853 parenti,

1965 3874 2131 3947 Inque
2161 3875 2474 3932 monasterii
2509 3885 2756 3932 attonsos
2803 3877 3100 3933 consistere
3131 3879 3334 3948 sa‘ptis.

2579 4012 2808 4068 CAPUT
2838 4013 2922 4068 lli.

1971 4122 2124 4190 Quod
2172 4133 2284 4180 erat
2341 4122 2662 4180 Eandmund
2690 4127 2801 4181 dux
2827 4127 3016 4182 nobilis
3075 4139 3200 4183 nati:
3224 4140 3269 4183 ct
3303 4132 3570 4185 moribus."

1969 4238 2051 4292 Ex
2078 4238 2163 4292 bis
2200 4253 2328 4308 ergo
2349 4238 2451 4292 fuit
2480 4242 2818 4296 venerandus
2843 4242 3060 4297 nomine
3096 4251 3286 4311 pastor

1970 4327 2311 4393 Eandmund,
2340 4327 2429 4383 ille
2454 4329 2575 4397 pius
2603 4328 2802 4384 Christi
2829 4331 3066 4386 sociatus
3096 4332 3286 4386 amicis

1971 4419 2198 4474 Actibus
2222 4435 2253 4473 e
2279 4420 2444 4485 saecli,
2472 4422 2739 4489 promissa
2772 4423 2839 4476 ad
2867 4423 3086 4492 praemia
3115 4425 3306 4486 tendit,

1899 4531 1947 4589 ο
1973 4509 2102 4576 Qua:
2128 4509 2300 4564 sancti
2328 4509 2382 4562 in
2406 4510 2558 4565 coelis
2597 4511 2826 4566 Domino
2848 4513 3084 4569 donante
3105 4525 3414 4584 capessunt.

1972 4599 2177 4655 Nobilis
2207 4609 2263 4656 et
2290 4601 2516 4655 nimium
2542 4602 2753 4672 proceri
2778 4604 2842 4659 de
2869 4606 3149 4677 sanguinis
3171 4615 3292 4661 ortu

1971 4691 2213 4758 Eastitit,
2245 4693 2300 4746 in
2323 4693 2533 4762 populis
2571 4710 2782 4752 summo
2805 4697 3111 4753 celebratus
3134 4698 3337 4755 honore
3363 4716 3377 4755 :

1972 4780 2217 4837 Nobilior
2250 4783 2480 4839 Domino
2505 4800 2728 4842 summae
2752 4787 3104 4858 pro-culmine
3127 4791 3326 4846 mentis

1974 4875 2091 4928 Dux
2115 4877 2456 4931 venerandus
2481 4886 2620 4943 erat,
2641 4877 2769 4932 fecit
2797 4880 2883 4934 cui
2911 4881 3138 4936 candida
3165 4885 3328 4938 corda

1973 4965 2325 5036 Omnipotens
2345 4969 2576 5038 genitor,
2600 4967 2832 5039 plasmat
2858 4971 2948 5040 qui
2975 4988 3203 5042 corpora
3235 4982 3452 5039 cuncta,

1973 5059 2052 5114 Ac
2075 5065 2284 5112 mentes
2308 5059 2587 5114 hominum
2613 5061 2782 5130 spinis
2810 5063 3138 5131 promundat
3161 5065 3451 5136 ademptis.

1976 5149 2221 5224 Militiam
2242 5150 2484 5207 sterilem
2510 5168 2706 5223 magno
2737 5153 2963 5210 devotus
2991 5170 3177 5213 amore

1978 5243 2245 5309 Deseruit,
2278 5241 2549 5299 famulans
2573 5251 2781 5299 cuncta:
2805 5260 2903 5314 per
2923 5255 3165 5317 tempora
3187 5248 3314 5304 vita:

1977 5332 2198 5390 Rectori
2227 5348 2444 5405 magno,
2472 5334 2718 5390 moderat
2743 5335 2837 5406 qui
2866 5336 3063 5392 saecula
3092 5347 3310 5394 cuncta.

2050 5521 2071 5549 ε
2111 5509 2310 5566 Horret
2343 5507 2658 5580 appellatur
2683 5509 2735 5564 in
2764 5508 3074 5580 lemmate:
3107 5510 3370 5567 Osredum
3406 5520 3567 5568 vocat

1977 5580 2280 5637 Willelmus
2310 5579 2805 5653 ilalmesburiensis
2835 5580 2890 5634 in
2917 5579 3009 5636 lib.
3047 5598 3062 5636 ι
3090 5581 3164 5636 De
3192 5581 3430 5653 Regibus
3447 5581 3568 5636 An-

1979 5653 2187 5722 glorum
2220 5651 2422 5724 cap._5,
2461 5669 2480 5702 ‹
2524 5651 2616 5720 qui
2647 5651 2816 5724 annis
2857 5667 2913 5724 in
2945 5667 3168 5722 regnum
3198 5651 3562 5724 inumbratus,

1981 5733 2297 5795 turpemque
2313 5721 2479 5775 vitam
2501 5721 2989 5795 sanctimonialium
3010 5721 3242 5795 Strupris
3258 5724 3568 5794 exagitans,

1981 5794 2195 5850 tandem
2219 5802 2569 5866 cognatorum
2601 5792 2808 5847 insidiis
2833 5810 3005 5850 caesus
3031 5792 3144 5850 est.’
3174 5795 3214 5846 ιθ
3245 5805 3248 5808 ‘
