4020 6170
579 384 712 466 issi
1398 382 1663 460 actinos
1703 382 1791 458 er
1831 376 2335 450 ETHELVOLFUS
2371 380 2684 439 ABBATES
2723 382 3020 444 meeum.

1187 500 1413 564 CAPUT
1445 501 1532 556 ιγ.

578 618 737 708 Quod
754 620 856 686 hic,
889 617 960 673 ad
981 620 1247 674 servitium
1275 617 1486 708 Domitii
1511 626 1768 708 attentus,
1801 612 2013 684 praprio
2046 626 2158 663 mo-

1179 689 1404 744 nasterio
1421 688 1548 742 ibat.

574 781 872 850 Anglorum
894 793 1149 853 proceres
1165 780 1393 835 nimium
1420 777 1726 833 trucidante
1745 782 1980 848 tyranno
2006 786 2056 838 ⁸,

577 872 874 929 Servitium
905 871 1118 935 Domini
1146 871 1302 925 miles
1335 867 1593 941 prmfatus
1614 866 1803 928 inibat,

575 963 963 1032 Gaudebatque
989 977 1088 1018 suo
1105 960 1268 1031 capiti
1290 969 1509 1030 portare
1530 973 1784 1014 coronam

576 1052 793 1109 Vertico
821 1067 982 1126 quam
1007 1051 1254 1108 Christus
1281 1051 1552 1120 quondam
1579 1051 1830 1120 portabat
1855 1047 2053 1115 opimo,

577 1143 710 1219 lium
732 1156 926 1214 passus
950 1139 1150 1211 mundo
1173 1141 1406 1213 dempsit
1433 1140 1643 1210 spineta
1678 1138 1962 1200 malorum,

571 1219 751 1300 Atque
769 1246 896 1287 suos
922 1230 1086 1285 vitam
1112 1231 1241 1286 fecit
1263 1232 1484 1286 visitare
1504 1233 1712 1297 beatos.

574 1319 684 1376 Nec
712 1323 859 1377 solus
879 1325 1078 1378 meruit
1096 1338 1334 1392 parmam
1365 1331 1606 1393 captasse
1632 1337 1940 1392 supernam.

573 1408 712 1477 Quin
741 1411 924 1481 plures
947 1411 1069 1466 lecti
1096 1412 1310 1465 Patrem
1339 1412 1667 1468 comitantur
1691 1404 1962 1477 eumdem,

571 1496 739 1569 Inque
765 1500 1096 1555 monasterio
1117 1500 1344 1556 Domino
1366 1516 1424 1555 se
1445 1501 1673 1555 subdere
1701 1507 1930 1571 tentant.

575 1593 961 1654 Eandmundus
997 1593 1216 1649 Christo
1251 1594 1558 1664 indemptus
1601 1608 1721 1662 quae
1743 1594 1962 1648 dederat
1991 1592 2155 1664 almo,

571 1683 748 1755 Atque
768 1685 930 1741 Petro
952 1687 1158 1755 pariter
1183 1686 1369 1749 servit,
1402 1686 1492 1754 qui
1516 1685 1762 1738 examina
1794 1693 1984 1739 cuncta

571 1775 796 1831 Actibus
816 1777 1066 1831 :etbereis
1089 1775 1331 1831 facerent
1361 1774 1481 1844 qum
1507 1783 1726 1845 pectora
1753 1783 1920 1848 casta.

574 1867 972 1937 lt'lorigeri-sque
999 1868 1172 1921 nitent
1193 1882 1290 1936 per
1320 1875 1561 1937 tempora
1589 1875 1783 1920 cuncta
1810 1863 2079 1932 maniplis.

571 1955 815 2026 Cumque
833 1957 995 2011 Pater
1016 1955 1242 2012 famulos
1269 1956 1457 2011 cellam
1487 1956 1758 2023 congessit
1781 1953 1833 2008 in
1863 1948 2081 2016 almam,

571 2045 926 2116 Quamplures
947 2055 1170 2103 cunctos
1193 2046 1364 2102 sacris
1403 2047 1746 2102 sermonibus
1773 2051 1970 2111 ornat;

579 2134 750 2204 thue
776 2151 873 2190 suo
903 2135 1083 2190 saltim
1113 2137 1331 2206 cupiant
1358 2136 1562 2191 servire
1592 2135 1799 2207 parenti

574 2225 863 2306 Admonuit
889 2236 1093 2299 pastor,
1121 2228 1478 2299 meritumque
1506 2243 1535 2282 a
1568 2229 1789 2282 numine
1811 2243 2061 2301 poscens.

572 2317 850 2384 Quatenus
873 2334 902 2374 e
929 2314 1068 2374 cmlo
1097 2319 1320 2374 veniens
1348 2335 1470 2375 cum
1499 2320 1694 2391 gaudio
1722 2328 1943 2374 sanctus

573 2407 829 2479 Angelus,
862 2409 962 2464 bos
985 2409 1217 2468 famulos
1243 2410 1496 2482 dignetur
1519 2413 1742 2469 reddere
1768 2419 1912 2466 tutos
1944 2429 1957 2466 :

579 2498 645 2554 Ut
674 2499 829 2570 lupus
852 2499 936 2554 ille
960 2499 1106 2561 ferus
1131 2499 1404 2568 subjectos
1434 2501 1591 2556 dente
1620 2501 1802 2572 rapaci

577 2587 841 2645 Morsibus
879 2589 1107 2653 infectos
1145 2591 1312 2648 laniat
1344 2607 1452 2666 non
1477 2601 1695 2665 pectore
1728 2603 1942 2659 mmsto,

576 2683 684 2738 Sed
712 2685 894 2753 potius
923 2685 1151 2764 Domino
1181 2686 1356 2758 dignis
1379 2686 1673 2758 virtutibus
1699 2695 1908 2752 auctos,

578 2773 826 2843 Undique
863 2784 1208 2849 percomptos
1239 2777 1591 2854 transmigret
1617 2776 1755 2838 lucis
1779 2778 1834 2831 in
1859 2791 2004 2840 oras.

576 2863 798 2918 Talibus
827 2865 1113 2920 instituens
1139 2867 1320 2922 docuit
1349 2881 1470 2921 cum
1496 2868 1688 2922 ductor
1712 2868 1872 2932 ovile,

576 2955 747 3022 Quam
776 2955 974 3010 nitidas
999 2955 1214 3011 Christo
1241 2957 1436 3011 meruit
1462 2955 1707 3012 conferre
1731 2957 1993 3021 bidentes,

578 3045 758 3116 Agnos
792 3054 955 3115 atquc
985 3047 1104 3115 pios
1131 3047 1345 3117 permiti
1384 3046 1800 3118 contulitAgno,

577 3136 678 3208 Qui
703 3137 926 3192 veniens
951 3138 1121 3192 sontis
1146 3148 1426 3208 peccatum
1459 3137 1648 3193 tollere
1670 3137 1873 3201 mundi,

578 3229 847 3310 Insontem
875 3229 1134 3286 mundum
1170 3229 1299 3306 fecit
1325 3230 1390 3286 de
1418 3230 1679 3302 sanguine
1699 3229 1838 3288 fuso.

1195 3344 1425 3401 CAPUT
1471 3346 1529 3401 V.

653 3436 808 3502 Quod
835 3437 1132 3509 pontiﬁcem
1163 3437 1380 3520 adiensn
1396 3438 1660 3520 doctorem
1690 3438 1806 3500 vita
1841 3435 2094 3507 regularis

1227 3517 1520 3579 acquisivit.

579 3617 912 3674 l’ontificalis
937 3634 1093 3689 apex,
1121 3620 1439 3682 meriturum
1467 3635 1693 3676 munere
1722 3620 1900 3676 clarus

583 3711 866 3781 Ecgfridus
889 3713 916 3752 δ
938 3713 1149 3776 enituit,
1181 3721 1490 3767 sanctorum
1517 3711 1758 3783 regmina
1782 3726 2024 3774 servans,

583 3800 736 3856 Unde
765 3817 874 3870 quo
903 3802 1107 3870 glaucis
1141 3802 1365 3870 cupiunt
1393 3803 1637 3872 crispare
1665 3801 1881 3857 ﬂuentis

583 3892 812 3954 Littera,
837 3891 966 3964 quin
996 3890 1178 3945 refluis
1209 3899 1458 3959 satagunt
1488 3893 1692 3947 nudare
1714 3901 1960 3948 meantes

585 3983 866 4047 Cursibus,
899 3990 954 4037 et
990 3990 1192 4036 terram
1230 3983 1566 4054 praecingunt
1594 3983 1788 4037 merula
1819 3991 2060 4038 sanctam
2086 3994 2133 4047 ε,

589 4074 764 4142 Atque
793 4071 954 4126 itiner
981 4073 1232 4140 cupidum
1258 4072 1520 4141 pandunt,
1549 4087 1672 4126 cum
1699 4071 1883 4126 littora
1911 4071 2136 4127 nudant.

588 4160 744 4227 lianc
767 4160 980 4217 Domini
1010 4175 1201 4218 servus
1223 4161 1444 4216 veniens
1470 4161 1694 4215 visitare
1723 4162 1934 4232 sategit,

590 4254 958 4322 Posccbatque
986 4253 1087 4309 sibi
1115 4267 1324 4325 supera:
1349 4251 1415 4322 de
1443 4252 1686 4324 germine
1715 4253 1908 4308 messis

586 4343 787 4398 Pabula
815 4343 928 4419 jam
957 4342 1118 4398 tribui
1139 4359 1161 4422 ;¹
1193 4342 1278 4398 cui
1307 4351 1553 4422 prompta
1578 4351 1761 4423 mente
1784 4345 2038 4402 sacerdos

591 4436 819 4512 Pectore
840 4437 904 4492 de
925 4450 1095 4508 gnaro
1124 4434 1311 4511 pandit
1335 4434 1592 4502 salutaria
1620 4434 1782 4499 dicta,

594 4529 861 4585 Imbribus
887 4537 1048 4598 atque
1077 4528 1182 4598 piis
1210 4527 1442 4586 sitientis
1467 4543 1698 4598 corpora
1720 4536 1890 4598 potat.

588 4622 826 4677 Auribus
854 4620 1007 4688 illisis
1030 4620 1228 4685 hausit,
1253 4636 1374 4691 qua:
1405 4626 1582 4684 ructat
1609 4620 1676 4674 ab
1703 4619 1812 4674 alto

589 4713 836 4778 Pectore,
866 4713 1072 4782 subque
1105 4710 1188 4767 sui
1219 4710 1449 4780 sumpsit
1473 4710 1767 4781 penetralia
1797 4710 1976 4773 cordis

591 4803 815 4875 Mystica
850 4802 1012 4857 verba
1046 4800 1122 4870 pii
1154 4801 1417 4870 persensu
1449 4799 1609 4857 discit
1635 4807 1816 4858 acuto.

591 4895 814 4964 Insuper
847 4891 1116 4963 arripiens
1139 4889 1369 4948 memori
1400 4890 1669 4945 narranda
1698 4889 1890 4953 relatu,

594 4975 857 5037 Sensibus
891 4980 947 5036 in
973 4978 1154 5035 cordis
1183 4976 1492 5048 complectit
1527 4984 1721 5032 cuncta
1749 4976 2004 5052 rimatus.

595 5054 813 5125 Addidit
841 5083 970 5140 ergo
997 5068 1111 5125 suis
1137 5067 1414 5139 doctorem
1444 5066 1663 5122 sedibus
1686 5075 1891 5140 aptum.

668 5243 693 5271 ι
738 5229 875 5286 llinc
921 5227 1122 5282 factum
1173 5232 1258 5281 est
1279 5232 1338 5279 ut
1384 5222 1674 5280 saeculares
1727 5221 1832 5277 virl
1881 5230 1936 5276 et
1955 5221 2184 5278 "feminas

598 5301 906 5372 complures
933 5297 1274 5372 monasteria
1305 5298 1702 5372 construerent,
1734 5301 1895 5372 atque
1925 5294 1980 5347 in
2008 5307 2073 5348 ea
2099 5292 2182 5348 re-

601 5363 849 5442 ciperent
896 5385 1038 5434 sese,
1097 5383 1200 5422 non
1232 5366 1349 5442 sine
1395 5363 1632 5442 infamia
1648 5363 1931 5442 saecularis.
1972 5379 2037 5442 ac
2063 5380 2184 5434 pro.

602 5432 778 5504 broad:
805 5432 947 5502 vitae,
973 5432 1032 5492 ut
1057 5445 1287 5493 testatur
1309 5432 1448 5489 Beda
1473 5435 1524 5488 in
1551 5433 1778 5505 epistola
1800 5432 1866 5486 ad
1891 5432 2185 5504 Egber‘tum

600 5512 914 5584 crisat)po
944 5510 1361 5584 ξιξοτροςιιεειυο

675 5582 703 5620 ι’
736 5574 855 5636 Fuit
893 5580 940 5634 is
967 5576 1424 5634 Lindisfarnensis
1473 5574 1757 5645 episcopus
1784 5584 1907 5644 post
1948 5574 2186 5630 Eadber-

607 5658 719 5716 tum
747 5649 1031 5708 Cuthberti
1061 5662 1455 5710 successorem,
1488 5654 1732 5716 mortuus
1760 5661 1902 5716 anno
1931 5661 2144 5700 cccxxx.

626 5722 698 5760 ”ε
733 5721 788 5775 ld
841 5729 925 5776 est
961 5720 1193 5773 insulam
1236 5725 1480 5772 sanctam
1525 5730 1618 5768 seu
1665 5714 2180 5778 Lindisfarnensem,

609 5806 730 5870 qua:
755 5810 775 5845 ε
818 5792 902 5848 bis
923 5788 1162 5870 quotidie
1190 5787 1477 5843 accedente
1499 5793 1633 5841 aestu
1660 5784 1866 5867 Oceani
1891 5786 1945 5840 fit
1971 5785 2140 5840 insula
2170 5825 2184 5851 ,

3659 383 3768 449 £332

2185 495 2233 565 AV
2259 491 2548 564 Presbyter
2572 494 2658 548 ille
2679 493 2795 557 fuit,
2823 502 3067 548 statuens
3092 491 3385 550 monastica
3402 489 3538 562 jura,

2258 582 2600 652 lnstituitque
2627 599 2794 639 novos
2815 592 3061 638 veterum
3089 581 3420 636 munimenta
3447 580 3685 639 revolvens

2256 670 2356 726 llic
2379 672 2690 737 monachos,
2716 672 2853 727 cutio
2887 671 3081 726 tulerat
3107 685 3242 740 quos
3272 670 3488 740 spiritus
3512 679 3683 741 auctor.

2873 785 3101 840 CAPUT
3139 785 3228 841 Vl.

2351 894 2502 960 Quod
2531 896 2856 950 veredarium
2885 897 3058 950 mittat
3087 902 3154 950 ad
3185 895 3380 950 Christi
3399 898 3688 952 monachum.

2255 986 2381 1042 Haec
2410 986 2554 1041 inter
2581 986 2814 1042 famulus
2839 985 3044 1051 Christi
3071 986 3197 1054 dum
3227 985 3464 1040 moribus
3496 985 3666 1045 almum

2183 1067 2188 1072 ’
2254 1077 2570 1133 Pontificem
2595 1078 2752 1133 discit
2778 1077 3085 1131 Scottorum
3109 1075 3309 1130 finibus
3331 1090 3454 1131 esse

2256 1169 2579 1238 Ecgbertum
2602 1167 2651 1233 δ,
2687 1165 2945 1222 famulum
2972 1166 3056 1220 cui
3085 1164 3251 1219 fidum
3282 1165 3488 1220 mittere
3510 1175 3656 1230 curat,

2256 1259 2488 1314 Poscens
2519 1266 2579 1312 ut
2609 1259 2903 1312 monachos
2931 1255 3190 1310 formaret
3217 1256 3320 1310 rite
3346 1255 3542 1321 libellis,

2257 1351 2674 1420 Sanctificetquc
2711 1351 2812 1405 sibi
2847 1348 3167 1404 veneranda:
3197 1349 3368 1403 altare
3394 1349 3599 1413 tabellae,

2255 1443 2429 1511 Atque
2457 1459 2667 1497 memor
2692 1442 2800 1497 voti
2833 1450 3096 1496 monstret
3129 1441 3241 1495 sint
3265 1456 3384 1509 qua:
3405 1439 3514 1496 loca
3537 1441 3684 1510 digna.

2256 1534 2387 1600 Quis
2414 1535 2621 1604 possint
2647 1534 2766 1588 sisti
2800 1533 3036 1588 sacraria
3069 1541 3259 1587 sancta
3285 1532 3521 1586 Tonanti.

2256 1623 2415 1679 Paret
2442 1632 2496 1678 et
2523 1625 2840 1693 obsequitur
2868 1623 3066 1694 pratsul
3093 1625 3452 1685 venerandus.
3474 1631 3655 1678 euntem

2255 1713 2553 1768 Confirmat
2571 1711 2749 1777 dictis,
2773 1713 2902 1781 quin
2937 1728 3092 1768 sacro
3116 1725 3345 1767 munere
3369 1711 3510 1766 ditat.

2185 1843 2232 1904 Β
2257 1803 2439 1858 Mensa
2463 1811 2676 1858 sacrata
2704 1803 2812 1858 Deo
2838 1819 3033 1873 magno
3059 1804 3160 1858 sub
3191 1803 3405 1857 nomine
3429 1801 3578 1866 Petri,

2255 1893 2502 1957 Advolat,
2533 1901 2588 1955 et
2615 1893 2768 1964 nigro
2793 1893 2980 1948 cel'am
3007 1893 3296 1955 confirmat
3321 1895 3388 1949 ab
3407 1895 3565 1950 hoste.

2255 1987 2479 2057 Insuper
2506 1994 2560 2041 et
2586 1969 2782 2057 praesul
2811 1988 3052 2056 poscenti
3093 1987 3221 2041 talia
3244 1987 3384 2042 dicta

2258 2077 2442 2132 Mittit.
2491 2095 2510 2128 ‹
2539 2075 2822 2132 lnoﬂ'ensis
2849 2077 3077 2147 pedibus
3101 2086 3193 2131 tua
3223 2085 3475 2146 tempora,
3501 2076 3656 2138 frater,

2256 2169 2485 2224 Pectore
2507 2168 2638 2238 quin
2663 2169 2829 2222 vitam
2853 2176 3004 2222 casto
3023 2182 3250 2224 servare
3271 2175 3540 2227 memento,

2258 2261 2534 2326 Quatenus
2563 2261 2826 2314 exhausto
2851 2259 3105 2313 instantis
3135 2259 3426 2315 certamine
3451 2256 3576 2329 belli,

2257 2350 2578 2420 Perpetuam
2613 2349 2733 2405 (εαξιί
2768 2349 2949 2418 capias
2980 2350 3097 2403 sine
3133 2349 3242 2403 fine
3271 2349 3512 2418 quietem.

2258 2441 2494 2497 Cernere
2521 2457 2608 2496 me
2637 2441 2811 2496 fateor
2832 2441 3037 2495 carnali
3066 2441 3274 2496 lumine
3296 2454 3546 2509 nunquam

2259 2533 2475 2588 Fundos
2502 2549 2634 2603 quos
2662 2533 2922 2587 Dominus
2946 2546 3150 2601 magno
3179 2532 3276 2585 tibi
3305 2545 3513 2584 munere
3533 2527 3678 2582 donat.

2258 2623 2356 2678 Ast
2381 2631 2562 2678 noster
2589 2629 2648 2675 ut
2667 2622 2816 2676 visus
2835 2621 3010 2690 potuit
3029 2620 3359 2690 pertendere
3386 2617 3562 2680 cordis,

2260 2715 2423 2770 Collis
2451 2731 2558 2771 non
2586 2728 2813 2783 magnus
2838 2711 3045 2766 declive
3078 2711 3305 2764 tramite
3334 2709 3510 2771 flexus,

2262 2805 2383 2873 Quo
2408 2806 2489 2860 sol
2517 2819 2852 2874 consurgens
2873 2802 3197 2857 trutinantis
3224 2811 3451 2870 tempora
3474 2799 3603 2852 libra:

2178 2908 2190 2919 '
2261 2894 2532 2962 Pervolat,
2558 2893 2698 2947 hunc
2723 2892 2890 2960 spinae
2915 2891 3087 2960 spissa
3120 2905 3248 2945 cum
3273 2888 3452 2944 fronde
3477 2889 3701 2941 coronant.

2262 2985 2513 3041 Calcibus
2533 2984 2632 3040 has
2660 2982 2859 3037 scissas
2884 2988 2999 3036 toto
3023 2995 3154 3034 cum
3181 2980 3414 3049 germine
3435 2977 3581 3031 frater

2265 3077 2523 3147 )Equoris
2558 3083 2614 3130 et
2639 3077 2800 3130 dorso
2826 3073 3066 3144 praedicti
3092 3071 3311 3127 auferre
3334 3075 3598 3125 memento:

2189 3189 2238 3252 ε
2265 3170 2432 3240 Inque
2457 3167 2877 3237 locopulcbrum
2903 3164 3139 3218 Domino
3165 3165 3244 3219 sic
3268 3161 3432 3218 conde
3453 3157 3674 3252 sacellum,

2265 3259 2494 3316 Credula
2521 3272 2628 3328 quo
2655 3256 2864 3326 possint
2884 3253 3101 3310 Christo
3140 3252 3437 3322 persolvere
3461 3245 3595 3301 corda

2266 3350 2433 3405 Nocte
2460 3349 2654 3416 dieque
2679 3344 2841 3401 simul
2867 3358 3029 3414 preco
3054 3341 3122 3397 de
3153 3348 3368 3412 pectore
3391 3345 3519 3392 vota.
3561 3353 3575 3384 ι

2267 3441 2496 3497 Nuntius
2523 3440 2608 3494 his
2629 3438 2786 3493 dictis
2811 3434 2973 3489 trusit
2997 3449 3094 3504 per
3125 3430 3324 3488 caerula
3346 3427 3557 3500 puppim,

2268 3532 2444 3601 Atque
2475 3545 2573 3584 suo
2596 3533 2854 3599 prOperat
2885 3524 3063 3580 dilecti
3099 3522 3244 3577 ferre
3273 3518 3493 3590 loquelas

2267 3620 2544 3678 Pontificis
2569 3619 2715 3674 Patri
2746 3636 2759 3670 :
2793 3614 3104 3672 manifestat
3132 3614 3271 3669 dicta
3293 3609 3559 3682 propheta;

2270 3711 2492 3768 Perticit
2521 3710 2642 3765 inde
2664 3708 2784 3778 pius
2812 3705 3122 3778 perpulchri
3153 3702 3379 3759 culmina
3407 3695 3579 3764 templi,

2273 3804 2524 3866 Exterins
2547 3801 2756 3868 tabulas
2776 3797 3107 3870 perfundens
3130 3796 3360 3866 tegmine
3385 3788 3575 3862 plumbi.

2275 3897 2492 3951 Viribus
2515 3902 2569 3948 et
2595 3893 2722 3949 totis
2750 3898 3122 3962 percomptam
3149 3878 3368 3945 reddere
3399 3890 3550 3939 curat.

2274 3985 2424 4040 Hanc
2453 3984 2621 4040 tndem
2646 3982 2878 4044 Domini,
2913 3980 3090 4034 medio
3116 3981 3216 4036 sub
3246 3988 3430 4047 aggere
3454 3974 3648 4026 mensam

2275 4077 2538 4140 Diximus,
2571 4082 2630 4128 ut
2656 4073 2855 4128 dudum
2882 4070 3043 4125 Petro
3067 4086 3193 4140 quas.
3210 4065 3374 4138 gignit
3393 4062 3560 4117 odores

2275 4167 2574 4231 Praemites,
2603 4163 2794 4219 statuit
2822 4163 3061 4220 caelestis
3082 4161 3253 4232 gratia
3281 4155 3448 4216 terris,
3683 4226 3694 4238 .

2277 4259 2449 4326 Quam
2479 4257 2661 4312 rutilis
2687 4256 2919 4327 flagrans
2952 4255 3176 4325 passim,
3205 4253 3328 4308 dum
3354 4242 3526 4314 templa
3544 4238 3695 4309 parenll

2276 4348 2396 4404 Jam
2423 4349 2544 4404 cmli
2572 4363 2636 4404 ac
2670 4355 2829 4402 terra:
2868 4353 3093 4416 surgunt
3120 4359 3217 4414 per
3243 4355 3358 4396 rara
3378 4341 3572 4390 vetusta.

2280 4439 2407 4494 Haec
2432 4439 2557 4493 dum
2587 4444 2738 4507 gesta
2769 4450 2868 4490 suo
2898 4434 3130 4489 instituit
3157 4430 3400 4487 mandare
3425 4419 3639 4489 magism

2200 4533 2256 4595 D
2282 4531 2510 4586 Nuntius
2561 4528 2627 4584 ad
2650 4535 2860 4598 patrem
2884 4527 3057 4598 patris
3083 4522 3319 4596 perferre
3345 4512 3551 4585 loquelas

2276 4624 2528 4686 Venerat,
2558 4629 2723 4690 atque
2750 4620 2840 4688 pio
2861 4617 3122 4684 magistro
3150 4614 3272 4669 talia
3299 4609 3448 4664 fatur.

2281 4733 2300 4767 ι
2346 4687 2651 4784 Ecgbercht
2677 4719 2729 4764 te
2754 4687 2967 4765 Domini
2989 4706 3219 4763 famulus
3246 4719 3336 4759 sua
3363 4711 3477 4754 voce
3501 4687 3669 4785 saiuiaii

2276 4778 2454 4875 Atque
2477 4813 2599 4858 tuos
2620 4801 2826 4872 pariter
2854 4799 3168 4860 monachos,
3187 4809 3318 4866 quos
3342 4785 3494 4861 gratia
3513 4778 3670 4835 Christi

2281 4895 2575 4953 Ecclesiam
2596 4893 2844 4954 vocitans
2874 4889 3018 4948 mitis
3045 4885 3308 4958 congessit
3339 4882 3389 4935 in
3411 4885 3563 4932 unam.

2281 4986 2448 5041 Nocte
2472 4985 2664 5054 dieque
2683 4981 2842 5045 simul
2868 4995 2974 5041 non
2998 4993 3152 5034 cesso
3176 4973 3386 5030 reddere
3411 4969 3568 5037 grates

2283 5079 2500 5135 Rectori
2527 5092 2758 5141 summo,
2791 5074 2970 5138 (irmat
2992 5074 3088 5142 qui
3107 5077 3230 5127 vota
3262 5072 3479 5121 suorum.

2283 5235 2369 5309 bis
2413 5231 2693 5309 renudatis
2718 5223 3290 5309 Ιῇιι-ιονίιῃιξ..(ςοιιῑῑειξίι2
3313 5198 3732 5309 τιεςῗεᾴῗξίξιὲτνηξ

2285 5277 2369 5360 iii"
2416 5277 2704 5356 ἱῖἶὲῖιῖιῖἷι
2719 5277 3118 5354 Ῑίίἰὶὄῖιζνίὶἆ
3131 5277 3293 5348 salicti
3312 5277 3549 5363 Cuthberli
3567 5277 3652 5348 ςιρο
3675 5277 3731 5309 ιιι

2343 5319 2556 5414 Sumne
2605 5377 2754 5414 natet
2785 5369 3078 5414 Euhermm
3121 5365 3278 5414 hunc.
3321 5364 3456 5414 cuius
3473 5339 3734 5414 Ehwqu

2421 5343 3100 5446 ἰίίῐὲ“’ὶὲῖείῖὲἑδξῆιὶὶῐῖ
3121 5343 3732 5446 ιῖεῖὶιέενξὲίυῖἕὶξὶξίέἔῗῶ

2355 5385 2383 5414 α
2421 5385 2557 5428 Hinc
2605 5385 2754 5440 patet
2785 5385 2826 5423 ει
2867 5385 3079 5422 Ocnum
3122 5385 3278 5423 nunc,
3321 5385 3456 5421 υυδυα
3474 5385 3613 5413 υινιγι

2287 5445 2382 5499 tuli
2413 5443 2479 5498 ad
2519 5455 2718 5497 annum
2752 5385 2878 5502 τῆξ,
2906 5437 3070 5492 fuisse
3097 5434 3406 5504 episcopum.
3448 5418 3614 5484 “me”!
3643 5414 3665 5453 "

2289 5516 2329 5530 -ι
2399 5514 2411 5530 ι
2458 5513 2491 5530 ν·
2566 5513 2684 5530 1----
2703 5510 2725 5530 λ
2755 5509 2940 5530 -_:-_._\
2969 5507 3228 5530 -,.I.I:..o...n
3254 5517 3264 5528 .
3289 5509 3381 5530 mm
3410 5490 3465 5530 ΑΩ
3489 5495 3535 5530 1⁵8
3553 5474 3646 5530 01111)

2287 5490 2728 5582 ἓὲὲιὲξίειῖ’(‹ἶιξᾷἑι
2752 5490 2942 5582 sese.)
2967 5490 3232 5582 addictum
3254 5490 3629 5582 {(15:93:33ng

2287 5587 2463 5669 bitave
2470 5573 2620 5638 ram:
2635 5573 3018 5669 tinguebat't-um
3053 5577 3116 5669 in
3127 5573 3449 5669 monasteria:
3453 5573 3630 5669 1(ἐὲυυπὲ

2291 5635 2602 5739 έεδίιβιὲίίπι
2647 5649 3016 5739 semesa.
3037 5635 3725 5739 .a£E€!!‘.EEE’.L.“.‘L‘I§.

2290 5705 2581 5783 ἷτέιὶιέιξιὶῖιὲ
2604 5705 2676 5794 ad
2692 5720 2930 5785 Hiiense,
2961 5705 3052 5775 {ibi
3079 5705 3305 5773 mortuus
3327 5709 3399 5759 est
3423 5705 3537 5753 anno
