4020 6170
288 368 427 427 ῐῦὅδ

283 481 528 551 Namque
557 493 657 551 ego
684 477 948 534 conﬁteor
967 478 1170 534 nullum
1201 496 1289 558 me
1310 481 1489 537 dicere
1510 478 1786 545 mendum,

284 573 602 643 Sapiusque
623 572 876 628 advolitat
904 572 1179 644 spinisque
1205 572 1500 629 immiScuit
1528 572 1649 628 istis

248 712 253 717 .
284 662 469 719 Turba
495 661 725 718 nefanda
750 661 901 728 feris,
925 678 1142 733 semper
1168 663 1371 719 conlisa
1396 664 1495 719 sub
1517 662 1703 727 armis,

286 752 538 822 Undique
564 751 885 809 conﬂuit‘ans
915 754 1083 809 veluti
1108 768 1232 815 cum
1263 754 1496 810 culmina
1521 762 1652 808 nota

282 842 589 898 Accurrens
621 850 874 912 properat
893 842 1062 912 spinis
1090 842 1397 913 immergier
1428 842 1577 908 istis;

280 930 496 988 Gaudet
518 940 576 986 et
592 929 835 987 adversis
855 946 1073 1001 semper
1095 931 1363 988 cumulata
1395 932 1497 988 sub
1517 932 1686 987 armis

282 1021 515 1080 Insidias
544 1021 742 1077 multas
767 1021 1002 1092 disponit
1028 1022 1241 1078 facto..:
1270 1021 1545 1090 frendens,

282 1116 493 1187 Perque
519 1116 679 1171 itiner
698 1116 891 1171 durum
914 1132 1029 1171 non
1056 1127 1235 1172 cessat
1254 1115 1400 1172 ferre
1430 1117 1717 1189 malignos,

281 1209 402 1274 Quo
434 1206 586 1262 labor
612 1194 846 1262 anet-nus
870 1206 1114 1277 requiem
1137 1223 1246 1263 non
1268 1214 1488 1276 praestat
1514 1209 1684 1263 eunti.

281 1302 392 1357 Sed
421 1300 649 1356 Domino
669 1308 866 1371 grates,
897 1300 1086 1356 melius
1113 1301 1257 1371 quod
1282 1309 1526 1372 tempore
1552 1310 1739 1358 nostro

281 1393 410 1448 Haec
430 1391 548 1448 loca
566 1406 668 1463 per
689 1391 975 1446 Dominum
1006 1400 1320 1447 meruerunt
1343 1392 1537 1462 gaudia
1568 1400 1720 1446 tanta

281 1481 532 1546 Sumere,
556 1496 657 1551 pro
680 1480 980 1550 priscisque
1006 1495 1176 1534 novos
1202 1488 1412 1536 mutare
1442 1482 1684 1538 colonos.

280 1572 420 1627 llinc
443 1586 637 1627 moneo
656 1578 887 1626 cunctos
909 1570 1054 1626 celso
1082 1571 1356 1626 cumulare
1381 1571 1611 1627 Tonanti

278 1660 593 1733 Magniﬁcas
611 1659 818 1727 laudes,
845 1660 1200 1730 manibusque
1220 1662 1287 1717 ad
1313 1662 1491 1718 sidera
1520 1664 1687 1719 tensis

277 1748 417 1809 Dent
439 1752 667 1807 Domino
692 1759 895 1822 grates,
922 1752 1088 1807 mittit
1111 1752 1202 1822 qui
1230 1752 1300 1809 ad
1322 1762 1443 1809 vota
1464 1755 1678 1825 piorum

277 1843 525 1914 Aligeras
545 1841 809 1905 volucres,
832 1838 1166 1912 jungentque
1187 1842 1256 1898 ad
1288 1852 1439 1914 septa
1462 1843 1647 1899 sacelli

276 1934 580 1989 innumeris
606 1934 861 2003 precibus
879 1934 1109 2004 sumptis
1133 1934 1202 1989 ad
1224 1933 1398 1989 sidera
1430 1942 1650 1989 tranant

278 2027 419 2082 Ante
440 2027 629 2092 Deum,
654 2042 777 2097 quae
804 2025 1015 2081 fuerant
1034 2027 1350 2097 pendentes,
1372 2042 1507 2097 quas
1533 2034 1714 2082 tamen
1747 2028 1861 2096 ipse

277 2117 505 2182 Pandat,
526 2116 572 2171 si
605 2116 781 2172 nullus
808 2117 1003 2186 poterit
1030 2131 1357 2189 cognoscere
1387 2125 1554 2173 certe.

276 2209 469 2264 Omnia
492 2209 624 2279 quid
657 2211 993 2265 memorem?
1022 2211 1244 2265 veniunt
1277 2226 1401 2266 cum
1432 2211 1554 2266 luce
1591 2210 1824 2266 ministri

278 2302 321 2355 Ε
345 2300 486 2356 caelo
516 2299 721 2369 superi,
754 2307 1081 2370 portantque
1112 2301 1180 2355 ad
1207 2301 1386 2357 sidera
1413 2310 1631 2357 sanctas

276 2391 405 2445 lude
434 2390 661 2456 animas,
690 2389 974 2445 Dominum
999 2391 1324 2461 laudantque
1356 2391 1410 2445 in
1433 2390 1554 2446 luce
1571 2391 1867 2458 micantes,

277 2479 690 2552 Florigerasque
717 2480 899 2535 levant
923 2481 1085 2550 capiti
1113 2481 1229 2537 sine
1254 2480 1360 2537 ﬁne
1391 2496 1643 2537 coronas.
1693 2502 1712 2535 ι

879 2593 1107 2651 CAPUT
1144 2592 1253 2650 VII.

308 2691 466 2760 Quod
491 2692 705 2746 nuntius
737 2689 1014 2744 adveniens
1041 2689 1267 2812 palstoris
1297 2696 1345 2743 et
1372 2688 1597 2759 fratrum
1626 2685 1824 2756 gaudia

846 2797 860 2810 .
942 2776 1099 2812 cumu
1122 2768 1197 2812 at.

846 2797 860 2810 .
942 2768 1197 2813 cumulat.

274 2853 430 2909 Talia
456 2853 580 2908 dum
608 2865 916 2907 memorans
936 2845 1201 2918 vatisjam
1231 2849 1451 2906 nuntius
1476 2847 1614 2913 inﬁt,

274 2943 485 2999 Gaudia
512 2956 707 3012 magna
736 2940 896 2994 Pater
918 2939 1169 3010 gaudenti
1199 2939 1255 2993 in
1280 2947 1497 3009 pectore
1519 2936 1718 3008 gaudet

278 3033 800 3101 Eandmund,’atque
820 3031 931 3086 Deo
954 3038 1132 3101 grates
1153 3030 1222 3085 ad
1244 3029 1421 3084 sidera
1448 3027 1643 3092 reddit,

278 3122 643 3192 Perfectisque
672 3136 798 3177 suos
824 3121 1032 3176 studuit
1054 3119 1293 3175 formare
1321 3117 1565 3187 loquelis,

276 3216 552 3282 Quatenus
574 3214 641 3269 ad
661 3213 826 3268 vitam
848 3213 1068 3284 cupiant
1087 3224 1379 3282 properare
1403 3211 1638 3274 beatam,

276 3305 335 3359 in
360 3303 511 3360 ctelis
538 3319 812 3375 nunquam
838 3303 1037 3373 poterit
1059 3318 1180 3374 quae
1204 3316 1422 3357 sumere
1448 3301 1628 3356 tinem.

277 3397 497 3453 Talibus
526 3404 682 3452 aucta
711 3396 869 3452 bonis
898 3398 1285 3453 monachorum
1323 3394 1487 3451 corda
1522 3393 1817 3454 virescunt,

276 3486 649 3557 lncipiuntque
668 3486 742 3558 pii
773 3501 893 3542 sese
917 3500 1252 3559 praecurrere
1262 3485 1503 3549 Christo,

275 3582 499 3638 Actibus
527 3589 582 3638 et
600 3582 783 3638 verbis
803 3590 858 3638 et
879 3583 1089 3638 cunctis
1117 3582 1364 3637 sensibus
1392 3580 1540 3635 almi.

275 3672 509 3740 Quidam
529 3688 655 3728 nam
677 3673 902 3740 cupiens
926 3673 1226 3726 insomnem
1255 3672 1452 3726 ducere
1478 3676 1711 3731 noctem,

274 3763 507 3819 Sanctus
540 3762 593 3815 in
623 3761 880 3831 precibus
910 3776 1016 3815 non
1042 3768 1220 3815 cessat
1247 3759 1467 3814 tendere
1488 3757 1712 3829 palmas.

272 3853 373 3910 Ast
401 3854 541 3909 alius
560 3852 785 3923 genibus
808 3850 1080 3906 tundendo
1101 3864 1374 3905 marmora
1398 3848 1600 3919 templi,

273 3946 537 4002 Noctibus
564 3945 618 4000 in
646 3944 836 4016 gelidis
864 3942 1057 3998 tolerat
1087 3943 1213 3997 dum
1244 3940 1462 4012 frigora,
1489 3942 1647 3996 durat

270 4038 489 4108 ignibus
521 4036 574 4090 in
611 4035 820 4101 mediis,
855 4034 1091 4106 ingentia
1121 4033 1322 4102 frigora
1350 4034 1501 4087 vitat.
1628 4032 1635 4038 '

274 4125 498 4182 Divitias
530 4124 667 4180 alius
690 4124 913 4194 cupiens
937 4122 1142 4193 partire
1171 4122 1426 4187 caducas,

275 4218 537 4275 Noctibus
561 4217 615 4271 in
643 4214 812 4270 furvis
836 4223 1048 4284 tempus
1070 4213 1343 4283 sapienter
1375 4222 1429 4268 et
1460 4214 1624 4268 horas

271 4308 504 4378 Cleptat,
532 4316 588 4361 et
617 4306 671 4360 in
698 4304 851 4361 caelis
878 4304 1130 4374 dispensa
1155 4302 1352 4358 talenta
1377 4304 1640 4361 recondit.

272 4401 372 4456 Ast
396 4399 534 4454 alius
556 4399 769 4453 miseris
795 4397 1037 4452 tribuens
1060 4396 1321 4452 solamina
1342 4397 1517 4467 panis,

274 4490 523 4546 Esuriem
548 4489 759 4560 patiens
781 4486 1025 4558 perferre
1045 4485 1259 4557 jejunis
1274 4495 1537 4541 sanctam.

274 4581 496 4638 Talibus
518 4587 782 4637 exornata
805 4579 983 4643 benis,
1016 4578 1069 4632 in
1094 4578 1345 4634 vestibus
1361 4576 1515 4633 albis

272 4669 497 4742 Inclyta,
520 4671 618 4726 sed
635 4671 787 4726 vario
812 4669 1011 4738 compti
1043 4669 1311 4739 permixta
1338 4667 1544 4724 colore»

272 4762 321 4819 A
340 4762 546 4819 dextris
565 4764 733 4833 Virgo
757 4769 812 4817 et
833 4762 1081 4817 Genitrix
1109 4770 1287 4819 astare
1307 4762 1541 4826 videtur,

274 4855 521 4912 [lectoris
549 4854 714 4910 caelos
741 4861 916 4909 terras
942 4869 1070 4923 quas
1086 4861 1141 4907 et
1166 4852 1387 4908 numine
1407 4860 1607 4923 portat.

861 4942 1092 5000 CAPUT
1129 4942 1260 4999 VIII.

307 5032 461 5099 Quod
497 5032 638 5102 facta
666 5034 803 5087 mira
829 5032 1007 5087 Patris
1033 5032 1193 5087 Uttan
1220 5034 1400 5104 paucis
1442 5042 1818 5088 memorantur.

273 5124 438 5179 Fama
465 5125 597 5179 citat
620 5123 802 5195 plures
818 5123 1114 5194 perfectam
1138 5125 1337 5181 ducere
1360 5126 1547 5190 vitam,

271 5214 445 5280 Quam
469 5211 630 5267 Pater
654 5195 975 5268 Eandmnnd
1000 5214 1272 5283 praecultis
1294 5214 1537 5270 maribus
1558 5222 1745 5270 ornat:

275 5304 314 5356 lt
342 5302 539 5371 quibus
557 5309 641 5356 est
662 5301 823 5358 Uttan
843 5315 871 5344 ι
890 5302 1156 5373 prmelaro
1184 5306 1403 5360 nomine
1421 5306 1619 5360 dictus.

272 5392 564 5466 Presbyter
588 5394 692 5450 iste
716 5392 817 5449 fuit
840 5394 1149 5451 Scottorum
1172 5405 1330 5469 gente
1349 5399 1561 5464 beatus,
1606 5402 1613 5408 '

268 5483 512 5556 Comptis
538 5486 631 5556 qui
658 5486 837 5557 potuit
860 5487 1003 5543 notis
1030 5503 1227 5545 ornare
1253 5489 1483 5557 libellos,

269 5574 448 5648 Atque
475 5578 688 5649 apicum
721 5579 956 5649 speciem
983 5581 1150 5636 vitam
1179 5583 1259 5639 sic
1287 5584 1463 5640 reddit
1490 5598 1779 5641 amoenam.

344 5720 370 5748 ι
410 5708 637 5766 Ultanus
675 5711 762 5767 hic
808 5711 947 5768 alius
973 5722 1057 5769 est
1099 5715 1166 5769 ab
1206 5714 1401 5771 Ultano
1447 5718 1619 5771 sancti
1663 5716 1851 5773 Fursei

273 5777 459 5849 fratre,
492 5781 677 5838 itidem
709 5780 968 5851 Hiberno,
996 5800 1063 5840 ex
1093 5784 1251 5841 dictis
1277 5803 1288 5839 :
1332 5786 1397 5842 de
1422 5803 1530 5858 quo
1557 5796 1737 5842 actum
1767 5798 1849 5845 est

1162 365 1601 426 ETHELVOLFI
1633 362 1920 424 CARMEN
1959 365 2049 423 DE
2085 369 2486 436 ABBATIBUS,
2525 370 2677 429 ETC.

1886 475 1937 535 Δ
1966 477 2080 535 Hac
2106 489 2223 535 arte
2250 482 2377 538 huic
2402 482 2579 538 nullus
2606 468 2781 554 potuit
2803 494 2862 537 se
2888 496 3102 550 mquare
3130 482 3421 539 moderans

3405 371 3537 428 1558

1966 570 2337 645 Scriptorum:
2369 590 2471 630 nec
2500 575 2697 629 mirum
2724 574 2936 631 Domini
2965 575 3011 629 si
3041 574 3166 629 talia
3194 574 3368 645 possit

1963 664 2170 732 Cultor,
2194 667 2245 722 ei
2270 665 2465 737 digitos
2490 676 2712 722 sanctus
2737 683 2860 723 eum
2880 664 3118 736 Spiritus
3138 673 3329 722 auctor

1966 754 2142 821 Rexit,
2176 765 2232 810 et
2254 757 2499 812 accendit
2530 765 2796 812 sacratam
2825 756 2891 812 ad
2920 754 3100 812 sidera
3128 764 3388 814 mentem.

1966 847 2064 902 llic
2087 847 2251 918 igitur
2279 848 2466 903 cellam
2489 847 2667 903 Patris
2692 848 2946 904 visitabat
2973 848 3157 912 amati,

1962 935 2205 992 Ctetibus
2230 937 2541 1008 ingrediens
2568 938 2725 992 almis
2751 953 2809 992 se
2842 937 3136 992 immiscuit
3170 937 3365 1003 almus,

1965 1027 2202 1084 Moribus
2240 1036 2295 1084 et
2320 1031 2525 1086 sanctis
2550 1030 2845 1086 monachos
2875 1028 3142 1085 formabat
3167 1039 3377 1086 acutus.

1965 1119 2226 1176 Sensibus
2253 1129 2307 1176 ct
2329 1122 2526 1185 verbis,
2556 1130 2611 1176 et
2630 1136 2813 1185 carne,
2843 1129 2898 1176 et
2916 1129 3134 1191 pectore
3162 1129 3365 1177 castus.

1964 1210 2204 1267 instituit
2229 1209 2424 1265 fratres
2452 1210 2663 1280 rapiant
2690 1220 2750 1265 ut
2777 1210 2980 1265 lumina
3009 1211 3173 1277 celsa,

1964 1302 2143 1372 Atque
2168 1302 2283 1358 Deo
2313 1302 2561 1357 studeant
2591 1303 2801 1357 cunctis
2829 1302 3034 1358 servire
3055 1302 3262 1365 diebus,
3344 1294 3351 1299 “

1964 1392 2203 1463 Corpore
2234 1408 2343 1464 quo
2368 1393 2579 1463 possint
2606 1400 2927 1463 praesentem
2954 1406 3177 1464 carpere
3206 1392 3392 1448 vitam.

1964 1486 2208 1555 Cumque
2233 1485 2342 1540 Deo
2367 1486 2570 1542 electus
2596 1485 2836 1557 perfecto
2863 1493 3102 1556 tempore
3128 1484 3318 1556 plenus

1965 1575 2153 1632 Annos
2176 1578 2523 1647 quamplures
2556 1578 2857 1634 celebraret
2885 1576 3010 1633 talia
3036 1575 3223 1643 frater,

1967 1666 2208 1723 Tandem
2237 1667 2514 1725 confectus
2542 1671 2693 1726 senio
2722 1686 2818 1726 sua
2847 1679 3087 1741 tempora
3114 1671 3349 1742 scriptor

1967 1757 2025 1812 ln
2055 1759 2249 1814 melius
2277 1767 2451 1815 mutat
2476 1775 2582 1815 non
2613 1770 2828 1816 mutans
2856 1762 3051 1830 gaudia
3076 1762 3222 1817 vitat.

1891 1822 1940 1882 Β
1966 1850 2209 1923 Cumque
2231 1850 2321 1906 diu
2351 1866 2547 1921 corpus
2576 1851 2897 1907 mordebant
2917 1852 3126 1907 viscera
3154 1860 3332 1917 terrae,

1964 1941 2006 1995 E
2033 1942 2238 1998 tumulo
2255 1941 2457 2013 placuit
2484 1943 2695 1999 cineres
2724 1942 2965 1998 relevare
2988 1941 3276 2017 fraternos.

1961 2034 2189 2089 Ossibus
2216 2034 2344 2089 hinc
2368 2032 2511 2097 lotis,
2542 2034 2828 2104 portabant
2852 2033 3013 2088 lintea
3043 2033 3243 2089 munda

1962 2123 2105 2180 Solis
2134 2125 2189 2180 in
2218 2134 2439 2195 aspectu
2469 2124 2711 2187 exuvias,
2744 2140 2871 2180 cum
2895 2124 3017 2179 luce
3045 2133 3265 2193 repente

1961 2213 2267 2270 Adveniunt
2294 2220 2539 2270 volucres
2566 2216 2814 2284 geminat,
2836 2231 2957 2286 quae
2984 2214 3149 2270 lintea
3176 2216 3375 2287 plantis

1960 2305 2293 2378 Contingunt
2317 2323 2331 2360 ε
2360 2306 2567 2377 pariter
2594 2307 2747 2361 vario
2775 2307 3041 2377 permixta
3072 2307 3254 2363 colore

1962 2399 2135 2470 Terga
2158 2399 2390 2456 verenda
2417 2400 2610 2463 nitent,
2638 2398 2977 2457 modulantes
3005 2402 3245 2456 carmina
3277 2403 3488 2467 rostris,

1959 2489 2264 2545 Concinunt
2286 2489 2524 2559 pulchra:
2550 2490 2796 2546 miranda
2833 2491 2900 2547 ad
2928 2492 3119 2562 gaudia
3148 2492 3379 2558 cunctis,

1960 2579 2183 2650 insuper
2213 2588 2381 2649 atque
2402 2579 2524 2635 aliis
2557 2589 2802 2636 sanctum
2831 2582 3068 2637 calvaria
3093 2582 3292 2638 velant.

1962 2669 2161 2739 Sicque
2189 2669 2329 2724 diem
2361 2676 2527 2724 totam
2561 2684 2669 2724 non
2703 2678 2922 2744 cessant
2948 2671 3161 2727 ossibus
3191 2672 3319 2741 ipsa:

1961 2756 2206 2813 Oilicium
2234 2768 2495 2830 praestare
2522 2760 2645 2829 piis,
2679 2767 2734 2815 et
2759 2761 3006 2816 cantibus
3032 2761 3166 2816 odas

1961 2848 2211 2921 Fundere
2237 2850 2596 2921 perpulchris,
2625 2851 2797 2906 donec
2824 2852 3157 2907 absterserat
3182 2866 3401 2907 omnem

1862 3012 1871 3019 ο
1955 2915 2079 2994 Ϊλιιχ
2104 2915 2556 3012 solis—lympham,
2583 2941 2915 3010 exuviasque
2934 2932 3174 2997 exsiccat
3196 2942 3264 2996 ab
3290 2940 3468 2995 undis.

1963 3029 2098 3085 Tum
2118 3028 2291 3085 frater
2310 3030 2548 3099 quidam,
2572 3030 2748 3086 media
2777 3046 2900 3086 cum
2928 3032 3120 3087 mortis
3146 3032 3202 3085 in
3222 3031 3437 3096 umbra,
3460 3074 3465 3079 .

1965 3119 2229 3190 Tempore
2252 3119 2512 3174 nonnullo
2533 3116 2718 3184 iacuit,
2750 3134 2848 3174 sua
2876 3134 3104 3188 corpora
3132 3121 3380 3176 morbus

1977 3166 2227 3190 _----,---
2252 3166 2507 3174 mm---"
2536 3166 2718 3184 ._-_--,
2751 3166 2848 3174 --π
2880 3166 3104 3188 ---νη
3133 3166 3352 3176 ---..----

1881 3166 1932 3230 θ
1965 3209 2206 3274 Sorbuit,
2231 3216 2289 3264 et
2307 3210 2513 3264 nullum
2543 3210 2716 3279 potuit
2739 3224 3080 3264 commovere
3106 3210 3449 3275 membrum,.

1962 3301 2202 3371 Excepto
2225 3301 2421 3371 linguae
2446 3301 2671 3370 plectro,
2696 3314 2819 3368 quae
2842 3300 3005 3354 verba
3033 3314 3228 3355 sonare

1966 3388 2068 3447 Vix
2090 3391 2282 3462 potuit,
2313 3405 2484 3459 puero
2509 3389 2772 3459 languens
2802 3388 2929 3444 hinc
2959 3388 3084 3443 talia
3114 3387 3286 3443 fatur:

1966 3499 1987 3531 ι
2015 3479 2217 3545 Curre,
2240 3490 2475 3548 rogoque
2502 3476 3006 3534 Patrismemorare
3031 3477 3225 3535 aﬂ'erre
3257 3479 3560 3543 lacertum.

1960 3568 2189 3638 Pingcre
2211 3583 2318 3637 quo
2342 3567 2554 3623 Domini
2584 3568 2780 3623 meruit
2799 3565 2913 3636 jam
2944 3570 3176 3640 mystica
3207 3571 3391 3635 verba,

1961 3660 2080 3727 Quo
2109 3660 2357 3730 signante
2384 3654 2579 3729 queam
2608 3672 2846 3729 praesens
2874 3659 3048 3714 vitare
3075 3660 3359 3729 periclum,

1967 3749 2065 3804 Vel
2095 3747 2284 3804 saltem
2309 3748 2518 3802 meritis
2544 3747 2715 3802 sancti
2752 3762 2872 3801 mea
2899 3748 3128 3802 crimina
3155 3746 3408 3802 Christus

1963 3839 2185 3896 Solvere
2211 3840 2479 3910 dignetur,
2512 3839 2557 3894 si
2584 3838 2831 3894 addictus
2859 3836 3047 3893 funera
3076 3839 3265 3894 mortis

1960 3929 2344 4002 lngrediarque
2365 3930 2505 3985 viam
2527 3945 2740 3987 merear
2760 3930 3122 3986 conscendere
3141 3929 3285 3985 vitm.
3310 3951 3328 3983 ι

1965 4021 2153 4077 Paruit
2182 4022 2271 4078 ille
2297 4038 2538 4095 puerque
2563 4023 2632 4079 ad
2657 4023 2824 4080 lintea
2851 4032 3040 4079 sancta
3062 4023 3327 4080 cucurrit.

1962 4114 2154 4172 Aufert
2180 4116 2306 4171 inde
2331 4117 2480 4188 pium
2505 4116 2813 4188 munusque
2840 4124 3091 4189 apportat
3126 4116 3181 4172 in
3209 4115 3371 4172 ulnis.

1960 4209 2035 4266 Os
2062 4209 2228 4279 capiti
2257 4209 2537 4264 admotum
2561 4209 2844 4265 morientis
2862 4208 3052 4264 funera
3075 4206 3263 4273 solvit,

1960 4300 2138 4369 Atque
2167 4299 2391 4354 medens
2415 4315 2622 4371 agrum
2651 4307 2808 4355 curat
2832 4300 3033 4354 virtute
3057 4311 3310 4366 superna.
3336 4340 3343 4346 .

1957 4376 2227 4447 Continuo
2252 4403 2553 4460 exsurgens
2578 4388 2828 4443 ﬁrmatus
2850 4389 3050 4444 robore
3077 4394 3249 4450 tanto,

1885 4512 1936 4572 Ι,
1963 4483 2034 4539 Ut
2061 4482 2338 4572 medicum!
2353 4480 2524 4572 possit
2551 4479 2836 4535 medicans
2849 4485 3069 4572 portare
3095 4476 3421 4572 medentem,
3448 4523 3461 4531 η.

1960 4573 2141 4627 Laetus
2167 4581 2224 4626 et
2250 4570 2374 4626 inde
2394 4569 2873 4625 volansrectorem
2902 4566 2972 4622 ad
2995 4566 3162 4622 lintea
3189 4566 3348 4632 tollit,

1957 4663 2134 4731 Atque
2162 4660 2272 4715 Deo
2301 4669 2480 4731 grates
2509 4658 2801 4728 redditpro
2829 4664 3252 4713 muneretanto.

1955 4750 2030 4805 At
2049 4764 2254 4806 cuneus
2283 4749 2514 4803 fratrum
2545 4762 2829 4803 numerum
2857 4755 3169 4803 contractus
3197 4746 3255 4800 in
3277 4761 3466 4812 unum,
3503 4792 3508 4797 .

1955 4840 2089 4896 Ossa
2110 4847 2296 4895 sancta
2320 4838 2397 4910 pii
2416 4844 2596 4908 portat
2622 4839 2723 4893 sub
2749 4836 2983 4892 culmine
3010 4836 3218 4907 templi.

1957 4932 2095 4989 Tum
2120 4931 2367 4988 volucres
2395 4930 2624 4987 modulze
2651 4931 2960 4986 immiscent
2985 4944 3045 4986 se
3073 4929 3309 4985 nubibus
3335 4928 3480 4991 altis,
3512 4976 3519 4981 .

1954 5026 2324 5096 Aspcctusque
2352 5022 2632 5080 hominum
2659 5037 2758 5093 per
2786 5030 2897 5078 tota
2928 5031 3172 5093 tempora
3198 5021 3393 5078 vitant.

1954 5121 2214 5177 Cantibus
2241 5120 2448 5175 interea
2468 5117 3017 5175 cinerescmuduntur
3042 5116 3099 5171 in
3135 5114 3301 5172 almis

1955 5211 2268 5268 Visceribus
2296 5210 2465 5266 thecae
2496 5227 2509 5263 :
2536 5208 2900 5281 gaudenssed
2926 5206 3149 5278 spiritus
3176 5206 3288 5263 alta

1952 5303 2074 5361 Jam
2093 5319 2257 5376 super
2275 5310 2419 5360 astra
2440 5309 2640 5366 manet,
2656 5302 2939 5357 Dominum
2954 5316 3054 5373 per
3069 5300 3268 5357 saecula
3286 5299 3532 5357 laudans.

2549 5392 2778 5449 CAPUT
2832 5392 2924 5447 IX.

2266 5484 2345 5539 De
2375 5481 2671 5554 Fridegilso
2702 5481 2971 5538 sacerdote
2998 5480 3212 5538 Christi.

1950 5579 2104 5634 Alter
2129 5586 2247 5633 erat
2273 5575 2458 5641 frater,
2483 5574 2748 5645 Fridegils
2775 5574 3095 5644 cognomine
3123 5574 3322 5642 dictus,

1951 5717 2004 5771 in
2033 5713 2238 5769 Sazculo
2260 5727 2339 5783 in,
2373 5711 2660 5783 inscriptus
2706 5709 3087 5783 Martyrologio
3124 5709 3549 5771 Benedictino&

1951 5784 2194 5855 Augusti.
2229 5782 2378 5840 Unde
2408 5779 2617 5838 constat
2646 5782 2761 5837 haec
2782 5779 2897 5838 dies
2911 5783 2947 5838 ?~
