4020 6170
595 319 734 380 ,εδδ
1415 321 1682 378 EBEDOC
1723 309 2358 378 ETETHELV’OLFUS
2393 315 2708 376 ABBATES
2746 321 3044 378 HlDERNl.
3464 371 3473 382 .
3670 337 3770 394 ηδε

591 437 881 506 Presbyter
906 443 1067 503 atque
1093 433 1203 488 Deo
1231 448 1363 504 pura
1393 449 1517 487 cum
1547 442 1728 488 mente
1758 429 2012 486 sacerdos
2041 483 2056 501 ,

590 527 810 582 Munera
840 527 977 579 mira
1006 534 1162 594 parat
1187 543 1198 578 :
1225 523 1434 578 fumant
1458 524 1649 578 altaria
1675 523 1848 588 donis,

590 615 993 688 Magnificisque
1015 615 1189 668 virum
1214 614 1455 670 exaltant
1490 629 1652 684 super
1680 621 1827 667 astra
1858 612 2096 666 beatum.

588 710 689 766 Hic
720 708 966 765 doctrina
996 707 1156 763 simul
1180 706 1442 775 factisque
1470 721 1565 776 per
1589 705 1769 760 omnia
1799 704 1989 768 mirus,

588 804 793 858 Enituit
838 816 1028 872 magna
1060 801 1378 855 meritorum
1411 801 1583 870 gratia
1613 807 1880 869 comptus.

588 894 806 948 Talibus
839 900 997 948 aucta
1027 891 1158 946 viris
1195 892 1582 946 monachorum
1612 889 1806 959 gaudia
1834 887 2060 958 pollent,

587 987 934 1056 Pastorisque
959 984 1086 1040 boni
1117 983 1397 1038 vernantia
1427 989 1549 1037 vota
1573 982 1872 1037 virescunt.

1208 1073 1434 1129 CAPUT
1475 1074 1546 1128 Χ.

968 1166 1044 1221 De
1069 1166 1233 1236 fratre
1263 1164 1517 1221 Cuicuino
1544 1165 1789 1235 ferrario.

584 1257 827 1313 Miriﬂcis
852 1255 1076 1312 fratrem
1105 1256 1264 1311 liceat
1300 1269 1606 1310 memorare
1634 1253 1882 1322 loquelis,

582 1349 780 1404 Ferrea
806 1349 897 1419 qui
925 1348 1193 1403 domitans
1220 1346 1393 1417 potuit
1421 1343 1658 1400 formare
1689 1343 1927 1407 metalla,

581 1441 927 1509 Diversisque
961 1438 1136 1492 modis
1161 1438 1376 1507 sapiens
1405 1436 1598 1491 incude
1625 1437 1910 1490 subactum

581 1531 806 1586 Malleus
831 1531 882 1583 in
914 1529 1118 1584 ferrum
1152 1529 1356 1600 peditat
1389 1526 1650 1583 stridente
1680 1528 1912 1582 camino.

581 1623 873 1677 Cuicuinus
905 1621 994 1676 hic
1017 1621 1192 1676 fuerat
1223 1621 1482 1690 genitoris
1513 1635 1642 1675 cura
1664 1628 1901 1675 vocatus.

580 1715 736 1770 llunc
765 1713 1042 1770 hominem
1065 1714 1176 1767 vita
1203 1713 1515 1767 meritorum
1538 1712 1712 1780 gratia
1742 1714 1928 1775 donat,

576 1809 753 1878 Atque
784 1823 910 1864 suos
939 1807 1143 1863 claram
1177 1821 1374 1876 magno
1405 1805 1675 1860 redimivit
1704 1805 1930 1859 honore.

579 1899 819 1954 Crimina
849 1904 1042 1952 cuncta
1066 1898 1191 1965 pius
1213 1903 1363 1952 casto
1387 1896 1452 1950 de
1474 1909 1700 1964 corpore
1729 1893 1900 1964 pellit,

578 1991 798 2047 Viribus
821 1999 873 2045 et
901 1991 1027 2048 totis
1059 1990 1260 2048 Christi
1292 1997 1560 2059 praecepta
1587 1988 1780 2059 sategit

2199 427 2249 486 Α
2275 425 2351 482 Ac
2386 429 2547 485 timor
2585 431 2881 490 immensus
2905 435 3152 504 quatiens
3178 437 3452 509 vultusque
3485 443 3688 504 minaces

2272 521 2378 574 Per
2415 524 2937 586 tenebrasanimam
2977 530 3251 584 terrebant
3287 533 3487 601 agmine
3505 535 3663 605 spisso,

2275 614 2620 685 Diversisque
2645 617 2819 673 modis
2857 620 3132 688 agitabant
3167 623 3378 678 turbida
3398 623 3568 684 ﬂabra.

2275 703 2514 775 Cumque
2544 707 2635 764 diu
2675 709 2916 779 trepidus
2953 725 3052 780 per
3078 713 3261 768 tristes
3288 713 3367 770 ire
3382 716 3641 789 phalanges

2276 793 2514 866 Cogitur,
2544 799 2598 850 in
2637 799 2816 854 subito
2835 798 3022 855 nitidis
3059 816 3177 870 quae
3214 803 3444 859 vultibus
3461 805 3545 861 olli

2271 886 2584 958 Apparuere
2605 892 2728 956 viri,
2772 901 2958 947 tenero
2984 909 3119 963 quos
3155 911 3382 966 corpore
3416 907 3556 953 natos

2273 981 2391 1036 Jam
2431 985 2650 1038 morbus
2682 985 2953 1054 quondam
2991 987 3116 1043 vita:
3152 989 3379 1044 detrusit
3397 989 3460 1044 ab
3494 991 3591 1045 oris

2272 1074 2526 1129 Instantis
2551 1074 2748 1131 tinctos
2783 1092 2975 1146 nuper,
3014 1079 3110 1132 sed
3135 1079 3242 1133 vita
3271 1080 3425 1135 beata

2271 1163 2424 1220 Albis
2454 1165 2669 1220 indutos
2705 1168 2971 1238 gremium
2994 1171 3264 1240 protraxit
3289 1171 3342 1226 in
3380 1173 3552 1228 altum.

2273 1255 2368 1311 llis
2407 1257 2568 1328 igitur
2588 1258 2736 1322 visis,
2769 1260 2949 1314 animo
2986 1260 3324 1316 constantior
3349 1278 3464 1317 esse
3621 1245 3625 1250 ’

2271 1349 2543 1418 Cmperat,
2571 1360 2626 1405 et
2656 1351 2811 1406 hctus
2837 1353 3048 1422 pariter
3072 1355 3363 1408 comitatus
3382 1355 3595 1420 eosdem,
3685 1360 3687 1362 ’

2269 1441 2382 1496 Ibat
2421 1443 2488 1496 ad
2503 1443 2786 1513 judicium,
2822 1451 3026 1513 praetor
3055 1444 3200 1512 quod
3224 1445 3482 1500 maximus
3496 1446 3620 1503 omni

2269 1535 2579 1604 Egredienti
2613 1535 2806 1589 anima:
2831 1535 3090 1590 discernit
3110 1536 3329 1590 sedibus
3350 1536 3482 1590 altis.

2268 1627 2422 1681 IIunc
2449 1627 2672 1698 genibus
2699 1625 2850 1681 ﬂexis
2880 1627 3078 1696 rogitat
3100 1627 3303 1696 pietate
3329 1627 3568 1694 modesta,

2268 1718 2340 1774 Ut
2377 1719 2479 1773 sibi
2507 1733 2613 1773 non
2640 1718 2800 1786 digno
2827 1719 3042 1772 veniam
3073 1719 3320 1772 donaret.
3359 1717 3427 1772 At
3454 1719 3534 1774 ille

2196 1775 2242 1835 Β
2270 1807 2500 1864 Sedibus
2525 1824 2556 1864 e
2585 1775 2810 1866 suminis
2846 1809 3184 1880 respondens
3204 1809 3331 1864 talia
3353 1808 3502 1865 fatur.

2272 1919 2290 1951 ι
2339 1899 2472 1957 Cum
2508 1910 2567 1956 tu
2607 1902 3008 1973 transgrediens
3044 1917 3328 1972 praeponas
3351 1904 3504 1956 verba
3520 1903 3707 1967 marite,

2267 1990 2383 2046 Non
2412 1999 2688 2061 pactaeque
2709 1992 2868 2048 fidem
2903 1992 3144 2051 thalamo
3181 1993 3437 2048 servando
3462 1993 3678 2063 fugasses,

577 2083 836 2154 Corpore,
871 2091 1069 2150 mente,
1101 2098 1284 2148 manu,
1317 2090 1371 2136 et
1397 2081 1607 2140 cunctis
1633 2096 1756 2139 cum
1787 2080 2035 2135 sensibus
2060 2093 2166 2134 una
2266 2079 2376 2134 Cur
2406 2081 2504 2135 tibi
2527 2097 2671 2137 nunc
2706 2083 2922 2138 veniam
2949 2081 3145 2152 gelidae
3167 2085 3265 2138 sub
3294 2091 3516 2154 tempora
3544 2084 3705 2144 mortis,

576 2175 746 2232 Nocte
772 2177 967 2246 dieque
993 2174 1153 2231 simul
1177 2189 1396 2230 servare
1423 2193 1435 2230 :
1469 2175 1536 2228 ad
1565 2174 1763 2244 gaudia
1791 2189 1914 2227 vera

575 2264 815 2332 lEstuat,
846 2275 1011 2336 atque
1037 2281 1192 2322 suum
1215 2273 1481 2335 quiestum
1506 2265 1828 2334 conquirere
1853 2264 2045 2334 palmis

573 2356 694 2411 Jam
724 2355 952 2428 cupidus
982 2356 1170 2411 tribuit
1191 2355 1404 2410 miseris
1424 2355 1652 2426 largitus
1671 2355 1874 2424 egenis.

575 2449 718 2516 Quin
751 2458 895 2505 totos
919 2463 1133 2516 semper
1157 2446 1358 2518 perfert
1386 2447 1594 2518 jejunia
1621 2446 1783 2511 soles,

577 2542 903 2597 Sanctorum
933 2542 1144 2598 Domini
1170 2541 1335 2596 veluti
1360 2540 1619 2596 solemnia
1649 2541 1869 2605 triccnt,

577 2633 880 2689 Nocturnos
901 2633 1098 2689 fratres
1129 2633 1298 2690 sacris
1325 2634 1680 2688 concentibus
1717 2633 1949 2702 hymnos

573 2725 712 2781 Dum
754 2724 1050 2789 celebrant,
1077 2739 1374 2792 rursusque
1397 2739 1524 2779 suas
1550 2723 1777 2777 visitare
1807 2723 2018 2790 quietas

571 2815 840 2884 Incipiunt
867 2813 1084 2878 fratres,
1122 2823 1453 2870 memoratus
1471 2822 1623 2885 septa
1651 2815 1836 2870 sacelli

571 2905 926 2975 lncoluitque,
956 2904 1070 2960 suis
1090 2920 1196 2958 non
1219 2905 1394 2972 parcit
1422 2905 1648 2961 tundere
1669 2905 1930 2960 membris

573 2996 863 3062 Marmora,
889 3012 1054 3066 seque
1079 2997 1188 3052 Deo
1211 2997 1498 3068 diligenter
1525 3000 1747 3054 mandat
1775 2999 1843 3053 ad
1863 3006 2030 3053 astra.

571 3088 642 3145 Et
662 3104 852 3145 rursus
886 3087 1084 3145 fratres
1103 3090 1326 3144 veniunt
1349 3105 1473 3146 cum
1498 3089 1702 3145 lumine
1736 3089 1948 3153 Phoebi,

573 3180 646 3255 Se
680 3181 932 3251 precibus
953 3181 1178 3251 cupiunt
1203 3182 1429 3238 Domino
1452 3183 1713 3238 mandare
1732 3181 1988 3252 profusis.

570 3271 814 3328 Cmtibus
837 3272 928 3326 hic
953 3272 1156 3328 sanctis
1176 3271 1495 3341 conjunctus
1525 3273 1706 3329 dicere
1732 3273 1971 3344 psalmos

573 3361 736 3417 Dulce
764 3362 972 3427 habuit,
1009 3377 1128 3418 sese
1151 3363 1380 3419 Domino
1413 3364 1772 3430 commendat,
1814 3374 1869 3420 et
1895 3367 2071 3422 omnis

570 3451 707 3514 llinc
728 3452 1011 3506 matutinis
1048 3453 1331 3522 completis
1361 3470 1524 3523 quam
1558 3455 1696 3510 bene
1721 3455 1942 3524 psalmis

568 3542 836 3598 Continuo
871 3542 1111 3598 insonuit
1141 3544 1415 3613 percussis
1438 3545 1577 3600 cudo
1600 3544 1833 3600 metallis

569 3633 812 3700 Malleus,
835 3641 889 3689 et
910 3649 1106 3689 vacuas
1130 3633 1362 3691 volitans
1389 3649 1512 3690 cum
1537 3634 1792 3690 verberat
1818 3649 1997 3690 auras.

565 3723 684 3782 Jam
722 3739 933 3780 cumam
961 3723 1184 3779 fratrem
1211 3724 1460 3794 peditans
1493 3725 1680 3780 caldor
1698 3741 1792 3780 eos
1817 3735 1996 3781 ornat.

566 3816 718 3870 Talia
753 3817 881 3871 dum
903 3825 1123 3872 sanctus
1148 3833 1312 3886 quam
1339 3818 1525 3874 multis
1543 3828 1786 3888 gesserat
1810 3820 1988 3882 annis,

563 3907 807 3962 Tandem
839 3908 1156 3976 promeruit,
1195 3917 1390 3964 cuncto
1417 3917 1666 3964 cessante
1697 3909 1904 3965 labore.

563 3999 646 4058 Ad
666 3998 908 4067 requiem
937 3997 1065 4053 felix
1092 3997 1258 4053 frater
1283 3999 1517 4055 transire
1537 4001 1778 4057 beatam.

565 4090 699 4145 Nam
727 4089 872 4146 vires
896 4088 1132 4144 validum
1165 4100 1364 4145 vexant
1391 4091 1520 4146 dum
1539 4106 1768 4161 corpore
1799 4094 1992 4156 morbi,

560 4180 681 4235 Jam
707 4181 907 4235 chorus
943 4194 974 4236 e
998 4179 1136 4235 caelo
1165 4181 1385 4240 veniens
1405 4196 1529 4236 cum
1551 4181 1669 4237 luce
1695 4198 1972 4248 coruscus,

560 4271 800 4327 Pastoris
826 4272 1017 4327 cellam
1045 4280 1302 4344 properat
1331 4273 1554 4329 visitare
1579 4274 1742 4339 beati,

559 4364 734 4432 Atque
761 4363 998 4418 animam
1016 4370 1166 4419 casto
1191 4371 1400 4418 castam
1428 4364 1494 4420 de
1514 4379 1743 4436 corpore
1755 4377 1994 4430 sumunt,

560 4454 843 4524 Splenduit
871 4455 958 4510 hic
991 4455 1219 4510 nimium
1245 4454 1636 4526 superansjam
1675 4455 1880 4512 lumina
1919 4457 2070 4523 solis,

558 4544 800 4614 Cumque
823 4547 990 4601 choro
1015 4545 1246 4600 volitans
1277 4561 1501 4616 superas
1525 4547 1830 4615 penetravit
1872 4546 1926 4600 in
1968 4561 2143 4602 arces.

557 4631 853 4695 {Ethuinus
879 4635 994 4689 haec
1021 4636 1317 4692 monachus
1349 4637 1476 4692 dum
1497 4636 1689 4700 cernit,
1718 4636 1898 4692 dicere
1923 4647 2105 4707 grates

555 4723 767 4794 Incipit,
798 4733 959 4794 atque
984 4726 1222 4787 animam
1249 4727 1478 4784 Domino
1510 4727 1854 4786 commendat
1891 4728 1942 4782 in
1973 4736 2142 4785 astra.

558 4818 702 4888 Ergo
731 4817 822 4872 ubi
858 4817 1136 4873 transeelsi
1167 4819 1534 4876 conscendunt
1562 4819 1744 4873 limina
1777 4819 1925 4885 solis,

558 4908 799 4978 Angelici
823 4909 980 4965 cunei
1009 4908 1345 4964 modulantes
1367 4909 1629 4974 carmina,
1654 4910 1849 4966 coelum

553 4998 837 5055 Clauditur
857 4999 1130 5069 extemplo
1159 5016 1171 5052 :
1203 4999 1444 5068 requiem
1465 5009 1684 5069 captare
1708 5015 2000 5070 perennem

555 5093 690 5154 llinc
715 5095 895 5148 anima
929 5094 1246 5164 ingreditur,
1276 5095 1444 5150 castis
1481 5095 1727 5150 immixta
1757 5097 2031 5168 maniplis.

1166 5185 1395 5241 CAPUT
1436 5186 1525 5242 XI.

622 5279 698 5333 De
711 5279 877 5350 fratre
896 5279 987 5352 qui
1008 5281 1072 5334 de
1098 5297 1259 5336 carne
1285 5281 1474 5336 ductus
1500 5283 1690 5337 iterum
1716 5285 2069 5345 reviviscebat.

554 5370 740 5426 Frater
763 5379 881 5426 erat
911 5371 1132 5442 quidam
1163 5379 1363 5427 sancta:
1397 5373 1496 5429 sub
1525 5373 1766 5445 regmine
1793 5375 1960 5439 cellae,

551 5462 632 5515 Ad
659 5463 912 5518 sarculum
938 5463 1180 5529 illustris,
1211 5465 1388 5520 dictus
1424 5466 1745 5535 cognomine
1771 5465 2066 5533 Merchdof,

549 5549 936 5620 Tempore‘cui
973 5555 1205 5621 quodam
1245 5553 1474 5624 languor
1513 5556 1638 5610 dum
1679 5571 1906 5625 corpora
1947 5569 2104 5614 vexat

553 5642 841 5713 Egrediens
880 5645 1077 5698 mundo
1114 5660 1306 5714 passus
1345 5648 1617 5716 componit
1657 5648 1709 5702 in
1749 5649 1860 5703 oris

556 5736 666 5792 Neu
706 5736 852 5791 notis
889 5734 1082 5808 pavido
1122 5753 1135 5790 :
1171 5735 1380 5791 fervent
1403 5740 1698 5817 penetralia
1738 5743 1937 5807 cordis,

2267 2170 2367 2225 llic
2391 2171 2551 2226 tribui
2580 2172 2776 2242 poscis,
2809 2173 2980 2228 veniae
3007 2189 3116 2244 quo
3160 2182 3397 2242 tempora
3422 2185 3515 2228 non
3533 2172 3660 2226 sunt?
3679 2191 3694 2222 ι

2264 2262 2363 2317 Ast
2399 2263 2553 2331 pueri
2579 2262 2730 2318 ﬂexis
2756 2264 2981 2334 genibus
3005 2265 3209 2336 pietate
3244 2265 3469 2320 vicissim

2265 2352 2347 2408 Ad
2381 2353 2596 2408 veniam
2625 2355 2798 2424 patris
2823 2370 3106 2424 procerem
3150 2356 3384 2411 vocitare
3407 2355 3648 2426 parabant.

2264 2443 2355 2499 Ille
2393 2447 2488 2502 sed
2519 2446 2750 2502 immitis
2775 2445 3052 2502 dominam
3075 2449 3307 2506 visitare
3337 2448 3554 2516 iubebat.

2263 2532 2580 2605 Judicioque
2610 2551 2708 2592 suo
2732 2536 2946 2592 veniam
2970 2537 3058 2591 vel
3081 2553 3302 2592 sumere
3327 2552 3524 2608 poenam

2262 2627 2536 2698 Coniugis.
2570 2629 2668 2683 Ast
2697 2630 2850 2699 pueri
2872 2629 3068 2699 pavido
3089 2629 3383 2685 comitante
3407 2626 3577 2682 marito

2262 2718 2382 2776 Jam
2404 2720 2599 2790 trepidi
2628 2720 2852 2774 nimium
2883 2729 3186 2792 properant
3218 2720 3285 2774 ad
3306 2720 3434 2775 lecta
3468 2719 3651 2780 maritis,

2262 2808 2502 2865 Candida
2537 2823 2700 2879 quam
2737 2809 2969 2885 multum
2995 2809 3168 2864 celsis
3187 2809 3254 2864 ad
3291 2808 3454 2863 sidera
3479 2806 3618 2862 muris
3647 2875 3650 2878 ξ

2263 2900 2458 2958 Montis
2479 2901 2534 2955 in
2559 2916 2685 2956 arce
2701 2900 2803 2971 pia:
2839 2909 3152 2956 monstrant
3179 2900 3443 2957 cenacula
3464 2904 3625 2967 nuptas.

2261 2989 2564 3060 Ingreditur
2591 2990 2802 3060 genitor
2823 2991 2964 3045 natis
2999 2992 3386 3054 comitantibus
3418 2989 3543 3052 altis,

2187 3119 2232 3180 Ο
2264 3081 2480 3136 Corruit
2503 3089 2558 3137 et
2573 3081 2786 3151 mulier,
2822 3089 2979 3138 natos
3001 3083 3136 3139 dum
3173 3081 3344 3139 cernit
3363 3081 3543 3144 ocellis,

2262 3173 2414 3242 Eque
2443 3174 2604 3230 domu
2634 3174 2854 3230 mandat
2878 3174 3147 3244 pellacem
3178 3183 3383 3230 vertere
3413 3185 3608 3244 gressus.

2257 3265 2315 3319 In
2339 3265 2534 3321 faciem
2568 3274 2816 3322 sanctam
2841 3268 3106 3323 ruitantes
3136 3277 3375 3338 tempora
3399 3275 3536 3330 naue,

2256 3355 2501 3412 Fletibus
2539 3357 2913 3424 immadidant,
2949 3359 3087 3414 iram
3110 3374 3365 3430 gemuere
3383 3365 3617 3430 paventes,

2253 3435 2554 3506 Obsecrant
2583 3463 2598 3504 :
2636 3469 2654 3502 ‹
2677 3460 2874 3518 mater,
2900 3452 3058 3507 nobis
3087 3453 3362 3515 miserere,
3393 3461 3642 3523 precamur.

2255 3542 2647 3612 Conjunctique
2674 3544 2753 3598 tui
2781 3543 2990 3598 meritis
3024 3545 3148 3600 sine
3173 3544 3392 3600 crimine
3425 3541 3566 3598 solve.
3595 3557 3611 3590 ι

2256 3637 2485 3692 Sedibus
2507 3652 2538 3692 e
2561 3636 2786 3690 summis
2807 3636 3035 3690 radianti
3065 3637 3271 3694 lumine
3291 3636 3510 3690 vibrans.

2254 3728 2508 3782 Vestibus
2541 3727 2806 3796 aurigeris
2827 3727 2881 3781 in
2906 3733 3017 3781 toto
3037 3742 3268 3797 corpore
3291 3725 3458 3796 plena,

2254 3816 2474 3873 Semina
2512 3817 2831 3886 corripiens,
2869 3816 3114 3891 despexit
3145 3815 3252 3870 fata
3279 3813 3465 3870 mariti.

2258 3928 2276 3959 ι
2323 3909 2433 3964 Cur
2463 3917 2519 3964 tu
2546 3908 2707 3963 stulte
2744 3907 2904 3963 fidem
2927 3916 3216 3978 corruptus
3237 3907 3638 3977 corpure,mente.

2252 3999 2410 4054 Irrita
2423 4007 2544 4054 vota
2569 3979 2782 4068 gerens,
2812 3997 3062 4069 copulam
3093 3999 3409 4070 conjungere
3427 3995 3549 4050 natis

2250 4092 2431 4147 Ausus
2457 4105 2580 4147 eras
2607 4091 2877 4157 thalamis,
2912 4092 3193 4146 maculans
3209 4100 3295 4145 tua
3311 4088 3526 4144 membra
3537 4073 3730 4137 secundis.

2251 4181 2478 4236 Fmdera
2509 4197 2630 4236 cum
2651 4181 2902 4237 manibus
2940 4181 3156 4236 Domini
3177 4196 3272 4251 per
3290 4177 3488 4234 nomina
3513 4165 3662 4227 summi

2253 4269 2391 4327 Ante
2421 4272 2564 4327 diem
2594 4272 2785 4326 mortis
2809 4270 3093 4327 formando
3118 4271 3283 4342 gessit
3315 4277 3517 4336 uterque

2252 4366 2619 4421 Postmortem
2643 4366 2868 4422 alterius
2889 4375 3106 4422 maneat
3130 4366 3271 4437 quod
3299 4361 3519 4420 criminis
3531 4344 3727 4423 expers“

2171 4468 2228 4535 υ
2253 4456 2514 4512 Obstruso
2531 4457 2702 4512 tacuit
2734 4472 2843 4512 non
2865 4457 2971 4513 laeti
2996 4457 3234 4526 pectoris
3258 4469 3350 4510 ore

2256 4550 2364 4615 Vir,
2395 4549 2727 4619 pavidusque
2749 4564 2914 4604 ruens
2941 4547 3228 4604 confestim
3245 4547 3436 4616 lingere
3459 4547 3618 4592 terram

2246 4644 2459 4714 Incipit,
2482 4651 2537 4698 et
2563 4642 2754 4698 faciem
2778 4641 3052 4712 perfundit
3073 4642 3288 4697 ﬂetibus
3304 4649 3498 4695 omnem

2250 4734 2341 4788 Illa
2382 4734 2476 4788 sed
2505 4733 2858 4803 ingeminans,
2891 4749 3192 4789 connexum
3217 4729 3441 4786 carceris
3466 4721 3640 4778 umbras

2245 4821 2412 4878 Jussit
2450 4823 2603 4878 adire
2626 4823 2827 4888 virum,
2860 4823 3032 4878 donec
3047 4819 3163 4890 jam
3195 4819 3410 4875 erimina
3435 4816 3594 4869 cuncta

2245 4914 2504 4969 Flammis
2531 4915 2821 4984 obsorptus
2842 4914 3066 4969 nimium
3093 4910 3343 4984 persolvit
3363 4909 3413 4962 in
3435 4901 3560 4958 atris.
3592 4908 3616 4921 ··

2243 5003 2448 5058 Plantis
2485 5013 2540 5058 at
2562 5004 2720 5058 strati
2746 5003 3022 5060 ruitabant
3047 5003 3267 5073 pignora
3294 4994 3483 5057 matris,

2243 5096 2453 5164 Perque
2478 5095 2571 5150 Dei
2597 5109 2815 5160 nomen,
2861 5092 3130 5165 rogitant,
3165 5111 3185 5144 ι
3207 5091 3468 5148 miserere,
3492 5077 3716 5150 precamur.

2245 5187 2340 5242 Vel
2369 5186 2548 5241 saltim
2581 5183 2741 5241 liceat
2772 5200 2970 5254 corpus
2995 5185 3214 5240 visitare
3239 5179 3438 5241 marito,

2243 5278 2464 5335 Solvere
2490 5279 2674 5348 sicque
2705 5294 2802 5334 sua
2825 5287 3099 5334 mereatur
3129 5274 3347 5331 erimina
3365 5269 3542 5324 vivens.
3563 5279 3580 5312 ο

2243 5368 2510 5425 Mentibus
2539 5370 2742 5424 luxatis
2765 5369 3010 5439 genetrix
3039 5365 3297 5424 consentit
3318 5365 3478 5416 amata

2241 5461 2473 5531 Pignora
2503 5475 2623 5529 qum
2653 5470 2866 5530 patrem
2888 5460 3098 5530 possint
3125 5457 3379 5513 adducere
3396 5455 3563 5514 corpus

2239 5552 2481 5618 Cautius,
2510 5551 2742 5620 huicque
2773 5567 2924 5606 suam
2947 5550 3151 5608 monuit
3181 5552 3474 5618 percernere
3494 5532 3637 5586 vitam,

2240 5645 2317 5699 Ne
2339 5662 2551 5699 rursum
2577 5645 2870 5700 adveniens
2894 5661 2991 5716 pro
3018 5643 3182 5714 culpis
3205 5633 3530 5711 praecipitetur

2161 5805 2168 5814 ι
2239 5740 2296 5797 In
2327 5739 2581 5805 tenebris,
2620 5755 2727 5812 quo
2756 5739 2954 5794 stridor
2975 5735 3341 5811 eritﬂctusque
3374 5712 3597 5797 perennis.
