4020 6170
328 391 454 465 wall
1204 381 1633 443 ETHELV'OLFI
1671 373 1953 435 CARMEN
1994 372 2082 427 DE
2116 372 2520 443 ABBATIBUS,
2560 375 2714 434 ETC.
3447 383 3585 445 i542

916 493 1141 552 CAPUT
1182 495 1300 549 XX.
1927 485 1981 544 Δ
2006 483 2216 540 Aureus
2254 486 2345 541 ille
2371 487 2512 542 calix
2537 488 2687 557 tetigi
2713 503 2873 559 quem
2897 490 3138 546 carmine
3166 491 3364 549 dudum
3390 488 3443 557 ι’,

504 590 577 646 De
617 590 769 644 donis
806 596 1015 658 patrum
1059 596 1107 640 et
1148 586 1277 639 votis
1320 583 1716 638 monachorum.
2002 574 2081 629 Ac
2110 574 2220 629 lata
2244 586 2467 645 argento
2499 576 2725 648 pulchre
2760 577 3018 633 fabricata
3039 588 3256 650 patena,

324 683 476 738 lianc
503 681 693 738 cellam
724 679 980 735 Dominus
1015 674 1241 731 fratrum
1282 674 1555 731 decoravit
1584 673 1808 737 honore,
2001 661 2228 720 Ctelatas
2249 662 2442 720 faciem
2468 667 2805 738 praetendunt
2835 676 2957 740 apte
2986 667 3211 741 figuras,

323 770 553 830 Maxima
580 768 647 824 de
672 768 825 824 caelis
849 760 1065 837 capiant
1093 779 1236 819 nunc
1265 762 1457 834 gaudia
1484 761 1686 827 cuncti,
1857 764 1862 768 ‘
2002 753 2155 810 Talia
2182 756 2309 811 dum
2328 764 2529 811 sanctze
2555 757 2833 813 cumulant
2857 759 3154 827 penetralia
3180 775 3322 825 casae

321 862 497 930 Atque
526 860 639 913 Deo
678 842 930 922 studeant
962 854 1279 924 condignam
1319 851 1553 907 condere
1589 850 1823 906 laudem.
2002 843 2250 912 Munera,
2273 862 2395 917 qua:
2424 854 2624 905 nostrae
2660 856 2882 903 servant
2923 849 3281 911 medicamina
3312 850 3474 921 vitae,

321 948 475 1018 Quod
502 949 621 1004 sine
649 961 748 1001 nos
774 930 983 1000 meritis
1009 941 1197 998 tribuit
1229 956 1335 995 non
1382 940 1628 997 hostibus
1656 954 1897 1011 unquam
1997 930 2128 988 Jure
2161 947 2317 989 sacer
2341 933 2569 992 fratrum
2598 951 2802 993 cuneus
2835 951 2936 1009 per
2955 938 3157 994 moenia
3182 938 3333 999 cellaa

320 1041 551 1111 Imperio
573 1052 857 1110 procerum
901 1033 1067 1107 saecli,
1098 1048 1200 1088 nec
1226 1031 1464 1088 subdidit
1504 1031 1663 1086 imos.
1998 1022 2223 1089 Gaudet,
2252 1034 2307 1081 et
2327 1027 2547 1082 internis
2575 1027 2865 1083 donantem
2898 1028 3147 1085 laudibus
3185 1041 3363 1087 ornat.

322 1131 444 1189 Sint
480 1129 706 1184 Domino
725 1132 905 1197 grates
932 1138 1147 1194 semper
1180 1122 1296 1178 sine
1334 1121 1439 1175 [ine
1464 1135 1718 1191 superno.
2084 1132 2089 1138 ‘
2569 1138 2798 1201 CAPUT
2849 1142 2992 1199 χχι,

319 1220 437 1278 Jam
467 1232 719 1292 proceres
750 1229 996 1272 meruere
1021 1212 1374 1284 pii,justique
1393 1211 1614 1282 benigni

2034 1227 2114 1282 De
2142 1229 2358 1283 canticis
2406 1229 2869 1303 apiritualibusuin
2911 1232 3267 1303 apostolorum
3312 1237 3549 1295 oratoria

319 1311 535 1381 Optima
564 1306 763 1367 siderei
788 1303 1112 1375 spargebant
1152 1302 1358 1356 semina
1385 1300 1511 1355 doni
1672 1378 1675 1379 ν
2678 1300 2893 1354 auditis.

318 1401 583 1458 Cordibus
607 1398 664 1452 in
704 1396 956 1460 fratrum,
985 1401 1195 1463 segetes
1223 1407 1324 1445 nec
1349 1389 1534 1443 limina
1574 1388 1723 1445 cella:
1999 1387 2076 1445 Te
2116 1403 2332 1459 quoque
2377 1396 2566 1445 sancta
2616 1388 2808 1447 domus
2832 1431 2847 1457 ,
2908 1391 3081 1449 cecini
3133 1407 3298 1464 quam
3339 1395 3585 1455 carmine

318 1492 491 1559 Quam
519 1490 640 1545 laete
667 1493 896 1557 surgunt
930 1485 1114 1554 superi
1138 1483 1421 1538 dulcedine
1452 1482 1613 1536 roris.
3131 1481 3434 1556 [quondam
3459 1496 3507 1552 ε,

317 1581 461 1637 illius
488 1577 691 1637 auxilio
716 1576 874 1633 nobis
901 1575 1047 1645 quod
1088 1574 1274 1628 lucere
1313 1571 1449 1627 tales
1998 1570 2130 1637 Qua:
2160 1581 2371 1627 sacrata
2413 1573 2523 1629 Deo
2552 1573 2725 1644 fulges
2759 1575 2862 1630 sub
2897 1575 3115 1633 nomine
3151 1576 3338 1646 Petri,

314 1673 433 1728 Jam
454 1685 677 1741 campus
716 1668 873 1732 ridet,
906 1666 1099 1722 ﬂorent
1130 1665 1196 1720 ad
1226 1663 1418 1735 gaudia
1455 1663 1683 1730 Christi,
1950 1686 1958 1693 -
1997 1659 2152 1716 Nunc
2180 1660 2377 1716 iterum
2406 1661 2567 1716 liceat
2591 1662 2778 1733 paucis
2806 1679 3107 1719 memorare
3132 1666 3347 1729 beatam

313 1751 421 1819 Per
452 1761 642 1830 cellam
670 1757 939 1821 monachi,
975 1756 1189 1810 laetatur
1223 1754 1402 1810 clerus
1430 1753 1485 1808 in
1530 1755 1686 1822 urbe,
1927 1828 1951 1830 Α
2004 1750 2278 1806 Versibus.
2310 1750 2459 1806 lianc
2498 1752 2699 1808 dudum
2738 1752 2904 1827 nigrae
2941 1755 3040 1809 sub
3072 1763 3313 1827 tempora
3335 1756 3513 1812 noctis

314 1854 484 1921 Quem
505 1828 587 1907 lex
612 1865 719 1905 una
750 1854 897 1904 tenet
920 1845 1173 1917 gaudenti
1216 1845 1271 1899 in
1308 1844 1471 1900 corde
1499 1845 1766 1900 voluntas.
1924 1828 1973 1891 Β
1998 1838 2237 1895 Moribus
2258 1854 2326 1895 ex
2355 1840 2530 1895 solitis
2557 1848 2680 1910 post
2706 1841 2937 1913 hymnos
2961 1843 3138 1899 visere
3170 1855 3384 1900 certant

312 1941 499 2010 Jungit
524 1939 591 1995 ad
614 1946 762 1994 astra
782 1937 916 1993 ﬂdes
941 1949 1214 2002 numeros,
1242 1941 1556 2004 turmasque
1583 1933 1894 2005 frequentes
1997 1930 2239 1996 Fratres,
2269 1938 2431 2002 atque
2473 1947 2584 1987 sua:
2612 1933 2883 2005 complent
2920 1935 3185 1990 solemnia
3209 1938 3430 1997 mentis.

313 2033 633 2102 congregat,
659 2039 821 2098 atque
863 2029 974 2083 Deo
1001 2026 1176 2082 solitis
1203 2041 1262 2081 se
1300 2026 1520 2081 mandat
1556 2027 1612 2081 in
1652 2027 1820 2082 boris.
1996 2022 2160 2082 Ocius
2187 2026 2312 2081 inde
2340 2040 2468 2082 suos
2489 2028 2714 2097 cupiunt
2738 2044 3024 2084 accurrere
3044 2030 3231 2091 lectos.

313 2124 451 2181 Cum
487 2138 595 2178 nox
641 2120 792 2182 fusca
831 2119 1008 2185 venit,
1046 2133 1171 2173 cum
1205 2118 1536 2174 abscondent
1582 2118 1762 2173 sidera
1808 2118 1893 2174 iu-
1994 2114 2095 2170 Ast
2120 2130 2223 2186 ego
2247 2124 2369 2185 post
2390 2131 2580 2172 omnes
2621 2118 2890 2174 conclusis
2914 2120 3160 2190 postibus
3188 2121 3370 2181 aulam

1700 2208 1852 2282 [cem
1876 2252 1890 2277 ,
1997 2205 2345 2275 Disseruique
2384 2206 2548 2261 alium
2578 2206 2802 2262 fratrem
2829 2209 3119 2265 comitatus
3159 2212 3329 2278 adiri,

313 2308 357 2363 E
387 2306 572 2363 stratis
598 2312 889 2376 properant
917 2302 1211 2359 sonitatum
1242 2317 1527 2358 accurrere
1552 2302 1783 2373 signum,

1700 2316 1783 2365 ιω,
1996 2293 2099 2362 Qui
2123 2303 2237 2350 tum
2256 2294 2397 2351 forte
2420 2294 2567 2351 foras
2604 2300 2899 2368 spectando
2924 2299 3102 2378 sidera
3129 2303 3322 2357 cernit.

314 2396 382 2466 Et
408 2398 683 2464 reciproca
711 2409 810 2449 suo
832 2393 1180 2447 modulantur
1217 2392 1459 2447 carmina
1494 2392 1628 2462 regi,
1995 2384 2138 2441 Ecce
2170 2394 2391 2455 repente
2416 2388 2563 2442 venit
2609 2387 2763 2443 miris
2799 2404 2923 2444 cum
2955 2391 3203 2447 cantibus
3248 2407 3441 2463 agmen

314 2486 543 2545 Psalmis
564 2492 727 2554 atque
764 2483 979 2554 hymnis
1006 2482 1286 2537 laudantes
1311 2482 1416 2537 rite
1441 2482 1762 2546 Tonantem,
1994 2476 2341 2543 Immensum,
2372 2477 2601 2534 Domino
2650 2479 2935 2536 modulans
2977 2482 3064 2552 pia
3095 2482 3335 2537 carmina
3381 2492 3580 2550 ructat,

314 2576 576 2633 Cantibus
608 2576 662 2629 in
689 2574 897 2630 crebris
927 2582 1147 2630 comunt
1172 2580 1228 2627 et
1253 2587 1385 2627 voce
1404 2572 1681 2636 sacellum,
1996 2565 2363 2636 Prmmiroque
2390 2567 2570 2623 locum
2614 2568 2997 2638 cinerum'jam
3027 2571 3230 2627 lumine
3255 2574 3510 2643 complet,

317 2666 470 2734 Quod
506 2666 648 2720 Deus
671 2672 727 2720 et
751 2679 1005 2734 proceres
1046 2671 1326 2719 servantes
1353 2665 1553 2719 inmnia
1577 2663 1726 2719 cellae
1996 2653 2205 2709 intrant
2228 2655 2440 2711 siderea
2467 2656 2789 2713 candentem
2818 2658 2939 2714 luce
2965 2659 3248 2714 delubrum

316 2744 627 2817 Muneribus
654 2754 944 2823 multisque
971 2754 1127 2809 bonis
1177 2768 1375 2809 ornare
1401 2754 1684 2824 parabant.
1998 2743 2253 2814 Spiritus,
2295 2761 2360 2801 ac
2396 2745 2627 2817 geminis
2653 2747 2923 2804 distinctis
2948 2748 3212 2805 classibus
3248 2750 3479 2822 hymnos

316 2845 444 2909 Haec
468 2853 552 2901 est
573 2845 664 2901 illa
705 2839 928 2908 domus;
951 2844 1219 2912 porrectis
1247 2842 1389 2898 edita
1429 2843 1630 2909 inuris,
1999 2834 2161 2890 Tales
2193 2837 2526 2891 concinnant
2557 2855 2570 2890 :
2604 2839 2883 2907 quatitans
2912 2841 2979 2895 ad
3007 2840 3242 2896 culmina
3269 2850 3462 2898 cantus

317 2936 487 3002 Quam
510 2935 590 2991 sol
618 2948 921 3005 purpureas
948 2933 1229 2987 illustrans
1268 2932 1530 2988 candidus
1554 2932 1718 2988 horas
1995 2924 2253 2982 Ascendit
2274 2929 2398 2985 coeli
2415 2970 2431 2995 ,
2468 2930 2708 2986 insonuit
2728 2931 3072 3001 laquearibus
3099 2934 3243 2991 altis.

317 3025 560 3095 Limpida
586 3038 686 3095 per
716 3024 887 3080 nitida
930 3022 1180 3078 diffundit
1217 3022 1429 3082 lumina,
1458 3023 1662 3095 templi.
1997 3016 2066 3072 Et
2093 3019 2139 3074 si
2166 3035 2274 3075 non
2297 3027 2559 3076 structam
2588 3031 2776 3080 tamen
2800 3024 3011 3079 meritis
3036 3026 3202 3079 micat
3227 3024 3406 3093 almis,

317 3113 554 3169 Plurima
591 3128 715 3169 cum
747 3114 921 3172 sancti
963 3120 1091 3168 sunt
1115 3121 1436 3169 ornamenta
1476 3112 1685 3169 delubri
1709 3154 1725 3179 ,
1921 3160 1971 3232 c
1996 3110 2080 3167 Ad
2107 3113 2281 3168 celsos
2322 3122 2536 3170 montes
2564 3124 2821 3185 superant
2851 3117 2941 3193 qui
2993 3117 3170 3171 sidera
3215 3118 3335 3172 cmli
3355 3158 3373 3184 ,

319 3202 415 3232 ιιι...
438 3211 616 3232 ..νη-ιη...
639 3203 755 3232 luna
781 3203 967 3232 ...ιιι-2ο
996 3203 1150 3232 Ιῖιυισιι
1176 3214 1478 3232 ωηηιηηΛ-ιι
1500 3207 1742 3232 ﬁantIan
2007 3202 2269 3232 Anvllh...‘
2304 3205 2463 3232 ,ι-,ιιιιι
2495 3220 2520 3232 μ
2565 3205 2790 3232 n-....:....
2832 3206 2919 3232 ,ιη-Ξ
2954 3204 3154 3232 nun.-.”
3187 3216 3373 3232 -..λιιι-

319 3202 417 3260 llic
438 3211 617 3265 tamen
639 3203 756 3258 haec
781 3203 969 3274 paucis
994 3203 1154 3258 liceat
1174 3214 1478 3260 memorare
1498 3207 1762 3260 canendo.
1923 3202 1971 3232 ’θ
1996 3202 2273 3259 Auxilium
2301 3205 2465 3260 credo
2492 3220 2524 3259 a
2564 3205 2793 3260 Domino
2830 3206 2923 3274 qui
2954 3204 3157 3266 fecerat
3185 3216 3393 3273 auctor,

321 3295 390 3351 Ut
413 3295 611 3359 omium
639 3295 826 3353 rutilat
853 3295 1027 3352 stellis
1050 3293 1408 3364 fulgentibus,
1436 3309 1628 3355 omnes
1995 3293 2189 3349 Omnia
2213 3310 2334 3363 qua:
2356 3294 2499 3361 coeli,
2532 3310 2651 3364 qua:
2686 3301 2844 3349 teme
2869 3303 2923 3349 et
2951 3294 3170 3351 ﬂumina
3198 3297 3438 3367 cingunt.

320 3384 412 3439 Sic
443 3384 704 3439 tremulas
722 3384 935 3440 vibrant
967 3386 1154 3440 subter
1182 3384 1449 3441 testudine
1475 3383 1661 3455 templi
1996 3385 2125 3440 limo
2149 3400 2273 3440 cum
2295 3384 2440 3440 dicta
2470 3384 2559 3440 diu
2596 3384 2825 3456 geminis
2850 3385 2906 3439 in
2945 3385 3210 3441 classibus
3234 3387 3372 3445 aulae

317 3473 609 3531 Ordinibus
631 3474 797 3530 variis
820 3474 1022 3530 funalia
1046 3475 1276 3546 pendula
1301 3474 1566 3529 ﬂammas.
1994 3474 2241 3530 Culmine
2267 3476 2367 3530 sub
2394 3475 2568 3530 sancti
2592 3483 2892 3531 sonuerunt
2928 3476 3194 3547 postibus,
3237 3476 3353 3550 ipse

320 3564 586 3623 Mentibus
619 3566 736 3622 haec
760 3566 986 3636 placidis
1010 3566 1255 3635 qumdam
1284 3581 1407 3621 cum
1436 3573 1679 3634 tempore
1716 3565 1899 3634 prisco
1995 3567 2174 3635 Atque
2201 3565 2340 3622 alius
2365 3565 2536 3622 frater
2566 3567 2771 3636 pariter
2808 3583 3164 3639 properamus
3184 3577 3430 3640 uterque,

317 3655 625 3724 Attribuere
647 3656 758 3712 Deo
791 3655 1059 3726 quondam
1087 3667 1447 3722 proceresque
1484 3653 1751 3707 moderni.
1995 3656 2235 3712 Auribus
2270 3664 2436 3728 atque
2460 3658 2631 3714 oculis
2656 3660 2962 3715 mirandum
2988 3674 3215 3716 noscere
3237 3661 3430 3715 visum.

318 3743 439 3804 Jam
481 3744 802 3813 superaucta
836 3743 941 3813 piis
968 3744 1230 3798 curabant
1255 3743 1481 3798 reddere
1507 3742 1683 3797 donis.
1996 3747 2373 3818 Continuoque
2407 3747 2588 3820 polum
2616 3757 2810 3806 cantus
2838 3766 2961 3806 cum
2992 3749 3196 3807 lumine
3216 3751 3398 3822 pulsat

318 3837 453 3892 Nam
482 3837 663 3908 plures
699 3837 851 3890 multi
880 3836 1172 3905 cupiebant
1198 3837 1433 3906 pendere
1454 3851 1653 3892 caucos
1674 3849 1723 3900 ει,
2000 3837 2236 3895 Ulterius
2259 3839 2417 3916 nobis
2447 3839 2598 3895 licuit
2628 3856 2729 3896 nec
2754 3840 2882 3895 talia
2911 3841 3027 3898 visa

320 3928 565 3998 Limpida
589 3928 683 3996 qui
708 3927 946 3989 tribuant
973 3927 1240 3996 quadrato
1263 3926 1467 3982 lumina
1508 3928 1727 3998 templo.
1998 3929 2254 3997 Cernere,
2281 3932 2410 4003 quin
2438 3932 2632 4003 trepidi
2658 3933 2907 4002 cupimus
2950 3931 3172 3987 visitare
3213 3932 3473 4005 quietem.

320 4017 420 4073 Ast
448 4017 539 4071 alii
568 4016 732 4081 rutilo
777 4018 1017 4079 condunt
1044 4016 1238 4075 vexilla
1265 4018 1516 4085 metallo,
1998 4020 2110 4077 Nec
2133 4022 2302 4078 semel
2330 4023 2611 4095 astrigeris
2629 4029 2927 4079 sonuerunt
2966 4022 3180 4097 agmina
3216 4023 3398 4080 dictis.

320 4107 451 4176 Quae
480 4110 782 4165 veneranda
816 4109 890 4179 pii
918 4117 1174 4179 promunt
1198 4110 1458 4165 miracula
1493 4109 1732 4176 Christi,
1999 4112 2137 4179 Quin
2160 4114 2339 4183 potius
2362 4131 2567 4171 cuneus
2604 4117 2743 4171 mira
2766 4131 2888 4172 cum
2915 4114 3034 4171 luce
3073 4130 3367 4172 coruscans

320 4198 423 4266 Qui
451 4199 629 4255 crucis
654 4199 707 4254 in
728 4199 872 4271 ligno
895 4199 1150 4255 mundum
1186 4200 1252 4255 de
1279 4210 1455 4256 morte
1476 4201 1724 4257 redemit.
2003 4204 2236 4260 Vocibus
2272 4204 2536 4274 aurigeris
2567 4206 2780 4261 cineres
2809 4206 2981 4260 vitare
3019 4205 3213 4277 sategit

321 4290 550 4357 Quidam
575 4289 897 4360 prmcipiunt
922 4298 1167 4347 sacratos
1192 4291 1430 4347 scribere
1455 4291 1642 4357 libros,
2002 4293 2209 4365 Saepius
2239 4295 2293 4349 in
2324 4302 2475 4351 tetra;
2520 4297 2698 4351 noctis
2727 4311 2851 4351 cum
2890 4303 3139 4365 tempore
3166 4302 3338 4348 strata

321 4380 438 4447 Quo
459 4381 720 4452 prsecelsa
745 4381 843 4436 Dei
880 4388 1184 4437 monstrant
1203 4379 1316 4450 jam
1358 4381 1504 4436 dicta
1549 4380 1805 4446 tonantis,
2003 4387 2323 4443 Mansissent
2361 4387 2577 4453 fratres,
2606 4394 2817 4443 constat
2854 4387 2998 4458 quod
3023 4401 3248 4441 munere
3272 4383 3476 4444 Christi

322 4472 425 4540 Qui
453 4473 698 4530 sonitans
724 4473 984 4529 mundum
1009 4474 1210 4529 dudum
1246 4471 1556 4545 perfuderat
1582 4486 1794 4529 omnem
1813 4513 1828 4537 ,
1927 4503 1981 4573 υ
2004 4478 2282 4533 Patratum
2318 4479 2539 4544 sanctis,
2569 4476 2724 4547 cujus
2745 4476 2858 4547 jam
2908 4478 3081 4548 gratia
3127 4491 3338 4547 semper

322 4562 497 4633 Atque
524 4564 624 4627 hos
648 4565 925 4635 conspicui
946 4564 1189 4634 pervehi
1227 4564 1446 4620 ductilis
1474 4564 1594 4619 auri
1928 4562 1977 4573 Ὗ
2002 4572 2264 4628 Omnibus
2291 4572 2348 4626 in
2389 4572 2550 4627 terris
2585 4571 2821 4626 secundo
2847 4569 3049 4625 lumine
3089 4568 3298 4640 ﬂagrat.

325 4651 569 4726 Lamina,
595 4654 674 4715 sic
705 4655 879 4718 sancti
901 4662 1122 4711 comunt
1151 4654 1343 4709 altaria
1369 4654 1574 4724 templi.
2579 4663 2806 4720 CAPUT
2843 4662 3009 4719 XXII.

324 4738 422 4795 Ast
441 4742 660 4811 quidam
688 4744 919 4808 dominae
953 4759 1201 4806 mensam
1226 4758 1349 4813 quae
1376 4743 1574 4799 nobilis
1599 4751 1724 4799 ortu
2246 4757 2521 4812 Somnium
2565 4755 2705 4828 quod
2739 4755 2865 4810 vidit
2901 4755 2986 4809 die
3027 4754 3322 4811 Dominica.

324 4829 672 4900 Gemmatum
701 4835 1008 4897 ﬂammis“
1033 4833 1180 4904 ξαινο
1204 4835 1367 4890 V931“-
1401 4834 1457 4889 ίιι
1485 4849 1640 4901 am:
1764 4844 1769 4849 ’
2003 4848 2237 4919 Tempus
2269 4854 2385 4904 erat
2409 4848 2602 4914 noctis,
2627 4847 2801 4902 lucem
2832 4862 2954 4902 cum
2975 4845 3235 4917 praedicat
3277 4846 3408 4912 ales,

324 4920 547 4988 Ατεειιιί
585 4923 684 4989 has
705 4923 889 4982 nitida:
913 4924 1194 4995 distinguit
1216 4924 1320 4979 rite
1349 4924 1562 4981 tabem:
2002 4939 2191 5009 Algida
2215 4946 2337 5009 post
2363 4939 2592 5010 hymnos
2610 4936 2883 4992 laxassent
2904 4936 3144 4990 membra
3172 4935 3367 5006 quieti,

325 5013 621 5081 impressas
656 5016 856 5085 poterit
887 5015 1070 5084 digitis
1107 5015 1227 5085 quis
1265 5028 1488 5070 cernere
1525 5014 1754 5077 formas,

1701 5028 1754 5077 ⁸»
2003 5031 2255 5087 Furtivus
2282 5029 2573 5085 adveniens
2606 5043 2826 5084 somnus
2860 5025 3131 5096 subrepsit
3166 5025 3373 5082 ocellis.

328 5102 652 5159 Sanctorum
675 5105 959 5175 splendent
978 5105 1173 5161 anima:
1192 5120 1317 5160 cum
1337 5104 1555 5162 sedibus
1578 5104 1723 5160 altis.

1700 5138 1723 5158 ’·
2006 5122 2275 5178 Candidus
2296 5136 2364 5178 en
2395 5121 2574 5177 subito
2602 5120 2886 5175 videbatur
2910 5119 3101 5173 ductor
3129 5119 3340 5173 adesse.

327 5194 426 5250 llic
452 5203 631 5251 tamen
661 5196 775 5251 inec
793 5195 999 5266 placuit
1018 5211 1198 5252 rerum
1235 5207 1539 5252 commenta
1560 5212 1762 5253 novare

1702 5212 1762 5252 ¹³θ
2004 5212 2158 5269 Hunc
2182 5228 2283 5284 ego
2318 5211 2642 5282 perpavidus
2665 5208 2853 5265 nitidis
2886 5223 3008 5264 cum
3046 5209 3284 5264 vestibus
3321 5208 3505 5268 album

329 5285 572 5344 Miriﬁcis
590 5294 716 5343 sunt
738 5285 879 5342 facta
901 5287 1075 5344 modis
1098 5302 1235 5356 quas
1253 5287 1503 5346 laudibus
1535 5296 1695 5344 ornet
2006 5303 2254 5359 Vumbus
2277 5316 2340 5358 ac
2361 5300 2602 5371 pulchris
2630 5301 2928 5356 radiantem
2961 5299 3233 5370 gressibus
3259 5299 3403 5358 ultro

326 5378 619 5435 Versiﬁcus
662 5379 894 5450 poterit.
922 5380 1015 5449 qui
1061 5378 1222 5450 disne
1250 5381 1367 5436 haec
1399 5380 1579 5437 dicere
1599 5381 1828 5447 doctus.
2003 5393 2241 5451 Callihus
2261 5392 2457 5463 ignotis
2483 5391 2729 5461 peditans
2751 5390 3041 5446 comitatus
3065 5389 3232 5447 adivi.

397 5547 422 5615 fl
456 5532 532 5615 ld_
555 5543 889 5615 estpateras.
924 5534 1312 5615 Sicpgwinus
1342 5555 1459 5615 rex,
1504 5546 1639 5615 teste
1675 5540 1903 5615 Beda_in
2005 5561 2200 5602 caucos
2230 5544 2483 5615 suspendi
2512 5541 2750 5615 iuberet.
2790 5562 2808 5596 ι

329 5602 580 5683 liistorite
622 5602 714 5663 lib.
747 5624 823 5683 rt,
855 5602 1163 5683 cap._i6,'«
1191 5610 1245 5664 in
1295 5609 1426 5683 locis
1446 5602 1454 5606 ’
1474 5609 1565 5663 ubi
1613 5608 1788 5683 fontes
1824 5610 1904 5683 inf
2076 5616 2105 5657 ιι
2137 5616 2269 5670 Vide
2293 5602 2451 5682 supra
2475 5602 2592 5683 cap.
2622 5612 2705 5683 il.

329 5676 477 5761 cidos
494 5673 646 5761 illata
678 5673 1153 5761 publicos—viarum
1193 5680 1452 5761 transitus
1480 5681 1792 5761 conspexit,
1827 5680 1900 5735 ibi
2079 5699 2101 5726 ο
2137 5686 2268 5741 Vide
2297 5673 2460 5753 supra
2480 5673 2598 5752 cap.
2626 5681 2661 5736 4
2694 5694 2749 5738 et
2773 5682 2828 5738 ϐ.

328 5747 396 5801 ob
448 5746 786 5817 refrigerium
819 5749 1093 5817 viantium,
1127 5750 1321 5806 erectis
1371 5746 1672 5821 stipitibus,
1728 5768 1901 5809 aereos
