4020 6170
471 372 610 429 «διδ
711 370 976 427 EBEDOC
1014 371 1104 426 ET
1140 366 1647 425 ETHELVOLFUS
1682 361 1997 420 ABBATES
2034 356 2330 414 HIBERNI.
2364 390 2438 401 -—-
2470 359 2721 417 ETIIEL.
2761 356 2972 421 CARM.
3015 368 3100 423 DE
3138 369 3328 434 ABB.,
3371 370 3523 427 ETC.
3605 373 3727 428 13M

470 487 704 556 Campus
730 493 849 540 erat
876 485 1036 549 latus,
1062 481 1303 553 pulchris
1344 481 1436 551 qui
1471 478 1692 535 ﬂoribus
1717 473 1877 532 offert

470 578 738 634 Olfactum
764 574 977 632 dulcem
1005 574 1252 629 miranda
1283 574 1350 628 ad
1378 570 1571 643 gaudia
1596 569 1824 632 cunctis,

471 668 574 737 Qui
601 667 807 724 meritis
827 665 970 737 digni
995 671 1221 736 possunt
1248 664 1365 718 bzec
1395 676 1621 718 cernere
1641 659 1777 715 visa.

473 760 732 830 Hancque
772 772 909 813 rosa:
950 756 1172 812 rutilant
1198 770 1297 827 per
1341 762 1507 813 totam
1537 761 1593 809 et
1635 752 1744 807 lilia
1794 749 2057 822 fragrant,

473 849 867 918 Permultisque
906 847 1114 902 olerum
1141 846 1300 901 flores
1323 860 1461 916 quos
1498 843 1679 900 dicere
1719 849 1867 897 certe

474 939 626 995 Mens
650 939 865 993 indocta
887 936 1042 1007 fugit,
1074 936 1195 991 talis
1218 935 1333 1004 jam
1362 932 1621 1005 germinis
1642 946 1869 1003 expers,

474 1031 718 1101 Cumque
742 1030 887 1085 viam
912 1030 1117 1099 pariter
1149 1035 1431 1084 currentes
1463 1025 1765 1094 carpsimus
1794 1022 1985 1084 ambo,

475 1123 807 1177 Candentem
828 1122 1007 1178 subito
1035 1120 1260 1174 nimium
1284 1106 1672 1187 conspeximus
1695 1115 1904 1195 urbem,

477 1212 747 1268 Roriﬂuas
781 1212 924 1268 muri
951 1220 1245 1267 cernuntur
1273 1210 1510 1264 lambere
1539 1209 1727 1263 nubes.

478 1302 626 1359 Ostia
653 1304 836 1360 laxato
861 1310 1151 1373 patuerunt
1179 1301 1400 1356 cardine
1445 1300 1646 1354 clauSa.
1674 1304 1690 1349 Ξ

478 1388 751 1452 Candidus
775 1393 1003 1447 interius
1028 1391 1233 1462 pavido
1270 1390 1561 1446 comitante
1590 1388 1841 1443 ministro

479 1485 781 1557 Ingreditur
808 1484 1000 1539 ductor
1030 1498 1044 1536 :
1072 1489 1361 1552 patuerunt
1391 1488 1540 1550 septa
1570 1478 1755 1535 sacelli
1779 1514 1801 1545 ,λ

481 1578 612 1645 Qua:
636 1577 815 1633 crucis
843 1577 898 1630 in
939 1574 1175 1644 speciem
1201 1573 1429 1643 pulchre
1458 1569 1722 1626 fabricata
1750 1578 2042 1644 urguebant

479 1669 580 1723 Ast
618 1668 809 1723 domus
836 1665 1061 1720 interior
1083 1663 1251 1717 nimio
1280 1662 1516 1717 candore
1537 1675 1851 1725 coruscans,

482 1758 710 1829 Jamque
738 1758 965 1813 rotunda
999 1757 1112 1812 suis
1147 1754 1416 1811 formabat
1443 1753 1642 1809 muenia
1662 1751 1830 1807 saxis.

485 1848 592 1904 Sed
612 1850 804 1904 domus
828 1846 1071 1904 exterius
1100 1845 1310 1917 magnis
1337 1845 1682 1914 minimisque
1715 1859 1813 1913 per
1837 1855 2001 1898 omne
2064 1886 2069 1895 .

488 1940 793 1995 Porticibus
818 1940 1050 2009 spatium
1086 1939 1226 1994 muri
1260 1936 1475 1993 suffulta
1514 1938 1789 1991 manebat.

486 2030 532 2085 E
558 2030 756 2100 quibus
784 2032 838 2084 in
877 2029 1050 2101 plagis
1076 2029 1160 2085 bis
1189 2029 1329 2083 bina:
1365 2036 1597 2098 quatuor
1626 2025 1773 2087 orbis

487 2121 772 2193 Aspiciunt
796 2138 1009 2178 sursum
1038 2122 1336 2193 spatiantes
1362 2121 1507 2176 edita
1533 2120 1675 2176 muri
1698 2137 1718 2175 .1

485 2213 634 2269 Inter
659 2227 795 2282 quas
823 2212 1048 2268 modica:
1074 2212 1355 2266 variantur
1385 2212 1439 2265 in
1471 2210 1664 2266 ordine
1690 2210 1864 2276 cellas,

488 2303 781 2360 Frontibus
805 2304 889 2359 lue
927 2302 1113 2358 nitidis
1135 2303 1414 2373 cingentes
1445 2303 1683 2373 undique
1711 2300 1987 2371 templum,

490 2395 757 2451 Marmora
781 2394 1074 2466 permiram
1121 2405 1429 2449 monstrans
1474 2393 1848 2463 spectantibus
1876 2391 2075 2446 aulam.

488 2488 587 2544 Ast
609 2488 916 2558 pavimenta
942 2487 1132 2541 domus
1170 2485 1334 2553 medii
1360 2486 1462 2540 sub
1489 2486 1723 2541 culmine
1752 2485 1938 2555 templi

490 2578 671 2633 Aurea
697 2577 941 2632 mirifica:
964 2578 1253 2646 portabant
1282 2593 1504 2632 munera
1535 2593 1757 2634 mensae.

493 2668 639 2725 Crux
670 2668 976 2725 veneranda
1001 2670 1183 2724 nitens
1210 2670 1471 2740 praecelso
1500 2669 1686 2741 stipite
1730 2670 1903 2739 surgit

495 2760 711 2815 Vertice
742 2760 807 2815 de
844 2775 1063 2824 mensae,
1090 2761 1318 2815 nimium
1362 2762 1629 2817 candente
1673 2762 1982 2833 smaragdo.

494 2851 674 2906 Aurea
704 2865 825 2906 cum
852 2849 1078 2919 gemmis
1106 2849 1348 2906 ﬂavescit
1372 2852 1574 2907 lamina
1605 2851 1784 2908 fulvis.

497 2940 649 2995 Talia
678 2939 804 2994 dum
831 2952 1059 2993 cernens
1082 2938 1298 3008 stupido
1326 2940 1391 2996 de
1421 2941 1585 2997 corde
1616 2941 1893 3006 rimarem,

497 3031 638 3086 Ecce
668 3037 886 3099 repente
911 3044 1064 3084 meus
1086 3029 1281 3086 ductor
1309 3045 1396 3085 me
1421 3030 1674 3101 liquerat,
1704 3041 1868 3103 atque

498 3118 828 3190 Degrediens
854 3116 1054 3188 templo
1085 3119 1271 3174 vacuis
1299 3134 1358 3174 se
1377 3120 1616 3176 condidit
1635 3123 1800 3177 arvis.

497 3209 597 3265 Ast
634 3223 736 3278 ego
758 3208 1099 3278 pertrepidus
1127 3206 1321 3264 faciem
1348 3225 1472 3265 cum
1500 3211 1724 3281 pronior
1751 3213 1897 3268 arvis

499 3300 724 3365 lnserui,
771 3300 1011 3371 rogitans
1035 3298 1342 3367 Christum,
1378 3321 1396 3353 ι
1430 3302 1685 3358 Miserere
1721 3318 2029 3373 precamur,

502 3392 761 3447 Hostibus
779 3391 1023 3446 adversis
1050 3391 1307 3461 pavidum
1335 3400 1542 3448 terrere
1566 3406 1855 3451 memento.
1887 3416 1906 3449 ι

503 3482 641 3538 Ilinc
696 3483 880 3538 oculos
926 3490 1141 3539 vertens
1188 3491 1401 3554 partem
1453 3501 1616 3556 quam
1666 3487 1889 3543 dextera
1938 3504 2092 3544 mon-

1884 3577 1904 3652 [
1922 3588 2058 3635 strat
2073 3621 2091 3648 ,

506 3661 792 3732 Aurigeris
810 3663 1003 3718 solium
1032 3664 1410 3735 splendescere
1446 3666 1549 3722 rite
1578 3665 1826 3733 tabellis,

506 3752 625 3820 Quo
651 3755 834 3810 senior
856 3755 1076 3824 quidam
1098 3756 1438 3813 venerandus
1463 3760 1709 3815 membra
1734 3760 1947 3817 locabat

507 3848 649 3902 Ante
677 3863 828 3902 suam
859 3847 1051 3904 faciem
1083 3849 1243 3905 fulvis
1280 3850 1533 3907 redimita
1575 3854 1794 3910 coronis

508 3939 618 3993 Ara
647 3938 825 3993 dicata
853 3939 964 3995 Deo
986 3940 1236 3996 mittebat
1256 3956 1480 3999 munere
1509 3959 1744 4012 summo,

511 4030 643 4097 Quae
678 4030 895 4085 excelsa
926 4031 1106 4087 crucis
1139 4035 1385 4103 porrexit
1412 4037 1617 4092 vertice
1642 4039 1877 4110 signum.

512 4121 642 4177 Haec
663 4121 825 4178 rutilo
856 4139 922 4178 ex
948 4140 1081 4181 auro
1111 4128 1449 4199 gemmisque
1482 4129 1700 4186 nitescit
1726 4133 1924 4202 opimis

513 4213 595 4267 Ex
614 4213 825 4269 oriente
850 4213 1057 4272 micans
1081 4218 1151 4273 de
1177 4218 1340 4290 bysso
1364 4220 1599 4276 culmina
1641 4224 1813 4280 turba:

515 4302 694 4359 Vestis
717 4306 986 4371 contexit,
1009 4305 1164 4376 cujus
1198 4323 1320 4379 quae
1352 4310 1538 4367 nescio
1571 4314 1745 4369 sancti

516 4396 755 4452 Membra
782 4396 957 4452 dicata
978 4401 1063 4454 sui
1097 4401 1271 4456 tenuit
1293 4402 1393 4457 sub
1417 4403 1624 4460 viscere
1657 4407 1880 4461 ventris.

516 4482 736 4541 Talibus
768 4486 911 4542 hunc
942 4488 1181 4558 rogitans
1199 4490 1479 4547 studebam
1515 4510 1758 4564 quaerere
1778 4496 1958 4553 dictis.

519 4575 637 4641 Dic,
665 4592 770 4646 qua
803 4586 960 4646 parte
990 4589 1175 4635 manet
1209 4582 1482 4650 quondam
1521 4600 1676 4640 meus
1718 4585 1806 4642 ille
1849 4588 2108 4660 magister

522 4668 730 4740 Higlac.
763 4666 1060 4725 Confestim
1086 4675 1420 4743 respondens
1460 4676 1586 4730 talia
1615 4676 1779 4732 fatur.

525 4778 546 4811 ι
582 4759 815 4816 Sedibus
841 4775 872 4815 e
892 4761 1120 4818 summis
1154 4764 1341 4820 oculos
1370 4765 1617 4823 conferre
1644 4779 1936 4826 memento.
1978 4792 1994 4825 i

520 4851 840 4921 Intereaque
872 4852 1060 4909 videns
1085 4854 1385 4923 plaustrum
1411 4873 1519 4928 quo
1543 4857 1744 4915 labitur
1769 4877 1945 4929 axem,

524 4939 653 5019 llaec
678 4955 803 4995 cum
835 4940 1066 4996 detinuit
1092 4944 1370 5000 conversis
1391 4945 1627 5004 vultibus
1647 4963 1897 5019 anguem,

527 5028 809 5099 Aspiciens
828 5029 1021 5086 faciem
1052 5031 1252 5089 dudum
1296 5035 1361 5092 de
1393 5035 1651 5092 Hibernia
1678 5049 1863 5095 notam

529 5116 763 5176 Nascere
791 5124 1065 5191 promerui
1092 5140 1104 5177 :
1139 5125 1344 5180 carnali
1373 5143 1404 5181 a
1431 5129 1651 5186 nomine
1680 5130 1856 5187 dictus

527 5207 817 5266 Godfridus
843 5210 929 5267 ille
949 5211 1052 5269 fuit
1074 5216 1264 5284 primis
1286 5217 1417 5272 mibi
1455 5220 1647 5276 doctor
1671 5222 1727 5277 in
1759 5223 1937 5279 annis.

530 5301 823 5374 Presbyter
849 5306 1152 5372 exstiterat,
1176 5310 1339 5379 capiti
1367 5311 1460 5382 qui
1478 5314 1702 5382 pronior
1727 5330 1892 5371 orans

532 5394 794 5453 Incurvus
822 5399 1063 5454 tumbam
1084 5398 1347 5467 Cutberti,
1386 5420 1633 5474 corpore,
1656 5416 1838 5464 mente

533 5483 722 5542 OlIlcio
746 5503 1008 5545 venerare
1034 5491 1141 5559 pio,
1174 5492 1255 5548 sic
1276 5495 1519 5550 cernitur
1545 5497 1765 5552 almam.

2077 468 2131 531 Α
2155 467 2238 525 Ad
2261 469 2418 539 cujus
2442 470 2665 526 dorsum
2694 472 2849 527 nitidi
2877 472 3120 529 radiante
3165 475 3396 532 metallo

2162 559 2389 617 Sederat
2418 562 2474 616 in
2510 578 2732 618 scamno
2765 564 2958 621 doctor
2985 565 3270 637 lectorque
3299 578 3326 607 ι
3350 567 3543 625 beatus

2160 651 2370 722 Higlac,
2396 652 2617 711 indutus
2643 654 2871 710 nimium
2898 655 2993 726 qui
3035 656 3285 711 vestibus
3309 656 3451 713 albis

2161 741 2444 799 Fulserat:
2484 744 2575 801 hic
2613 739 2862 803 manibus
2890 754 3091 801 memet
3115 747 3407 803 benedixit
3430 749 3636 819 opimis.

2162 835 2453 894 Godfridus
2472 838 2609 917 hinc
2632 839 2885 909 gradiens
2907 854 3006 909 per
3038 839 3179 895 vasti
3206 839 3416 895 muenia
3443 840 3634 910 templi,

2163 926 2469 985 Porticibus
2495 928 2707 1000 magnis
2740 930 2980 985 minimis
3017 930 3233 986 induxit
3260 932 3489 1001 apertis.

2163 1017 2424 1075 Omnibus
2450 1018 2537 1076 bis
2577 1019 2739 1076 rutilo
2775 1019 3043 1091 capitellis
3066 1021 3316 1091 undique
3343 1022 3576 1078 cinctum

2165 1110 2518 1166 Thuribulum
2562 1114 2761 1181 pendet
2788 1111 3115 1175 fabricatum
3147 1113 3409 1171 cominus
3442 1129 3605 1169 auro:

2165 1201 2242 1257 De
2261 1202 2457 1272 quibus
2481 1202 2775 1259 altithro'no
2800 1204 3081 1274 spirabant
3106 1205 3279 1260 thura
3307 1203 3561 1270 Tonanti,

2165 1293 2333 1350 Cerea
2363 1294 2714 1367 ﬂammigeris
2743 1310 3011 1353 venerans
3035 1297 3235 1353 altaria
3280 1298 3458 1354 donis.

2165 1386 2470 1442 Porticibus
2490 1388 2702 1443 cunctis
2727 1387 2954 1443 ardebat
2978 1374 3184 1442 lumine
3208 1387 3385 1443 claro.

2166 1476 2435 1533 Occiduas
2454 1478 2672 1533 tandem
2700 1488 2885 1549 partes
2912 1494 3275 1549 properamus
3318 1488 3526 1534 euntes.

2166 1568 2416 1624 Porticus
2448 1569 2538 1625 ille
2576 1569 2757 1626 nitens
2781 1584 2976 1642 magno
3002 1570 3330 1641 splendebat
3369 1572 3577 1629 honore.

2170 1659 2281 1715 Ilac
2317 1659 2548 1717 rutilans
2577 1675 2711 1716 auro
2739 1659 3061 1717 flammescit
3087 1660 3270 1732 gratia
3298 1656 3458 1725 mira,

2170 1751 2276 1807 Ara
2303 1762 2518 1809 sacrata
2546 1753 2657 1810 Deo
2686 1754 2851 1809 mittit
2877 1770 2999 1825 qua;
3020 1769 3254 1810 munera
3282 1763 3526 1810 summo:

2174 1845 2474 1916 Sappbirus
2512 1845 2606 1901 hic
2630 1846 2826 1902 solium
2858 1846 3139 1917 beriloque
3163 1859 3412 1901 annexus
3433 1846 3485 1900 in
3507 1853 3634 1908 ante.

2173 1935 2403 1991 Fecerat
2426 1936 2686 1993 eximium
2705 1936 2969 1993 Dominus
2989 1937 3078 1993 cui
3106 1936 3390 1994 insederat
3416 1935 3577 1991 almus

2175 2027 2423 2101 Wulfsig,
2451 2044 2613 2099 quem
2637 2029 2802 2100 prisci
2828 2030 3052 2101 cupiunt
3082 2029 3333 2085 vocitare
3363 2034 3617 2099 parentes.

2175 2122 2433 2177 Intremui
2464 2122 2702 2191 gaudens
2736 2121 2918 2177 subito
2942 2137 3104 2191 quam
3136 2120 3367 2191 pronior
3392 2118 3543 2173 almo.

2176 2213 2268 2268 Ille
2296 2214 2470 2270 levata
2499 2228 2663 2268 manu
2689 2213 2848 2269 dictis
2873 2213 3112 2268 sacravit
3134 2220 3379 2268 euntem.

2179 2304 2318 2361 Hinc
2338 2321 2438 2377 ego
2463 2321 2551 2363 me
2571 2306 2774 2362 sensim
2797 2307 2980 2376 prisco
2999 2307 3306 2363 comitante
3331 2306 3577 2376 magistro

2178 2392 2436 2450 Converti
2460 2395 2529 2450 ad
2551 2395 2766 2451 culmen
2794 2394 2944 2451 cellae
2963 2411 3085 2466 quae
3112 2396 3342 2467 respicit
3367 2404 3560 2459 arcton,

2180 2484 2421 2541 Plurima
2446 2501 2569 2556 quae
2589 2485 3072 2543 miris‘micuerunt
3093 2486 3320 2543 vascula
3348 2485 3578 2557 gemmis.

2180 2576 2281 2631 Ast
2307 2576 2416 2634 alio
2436 2591 2502 2632 ex
2524 2591 2659 2633 auro
2684 2577 2894 2632 variato
2917 2576 3122 2632 lumine
3145 2578 3366 2632 vibrant

2182 2666 2499 2738 Oruatuque
2522 2683 2621 2724 suo
2642 2669 2827 2724 mundi
2857 2683 3119 2737 superare
3144 2667 3369 2723 metallo

2184 2756 2377 2814 Omnia
2406 2759 2521 2829 jam
2538 2767 2792 2830 poterant
2813 2761 3052 2830 pretiosa
3078 2761 3333 2832 germine
3361 2758 3509 2814 facta.

2185 2848 2312 2905 Haec
2336 2850 2479 2906 inter
2510 2850 2739 2921 dapibus
2763 2850 2994 2907 diversis
3023 2866 3222 2908 mensa
3246 2851 3443 2907 refecta

2185 2940 2607 3013 Omnigenisque
2629 2941 2807 3012 epulis
2826 2952 3084 2997 escarum
3115 2957 3347 2998 munera
3370 2939 3572 3011 profert,

2187 3031 2505 3104 Sumpserat
2525 3032 2653 3088 hinc
2678 3032 2905 3089 calicem
2927 3033 3088 3088 vitrei
3115 3033 3193 3091 de
3218 3049 3354 3091 vena
3379 3029 3593 3087 metalli:

2111 3144 2171 3208 ο·
2188 3124 2457 3180 Hauserat
2475 3133 2532 3182 et
2550 3125 2803 3182 manibus
2828 3126 3122 3183 venerandi
3154 3127 3298 3182 dona
3325 3124 3545 3195 liquoris,

2192 3213 2624 3285 Sacriﬁcansqne
2644 3216 2750 3287 piis
2776 3217 3032 3287 precibus
3055 3226 3358 3288 potumque
3382 3215 3633 3271 ministrat.

2188 3306 2289 3362 Ast
2309 3307 2402 3362 ubi
2421 3320 2768 3377 per-ceperam
2792 3309 3025 3365 mirandi
3042 3310 3172 3364 vina
3193 3309 3412 3381 saporis,

2192 3400 2252 3457 In
2275 3399 2442 3456 cmlos
2465 3399 2696 3456 Domino
2721 3401 2910 3457 laudes
2933 3400 3239 3473 gratesque
3256 3398 3482 3472 rependi.

2195 3491 2490 3562 Presbyter
2514 3492 2720 3548 interea
2739 3494 3079 3549 venerandus
3103 3494 3237 3549 talia
3265 3492 3422 3548 dixit:

2199 3580 2326 3637 Haec
2353 3581 2544 3637 domus
2561 3590 2645 3637 est
2664 3583 2873 3638 meritis
2899 3583 3211 3638 animarum
3239 3581 3443 3663 condita
3468 3572 3650 3633 sanctis,

2197 3672 2344 3741 Quas
2367 3673 2512 3729 Deus
2539 3674 2881 3743 omnipotens
2906 3674 3031 3730 istic
3054 3674 3261 3745 pietate
3284 3671 3496 3733 locabat,

2198 3764 2448 3821 Esuriem
2464 3779 2764 3836 pmnasque
2784 3765 2932 3821 sitim
2960 3781 3057 3836 per
3077 3766 3274 3823 saecula
3300 3763 3466 3819 nullus

2202 3854 2415 3911 Sentiet
2436 3855 2495 3911 in
2522 3855 2772 3922 Domino,
2805 3864 3025 3911 sumunt
3044 3857 3140 3913 sed
3170 3854 3357 3928 gaudia
3383 3852 3524 3920 longa

2202 3948 2512 4004 Laudantes
2532 3949 2820 4004 Dominum
2844 3948 2967 4005 caeli
2993 3963 3091 4020 per
3115 3948 3308 4005 secula
3333 3949 3527 4005 cuncta,

2204 4040 2307 4108 Qui
2338 4040 2579 4110 requiem
2599 4040 2753 4096 lectis
2782 4041 2982 4097 trilmet
3010 4041 3128 4096 sine
3155 4042 3263 4097 fine
3288 4041 3500 4094 beatam.

2204 4131 2302 4187 llis
2329 4131 2489 4187 dictis
2511 4131 2742 4202 vigilans
2771 4132 2948 4187 visum
2969 4130 3085 4201 jam
3109 4133 3344 4188 scribere
3370 4123 3509 4194 coepi.

2763 4259 2993 4319 CAPUT
3037 4260 3226 4318 XXIII.

2211 4375 2475 4432 Salutatio
2499 4384 2543 4429 et
2571 4375 2802 4446 precatio
2826 4376 2956 4430 vatis
2977 4374 3046 4429 ad
3070 4387 3277 4430 sanczos
3300 4380 3345 4427 et
3377 4367 3439 4423 ad
3458 4365 3701 4421 Damt!"

2134 4503 2184 4564 ι)
2211 4489 2337 4546 Haec
2357 4489 2532 4558 lupus,
2557 4489 2665 4544 alte
2683 4488 2869 4555 Pater,
2900 4489 3096 4563 stolido
3113 4463 3404 4560 depectere
3425 4479 3578 4536 clarus

2350 4579 2605 4636 Carmina
2627 4580 2952 4651 composuit,
2982 4594 3217 4650 corpore
3231 4583 3400 4633 mente
3423 4575 3602 4639 rogans:

2209 4671 2487 4738 Quatenus
2512 4670 2734 4741 indigno
2762 4671 2937 4726 sancti
2965 4685 3062 4726 sua
3089 4682 3306 4725 munera
3324 4662 3560 4735 praesumi

2350 4762 2418 4816 Εί
2440 4768 2668 4832 Poscant
2694 4762 2905 4816 veniam
2932 4777 3056 4817 cum
3078 4762 3270 4831 pavido
3289 4752 3526 4827 precibus.

2210 4851 2566 4922 Omnipotens
2589 4852 2802 4908 meritis
2824 4867 3037 4923 semper
3056 4867 3193 4923 quos
3213 4854 3393 4922 augeat
3414 4841 3532 4906 istic,

2352 4943 2423 5001 Ut
2448 4956 2640 5014 puram
2670 4945 2886 5015 capiant
2913 4960 3161 5015 corpore,
3185 4948 3352 5000 mente
3373 4935 3526 4993 ﬁdem.

2213 5037 2313 5094 llic
2331 5038 2484 5094 locus
2501 5047 2562 5093 ut
2587 5036 2806 5094 Christo
2832 5053 3046 5109 semper
3072 5033 3432 5095 memoralibus
3452 5022 3570 5079 almo

2356 5131 2597 5187 Exsistat
2623 5130 2850 5195 meritis,
2874 5131 3208 5187 accumulent
3234 5117 3473 5183 monachi.

2216 5222 2301 5278 Sit
2325 5224 2467 5278 Deus
2491 5222 2837 5291 omnipotens
2855 5235 2955 5292 per
2983 5223 3176 5279 stecula
3198 5223 3374 5276 cuncta
3397 5204 3558 5266 beatis.

2322 5350 2325 5351 ν
2360 5319 2619 5375 Servatur
2644 5318 2812 5386 mitis,
2844 5319 2973 5375 dum
3002 5320 3220 5377 meliora
3242 5312 3409 5370 velint.

2216 5408 2352 5465 Cum
2382 5409 2580 5479 quibus
2607 5409 2724 5466 haec
2742 5418 2970 5466 cantans
2996 5412 3214 5482 cupiens
3233 5420 3320 5463 sua
3333 5386 3633 5485 miscete)“

2358 5498 2477 5555 Non
2504 5506 2698 5565 cessat,
2732 5497 3003 5556 famulans
3026 5479 3330 5570 quandoque
3346 5500 3439 5545 non
3461 5479 3593 5533 vitiis-

3676 4954 3679 4958 ’
3706 4984 3719 5037 ί

610 5632 637 5705 ξ
667 5620 761 5705 Sic
782 5623 1234 5705 monasteriorum
1263 5637 1621 5705 praeceptores
1641 5631 2012 5705 appellabant;
2043 5633 2122 5689 sic
2222 5634 2392 5705 eique;
2404 5631 2595 5688 tribuit
2616 5630 2814 5705 librum
2839 5648 3007 5705 unum
3038 5634 3105 5705 de
3141 5591 3678 5705 Vita_SigWi,?E_flj££5

537 5670 1245 5778 ςερμξδῇξεξξιξθῖιέξερξξξξί)
1266 5670 2123 5778 ᾌιῖιξῖᾂῖἷῖἓόἑῐζῖὲἲὶιῖὲῖ
2222 5670 3007 5778 ἰξῷἒῇἷξᾟέιᾚὲιῖωιίἔῦἒεῖἶῗέἶ
3034 5670 3400 5778 amans
3416 5670 3680 5743 Βεηοάίωηο

540 5759 882 5827 Ilibernicas.
914 5758 1151 5831 lglacum
1173 5762 1358 5821 laudat
1385 5766 1597 5824 Pitseus
1622 5758 1689 5824 ad
1714 5787 1914 5827 annum
1933 5789 2120 5843 ncch,

2224 5772 2294 5831 23
2319 5772 2465 5842 Julii,
2493 5789 2560 5829 ex
2592 5787 2742 5830 mero
2773 5772 3017 5831 arbitrio.
