4020 6170
318 295 457 353 1585

788 292 1071 352 MARCUS
1107 291 1527 349 IDBONTINUS
1563 288 1960 346 EPISCOPUS.
1993 319 2060 330 -—
2091 252 2380 345 HYMNIJS
2408 285 2473 341 IN
2515 287 2755 345 MAGNO
2790 287 3121 344 SABBATO.

316 405 419 471 Tu,
449 405 629 473 Pater,
657 406 776 461 hate
801 406 1038 461 recitans
1065 414 1284 462 nostros
1305 420 1410 459 non
1434 418 1629 474 sperne
1656 402 1892 469 labores,
1925 410 1971 469 Α
2001 398 2266 468 Quatinus
2294 401 2383 457 hic
2406 401 2614 471 trepido
2641 401 2879 456 dimittat
2907 401 3135 457 crimina
3154 400 3267 455 vati

456 495 598 563 Quin
623 495 796 566 magis
821 497 937 552 haec
964 510 1194 551 cernens
1227 494 1421 567 gaudia
1455 495 1615 565 digna
1647 501 1789 549 tene.

314 584 468 652 Quod
498 594 592 642 tuo
613 595 722 642 tam
748 587 882 643 clari
908 596 1224 643 meruerunt
1247 586 1509 656 sanguine
1530 594 1721 659 patres

457 673 608 739 Esse,
641 674 752 732 Deo
778 684 962 748 grates
989 675 1216 732 reddere
1244 683 1297 731 te
1324 690 1539 731 moneo.

2138 491 2491 562 Omnipotens
2520 494 2751 563 genitor,
2777 509 2877 549 nec
2902 493 3104 565 pietate
3126 499 3302 549 vacet.

1998 582 2098 641 Cui
2119 583 2302 649 decus,
2328 583 2637 654 imperium,
2666 584 2859 653 virtus,
2890 584 3156 653 sapientia
3183 598 3400 654 perpes,

2141 676 2283 731 Laus
2303 685 2358 731 et
2384 678 2560 732 honor
2586 689 2798 753 semper
2823 684 3157 753 permaneat,
3185 674 3386 746 vigeat.

313 761 398 819 Me
422 780 636 836 quoque
664 781 808 822 nunc
840 767 1093 836 precibus
1122 758 1350 822 Domino
1377 765 1633 822 mandare
1665 764 1901 837 profusis
2000 768 2076 824 Te
2101 778 2257 838 pater
2282 768 2625 823 omnitenens
2649 776 2828 822 servet
2845 782 2944 836 per
2973 766 3169 822 saecula
3199 765 3351 821 mitis

456 852 577 908 Jam
608 855 832 925 dignare
853 872 1065 928 precor,
1088 873 1335 930 corpore,
1366 857 1531 914 corde
1561 872 1759 927 rogans
1784 874 1798 911 :

2139 859 2340 915 Inferni
2370 858 2563 915 vinclis
2581 859 3008 935 verberibusque
3032 858 3275 931 privans.

408 986 639 1056 Explicit
664 987 795 1044 liber
811 988 1093 1061 Ethelvolﬁ
1118 989 1577 1061 Lindisfarnensi:
1606 990 1861 1047 Ecclesia:
1890 991 2159 1056 monachi,
2186 990 2251 1046 de
2274 991 2551 1047 abbatibus
2572 1003 2623 1048 σε
2643 992 2919 1049 miraculis
2942 993 3179 1065 ejusdem
3208 990 3482 1049 Ecclesiae.

312 1121 3589 1172 Μ

1458 1256 2454 1426 MARCUS

1138 1520 1944 1602 IDRONTINUS
2030 1522 2750 1605 EPISCOPUS.

940 1762 1195 1826 MARCI
1240 1763 1662 1827 IDRONTINI
1716 1764 2055 1827 HYMNUS
2095 1766 2177 1828 IN
2233 1766 2521 1828 MAGNO
2583 1766 2951 1832 SABBATO

1406 1907 1745 1983 ’Δκρέστιχις
1795 1918 1996 1980 graeca
2028 1913 2115 1964 nd
2143 1912 2378 1987 σήμερον
2404 1909 2460 1967 δέ

1636 2047 1727 2101 ΕΤ
1779 2046 1987 2103 IIODIE
2022 2046 2288 2102 AU'I‘EM.

380 2318 385 2322 .
437 2268 526 2332 ἔπη
1602 2277 1696 2341 (Ex
1724 2274 2023 2332 Bibliotheca
2049 2278 2290 2342 Patrum.)

394 2509 549 2568 Unda
577 2503 746 2563 maris
772 2510 1091 2574 contegente
1113 2499 1241 2556 olim
1278 2503 1678 2592 persecutorem
1716 2504 1903 2592 tyran-
1931 2499 1979 2559 Β
2009 2497 2304 2565 po'cntiam
2326 2498 2484 2567 bone,
2514 2514 2760 2563 versatus
2781 2510 2868 2566 his
2889 2513 3050 2582 quiin
3079 2517 3289 2577 inferno
3309 2534 3455 2592 sunt,
3480 2535 3599 2585 ωτι.

323 2616 453 2657 num
479 2598 580 2654 sub
619 2604 764 2652 terra
786 2599 1146 2665 contexerunt
1173 2599 1510 2646 servatorum
1543 2587 1654 2649 lilii,
1687 2586 1780 2641 sed
1813 2600 1913 2640 nos

325 2689 490 2746 veluti
530 2684 835 2756 juvenculae
871 2682 1100 2739 Domino
1145 2695 1427 2745 canamus,
1485 2677 1716 2746 gloriose
1754 2676 1911 2732 enim

329 2778 660 2851 glorificatus
683 2782 788 2829 est.

398 2870 624 2925 Domine
651 2867 795 2922 Deus
819 2879 996 2930 meus,
1019 2861 1301 2918 funebrem
1336 2861 1596 2932 hymnum
1635 2866 1690 2912 et
1729 2856 1911 2927 sepul-

330 2960 532 3017 cralem
563 2966 784 3014 cantum
825 2954 926 3011 tibi
954 2968 1166 3011 canam.
1197 2950 1485 3020 Sepultura
1532 2957 1621 3003 tua
1650 2947 1781 3002 mihi
1825 2947 1910 3000 in-

329 3068 544 3125 gressus
570 3048 904 3119 adaperienti
944 3055 998 3102 et
1024 3052 1198 3100 morte
1227 3049 1492 3108 mortem,
1542 3048 1598 3095 et
1641 3037 1912 3094 infernum

328 3140 723 3201 mortiﬁcatori.
780 3137 1045 3208 Superius
1081 3144 1134 3191 te
1190 3135 1246 3190 in
1295 3134 1422 3190 sede
1447 3173 1462 3198 ,
1502 3139 1556 3188 ct
1595 3129 1823 3186 inferius
1857 3130 1912 3185 in

331 3232 578 3304 sepulcro
602 3243 766 3300 super
790 3226 1081 3291 mundana,
1104 3233 1159 3281 et
1192 3224 1290 3281 sub
1316 3233 1530 3279 terrena
1561 3219 1913 3291 intelligentia

331 3329 568 3382 salvator
594 3336 748 3377 meus
779 3319 1132 3375 vibrabantur
1157 3314 1574 3372 mortiﬁcatione
1615 3321 1705 3367 tua
1750 3325 1911 3382 supra

332 3423 589 3478 mentem,
616 3413 764 3468 visus
789 3427 848 3467 es
870 3412 1015 3468 enim
1038 3420 1283 3465 mortuus
1302 3409 1427 3464 vitae
1448 3414 1655 3462 auctor.

406 3505 480 3563 Ut
520 3513 608 3560 tua
644 3503 814 3576 gloria
842 3502 1026 3558 omnia
1074 3502 1284 3570 repleas
1330 3496 1653 3556 descendisti
1700 3495 1754 3550 in
1803 3496 1913 3548 ima

331 3605 510 3660 terrae,
534 3597 630 3651 abs
659 3594 871 3650 teenim
897 3608 1004 3647 non
1032 3592 1293 3645 absconsa
1313 3596 1396 3642 est
1417 3585 1765 3641 subsistentia
1793 3599 1913 3638 mea

332 3687 387 3742 in
413 3688 616 3751 Adam,
665 3692 722 3739 et
754 3682 995 3751 sepultus
1042 3688 1357 3748 corruptum
1391 3690 1477 3730 me
1521 3672 1778 3729 noviﬁcas
1809 3675 1912 3728 hu-

404 3864 481 3919 Te
506 3862 599 3933 qui
624 3862 680 3916 in
721 3860 877 3930 aquis
897 3857 1222 3928 suspendisti
1249 3870 1465 3911 omnem
1498 3862 1703 3910 terram
1728 3855 1917 3910 incon-
1942 3834 1987 3898 Ο

331 3952 653 4010 tentibiliter
680 3949 884 4005 creatio
912 3947 1219 4018 conspicata
1244 3947 1298 4000 in
1325 3944 1570 4002 Calvaria
1593 3960 1915 4017 suspensum

330 4041 471 4111 stupi
481 4042 547 4096 de
567 4039 963 4103 continebatur,
992 4052 1101 4092 non
1124 4044 1208 4092 est
1235 4043 1457 4092 sanctus
1480 4044 1679 4106 praeter
1707 4043 1780 4101 te,
1808 4035 1916 4092 Do-

334 4133 500 4199 mine,
529 4132 791 4187 clamans.

407 4222 574 4295 Signa
632 4221 923 4292 sepulturae
966 4228 1073 4275 tua:
1139 4219 1423 4275 ostendisti
1465 4219 1616 4275 visus
1652 4219 1913 4290 multipli-

334 4329 484 4379 cans,
515 4328 644 4369 num
686 4319 869 4375 autem
915 4319 1123 4366 secreta
1146 4317 1235 4364 tua
1263 4310 1522 4381 divinitus
1555 4307 1915 4365 manifestasti

334 4413 388 4459 et
413 4405 500 4460 bis
525 4403 617 4473 qui
645 4403 697 4456 in
733 4400 944 4457 inferno
970 4409 1120 4467 sunt,
1155 4400 1404 4469 Domine,
1428 4416 1536 4456 non
1584 4409 1667 4456 est
1694 4410 1915 4456 sanctus

334 4496 536 4565 p‘rmtcr
556 4503 628 4561 te,
655 4493 899 4558 Domine,
931 4492 1185 4548 clamant.
1548 4540 1554 4546 .

408 4588 701 4659 Explicasti
727 4587 932 4657 palmas
952 4594 1007 4641 et
1029 4585 1195 4640 unisti
1225 4598 1345 4655 qum
1365 4584 1517 4654 prius
1541 4583 1711 4639 divisa
1739 4590 1914 4649 erant,

339 4680 680 4746 correptione
713 4687 892 4732 autem
920 4677 1159 4732 salvator
1185 4675 1240 4729 in
1267 4675 1493 4730 sindone
1521 4682 1575 4728 et
1596 4689 1914 4729 monumen-

340 4775 412 4828 to,
445 4767 721 4821 devinctos
745 4766 973 4833 solvisti,
1005 4780 1112 4821 non
1131 4773 1215 4821 est
1241 4758 1460 4820 Sanctus
1487 4773 1683 4836 praeter
1710 4772 1781 4831 te,
1808 4765 1914 4820 Do-

340 4855 503 4919 mine,
529 4856 824 4912 clamamus

410 4942 757 5000 Monumento
794 4953 849 4999 et
890 4943 1077 5015 sigillis
1119 4960 1235 5003 non.
1257 4942 1587 5015 capiendus,
1627 4955 1916 5001 contentus

339 5054 398 5093 es
432 5037 722 5100 voluntate,
749 5038 951 5091 etenim
974 5038 1081 5091 vim
1116 5046 1262 5091 tuam
1298 5037 1604 5093 actionibus
1625 5038 1913 5093 notiﬂcasti

341 5129 556 5185 divillce
580 5130 944 5196 cantantibus,
972 5144 1081 5185 non
1111 5139 1196 5185 est
1222 5137 1442 5186 sanctus
1469 5140 1669 5201 praeter
1694 5139 1767 5197 te,
1813 5133 1918 5188 Do-

342 5226 509 5289 mine,
539 5224 794 5277 humane.

409 5313 467 5369 In
513 5327 676 5370 cruce
720 5321 869 5369 tuam
912 5314 1150 5370 divinam
1190 5317 1600 5373 evacuationem
1621 5318 1925 5388 praevidens

340 5406 636 5473 Abbacum,
664 5406 913 5477 stupidus
941 5405 1228 5476 clamabat,
1281 5417 1341 5465 tu
1378 5417 1665 5481 potentum
1710 5411 1921 5468 scidisti

2014 2600 2174 2655 quam
2205 2592 2570 2659 omnipotens.

2087 2676 2381 2769 Septimum
2438 2684 2596 2741 hodie
2643 2691 3034 2763 sanctiﬁcasti,
3065 2714 3228 2769 quam
3275 2705 3600 2768 benedixiin

2012 2774 2165 2836 prius
2225 2774 2529 2829 cessatione
2581 2793 2805 2846 operum
2832 2822 2847 2847 ,
2907 2788 3121 2854 profers
3162 2794 3309 2848 enim
3349 2800 3602 2857 universa

2013 2866 2067 2912 ct
2092 2862 2385 2928 novilicas,
2435 2868 2809 2929 sabbatissans
2833 2915 2847 2940 ,
2879 2876 3117 2935 salvator
3145 2899 3300 2941 meus
3345 2897 3401 2943 et
3455 2907 3601 2949 recu-

2012 2965 2235 3020 perans.
2934 2966 2939 2967 ί

2080 3042 2427 3103 Fortitudine
2469 3054 2868 3120 prmstantioris
2915 3060 3235 3122 devincente
3275 3080 3327 3124 te
3358 3087 3389 3126 a
3438 3089 3607 3131 carne

2014 3150 2194 3191 annua
2224 3145 2316 3192 tua
2348 3138 2519 3195 divisa
2569 3152 2688 3208 est,
2720 3145 2962 3202 lacerant
3003 3153 3149 3207 enim
3195 3159 3356 3213 ambo
3390 3161 3603 3219 vincula

2013 3228 2206 3283 mortis
2224 3236 2281 3281 et
2303 3227 2499 3285 inferni
2522 3234 2743 3288 verbum
2767 3235 3084 3293 fortimdine
3116 3250 3229 3303 tua.

2082 3315 2330 3372 lnfernus
2372 3322 2593 3375 verbum
2646 3338 2939 3380 occurrens
2988 3328 3120 3393 tibi,
3170 3348 3392 3391 amarus
3432 3337 3608 3396 iactus

2012 3412 2097 3460 est
2125 3407 2409 3461 mortalem
2458 3410 2646 3465 videns
2679 3412 2987 3470 deiﬁcatum
3012 3458 3027 3483 ,
3071 3423 3408 3480 maculosum
3459 3429 3609 3483 vibi-

2013 3496 2186 3560 cibus,
2233 3508 2290 3552 et
2335 3501 2854 3571 omnipotentilicem
2898 3507 3147 3573 horribili
3206 3511 3396 3571 forma:
3422 3525 3604 3575 autem

2014 3584 2363 3641 discordavit.
2794 3601 2803 3611 '

2082 3672 2424 3744 Deiparentfa
2476 3689 2587 3748 tua,
2622 3681 2859 3751 Christe,
2886 3702 3013 3760 erga
3044 3706 3144 3748 nos
3185 3699 3607 3767 compatientem

2013 3762 2178 3833 facta,
2227 3767 2393 3824 Isaias
2441 3771 2644 3827 lumine
2688 3776 2803 3832 viso
2857 3778 2975 3835 sine
3019 3797 3274 3854 vespere,
3308 3762 3401 3845 —de
3448 3804 3613 3850 nocte

2019 3859 2248 3930 vigilans
2285 3860 2537 3919 clamavit
2562 3906 2577 3931 ,
2603 3877 2886 3937 resurgent
2919 3875 3117 3928 mortui
3143 3915 3158 3941 ,
3186 3886 3239 3931 et
3259 3881 3606 3939 suscitabun—

2019 3958 2110 4007 tur
2131 3952 2224 4022 qui
2267 3953 2320 4007 in
2360 3956 2627 4026 sepulcris
2656 3968 2782 4014 sunt
2808 4001 2823 4027 ,
2866 3972 2921 4017 et
2943 3979 3132 4022 omnes
3159 3967 3215 4023 in
3259 3978 3404 4028 terra
3427 3976 3609 4031 exsul-

2020 4044 2230 4099 tabunt.

2089 4134 2358 4196 Novilicas
2380 4144 2683 4215 terrigenas
2704 4187 2721 4212 ,
2754 4156 2967 4204 creator
2994 4151 3284 4221 pulvereus
3329 4159 3571 4215 existens
3588 4202 3602 4226 ,

2019 4235 2074 4281 et
2115 4230 2305 4285 sindon
2362 4242 2419 4287 et
2483 4238 2793 4304 sepulcrum
2848 4242 3248 4301 subostendunt
3299 4250 3611 4305 coexistens

2024 4317 2118 4371 tibi
2148 4319 2377 4375 Verbum
2418 4327 2758 4394 mysterium,
2797 4327 3029 4386 decorus
3071 4335 3217 4389 enim
3246 4336 3519 4394 confultor
3556 4349 3611 4398 te

2021 4408 2289 4479 gignentis
2312 4413 2595 4468 consilium
2622 4417 2945 4475 vaticinatur
2972 4423 3026 4476 in
3043 4432 3097 4478 te
3123 4427 3428 4497 magniﬁce,
3453 4432 3578 4486 novi
3593 4460 3610 4472 -

2022 4498 2232 4555 licantis
2254 4517 2359 4555 me.

2092 4588 2195 4644 Per
2216 4600 2465 4657 mortem,
2502 4598 2728 4653 mortale
2770 4614 2868 4669 per
2893 4603 3219 4673 sepulcrum,
3245 4611 3601 4681 corruptibile

2022 4688 2371 4750 transmutas,
2398 4686 2807 4771 incorruptibile
2837 4692 2972 4749 facis
2991 4697 3136 4752 enim
3178 4698 3608 4760 dividecentissi—

2022 4789 2129 4839 me,
2162 4775 2625 4837 immortaliﬂcans
2653 4793 3010 4855 assumptum,
3039 4804 3166 4846 caro
3194 4793 3338 4847 enim
3370 4802 3461 4848 tua
3491 4810 3611 4851 cor-

2022 4866 2326 4936 ruptionem
2357 4884 2463 4924 non
2495 4874 2659 4935 novit,
2706 4874 2930 4932 Domine
2959 4920 2973 4944 ,
3016 4895 3192 4950 neque
3220 4881 3401 4937 anima
3437 4891 3527 4939 tua
3556 4884 3613 4939 in

2023 4956 2239 5013 inferno
2260 4960 2580 5018 mirabiliter
2609 4966 2798 5021 relicta
2825 4978 2927 5025 est.

2095 5048 2168 5103 Ex
2197 5050 2507 5124 incorrupta
2535 5054 2829 5125 profectus,
2848 5067 2901 5114 et
2923 5060 3210 5118 vulnerans
3233 5072 3437 5119 costam
3464 5081 3614 5122 crea-

2023 5147 2110 5195 tor
2128 5157 2299 5209 meus,
2329 5161 2395 5200 ex
2435 5147 2548 5216 ipsa
2571 5149 2795 5206 ell'ecisti
2824 5151 3257 5229 reformationem
3280 5157 3404 5213 Evce
3442 5158 3616 5215 Adam

2029 5230 2221 5299 factus,
2274 5237 2481 5307 sopitus
2528 5240 2921 5299 admirabiliter
2966 5261 3156 5304 somno
3205 5249 3531 5317 viviﬁcante,
3561 5259 3616 5306 et

2032 5325 2200 5380 vitam
2247 5328 2518 5387 suscitans
2552 5346 2585 5388 e
2621 5347 2811 5390 somno
2861 5344 2916 5392 et
2968 5339 3317 5412 corruptione
3361 5351 3615 5412 tauquam

2034 5417 2397 5489 omnipotens.
