4020 6170
413 249 548 303 1517

1667 250 1872 308 PETRI
1909 249 2394 308 ARCIIIDIACONI

3545 253 3568 306 Ι
3579 254 3677 310 548

2737 391 2817 394 ..
3389 390 3396 398 .
3593 390 3651 418 ,ε

592 573 1470 715 PETBUS
1586 569 2010 711 ABG

2135 572 3458 716 IIDIACONUS.

419 957 1094 1057 QUIESTIONES
1116 957 1227 1034 IN
1265 956 1793 1034 DANIELEM
1833 953 2456 1032 PROPHETAM
2484 957 2537 1030 A
2567 955 2900 1031 ΡΕΤΒΟ
2934 949 3690 1041 ARCHIDIACONO

1787 1081 2315 1160 ENODATE.

2023 1246 2098 1259 ἡ

1685 1341 1776 1398 (Ex
1805 1329 2035 1404 Martem,
2080 1340 2225 1406 smpl.
2249 1328 2476 1404 CJlecl.)

757 1561 1268 1626 OBSERVATIO
1311 1560 1654 1622 PRJEVIA.

491 1712 634 1765 Inter
668 1708 847 1762 varias
884 1705 1061 1760 Caroli
1091 1703 1267 1772 Magni
1304 1720 1485 1768 curas,
1515 1701 1810 1773 spectanda
1824 1709 1920 1773 est
1948 1701 2002 1755 in

420 1782 612 1852 primis
641 1775 994 1852 su_mma__ejus
1015 1775 1068 1852 in
1095 1771 1464 1852 i‘cstaurandis
1492 1771 1769 1828 sacrarum
1801 1771 2006 1852 littera-

422 1842 542 1906 rum
570 1849 761 1904 studiis
790 1842 1085 1916 diligentia.
1130 1845 1298 1916 Batus
1340 1845 1497 1916 enim
1531 1852 1660 1896 tunc
1699 1842 2005 1916 praesertim

422 1921 648 1990 imperia
676 1912 983 1990 ﬂorescere,
1002 1914 1249 1990 cumuviuri
1275 1915 1326 1968 in
1349 1915 1428 1968 eis
1449 1913 1647 1990 virtute
1671 1912 2005 1990 ac_doctrina

421 1983 1071 2061 prmstantesclaruerint,
1093 1983 1220 2037 nihil
1245 1985 1592 2061 praetermisit
1611 1983 1849 2058 omnino,
1875 1997 2007 2050 quo-

423 2055 602 2114 ininus
629 2059 869 2114 eruditos
897 2056 1251 2124 undequaque
1281 2055 1426 2109 viros
1451 2062 1754 2108 accerseret
1775 2056 2006 2124 quorum

422 2146 524 2200 ope
553 2130 802 2184 liberales
831 2127 883 2180 in
915 2127 1028 2180 suis
1065 2125 1245 2200 regnis
1280 2133 1446 2200 artes,
1492 2124 1806 2192 disciplinas
1833 2123 2008 2176 scien-

422 2194 633 2270 ti'asque
662 2213 850 2253 omnes
877 2194 1244 2250 resuscitaret.
1282 2194 1488 2249 Nervos
1515 2209 1641 2270 vere
1670 2208 1858 2270 omnes
1878 2206 2008 2248 con-

422 2263 613 2334 tendit,
657 2277 717 2323 ut
746 2282 881 2336 pene
927 2274 1231 2336 emortuum
1281 2279 1567 2336 sacrarum
1602 2263 2008 2336 Scripturarnm

423 2341 661 2396 studium
702 2333 841 2402 apud
887 2351 1014 2390 suos
1041 2335 1324 2390 excitaret.
1357 2335 1412 2388 ιιι
1443 2334 1659 2402 quidem
1693 2333 1806 2402 ipse
1836 2341 2007 2388 testa-

422 2419 512 2464 tur
539 2411 592 2463 in
623 2403 1024 2480 prmlationead
1045 2405 1418 2480 llomiliarium
1446 2403 1595 2458 Pauli
1621 2404 1832 2480 diaconi
1859 2403 2010 2480 (Iasi:

425 2480 608 2535 nensis
623 2466 880 2533 'monachi
902 2475 1020 2544 ejus
1038 2473 1192 2542 jussu
1215 2475 1569 2529 elalzoratum.
1597 2472 1783 2544 «Quia,
1808 2466 2019 2541 inquit,‘

425 2566 570 2606 cura:
599 2549 752 2604 nobis
779 2554 863 2600 est
891 2543 949 2599 ut
976 2544 1336 2599 Ecclesiarnm
1360 2553 1666 2598 nostrarum
1692 2543 1757 2596 ad
1785 2544 2007 2598 meliora

425 2633 638 2688 semper
680 2617 926 2688 proﬁciat
949 2624 1142 2679 status,
1174 2614 1538 2688 oblitteratam
1564 2613 2004 2688 pene__majorum

424 2683 731 2745 nostrorum
756 2686 955 2741 desidia
979 2692 1230 2755 reparare
1248 2685 1486 2755 vigilanti
1508 2685 1685 2755 studio
1706 2683 2010 2738 litterarum

426 2760 722 2830 satagimus
766 2754 1055 2830 olllcinam,
1107 2762 1162 2808 et
1205 2755 1274 2830 ad
1311 2754 1685 2823 ’pernoscenda
1731 2758 2008 2830 sacrorum

424 2823 688 2885 librorum
737 2828 934 2890 studia,
977 2832 1164 2880 nostro
1205 2825 1367 2878 etiam
1401 2839 1508 2894 quo
1535 2839 1823 2894 possumus
1869 2823 2010 2877 invi—

2033 1565 2081 1622 Α
2179 1577 2233 1631 2.
2268 1578 2538 1645 Quaeritur
2580 1579 2625 1634 si
2671 1578 2897 1635 Danihel
2939 1588 2996 1635 et
3043 1579 3283 1634 Ananias
3308 1587 3364 1634 et
3389 1578 3611 1634 Misabel
3642 1577 3702 1634 et

2106 1666 2329 1723 Azarias
2355 1669 2571 1723 fuerunt
2598 1671 2848 1734 eunuchi,
2885 1685 2953 1724 an
2983 1670 3127 1724 non?

2177 1780 2421 1836 Eunuchi
2471 1783 2739 1845 videntur,
2765 1780 2923 1851 juxta
2964 1781 3094 1836 illud
3133 1779 3276 1850 quod
3309 1781 3574 1852 legimus:
3604 1783 3702 1834 Ait

2106 1887 2200 1924 rex
2229 1872 2501 1940 Asphanez
2539 1872 2818 1942 prwposito
2853 1871 3211 1924 cunuchorum
3239 1887 3473 1933 suorum,
3522 1880 3578 1923 ut
3613 1873 3706 1923 in-

2105 1959 2400 2014 troduceret
2439 1960 2502 2014 de
2531 1958 2662 2028 ﬁliis
2689 1959 2860 2013 Israel
2889 1969 2937 2013 et
2963 1960 3028 2014 de
3051 1960 3249 2013 semine
3276 1960 3417 2028 regio
3435 1968 3483 2011 et
3513 1968 3706 2028 tymp-

2107 2066 2293 2103 norum
2335 2066 2524 2119 pueros
2572 2049 2628 2103 in
2675 2050 2865 2120 quibus
2910 2048 3057 2103 nulla
3099 2048 3481 2103 esset'macula
3526 2048 3701 2118 (Dan.

2108 2157 2147 2206 i,
2174 2142 2252 2212 ὅ),
2277 2152 2332 2196 et
2344 2141 2499 2211 juxta
2527 2141 2578 2196 id
2611 2143 2754 2212 quod
2769 2142 2958 2196 Esaias
2982 2142 3194 2197 dixerat
3212 2141 3459 2196 Ezechias
3483 2156 3499 2193 :
3535 2140 3602 2194 Et
3635 2141 3706 2194 de

2106 2233 2301 2286 semine
2331 2232 2509 2287 tollent
2531 2242 2579 2287 et
2609 2233 2800 2304 facient
2827 2234 3091 2287 eunuchos
3121 2234 3176 2287 in
3201 2233 3356 2286 domo
3395 2233 3529 2302 regis
3557 2229 3704 2301 (Isa.

2107 2339 2294 2389 xxxix,
2327 2325 2402 2396 7).
2446 2324 2553 2380 Sed
2581 2341 2703 2379 cum
2732 2325 2972 2381 occurrit
3008 2325 3140 2380 illud
3168 2345 3180 2379 :
3214 2325 3284 2380 In
3317 2326 3505 2396 quibus
3550 2325 3708 2380 nulla

2106 2424 2234 2469 esset
2257 2415 2486 2481 macula,
2515 2433 2623 2472 non
2656 2433 2751 2474 eos
2780 2418 2946 2475 fuisse
2973 2420 3250 2476 eunuchos
3285 2420 3610 2475 invenimus.

2175 2525 2229 2580 5.
2269 2524 2326 2580 Si
2352 2528 2672 2596 sapientiam
2699 2537 2755 2584 et
2781 2531 3083 2586 doctrinam
3125 2531 3541 2602 Babyloniorum
3573 2546 3710 2602 pecs

2108 2628 2292 2676 catum
2327 2630 2411 2677 est
2453 2623 2682 2689 discere,
2711 2641 2810 2680 cur
2833 2626 3058 2680 Danihel
3101 2625 3290 2680 didicit
3327 2626 3470 2698 quod
3499 2641 3607 2680 non
3639 2625 3710 2679 li-

2109 2711 2302 2766 cebat?

2183 2821 2240 2876 Si
2288 2823 2513 2878 Danihel
2557 2824 2720 2880 sciret
2774 2827 3097 2898 sapientiam
3149 2823 3524 2883 Chaldazorum
3576 2841 3710 2880 esse.

426 2893 1454 2988 εςιιιιιξ-εξξθιερξρσωξξῃςξειξξε,ρἒ
1477 2893 2010 2988 ΡξξέίξξιξεΡΒ-ίξθτξίξθ
2043 2912 2087 2971 Β
2112 2921 2434 2982 peccatum,
2457 2925 2735 2986 nunquam
2771 2893 3141 2986 achiescerct
3175 2919 3384 2974 discere
3417 2919 3559 2988 quod
3591 2926 3709 2974 uost

423 2971 638 3026 Veteris
661 2983 724 3023 ac
753 2963 885 3020 Novi
914 2965 1245 3019 Testamenti
1288 2963 1484 3028 libros,
1529 2963 1871 3028 librariorum
1927 2963 2009 3017 in-

425 3040 575 3096 curia
624 3039 941 3120 depravatos
965 3075 990 3116 ,.
1014 3036 1124 3089 Deo
1169 3049 1273 3120 nos
1309 3035 1361 3087 in
1410 3033 1659 3120 omnibus
1699 3031 2005 3120 aﬂjnvante,

426 3103 755 3166 examussim
785 3106 1140 3160 correximus.
1175 3124 1192 3156 ›
1230 3103 1565 3173 Quapropter
1591 3103 2009 3173 haudquaquam

427 3180 623 3234 mirum
652 3177 822 3232 videri
853 3177 1029 3239 debet,
1072 3175 1117 3228 si
1161 3182 1448 3242 sequentes
1473 3175 1525 3227 in
1549 3173 1824 3228 Danielem
1854 3173 2012 3240 Qua:-

427 3251 653 3312 stiones,
695 3262 831 3316 quas
872 3247 960 3300 hic
996 3261 1060 3299 ex
1100 3253 1408 3316 pervetusto
1446 3243 2012 3316 codice‘Stabulensis

427 3310 740 3374 monasterii
784 3310 1129 3385 proferimus,
1173 3329 1240 3368 ex
1282 3314 1598 3385 authentico
1641 3310 1787 3368 Petri
1831 3314 2012 3368 archi-

427 3389 639 3444 diaconi
666 3384 951 3442 transcribi
975 3385 1247 3440 curaverit
1277 3384 1713 3452 religiosissimus
1739 3385 2008 3454 princeps.

425 3459 559 3526 Quis
587 3467 765 3513 autem
797 3456 1066 3511 exstiterit
1095 3456 1286 3526 Petrus
1310 3454 1400 3526 ille
1418 3455 1853 3526 archidiaconus,
1886 3469 2013 3508 nec-

427 3524 555 3608 dum
599 3528 841 3583 divinare
879 3526 1173 3608 potuimus,
1227 3524 1330 3578 nisi
1378 3524 1517 3608 forte
1563 3525 1635 3608 sit
1682 3525 1784 3606 ille.
1820 3524 2014 3578 Petrus

428 3599 708 3663 diaconus,
741 3612 848 3666 quo
879 3594 1261 3651 interlocutore
1301 3604 1525 3666 sanctus,
1561 3594 1854 3664 Gregorius
1887 3609 2014 3666 suos

428 3665 772 3739 Dialogorum
805 3667 970 3722 libros
1005 3666 1326 3735 composuit.
1365 3665 1712 3720 Eruditorum
1744 3667 1844 3720 hac
1868 3665 1932 3720 de
1955 3671 2014 3719 re

426 3739 687 3809 judicium
721 3746 1116 3806 exspectamus.

845 3926 1244 4003 INCIPIT
1323 3929 1625 4004 LIBER

691 4078 774 4134 DE
821 4077 1135 4134 DIVERSIS
1185 4077 1764 4145 ΟΠΛΞΞΤΙΙΖΝΟΗΙᾸΒ
1827 4040 1830 4043 Ἴ

846 4205 954 4246 CUI
992 4204 1428 4246 RESPONSIONIBUS
1463 4206 1594 4246 SUIS.

2113 3005 2331 3071 licebat,
2355 3007 2494 3061 sicut
2520 3008 2738 3063 nolebat
2767 3011 3048 3066 comedere
3085 3012 3152 3066 de
3189 3027 3375 3066 mensa
3404 3013 3564 3084 regis,
3606 3029 3711 3066 ηιμ

2112 3111 2216 3166 que
2246 3098 2433 3153 bibere
2458 3099 2523 3154 de
2547 3101 2673 3155 vino
2707 3099 2824 3169 ejus
2869 3118 2936 3156 ne
2980 3101 3308 3171 pollueretur
3360 3103 3520 3174 (Dan.
3553 3121 3591 3168 ι,
3617 3105 3706 3164 8).

2113 3185 2246 3242 Nam
2271 3198 2326 3244 et
2356 3189 2566 3261 Moyses
2594 3207 2808 3248 omnem
2854 3195 3171 3264 sapientiam
3215 3195 3592 3267 IEgyptiorum
3620 3198 3707 3251 di-

2113 3278 2339 3336 dicerat.

2185 3395 2240 3450 4.
2281 3395 2550 3480 Quaeritur
2591 3399 2636 3453 si
2682 3399 2908 3455 Danihel
2951 3417 3076 3456 cum
3127 3402 3300 3457 tribus
3347 3403 3533 3472 pueris
3580 3418 3707 3456 eam

2115 3484 2438 3556 sapientiam
2467 3488 2654 3544 didicit
2687 3507 2848 3561 quam
2880 3488 3194 3547 Graecorum
3221 3492 3457 3547 eruditio
3482 3481 3709 3562 pollice-

2115 3586 2224 3643 tur,
2250 3594 2318 3632 an
2341 3580 2482 3633 non?

2189 3709 2326 3774 Non,
2365 3709 2458 3764 sed
2500 3703 2799 3766 doctrinam
2849 3715 3026 3783 gentis
3074 3715 3341 3782 barbaras,
3385 3730 3492 3786 qua
3533 3730 3710 3786 usque

2118 3798 2279 3854 hodie
2297 3798 2533 3855 Chaldaei
2555 3801 3025 3871 philosophantur.

2189 3909 2243 3966 5.
2283 3909 2421 3978 Quid
2461 3920 2544 3965 est
2587 3912 2730 3981 quod
2775 3911 2971 3984 legitur
3018 3916 3072 3968 in
3111 3931 3250 3969 anno
3288 3916 3517 3969 secundo
3562 3915 3709 3986 regni

2123 4005 2643 4070 Nabochodonosor,
2716 4004 2840 4059 vidit
2910 4005 3394 4061 Nabochodonosor
3442 4010 3709 4062 somnium

2122 4095 2284 4167 (Dan.
2315 4112 2375 4160 ιι,
2406 4095 2479 4166 I).
2518 4095 2574 4150 Si
2604 4104 2725 4165 post
2769 4104 2880 4151 tres
2916 4113 3087 4152 annos
3125 4098 3279 4166 pueri
3317 4098 3544 4168 ingressi
3579 4107 3710 4152 sunt

2123 4187 2178 4240 in
2225 4195 2514 4256 conspectu
2564 4186 2699 4255 ejus,
2759 4196 2819 4242 ut
2865 4188 2978 4258 ipse
3015 4199 3383 4258 prmceperat,
3435 4190 3706 4260 quomodo

436 4324 609 4375 QUEM
650 4321 860 4365 mss".
900 4319 1158 4364 DOMNUS
1188 4321 1315 4362 “Ex
1347 4319 1628 4370 σηοως
1671 4319 2014 4363 ΤΒΔΝΒΕΜ,
2041 4263 2089 4327 C
2119 4282 2354 4336 secundo
2383 4291 2525 4335 anno
2555 4280 2705 4351 regni
2737 4281 2821 4335 sui
2872 4281 3137 4336 somnlum
3173 4282 3374 4338 vidisse
3416 4275 3708 4336 narratur?

478 4401 640 4446 IEBE
687 4403 772 4445 EX
820 4399 1222 4443 AUTBENTIGO
1263 4400 1450 4442 ΡΕΤιιι
1497 4399 1977 4444 ARCHIDIACONI.

506 4523 557 4578 l.
597 4521 729 4589 Quae
773 4529 899 4578 sunt
937 4521 1027 4576 illa
1054 4537 1217 4593 regna
1257 4537 1378 4592 qua:
1423 4522 1474 4575 in
1504 4522 1710 4578 visione
1749 4539 1843 4578 sua
1881 4523 2017 4579 vidit

433 4611 927 4668 Nabochodonosor
952 4627 1048 4666 rex
1075 4612 1234 4684 (Dan.
1259 4629 1320 4679 ιι,
1351 4612 1483 4682 51)?

503 4701 560 4756 In
590 4701 766 4771 capite
799 4711 989 4758 statua:
1028 4719 1252 4774 regnum
1285 4703 1654 4774 Babyllonium
1682 4704 2014 4774 designatur,

433 4801 490 4847 et
530 4800 652 4864 post
692 4793 820 4847 illud
870 4791 1144 4848 Medorum
1190 4802 1354 4864 atque
1397 4793 1706 4861 Persarum,
1748 4795 1893 4866 quod
1930 4809 2019 4848 ar-

433 4885 578 4954 genti
602 4885 762 4938 habet
785 4884 1209 4950 similitudinem,
1236 4893 1290 4940 et
1311 4900 1533 4955 regnum
1555 4886 1772 4940 tertium
1792 4886 2021 4940 Alexan-

435 4975 595 5031 drum
620 4976 886 5046 siguiﬁcat
916 4993 1141 5048 regnum
1165 4976 1513 5034 Macedonum
1536 4994 2020 5050 successorumquc

436 5067 749 5134 Alexandri,
777 5070 920 5140 quod
946 5071 1072 5126 aeris
1108 5072 1271 5126 habet
1299 5071 1726 5126 similitudinem.
1771 5072 2017 5139 Regnum

435 5172 688 5231 quartum
728 5163 1010 5234 perspicue
1060 5164 1298 5236 pertinet
1330 5163 1396 5219 ad
1427 5163 1740 5230 Romanos;
1783 5164 2020 5218 ferreum

437 5259 539 5316 est,
571 5252 712 5321 quod
735 5254 1054 5308 comminuit
1079 5263 1134 5309 et
1155 5254 1336 5310 domat
1364 5252 1566 5309 omnia.
1595 5253 1701 5309 Sed
1722 5254 1883 5324 pedes
1906 5253 2023 5323 ejus

437 5350 492 5397 et
533 5344 684 5416 digiti
711 5362 778 5402 ex
800 5359 953 5418 parte
981 5347 1166 5413 ferrei,
1198 5363 1264 5403 ex
1291 5357 1444 5419 parte
1469 5355 1598 5404 sunt
1626 5348 1838 5413 ﬁctiles,
1879 5349 2024 5417 quod

439 5436 542 5492 hoc
599 5447 842 5512 tempore
909 5440 1350 5496 manifestissime
1409 5442 1812 5512 comprobatur.
1873 5439 2025 5495 Sicut

438 5529 582 5583 enim
635 5531 688 5586 in
741 5533 1005 5604 principio
1061 5534 1194 5589 nihil
1252 5534 1497 5590 Romano
1554 5534 1778 5604 imperio
1826 5532 2021 5589 fortius

438 5631 493 5676 et
524 5621 711 5680 durius
737 5624 853 5690 l‘nit,
894 5627 964 5680 ita
992 5627 1044 5681 in
1075 5626 1180 5680 line
1219 5641 1396 5682 rerum
1434 5626 1567 5682 nihil
1605 5623 1945 5682 imbecillius.

2190 4385 2497 4449 Secundum
2543 4382 2633 4450 hic
2675 4411 2877 4450 annum
2923 4391 3056 4451 dicit
3093 4397 3244 4468 regni
3290 4395 3408 4466 ejus
3461 4395 3706 4452 omnium

2117 4485 2357 4556 gentium
2378 4486 2754 4552 barbararum,
2782 4503 2887 4543 non
2909 4472 3217 4543 Iudaeorum
3239 4496 3450 4542 tantum
3469 4497 3524 4544 et
3543 4487 3712 4544 Chal-L

2119 4577 2376 4640 datorum,
2406 4566 2500 4631 sed
2523 4576 2871 4646 Assyriorum
2901 4618 2916 4642 ,
2943 4585 2999 4631 et
3026 4576 3429 4648 Egyptiorum,
3465 4587 3520 4632 et
3557 4575 3709 4633 leas

2117 4664 2372 4730 biturum,
2406 4674 2460 4720 et
2489 4665 2824 4737 reliquarum
2854 4667 3133 4722 nationum
3159 4683 3297 4737 quas
3327 4668 3554 4724 Domino
3573 4683 3684 4724 con

2117 4757 2339 4812 cedente
2364 4765 2734 4824 superaverat.
2765 4749 2920 4813 Unde
2943 4765 3000 4812 et
3024 4743 3289 4829 Iosephus
3318 4760 3393 4814 ait
3420 4776 3433 4813 :
3461 4768 3585 4829 post
3607 4773 3712 4814 ³1ιά

2118 4865 2246 4904 num
2276 4850 2572 4904 secundum
2601 4847 2872 4920 Egyptiae
2899 4849 3186 4915 vastitatis,
3221 4858 3314 4906 rex
3346 4849 3708 4905 Nabochodo-

2120 4956 2283 4996 nosor
2311 4941 2444 4996 vidit
2468 4929 2714 4996 mirabile
2744 4941 3035 4996 somnium.

2191 5054 2242 5109 6.
2285 5055 2424 5122 Quid
2449 5063 2534 5109 est
2574 5055 2720 5126 quod
2761 5054 3255 5111 Nabochodonosor
3291 5055 3424 5110 tanti
3460 5051 3710 5125 mystcrii

2121 5145 2380 5200 meruerit
2403 5160 2629 5200 cernere
2653 5145 2960 5201 somnium?
2995 5144 3245 5215 Nunquid
3268 5145 3492 5201 credere
3519 5159 3707 5215 possu-

2121 5253 2242 5292 mus
2270 5237 2506 5292 hominis
2527 5237 2748 5306 pessimi
2779 5238 2884 5293 hoc
2906 5236 3157 5292 meritum
3179 5235 3513 5291 obtinuisse?

2192 5347 2311 5403 Non
2361 5349 2557 5403 merito
2605 5349 2772 5414 vidit;
2825 5348 2920 5404 sed
2961 5356 3022 5402 ut
3070 5348 3464 5418 interpretante
3519 5353 3707 5402 sancto

2122 5440 2268 5510 quod
2323 5439 2569 5506 viderat,
2615 5437 2659 5493 D
2692 5456 2756 5495 us
2797 5438 3212 5509 gloriﬁcaretur.
3269 5437 3364 5494 Sic
3418 5453 3517 5493 nec
3563 5435 3704 5491 Phao

2124 5548 2219 5587 rao
2249 5531 2432 5587 videre
2464 5530 2678 5598 meruit,
2712 5529 2806 5585 sed
2833 5541 2888 5585 ut
2921 5528 3119 5600 Ioseph
3154 5530 3368 5586 cunctis
3403 5535 3543 5585 esset
3569 5539 3706 5598 νηί

2128 5627 2352 5698 positus.
