4004 6172
318 303 452 361 1389

1415 281 1880 371 QUASSTIONES
1919 303 1985 358 IN
2026 298 2394 358 DANIELEM.

3432 295 3568 364 £550

379 423 431 474 7.
462 433 487 458 δ
515 417 708 482 Arioli,
739 418 792 472 id
818 397 900 472 est
931 400 1320 484 incantatores,
1353 418 1718 474 incantatores
1768 427 1893 473 sunt
1922 425 1966 478 Α
1994 416 2242 471 homines
2268 416 2439 471 instar
2460 417 2739 472 brutorum
2761 413 3116 472 animantium
3144 417 3196 472 in
3225 417 3372 489 agris
3390 421 3573 476 vivere

307 510 398 581 qui
430 524 542 564 rem
569 509 750 564 verbis
783 517 1084 578 peragunt;
1116 509 1279 578 magi,
1315 509 1407 578 qui
1434 508 1499 562 de
1525 508 1748 576 singolis
1773 507 1864 577 phi

292 601 686 672 iosophantur;
722 599 971 664 maleﬁci,
999 600 1090 669 qui
1116 600 1379 669 sanguine
1406 608 1649 653 utuntur.

373 689 430 744 8.
487 687 625 753 Quid
675 693 758 742 est
819 687 960 756 quod
1018 687 1153 742 dixit
1197 687 1724 750 Nabochodonosor;
1786 685 1889 739 vidi

307 781 564 834 somnium
612 791 661 834 et
709 789 878 834 mente
927 780 1178 849 confusus
1233 781 1416 851 ignoro
1477 779 1602 850 quid
1671 779 1887 832 viderim

308 870 470 940 (Dan.
497 886 559 934 ιι,
589 867 666 940 5),
691 870 819 924 dum
840 878 1024 940 postea
1054 869 1321 924 referente
1358 869 1613 924 Danihele
1638 884 1702 924 ea
1729 883 1787 923 se
1810 868 1891 922 vi-

305 961 446 1018 disse
472 969 700 1016 testatus
721 972 802 1015 est
833 977 952 1030 quae.
975 961 1185 1016 dixerat
1209 961 1468 1016 Danihel?

377 1052 579 1108 Umbra
629 1053 895 1123 quaidam,
937 1063 1012 1118 et,
1043 1062 1103 1108 ut
1151 1055 1225 1108 ita
1273 1054 1480 1118 dicam,
1519 1068 1649 1107 aura
1688 1051 1884 1108 somnii

302 1150 468 1212 atque
500 1144 781 1213 vestigium
807 1146 1068 1200 remansit
1098 1147 1151 1200 in
1178 1147 1339 1201 corde
1366 1146 1530 1216 regis,
1562 1155 1619 1200 ut
1645 1143 1885 1200 referen-

303 1232 452 1288 tibus
485 1219 608 1288 aliis
635 1242 816 1304 posset
863 1236 1133 1290 reminisci
1174 1252 1360 1290 eorum
1403 1252 1522 1306 quae
1552 1236 1784 1302 viderat,
1827 1244 1888 1290 ut

302 1336 642 1393 nequaquam
674 1339 796 1377 eum
827 1325 1138 1394 deciperent
1186 1324 1523 1382 mentientes.
1567 1325 1682 1381 Huc
1712 1342 1883 1395 usque

301 1428 423 1481 quae
461 1413 598 1468 lecta
645 1424 769 1468 sunt
806 1430 1057 1470 sermone
1087 1426 1377 1472 narrantur
1405 1417 1658 1485 Hebraeo;
1689 1418 1756 1473 ab
1783 1419 1887 1474 hoc

299 1501 420 1557 loco
457 1518 628 1573 usque
677 1503 745 1558 ad
789 1505 1050 1560 visionem
1094 1507 1219 1560 anni
1262 1509 1410 1562 tertii
1444 1509 1590 1578 regis
1619 1508 1881 1573 Baltasar,

297 1609 463 1664 quam
494 1594 722 1650 Danihel
755 1596 890 1650 vidit
917 1597 968 1649 in
998 1595 1153 1652 Susis
1181 1597 1462 1654 Hebraicis
1488 1599 1704 1669 quidem
1739 1599 1886 1653 litte-

297 1685 396 1749 ris,
430 1687 521 1741 sed
553 1686 734 1758 lingua
771 1688 1084 1743 scribuntur
1119 1688 1428 1754 Chaldaica,
1464 1705 1627 1761 quam
1665 1691 1753 1746 hic
1783 1690 1884 1762 Sy-

297 1775 506 1830 riacam
534 1785 715 1831 vocat.

371 1869 422 1924 9.
462 1867 600 1935 Quid
629 1878 710 1924 est
730 1871 874 1939 quod
901 1870 1128 1941 legimus
1154 1887 1168 1925 :
1191 1873 1257 1927 Et
1282 1889 1460 1943 praeco
1490 1872 1759 1928 clamabat
1793 1888 1887 1927 va-

294 1959 510 2015 lenter:
549 1959 703 2014 Vobis
737 1960 932 2015 dicitur
963 1962 1187 2033 populis,
1223 1964 1459 2018 tribubus
1491 1975 1537 2018 et
1577 1963 1785 2034 linguis,
1827 1966 1885 2018 in

296 2050 430 2103 liora
464 2067 569 2121 qua
609 2051 881 2106 audieritis
922 2054 1149 2107 sonitum
1197 2054 1353 2119 tuber,
1406 2064 1453 2108 et
1492 2054 1698 2124 ﬁstolm,
1734 2063 1780 2108 et
1817 2055 1886 2108 ci-

298 2141 465 2196 tharae
481 2159 500 2207 ;
538 2142 796 2198 sambucas
821 2153 868 2198 et
899 2143 1132 2215 psalterii
1159 2153 1205 2198 et
1232 2143 1556 2214 simphoniw,
1586 2153 1633 2198 et
1660 2145 1884 2198 universi

304 2233 502 2301 generis
531 2234 868 2299 musicorum,
887 2235 1126 2288 cadentes
1155 2235 1369 2288 adorate
1391 2244 1619 2288 statuam
1645 2249 1880 2300 auream,

303 2339 461 2394 quam
497 2325 657 2377 erexit
696 2323 1177 2381 Nabochodonosor
1205 2343 1313 2380 rex.
1345 2325 1405 2381 Si
1434 2327 1550 2397 quis
1578 2335 1750 2379 autem
1781 2342 1884 2380 non

304 2417 546 2470 ceciderit
573 2426 620 2469 et
651 2416 965 2483 adoraverit,
997 2418 1177 2472 cadent
1232 2419 1362 2472 hora
1404 2419 1634 2472 mittetur
1672 2420 1727 2471 in
1774 2417 1884 2487 for-

305 2524 484 2560 nacem
506 2508 640 2577 ignis
662 2509 925 2561 ardentem
949 2509 1108 2579 (Dan.
1125 2526 1206 2573 ιιι,
1225 2509 1300 2580 4).
1322 2507 1571 2578 Nunquid
1592 2516 1884 2580 potuerunt

302 2610 491 2651 omnes
519 2597 698 2666 populi
737 2597 1111 2652 universarum
1153 2600 1430 2654 nationum
1469 2600 1522 2653 in
1561 2615 1751 2668 campo
1777 2596 1886 2653 Du-

303 2702 423 2740 ram
444 2687 761 2757 congregari
786 2687 903 2743 loco
930 2687 1173 2742 modico?
1201 2704 1357 2757 quem
1381 2688 1557 2743 locum
1579 2687 1884 2742 Theodosio

301 2792 402 2848 pro
419 2777 557 2830 Dura
581 2776 759 2841 Deira,
787 2775 1130 2832 Simmachus
1146 2765 1398 2842 Doraum,
1414 2777 1558 2831 LXX
1579 2776 1882 2832 Periboaon

301 2867 716 2932 transtulerunt,
763 2874 816 2922 et
871 2868 1257 2937 interpretatur
1306 2869 1569 2922 vivarium
1622 2867 1703 2922 vel
1754 2883 1884 2922 con-

300 2955 484 3010 clusus
507 2956 675 3010 locus.

1995 505 2235 574 locisque
2257 506 2629 561 silvestribus?
2648 504 2786 572 Quid
2806 505 3006 559 mirum
3030 506 3075 560 si
3099 507 3165 560 ad
3185 509 3570 566 ostendendam

1991 594 2085 648 Dei
2109 595 2401 664 potentiam
2427 605 2481 650 et
2506 596 2892 651 humiliandam
2914 612 3104 665 regum
3133 601 3440 669 superbiam
3469 604 3574 659 hoc

1991 683 2086 738 Dei
2109 683 2372 752 judicium
2401 687 2473 742 sit
2499 686 2786 758 paratum?
2815 682 2950 740 Nam
2987 695 3042 742 et
3080 689 3248 744 multo
3279 692 3570 748 incredibi-

1989 772 2126 829 liora
2149 783 2204 830 et
2229 774 2430 830 Gnecae
2452 785 2506 830 et
2536 778 2790 831 Romana;
2824 777 3063 833 historia:
3103 780 3364 836 accidisse
3389 784 3568 837 homi-

1987 867 2151 922 nibus
2192 868 2563 937 prodiderunt.
2615 867 2848 939 Scyllam
2897 884 3131 938 quoque,
3161 878 3217 924 et
3246 872 3564 939 chimeram,

1987 957 2236 1028 hydram,
2282 959 2456 1026 adque
2485 967 2772 1013 centauros
2803 973 2930 1014 aves
2953 968 3007 1014 et
3035 959 3180 1016 feras
3205 960 3348 1016 facta
3377 977 3442 1018 ex
3473 965 3570 1019 ho-

1989 1047 2134 1102 mine
2169 1057 2394 1101 narrant
2419 1047 2629 1103 fabula}.

2059 1138 2146 1191 M.
2180 1136 2360 1204 Quare
2397 1138 2640 1202 Danihel,
2683 1154 2842 1208 quem
2885 1140 2979 1196 Dei
3027 1142 3287 1198 cultorem
3314 1144 3565 1214 legimus,

1987 1227 2242 1282 scribitur
2266 1229 2519 1298 princeps
2544 1228 2835 1283 ariolorum
2861 1230 3122 1296 omnium,
3147 1233 3286 1288 sicut
3306 1237 3568 1306 scriptum

1985 1323 2070 1372 est
2109 1315 2392 1387 Baldasar,
2435 1316 2626 1386 inquit,
2675 1319 2913 1389 princeps
2960 1321 3268 1390 ariolorum,
3295 1343 3447 1396 quem
3471 1346 3564 1398 ego

1984 1406 2095 1458 scio
2135 1405 2276 1476 quod
2327 1407 2565 1476 spiritum
2593 1408 2809 1461 deorum
2838 1419 3137 1466 sanctorum
3177 1415 3368 1470 habeas
3417 1419 3474 1472 in
3518 1428 3568 1473 te

1987 1490 2149 1566 (Dan.
2175 1509 2250 1558 tv,
2280 1494 2356 1566 6).

2054 1585 2172 1641 Non
2201 1587 2418 1650 mirum,
2447 1587 2491 1642 si
2520 1589 2770 1658 princeps
2812 1591 3105 1646 ariolorum
3150 1594 3392 1650 omnium
3439 1613 3568 1654 con-

1985 1677 2207 1732 stitutus
2255 1678 2343 1742 sit,
2374 1679 2464 1748 qui
2508 1679 2574 1733 ad
2605 1690 2930 1750 praeceptum
2966 1685 3110 1754 regis
3138 1687 3456 1756 sapientiam
3484 1690 3567 1744 di-

1915 1772 1960 1834 3
1987 1765 2193 1820 dicerat
2221 1766 2614 1834 Chaldaeorum,
2655 1777 2709 1824 et
2736 1771 3018 1842 decuplum
3065 1777 3316 1832 omnibus
3340 1781 3566 1849 sapien-

1987 1859 2097 1914 tior
2120 1857 2295 1914 fuerat
2322 1861 2589 1917 inventus.

2057 1949 2144 2003 l5.
2185 1948 2244 2004 Si
2288 1953 2538 2020 praedixit
2588 1953 2812 2008 Danihel
2835 1957 3158 2012 sententiam
3184 1959 3281 2014 Dei
3311 1976 3430 2030 quae
3458 1978 3565 2018 non

1983 2046 2161 2108 potest
2195 2040 2470 2096 immutari
2501 2042 2662 2114 (Dan.
2696 2060 2770 2110 tv,
2797 2044 2889 2118 24)
2915 2050 3184 2117 quomodo
3221 2051 3471 2108 hortatur
3497 2055 3566 2110 ad

1983 2128 2356 2202 eleemosynas
2403 2144 2458 2187 et
2503 2135 2928 2191 misericordiam
2972 2154 3304 2210 pauperum,
3358 2153 3418 2198 ut
3469 2146 3566 2200 Dei

1985 2221 2249 2277 sententia
2279 2237 2398 2277 com
2407 2225 2673 2279 mutetur?

2053 2301 2233 2367 Facile
2288 2313 2514 2368 solvitur
2569 2315 2816 2372 Ezechiae
2849 2309 3008 2392 regis
3060 2324 3338 2394 exemplo,
3401 2343 3564 2397 quem

1983 2396 2175 2458 Esaias
2217 2404 2428 2459 dixerat
2471 2421 2590 2460 esse
2626 2409 2947 2465 morituram
2991 2410 3124 2476 (lsa.
3156 2431 3385 2484 xxxvm,
3417 2396 3471 2490 l)
3507 2428 3566 2475 et

1984 2487 2392 2560 Nenivitarum;
2433 2495 2608 2550 adhuc
2639 2504 2748 2552 tres
2775 2495 2890 2553 dies
2913 2509 2965 2554 et
2993 2501 3197 2558 Nenive
3221 2487 3565 2562 subvertetur

1985 2580 2132 2654 (Jon.
2168 2598 2249 2648 ιιι,
2282 2583 2372 2656 4);
2404 2593 2459 2638 et
2482 2595 2660 2640 tamen
2683 2585 2750 2640 ad
2776 2605 2966 2659 preces
2995 2591 3239 2649 Ezechiae
3263 2605 3314 2648 et
3347 2595 3564 2652 Nenivi-

1985 2678 2161 2726 tarum
2205 2674 2301 2728 Dei
2349 2677 2616 2731 sententia
2653 2688 2996 2735 commutata
3028 2691 3130 2748 est,
3177 2701 3284 2740 non
3328 2689 3570 2746 vanitate

1977 2762 2186 2832 judicii,
2217 2767 2311 2820 sed
2336 2781 2522 2822 eorum
2552 2772 2924 2826 conversione.

2055 2855 2139 2908 16.
2181 2856 2313 2924 Quis
2358 2859 2446 2913 ille
2484 2859 2741 2916 Baldasar
2773 2863 2838 2917 de
2868 2879 2975 2933 quo
2999 2866 3260 2936 scriptum
3289 2877 3370 2923 est
3397 2887 3409 2923 :
3438 2870 3548 2924 Bal-

1983 2944 2145 2999 dasar
2180 2964 2270 3001 rex
2317 2949 2438 3018 fecit
2478 2953 2677 3021 grande
2732 2955 3021 3010 convivium
3069 2959 3404 3028 optimatibus
3456 2957 3564 3018 suis

371 3043 488 3098 Non
521 3045 662 3113 quod
688 3060 877 3100 onmes
904 3046 1085 3116 populi
1127 3048 1180 3101 in
1211 3063 1402 3117 campo
1441 3050 1643 3102 Duram
1691 3055 1881 3117 potue-
1918 3112 1952 3117 _
1982 3033 2124 3088 mm"
2153 3036 2315 3107 (D‘m-
2355 3054 2408 3105 Vi
2436 3040 2486 3111 1)
2514 3041 2538 3093 ῗ

300 3135 411 3188 rint
431 3138 773 3206 congregari
831 3145 886 3192 et
937 3138 1164 3193 adorare
1209 3155 1428 3194 auream
1477 3148 1726 3204 statuam,
1785 3140 1877 3195 sed

2056 3121 2344 3180 Sciendum
2385 3139 2470 3182 est
2505 3145 2610 3184 non
2664 3132 2808 3188 hunc
2855 3133 3023 3189 filium
3050 3136 3574 3209 Nabochodonosor,

299 3227 516 3296 quodin
538 3229 867 3299 principibus
890 3237 1204 3284 cunctarum
1227 3231 1463 3300 gentium
1487 3246 1670 3286 omnes
1694 3239 1882 3300 gentes

299 3327 357 3372 et
379 3320 558 3389 populi
594 3322 848 3377 adorasse
873 3324 1182 3378 credantur.

368 3429 459 3484 '10.
501 3430 636 3498 Quid
660 3448 757 3502 per
787 3442 1021 3488 statuam
1059 3449 1277 3491 auream
1325 3435 1730 3506 intelligendum
1771 3443 1874 3500 est,

302 3535 464 3591 quam
490 3521 616 3576 fecit
641 3523 1132 3580 Nabochodonosor
1169 3542 1262 3580 rex
1295 3526 1454 3596 (Dan.
1489 3542 1572 3589 ιιι,
1602 3524 1660 3595 l)
1687 3524 1710 3575 ?
1855 3597 1858 3601 λ

373 3613 475 3668 Per
507 3631 686 3686 regem
731 3617 880 3671 illum
913 3626 968 3672 et
992 3633 1088 3686 per
1117 3625 1348 3672 statuam
1379 3616 1740 3686 intellegimus
1767 3631 1877 3670 om-

298 3721 396 3761 nes
419 3707 724 3772 htereticos,
767 3708 858 3777 qui
896 3707 1103 3779 fulgore
1130 3707 1448 3776 eloquentia:
1480 3706 1754 3762 saecularis
1777 3703 1875 3758 fal-

296 3809 416 3850 sum
443 3796 633 3866 dogma
660 3807 1010 3867 componunt.

369 3906 457 3959 il.
498 3904 637 3972 Quid
657 3914 738 3962 est
760 3909 960 3979 naphta
993 3908 1154 3980 (Dan.
1182 3925 1264 3972 ιιι,
1292 3907 1419 3980 46)ῗ’

367 3995 502 4052 Ossa
529 3999 792 4054 olivarum
819 4015 938 4069 quae
964 3999 1338 4070 projiciuntur,
1367 4015 1584 4055 amurca
1613 3999 1871 4064 arefacta,

295 4097 349 4142 ct
395 4089 595 4159 naptha
644 4089 831 4146 Graece
873 4091 1071 4147 dicitur
1105 4091 1258 4162 ρεινηὶ
1299 4093 1366 4147 ab
1409 4106 1472 4146 eo
1510 4091 1653 4160 quod
1691 4091 1872 4161 ignem

293 4182 521 4235 nutriat.

367 4291 452 4345 12.
495 4290 641 4357 Quas
674 4293 981 4362 provincias
1019 4294 1189 4348 tenuit
1228 4291 1723 4348 Nabuchodonosor
1747 4292 1874 4346 rex?

363 4377 621 4443 Orientis,
652 4379 855 4447 Asiam,
891 4381 1161 4451 Eurupam
1188 4390 1242 4436 et
1268 4383 1496 4437 Libiam.

1979 3220 2038 3265 ut
2073 3213 2226 3268 multi
2280 3215 2520 3287 legentes
2553 3221 2912 3288 arbitrantur;
2957 3226 3050 3279 sed
3077 3223 3232 3292 juxta
3265 3229 3292 3268 1³
3315 3229 3560 3289 Abhero-

1978 3318 2117 3368 sum,
2146 3305 2237 3373 qui
2265 3305 2528 3362 Caldzeam
2573 3310 2789 3378 scripsit
2816 3313 3117 3374 historiam.
3156 3325 3210 3371 et
3239 3316 3561 3390 Josephum,

1977 3391 2067 3460 qui
2083 3392 2338 3448 Berosum
2359 3397 2619 3465 sequitur,
2639 3409 2760 3469 post
2773 3401 3263 3462 Naboehodonosor
3275 3412 3366 3479 qui
3380 3427 3555 3481 regna-

1976 3482 2053 3535 vit
2082 3483 2239 3537 annis
2272 3500 2403 3538 xun
2431 3489 2692 3543 successit
2717 3491 2771 3543 in
2793 3506 2958 3559 regno
2980 3493 3096 3561 ejus
3121 3485 3552 3566 Evilmerodach,

1976 3571 2068 3638 qui
2107 3572 2158 3624 in
2187 3573 2364 3639 primo
2410 3589 2552 3630 anno
2595 3579 2741 3647 regni
2773 3581 2854 3634 sui
2881 3582 3079 3637 levavit
3112 3595 3274 3656 caput
3315 3586 3558 3646 Joachim

1976 3660 2120 3727 regis
2154 3658 2289 3713 Juda
2317 3663 2381 3716 de
2409 3677 2645 3719 carcere.
2677 3666 2803 3722 Post
2831 3679 3057 3725 mortem
3098 3687 3227 3727 vero
3270 3675 3556 3734 Evilmero-

1975 3750 2112 3807 dach
2162 3752 2217 3806 in
2266 3769 2432 3823 regno
2483 3758 2654 3826 patris
2691 3761 2949 3814 successit
2982 3761 3124 3818 filius
3151 3763 3267 3834 ejus
3294 3765 3561 3838 Neglisar,

1975 3849 2095 3912 post
2133 3857 2295 3912 quem
2353 3860 2568 3900 rursum
2626 3848 2766 3902 filius
2822 3850 2937 3918 ejus
2987 3851 3393 3924 Laborsordoc,
3453 3875 3559 3929 quo

1975 3940 2190 3984 mortuo
2237 3931 2493 3987 Baldasar
2544 3935 2687 3990 ﬁlius
2736 3935 2854 4005 ejus
2903 3955 3127 4008 regnum
3174 3945 3363 4009 tenuit,
3397 3949 3486 4016 qui
3527 3965 3556 4004 a

1975 4019 2138 4075 Dario
2185 4037 2310 4093 rege
2356 4021 2634 4078 Medorum
2694 4026 3009 4084 interfectus
3057 4038 3162 4097 est,
3216 4035 3309 4102 qui
3360 4035 3556 4094 Darius

1975 4107 2099 4178 Cyri
2129 4112 2270 4180 regis
2299 4109 2584 4167 Persarum
2608 4117 2904 4172 avunculus
2931 4116 3054 4173 fuit.

2047 4201 2134 4253 17.
2175 4200 2284 4255 Cur
2313 4217 2441 4273 ergo
2470 4213 2679 4273 patrem
2717 4207 3027 4265 Baldasaris
3059 4209 3556 4271 Nabochodonosor

1974 4299 2131 4343 vocat
2162 4289 2323 4361 (Dan.
2357 4308 2407 4355 v,
2442 4291 2544 4363 ﬂ)?

2045 4377 2162 4433 Non
2205 4377 2364 4431 faciat
2399 4395 2637 4435 errorem
2678 4383 2973 4440 scientibus
3016 4396 3216 4444 sanetae
3260 4390 3552 4462 Scriptura:

363 4468 450 4522 ιδ,
488 4469 768 4534 Quomodo
803 4471 1008 4526 homini
1047 4472 1162 4527 sine
1191 4482 1370 4528 meum
1407 4489 1504 4544 per
1541 4483 1745 4543 seplem
1774 4489 1870 4526 an-
1903 4451 1951 4510 Ῑ)
1973 4467 2433 4532 consuetudinem,
2465 4483 2568 4536 qua
2598 4477 2780 4539 patres
2804 4487 2992 4528 omnes
3021 4477 3208 4544 proavi
3238 4487 3291 4531 et
3321 4479 3553 4548 majores

291 4573 391 4612 nos
444 4559 731 4629 imperium
783 4570 1117 4617 reservatum
1166 4564 1254 4628 sit,
1306 4581 1636 4636 regnumque
1679 4573 1870 4634 poten-

291 4651 557 4706 tissimum
590 4653 791 4722 absque
832 4669 959 4724 rege
1019 4663 1167 4710 tanto
1217 4664 1456 4725 tempore
1505 4656 1669 4712 fuerit
1703 4656 1864 4727 (Dan.

292 4753 367 4804 1v,
390 4739 519 4810 30)?
546 4749 638 4794 aut
659 4742 704 4795 si
727 4743 864 4797 alius
894 4743 968 4797 illi
1006 4745 1266 4800 successit
1297 4745 1351 4798 in
1384 4761 1566 4815 regno,
1597 4744 1750 4813 cujus
1772 4763 1867 4801 ve-

289 4827 487 4881 cordiae
531 4829 905 4886 aestimandum
955 4832 1024 4887 sit
1067 4840 1126 4886 ut
1167 4833 1382 4888 cederet
1429 4833 1674 4903 imperio,
1725 4834 1867 4902 quod

287 4925 440 4972 tanto
469 4926 711 4989 tempore
750 4922 1085 4992 possidebat;
1135 4922 1434 4992 przesertim
1473 4938 1596 4976 cum
1627 4923 1867 4978 historiae

286 5009 660 5067 Chaldaeorum
712 5014 846 5068 nihil
902 5014 1007 5069 tale
1060 5015 1410 5080 contineant,
1470 5029 1570 5070 nec
1627 5015 1868 5084 potuisse

285 5101 402 5156 ﬁeri
433 5103 608 5171 utqui
643 5103 710 5160 de
751 5106 1048 5162 minoribus
1093 5108 1446 5177 scripserunt,
1491 5106 1692 5177 majora
1735 5109 1866 5163 reti-

285 5191 545 5246 cuissent.

358 5282 606 5349 Quidam,
650 5286 775 5340 dum
817 5288 998 5342 hocin
1025 5289 1265 5345 historiis
1299 5304 1406 5344 non
1438 5291 1734 5355 inveniunt,
1769 5307 1867 5362 per

284 5371 775 5431 Nabochodonosor
813 5378 1081 5434 diabolum
1128 5380 1427 5451 intelligere
1475 5383 1682 5449 volunt,
1719 5386 1864 5454 quod

283 5480 390 5518 non
440 5472 524 5520 est
569 5467 1122 5540 recipiendum:quis
1165 5473 1310 5527 enim
1364 5474 1568 5528 neseiat
1621 5482 1864 5529 amentes

357 5585 381 5614 ι
412 5573 517 5654 Ilio
553 5575 703 5654 deest
736 5594 842 5654 una
887 5579 1257 5654 interrogatio,
1299 5582 1438 5638 forte
1475 5602 1487 5636 :
1533 5583 1672 5649 Quid
1710 5585 1862 5654 di/fe-

284 5654 405 5717 rurtt
427 5643 610 5717 arieti,
633 5649 773 5716 magi
801 5658 848 5704 et
873 5643 1136 5717 male/isi“?

357 5713 385 5752 δ
413 5713 657 5769 Orosium
683 5713 841 5788 supra
861 5719 913 5772 in
931 5713 1030 5774 ms.
1056 5722 1274 5790 antiqua
1293 5739 1474 5788 manu,
1500 5721 1635 5777 forte
1649 5724 1854 5779 eadem.

1971 4564 2246 4610 vocantur.

2043 4647 2132 4702 18.
2185 4646 2462 4713 Quaeritur
2500 4664 2599 4704 cur
2644 4649 2875 4721 legatur,
2920 4662 3158 4725 purpura
3198 4659 3460 4714 vestietur
3497 4668 3547 4714 et

1973 4749 2214 4810 torquem
2237 4757 2454 4797 auream
2478 4745 2698 4800 habebit
2719 4748 2772 4802 in
2797 4748 2966 4804 collo?
2993 4767 3092 4806 cur
3121 4760 3366 4823 torquem
3396 4751 3554 4812 femi-

1971 4831 2098 4885 nino
2126 4846 2320 4899 genere
2343 4835 2635 4891 translator
2657 4839 2976 4906 protulerit?

2039 4922 2298 4992 Exemplo
2339 4925 2529 4981 doctus
2571 4925 2714 4981 fecit.
2762 4929 2897 4985 Nam
2937 4930 3128 4987 Cicero
3156 4933 3211 4986 in
3243 4933 3410 4991 Mario
3441 4943 3548 4990 tor-

1969 5025 2129 5080 quem
2151 5028 2349 5082 genere
2377 5015 2636 5072 feminino
2663 5020 2862 5088 posuit,
2897 5022 2990 5076 sed
3022 5021 3176 5079 Titus
3197 5024 3381 5079 Libius
3408 5041 3525 5082 mas

1969 5102 2148 5158 culino
2178 5105 2331 5160 dixit.

2040 5195 2062 5238 4
2074 5197 2125 5251 9.
2168 5195 2297 5263 Quae
2326 5197 2426 5252 fuit
2459 5199 2549 5254 illa
2586 5202 2769 5272 regina
2796 5218 2914 5273 qua:
2944 5205 3185 5277 ingressa
3207 5217 3290 5265 est
3321 5211 3391 5266 ad
3425 5210 3546 5266 Bal-

1965 5286 2148 5354 dasar,
2177 5289 2360 5344 audito
2378 5291 2521 5359 quod
2545 5291 2754 5348 viderat
2779 5293 2940 5366 (Dan.
2964 5313 3018 5362 v,
3053 5297 3184 5370 10)?

2037 5380 2186 5436 Hanc
2198 5379 2464 5452 Iosephus
2489 5385 2664 5440 aviam
2685 5387 2988 5445 Baldasaris
3008 5391 3196 5447 scribit
3219 5403 3267 5460 ο,
3287 5391 3548 5466 Origenes

1967 5480 2214 5526 matrem.

2037 5598 2058 5626 ε
2095 5587 2242 5642 Hanc
2270 5589 2486 5657 quidem
2511 5589 2805 5647 Baltasaris
2845 5593 3018 5648 aviam
3053 5593 3217 5651 fuisse
3246 5596 3436 5652 scribit
3455 5594 3546 5650 Jo-

1964 5657 2170 5737 sephus
2205 5657 2298 5737 lib.
2332 5675 2376 5737 _x
2409 5660 2804 5737 Antiquitatum
2827 5661 3174 5737 iudaicarum
3200 5681 3320 5737 cap.
3353 5666 3442 5720 i0.
3471 5666 3544 5721 At

1965 5742 2092 5781 vero
2131 5726 2377 5800 Origenis
2415 5726 2571 5800 opus
2595 5733 2798 5787 nullum
2835 5734 2886 5788 in
2937 5735 3210 5792 Danielem
3255 5726 3536 5793 habemus.
