2010 3085
253 134 318 162 1551

879 121 981 150 PETRI
1000 120 1245 150 ARCHIDIACONI

1808 122 1866 151 1552

286 189 331 216 ‘20.
346 186 400 214 Cur
413 183 518 212 articuli
530 182 675 210 scribentis
697 187 792 207 manus
812 183 907 206 contra
922 177 1047 206 candela—
1063 179 1084 209 Α
1099 185 1202 213 magna:
1213 182 1329 213 quatuor
1343 184 1437 213 regna,
1452 176 1539 212 inquit
1552 176 1678 213 angelus,
1699 178 1829 207 ascenderit
1842 180 1868 208 de

254 237 331 263 brum
341 232 498 271 apparuisse
514 230 669 257 scribuntur
684 227 765 264 (Dan.
779 235 808 259 v,
821 226 869 262 5)?

290 292 324 319 Ut
342 289 447 324 longius
459 295 513 315 non
526 289 701 321 apparerent.

287 348 331 375 2i.
358 343 502 374 Interfecto
522 342 661 373 Baldasar,
687 341 850 374 obsessaque
874 338 1011 373 Babylone
1033 345 1048 364 a

255 393 338 420 Medis
352 395 380 419 et
392 390 490 420 Persis,
512 388 593 416 Dario
611 386 736 414 videlicet
750 389 777 413 et
790 384 871 420 Cyro,
888 392 936 411 cur
952 384 1049 411 Darius

255 439 328 466 solus
341 435 472 464 successit
485 435 512 461 in
527 441 649 468 regnum,
665 437 691 459 et
704 439 757 458 non
771 439 832 458 cum
848 438 880 457 eo
893 429 989 465 Cyrus,
1003 429 1049 464 qui

256 485 356 519 pariter
379 489 440 511 cum
460 489 492 508 eo
513 487 625 514 regnum
649 478 729 513 coepit
755 476 930 512 Babylonium
956 475 1048 511 (Dan.

257 538 282 559 ν,
296 529 340 563 50)
352 529 363 554 ?

291 593 363 620 Ordo
377 593 465 620 :etatis
478 596 505 619 et
520 589 730 626 propinquitatis
744 593 772 616 et
787 590 864 625 regni
879 593 931 617 est.
956 589 1052 617 Darius

255 640 329 667 enim
354 639 493 674 sexaginta
518 639 633 665 duorum
662 644 794 663 annorum
816 641 891 667 erat,
916 640 943 662 et
964 635 1052 670 majus

256 692 369 720 regnum
388 683 527 711 Medorum
541 689 622 717 quam
636 681 780 708 Persarum
792 681 916 715 legimus,
929 684 957 707 et
968 688 1052 707 avun-

255 731 333 757 culus
348 730 393 764 qui
407 729 482 764 prior
498 732 557 754 erat
573 726 636 761 jure
659 727 785 759 naturali,
812 734 954 754 successor
975 727 1052 762 regni

256 776 349 803 debuit
360 775 506 803 numerari.
523 774 669 803 Sciendum
683 779 726 802 cst
739 782 799 809 quae
812 774 892 801 fuerit
906 774 950 802 illa
964 775 1052 809 scrip-

256 826 315 848 tura
329 829 411 856 quam
429 821 597 856 scripserunt
617 820 734 852 articuli,
755 820 843 852 Mane,
861 820 964 851 Thecel,
980 820 1053 847 Pha-

1100 228 1127 251 te
1130 232 1173 251 rra
1177 244 1184 250 .

1135 280 1180 307 26.
1197 279 1230 306 Et
1241 280 1306 315 quid
1318 284 1360 307 est
1373 280 1445 314 quod
1458 280 1573 314 legimus
1585 289 1592 306 :
1615 280 1707 307 Prima
1719 281 1788 316 quasi
1801 281 1866 310 leam

1100 330 1123 352 et
1139 325 1197 352 alas
1214 325 1324 352 habebat
1336 325 1443 360 aquilte.
1458 326 1622 360 Aspiciebam
1636 325 1718 352 donec
1730 326 1813 353 euulsa
1820 333 1866 354 sunt

1100 371 1151 398 alte
1165 371 1231 406 ejus,
1245 376 1268 398 et
1282 370 1386 397 sublata
1397 375 1433 397 est
1449 370 1481 397 de
1495 376 1575 402 terra,
1590 376 1614 397 et
1635 379 1713 405 super
1725 372 1794 406 pedes
1808 375 1866 406 quasi

1101 419 1178 445 homo
1195 418 1275 450 stetit,
1289 423 1313 444 et
1327 426 1373 444 cor
1384 417 1442 452 ejus
1453 418 1543 444 datum
1558 422 1595 444 est
1610 418 1634 444 ei
1646 417 1726 451 (Dan.
1737 426 1782 444 νη,
1794 418 1832 452 L)?

1137 472 1257 507 Regnum
1273 471 1450 506 Babylonium
1464 475 1575 505 propter
1589 471 1719 498 saevitiam
1736 476 1761 498 et
1777 473 1868 499 crudeli-

1102 521 1195 549 tatem,
1218 517 1274 544 sive
1296 520 1408 551 propter
1432 516 1567 543 luxuriam
1581 520 1608 543 et
1623 517 1706 543 vitam
1724 516 1815 544 libidini
1829 525 1868 544 ser-

1102 564 1232 595 vientem,
1244 570 1297 589 non
1310 563 1351 590 leo
1364 562 1411 590 sed
1424 562 1507 590 lezena
1520 562 1680 596 appellatur.

1137 620 1182 647 27.
1199 619 1232 647 Et
1247 627 1330 655 quare
1343 626 1396 646 non
1416 619 1502 646 leonis
1513 619 1603 653 specie
1618 618 1665 646 sed
1683 618 1768 645 leaena?
1780 626 1868 654 regnum

1103 667 1190 694 visum
1204 666 1240 693 sit
1253 665 1493 701 potentissimum?

1138 722 1206 756 Quia
1226 722 1319 748 dicunt
1343 721 1371 747 hi
1386 721 1432 755 qui
1448 720 1597 748 bestiarum
1612 720 1742 755 scripsere
1759 725 1867 753 naturam,

1104 769 1202 797 leaznas
1219 775 1279 795 esse
1301 766 1458 799 ferociores,
1474 766 1593 794 maxime
1616 767 1640 794 si
1653 767 1751 794 catulos
1764 767 1867 797 nutriant.

1105 819 1133 842 et
1145 821 1252 849 semper
1266 813 1367 848 gestire
1382 812 1416 840 ad
1433 812 1545 839 coitum.

257 876 307 894 res.
323 867 402 893 Mane
418 867 563 894 numeravit
584 866 654 893 Dem
670 874 777 900 regnum
791 870 865 892 tuum
876 871 901 892 et
916 865 1053 901 complevit
1068 865 1090 895 Β
1140 871 1185 897 28.
1202 870 1236 896 Et
1251 870 1314 903 quid
1329 873 1370 896 est
1383 869 1455 903 quod
1468 867 1525 896 alas
1536 867 1637 902 aquila:
1646 868 1748 901 habere
1756 868 1868 894 scribitur?

256 912 323 938 illud
333 920 341 944 ;
357 911 459 943 Thecel,
476 919 619 946 appensum
634 916 671 937 est
684 911 711 937 in
721 916 818 938 statera
831 916 855 938 et
868 911 1000 938 inventum
1014 915 1051 938 est

257 958 343 984 minus
360 957 475 988 habens;
496 956 606 988 Phares,
623 957 733 983 divisum
747 961 785 983 est
801 965 907 991 regnum
931 960 1015 988 tuum,
1029 961 1053 983 et

257 1002 348 1028 datum
361 1007 398 1029 ut
413 1002 498 1028 Medis
512 1007 538 1029 et
552 1001 643 1028 Persis
657 1001 737 1037 (Dan.
753 1009 780 1034 ν,
795 1001 850 1036 25).

291 1069 337 1096 22.
358 1069 428 1102 Quid
450 1073 492 1096 est
516 1069 588 1103 quod
611 1068 709 1102 legitur
728 1077 733 1095 :
754 1077 832 1103 porro
856 1077 901 1095 rex
923 1069 1053 1104 cogitabat

257 1115 413 1140 constituere
423 1114 576 1140 Danihelem
588 1122 665 1148 super
678 1121 753 1140 omne
768 1121 885 1148 regnum,
898 1113 966 1140 unde
980 1114 1053 1148 prin-

257 1160 326 1194 cipes
339 1164 362 1186 et
376 1159 514 1195 tadrappte
535 1160 685 1195 quwrebant
708 1160 881 1191 occasionem,
906 1164 935 1186 ut
958 1160 1054 1187 inveni-

257 1210 313 1233 rent
329 1204 451 1232 Daniheli
462 1214 498 1232 ea:
509 1204 590 1232 latere
602 1206 669 1240 regis
685 1204 766 1240 (Dan.
775 1212 813 1237 lx,
827 1204 864 1241 5).
875 1204 945 1238 Quid
959 1208 1011 1237 est,
1024 1209 1055 1232 ut

256 1250 410 1279 invenirent
426 1251 550 1278 Daniheli
566 1258 598 1278 ex
613 1250 697 1278 latere
712 1250 801 1285 regis?

291 1318 374 1345 Latus
386 1318 457 1353 regis
470 1317 563 1352 regina
576 1322 628 1350 est,
645 1316 687 1345 vel
700 1317 858 1345 concubina:
877 1316 946 1351 ejus,
971 1321 1054 1345 cazte—

256 1371 346 1398 meque
370 1371 470 1391 uxores
492 1371 551 1398 qua:
574 1371 589 1390 a
611 1362 696 1390 latere
720 1362 875 1395 dormiunt;
897 1363 1056 1397 quaerebant

256 1418 320 1444 ergo
327 1410 497 1437 occasionem
507 1409 533 1436 in
546 1409 626 1436 rebus
637 1407 837 1442 hujuscemodi;
850 1408 872 1435 si
881 1408 907 1435 in
918 1415 1053 1441 sermone,

257 1460 339 1487 tactu,
354 1459 431 1487 nutu,
443 1459 553 1489 possent
564 1461 693 1481 accusare
704 1452 873 1485 Danihelem,
891 1453 938 1480 sed
953 1452 1054 1480 nullam

256 1507 365 1528 causam
384 1503 411 1527 et
425 1499 607 1534 suspicionem
618 1498 739 1533 reperire
752 1502 912 1532 potuerunt,
929 1497 991 1533 quia
1007 1505 1055 1525 eu-

256 1546 362 1573 nuchus
377 1549 446 1572 erat.

291 1611 336 1638 23.
353 1610 423 1644 Quid
439 1614 482 1637 est
496 1609 567 1644 quod
587 1609 711 1644 legimus,
735 1609 822 1637 tribus
842 1609 1010 1645 temporibus
1027 1609 1055 1637 in

257 1657 300 1684 die
311 1655 436 1683 ﬂectebat
455 1663 542 1691 genua
564 1663 612 1682 sua
629 1655 742 1682 Danihel
758 1655 838 1690 (Dan.
856 1663 892 1689 vr,
909 1654 976 1691 10)?
990 1655 1054 1689 Qum

257 1706 319 1729 sunt
332 1706 452 1736 tempora
467 1709 527 1736 qua:
542 1701 586 1728 hic
601 1700 738 1727 ostendit?

293 1768 357 1795 Tria
372 1773 461 1795 autem
473 1772 594 1802 tempora
608 1768 706 1802 quibus
719 1768 774 1795 Deo
789 1767 920 1795 flectenda
936 1773 1000 1796 sunt
1010 1776 1054 1803 ge-

258 1822 319 1846 nua,
332 1814 437 1841 tertiam
449 1814 544 1841 horam
558 1817 585 1841 et
596 1817 699 1841 sextam
713 1817 741 1840 et
751 1821 850 1841 nonam
871 1813 1054 1841 ecclesiastica

258 1858 366 1885 traditio
383 1858 517 1893 intelligit.
535 1858 657 1893 Denique
672 1858 750 1885 tertia
770 1858 836 1885 hora
859 1858 997 1886 descendit
1009 1866 1056 1886 su-

257 1910 306 1936 per
318 1903 453 1937 apostolos
471 1902 589 1937 Spiritus
612 1907 738 1935 sanctus,
761 1906 837 1929 sexta
850 1903 943 1930 volens
957 1903 1054 1931 Petrus

257 1949 400 1975 comedere
411 1948 532 1975 ascendit
543 1948 724 1981 cmnaculum,
733 1955 803 1976 nona
815 1947 910 1975 Petrus
920 1953 947 1976 et
956 1948 1053 1976 Johan-

258 2001 306 2021 nes
320 1989 467 2027 pergebant
478 1994 512 2020 ad
525 1993 665 2026 templum.

292 2060 337 2087 24.
352 2059 420 2093 Quid
434 2063 474 2087 est
487 2060 559 2094 quod
571 2060 700 2095 legimus:
715 2060 778 2087 Fuit
790 2060 902 2087 Danihel
919 2069 999 2095 usque
1017 2060 1052 2087 ad

257 2113 356 2131 annum
367 2106 480 2140 primum
492 2105 553 2139 Cyri
567 2105 633 2140 regis
646 2104 727 2141 (Dan.
741 2114 762 2138 ι,
775 2104 831 2140 21),
841 2112 902 2132 cum
913 2105 975 2132 alibi
988 2106 1054 2132 scri-

256 2155 333 2185 ptum
348 2150 395 2181 sit,
415 2158 484 2177 anno
504 2151 580 2176 tertio
605 2150 666 2185 Cyri
692 2151 758 2186 regis
782 2150 924 2178 Persarum
949 2151 1052 2177 verbum

258 2196 398 2223 revelatum
417 2200 454 2223 est
476 2195 597 2222 Daniheli
618 2201 787 2231 cognomento
809 2196 942 2223 Baldasar
963 2196 1050 2232 (Dan.

259 2248 286 2272 ιι,
309 2241 354 2276 l)?

293 2296 350 2323 lIoc
370 2296 536 2331 signiﬁcatur
559 2297 630 2332 quod
651 2305 738 2332 usque
758 2299 792 2326 ad
813 2298 931 2333 primum
952 2306 1051 2326 annum

256 2342 319 2378 Cyri
332 2343 402 2377 regis
413 2343 457 2377 qui
470 2342 657 2371 Chaldaeorum
681 2344 815 2371 destruxit
834 2344 984 2379 imperium,
1001 2344 1054 2372 Da-

259 2388 329 2415 nihel
343 2394 438 2423 potens
453 2388 534 2416 fuerit
547 2389 574 2416 in
588 2389 712 2417 Chaldtea
724 2410 731 2422 ,
756 2394 851 2425 postea
865 2397 930 2417 vero
943 2398 958 2417 a
973 2390 1053 2418 Dario

259 2435 285 2461 in
301 2434 392 2463 Medos
409 2435 556 2462 translatus
571 2436 616 2463 sit.

293 2490 337 2516 25.
360 2490 429 2524 Quid
443 2495 483 2518 est
500 2491 571 2525 quod
590 2490 655 2518 dicit
675 2490 806 2518 Danihel:
831 2489 955 2517 Videbam
974 2491 1001 2517 in
1016 2491 1053 2517 vi-

257 2537 330 2562 sione
342 2544 400 2562 mea
414 2541 497 2569 nocte,
514 2541 537 2563 et
550 2544 608 2562 ecce
622 2540 737 2571 quatuor
752 2536 819 2562 renti
833 2535 889 2562 σιειί
902 2536 1052 2571 pugnabant

259 2581 287 2607 in
302 2581 368 2607 mari
391 2589 486 2616 magno
497 2601 504 2612 ,
519 2585 542 2608 et
558 2585 672 2616 quatuor
686 2581 774 2608 bestire
796 2581 908 2616 grandes
930 2581 1054 2608 ascende-

260 2625 320 2651 bant
335 2625 367 2652 de
382 2626 450 2652 mari
466 2626 574 2653 diversa:
591 2626 659 2653 inter
672 2634 700 2653 se
716 2626 797 2660 (Dan.
813 2634 862 2659 vn,
877 2626 928 2661 ΞΠ

296 2682 416 2716 Quatuor
428 2683 501 2710 venti
514 2684 574 2711 cmli
587 2687 702 2718 quatuor
717 2688 780 2711 sunt
793 2684 921 2719 angelicae
932 2687 1052 2718 potesta-

262 2732 312 2760 tes,
326 2729 422 2763 quibus
437 2730 594 2764 principalia
615 2737 695 2765 regna
709 2730 854 2757 commissa
874 2734 955 2762 sunt;
978 2737 1053 2756 mare

262 2778 352 2801 autem
366 2775 493 2802 mundum
508 2775 589 2802 istum
609 2775 789 2810 sacculumque
811 2775 953 2810 signiﬁcat.
978 2774 1052 2802 falsis

263 2821 416 2855 amarisque
439 2821 562 2848 ﬂuctibus
587 2821 798 2853 redundantem;
825 2827 941 2856 quattuor
961 2822 1052 2849 bestiae

1141 917 1300 950 Superbiam
1315 915 1449 950 signiﬁcat
1458 915 1534 950 regni
1544 914 1736 949 potentissimi,
1744 913 1809 947 cujus
1816 914 1868 948 prin-

1104 969 1167 996 ceps
1184 961 1301 995 loquitur
1322 968 1370 995 per
1392 961 1504 987 Isaiam:
1524 959 1614 994 Super
1631 959 1715 985 sidera
1730 959 1780 985 τα·ιί
1796 967 1867 993 ponam

1105 1008 1226 1033 ιΙιι-οιιιιηι
1240 1015 1335 1034 meum.
1349 1015 1392 1032 ero
1407 1006 1500 1032 simili:
1517 1006 1656 1032 Altissimo
1672 1005 1745 1039 (Isai.
1756 1013 1804 1037 xw,
1816 1005 1854 1038 l5).

1141 1064 1184 1089 29.
1203 1064 1235 1089 Et
1250 1071 1334 1097 quare
1349 1063 1406 1089 alas
1429 1063 1524 1097 aquilm
1538 1067 1565 1089 et
1589 1071 1643 1089 non
1664 1062 1766 1089 alterius
1778 1062 1825 1088 avis
1836 1062 1868 1088 ha-

1106 1110 1168 1135 bere
1184 1109 1309 1136 dicatur?

1141 1165 1209 1200 Quia
1225 1165 1314 1200 aquila
1327 1165 1412 1192 multo
1428 1165 1495 1192 vivit
1509 1169 1644 1199 tempore,
1659 1169 1685 1191 et
1695 1171 1794 1199 regnum
1807 1162 1867 1198 Assy-

1106 1212 1208 1239 riorum
1222 1211 1314 1239 multis
1326 1210 1377 1238 fuit
1389 1211 1515 1238 aetatibus
1530 1211 1709 1238 dominatum.

1140 1257 1185 1284 50.
1202 1256 1271 1290 Quid
1294 1256 1496 1291 intelligendum
1515 1260 1558 1283 est
1577 1264 1628 1292 per
1650 1256 1675 1283 id
1693 1256 1759 1291 quod
1775 1254 1864 1282 dicitur:

1107 1301 1211 1329 Erulsa:
1225 1306 1285 1329 sunt
1303 1301 1353 1328 alte
1368 1301 1448 1336 ejus?

1141 1347 1245 1375 Cmtera
1259 1354 1340 1382 regna
1355 1346 1490 1382 signiﬁcat
1499 1346 1603 1381 quibus
1614 1346 1688 1381 prius
1702 1345 1864 1380 irnpcrabat.et

1106 1394 1236 1422 volitabat
1251 1394 1278 1421 in
1291 1393 1401 1421 mundo.
1867 1431 1870 1434 4

1141 1451 1186 1478 51.
1208 1450 1278 1484 Quid
1291 1454 1333 1477 est
1352 1449 1424 1484 quod
1445 1449 1544 1476 dicitur
1558 1458 1565 1475 :
1589 1449 1624 1475 Et
1639 1457 1714 1483 super
1729 1447 1794 1482 pedes
1809 1444 1864 1480 quasi

1107 1497 1185 1524 homo
1199 1497 1278 1530 stetit,
1294 1501 1317 1523 et
1333 1504 1378 1522 tor
1388 1495 1445 1530 ejus
1459 1495 1551 1522 datum
1568 1500 1606 1522 est
1622 1496 1646 1522 ei
1659 1494 1736 1529 (Dan.
1751 1501 1791 1525 ru,
1803 1492 1841 1527 4)?

1068 1540 1092 1573 C
1143 1542 1390 1570 Nabochodonosor
1413 1544 1503 1575 potest
1531 1540 1666 1576 intelligi,
1692 1540 1734 1574 qui
1755 1544 1864 1574 postquam

1107 1587 1224 1623 perdidit
1236 1594 1359 1622 regnum,
1374 1590 1401 1614 et
1415 1586 1500 1621 gloria
1514 1585 1575 1620 ejus
1591 1585 1679 1613 ablata
1692 1589 1739 1617 est,
1750 1590 1835 1611 rursum
1845 1582 1863 1608 in

1107 1632 1223 1667 pristino
1237 1632 1323 1667 gradu
1334 1632 1475 1659 restitutus
1490 1631 1535 1663 sit,
1548 1635 1579 1658 et
1593 1639 1648 1659 non
1667 1631 1768 1658 lezenam
1779 1629 1816 1657 sed
1829 1628 1863 1654 ho-

1107 1679 1207 1706 minem
1221 1685 1251 1705 se
1264 1684 1325 1705 esse
1336 1677 1478 1709 didicerit,
1502 1681 1530 1703 et
1543 1684 1594 1704 eor
1608 1677 1735 1711 receperit
1748 1674 1805 1710 quod
1815 1673 1862 1700 ami-

1107 1727 1189 1750 serat.
1203 1722 1295 1750 Potest
1305 1727 1333 1750 et
1348 1723 1427 1750 aliter
1438 1721 1549 1756 intelligi
1562 1721 1598 1750 de
1613 1730 1694 1758 regno
1705 1721 1862 1749 Chaldaeum.

1106 1770 1177 1805 quod
1189 1768 1331 1798 interfecto
1343 1769 1481 1801 Baldasar,
1495 1768 1582 1797 Medis
1592 1769 1731 1804 Persisque
1744 1768 1768 1795 in
1779 1765 1862 1802 imperio

1106 1815 1324 1847 succedentibus,
1336 1814 1475 1849 Babylonii
1487 1814 1614 1842 homines
1628 1814 1733 1841 humilis
1743 1811 1863 1847 fragilisque

1106 1864 1210 1887 naturae
1224 1867 1253 1887 se
1263 1867 1323 1887 esse
1337 1858 1518 1886 intellexerint
1533 1858 1617 1894 (Dan.
1634 1866 1671 1891 tv,
1685 1857 1736 1893 51).

1140 1914 1184 1942 52.
1208 1914 1277 1948 Quid
1290 1918 1331 1941 est
1345 1914 1417 1952 quod
1438 1913 1555 1948 legitur:
1578 1913 1614 1940 Et
1635 1921 1690 1940 ecce
1704 1911 1774 1939 bestia
1786 1909 1828 1936 alia
1838 1907 1862 1933 ti-

1105 1959 1175 1987 milis
1186 1968 1247 1987 urso
1263 1960 1290 1987 in
1305 1964 1378 1995 parte
1391 1960 1469 1991 stetit,
1491 1964 1514 1986 et
1529 1964 1583 1986 tres
1600 1959 1701 1986 ordines
1714 1961 1778 1985 erant
1795 1955 1816 1981 in
1832 1959 1862 1979 ονε

1105 2006 1173 2040 ejus,
1184 2010 1207 2032 et
1222 2006 1249 2032 in
1262 2005 1381 2032 dentibus
1392 2005 1459 2040 ejus,
1475 2010 1499 2032 et
1513 2005 1551 2031 sic
1564 2005 1684 2031 dicebant
1698 2004 1720 2031 ei
1731 2011 1739 2029 :
1751 2008 1822 2036 surge,
1832 2005 1862 2024 €0-

1105 2051 1179 2078 mede
1191 2059 1282 2077 carnes
1294 2050 1422 2086 plurimas
1436 2049 1516 2086 (Dan.
1527 2057 1577 2083 νυ,
1593 2049 1640 2085 5)?

1142 2096 1231 2123 Bestia
1245 2096 1363 2123 secunda
1376 2103 1440 2123 urso
1455 2095 1559 2128 similis,
1580 2095 1638 2129 ipsa
1651 2098 1691 2122 est
1705 2093 1735 2120 de
1746 2098 1790 2127 qua
1803 2090 1822 2116 in
1832 2087 1860 2113 ti-

1106 2141 1180 2169 sione
1199 2146 1294 2168 statuae
1315 2140 1439 2175 legimus,
1457 2145 1552 2176 pectus
1565 2140 1624 2174 ejus
1638 2144 1664 2167 et
1683 2137 1779 2166 brachia
1791 2135 1817 2162 de
1830 2139 1861 2158 π-

1106 2190 1195 2221 gento,
1209 2187 1245 2213 ob
1258 2185 1385 2212 duritiam
1403 2189 1430 2212 et
1443 2185 1613 2213 ferocitatem
1632 2191 1694 2212 urso
1705 2183 1859 2215 comparatur:

1105 2220 1132 2259 in
1145 2235 1222 2266 parte
1236 2238 1301 2258 vero
1316 2238 1369 2258 una
1388 2230 1473 2263 stetit,
1488 2230 1551 2266 quia
1564 2230 1605 2257 sic
1617 2230 1705 2258 dicunt
1718 2223 1819 2255 Hebr-ei,
1831 2220 1860 2270 ﬂii-

1105 2277 1143 2304 hil
1156 2284 1204 2304 cos
1223 2277 1366 2304 adversum
1378 2275 1462 2304 Israel
1476 2275 1584 2304 crudele
1597 2275 1725 2311 gessiSse,
1743 2270 1801 2298 unde
1811 2270 1860 2294 etm

1106 2322 1237 2350 Zacharia
1250 2322 1312 2357 equi
1324 2321 1376 2349 albi
1389 2322 1558 2357 appellantur
1576 2321 1668 2357 (Zach.
1682 2328 1716 2350 VI,
1732 2317 1766 2353 5)-

1141 2367 1185 2400 55,
1199 2366 1243 2395 54.
1256 2367 1324 2401 Quid
1337 2375 1386 2402 per
1402 2371 1457 2395 tres
1468 2367 1576 2395 ordines
1589 2367 1633 2401 qui
1646 2368 1721 2393 erant
1736 2364 1758 2390 in
1770 2368 1809 2389 ore
1818 2357 1859 2391 Gil“

1105 2417 1133 2441 et
1152 2413 1179 2440 in
1193 2412 1339 2440 dentibus?

1140 2458 1254 2492 Quidam
1268 2458 1307 2485 sic
1318 2458 1512 2493 interpretatus
1525 2462 1575 2492 est,
1589 2461 1618 2485 ut
1632 2462 1737 2492 regnum
1746 2452 1858 2480 Persarum

1108 2504 1133 2531 in
1149 2508 1203 2531 tres
1216 2504 1351 2539 principes
1362 2505 1463 2532 diceret
1476 2504 1558 2532 fuisse
1568 2504 1690 2534 divisum,
1702 2501 1764 2528 sicut
1772 2496 1859 2531 ιεείπιπε

1106 2550 1140 2577 de
1160 2550 1247 2577 tribus
1265 2549 1448 2584 principibus,
1465 2550 1511 2586 qui
1534 2557 1584 2577 cxx
1606 2548 1723 2582 sadrapis
1736 2542 1856 2586 ρτπεηξτιί

1105 2595 1152 2622 sed
1167 2599 1223 2622 tres
1238 2595 1346 2622 ordines
1357 2595 1383 2622 in
1395 2602 1441 2622 ore
1456 2584 1528 2630 regis
1537 2595 1676 2622 Persarum
1690 2591 1747 2618 etin
1760 2584 1857 2616 deum)!“

1106 2640 1175 2674 ejus,
1198 2640 1248 2667 tria
1272 2648 1353 2675 regna
1370 2639 1499 2668 debemus
1520 2640 1650 2675 accipere.
1675 2632 1855 2671 Babyloniorum.

1106 2686 1260 2718 Medorum,
1282 2691 1363 2721 atque
1380 2685 1539 2720 Persarum,
1562 2693 1621 2721 quae
1642 2685 1667 2712 in
1680 2688 1754 2710 unum
1774 2675 1854 2704 tedam

1107 2734 1178 2758 sunt.

1141 2776 1185 2804 55.
1200 2777 1276 2805 Unde
1287 2778 1388 2806 dictum
1406 2783 1448 2806 est
1460 2779 1485 2806 ei
1504 2785 1591 2814 surge,
1607 2774 1710 2805 comede
1719 2773 1800 2800 carnes
1809 2762 1853 2799 Ph‘

1108 2822 1212 2849 rimas?
