4020 6170
389 340 524 396 1555

1465 332 1920 401 ΟΠᾹΕΞΤΙΟΝΕΒ
1955 334 2020 389 1N
2058 332 2424 391 DANlELEM.

3480 341 3617 398 4334

451 449 588 506 Illud
613 459 821 521 tempus
842 448 1128 522 significat,
1157 450 1369 519 quando
1394 449 1494 504 sub
1517 448 1753 503 Assuero
1791 461 1948 516 quem
1972 447 2024 506 Δ
2052 444 2371 511 daemonem,
2397 447 2492 501 sed
2512 458 2675 500 unum
2695 445 2763 501 de
2787 441 3109 512 hominibus,
3134 446 3186 499 in
3214 462 3321 516 quo
3351 458 3494 508 totus
3524 452 3621 511 Sa-

379 541 526 598 LXX
549 543 882 598 ArtaxerXen
901 551 1116 607 vocant,
1136 540 1203 595 ad
1227 541 1623 611 suggestionem
1644 539 1818 594 Aman
1847 556 1954 595 una

384 630 465 686 die
490 645 679 685 omnes
701 629 871 685 Judaei
890 629 1028 700 jussi
1052 638 1179 683 sunt
1208 629 1486 683 trucidari.

449 718 538 774 56.
568 718 706 785 Quid
739 727 821 774 est
852 720 995 789 quod
1028 719 1260 790 legitur:
1312 717 1438 772 Post
1475 720 1572 772 hoc
1616 720 1948 789 aspiciebam,

378 817 425 862 et
451 824 567 862 ecce
595 808 702 861 alia
735 811 885 879 quasi
908 809 1125 878 pardus,
1156 817 1202 863 et
1232 808 1345 862 alas
1373 808 1591 861 habebat
1618 818 1845 878 quatuor
1863 828 1953 863 su-

378 913 467 968 per
503 915 577 962 se,
606 906 653 951 et
679 907 905 967 quatuor
926 899 1095 967 capita
1135 907 1279 951 erant
1306 897 1361 951 in
1395 898 1588 962 bestia,
1636 908 1684 953 et
1720 909 1949 968 potestas

377 988 502 1042 data
529 1000 603 1043 est
631 990 679 1043 ei
707 989 868 1060 (Dan.
899 1005 998 1054 vn,
1037 988 1091 1060 6)
1123 990 1146 1043 ?
1312 988 1325 999 ‘

447 1078 687 1134 Tertium
718 1094 938 1150 regnum
970 1079 1335 1145 Macedonum,
1371 1080 1439 1135 de
1474 1096 1581 1150 quo
1605 1084 1737 1137 etin
1770 1090 1945 1138 statua

374 1167 602 1239 legimus
641 1179 812 1223 venter
853 1179 901 1224 et
936 1170 1137 1238 femora
1174 1170 1289 1239 ejus
1317 1186 1381 1223 ea:
1407 1186 1510 1224 tere
1553 1169 1711 1241 (Dan.
1744 1188 1803 1236 ιι,
1832 1172 1946 1243 52),

372 1260 560 1329 pardo,
586 1260 772 1315 bestiae
791 1259 1160 1325 velocissimus,
1185 1269 1548 1329 comparatur,
1572 1275 1691 1329 qua:
1710 1275 1948 1331 prmeeps

371 1348 544 1403 fertur
575 1351 641 1406 ad
670 1352 985 1421 sanguinem
1030 1359 1085 1406 et
1127 1351 1266 1406 saltu
1300 1352 1354 1406 in
1400 1360 1628 1409 mortem
1668 1355 1797 1408 ruit.
1844 1353 1950 1409 Per

371 1448 606 1509 quatuor
632 1442 747 1497 alas
770 1443 995 1498 victoria
1036 1443 1277 1512 signatur
1319 1443 1643 1512 Alexandri,
1675 1462 1781 1515 qua
1817 1448 1946 1502 nihil

371 1528 609 1583 velocius
634 1528 735 1584 fuit
759 1548 773 1585 :
813 1531 905 1600 qui
927 1532 995 1586 ab
1016 1531 1228 1602 Illyrico
1249 1539 1303 1587 et
1323 1532 1600 1589 Adriatico
1622 1536 1759 1590 mari
1779 1551 1947 1605 usque

370 1618 437 1672 ad
478 1617 717 1675 Indicum
764 1635 1023 1676 oceanum
1051 1629 1106 1675 et
1148 1620 1386 1692 Gangem
1411 1622 1662 1689 ﬂuvium,
1693 1640 1800 1680 non
1836 1636 1945 1681 tam

369 1709 569 1781 pneliis
592 1727 754 1782 quam
779 1712 1019 1768 victoriis
1039 1714 1399 1782 percucurrit,
1434 1723 1490 1769 et
1526 1731 1620 1770 sex
1644 1718 1803 1773 annis
1837 1718 1945 1772 Eu-

371 1815 516 1870 ropa:
539 1809 749 1871 partem
771 1812 826 1855 ct
853 1817 1068 1857 omnem
1102 1804 1204 1858 sibi
1233 1803 1418 1859 Asiam
1445 1804 1768 1876 subiugavit.

439 1892 527 1947 57.
560 1891 698 1959 Quid
720 1908 818 1963 per
842 1901 1071 1963 quatuor
1095 1894 1317 1963 capita?

437 1980 668 2036 Eosdem
709 1982 840 2038 dicit
865 1982 1027 2037 duces
1061 1981 1206 2050 eius,
1250 1984 1342 2053 qui
1372 1993 1560 2054 postea
1605 2003 1945 2044 successores

368 2072 517 2141 regni
538 2073 879 2139 exstiterunt,
902 2072 1257 2139 Ptolomeum,
1285 2073 1588 2145 Seleucum,
1617 2077 1937 2151 Philippum,

369 2158 715 2229 Antigonum.

435 2249 523 2305 '58.
560 2250 700 2317 Quid
725 2250 793 2304 Et
816 2260 1043 2321 potestas
1069 2268 1186 2323 qua:
1213 2253 1338 2307 data
1363 2262 1434 2308 est
1464 2257 1551 2310 ei?

435 2341 749 2397 Ostenditur
773 2357 880 2397 non
898 2342 1186 2399 Alexandri
1214 2342 1566 2412 fortitudinis,
1612 2349 1706 2403 sed
1734 2348 1941 2404 Domini

366 2430 657 2485 Voluntatis
686 2430 873 2487 fuisse.

434 2523 523 2577 59.
558 2520 695 2589 Quid
721 2530 804 2578 est
841 2523 983 2593 quod
1021 2523 1185 2578 dicit:
1225 2522 1353 2577 Post
1390 2524 1502 2578 hazc
1547 2526 1857 2595 aspiriebam
1888 2529 1943 2581 in

364 2614 558 2667 visione
596 2614 795 2679 noctis,
840 2623 888 2667 et
931 2630 1045 2667 ecce
1079 2613 1239 2668 bestia
1282 2625 1473 2683 quarta
1514 2615 1762 2670 terribilis
1789 2625 1943 2687 atque

365 2703 638 2769 mirabilis,
670 2714 719 2759 et
747 2704 897 2774 fortis
922 2705 1095 2771 nimis,
1135 2705 1312 2759 dentes
1349 2704 1543 2775 ferreos
1577 2705 1797 2759 habebat
1821 2723 1932 2759 ma-

365 2811 510 2865 gnos,
539 2794 809 2848 comedens
837 2804 989 2865 atque
1017 2796 1388 2861 comminuens,
1424 2805 1471 2850 et
1501 2794 1696 2866 reliqua
1724 2796 1940 2866 pedibus

365 2884 470 2939 suis
492 2883 805 2938 conculcans
827 2883 986 2954 (Dan.
1025 2899 1124 2949 vu,
1155 2883 1244 2955 7)?

433 2972 633 3042 Quarta
656 2974 939 3046 imperium
960 2974 1326 3033 Romanorum
1348 2984 1448 3039 est,
1470 2977 1535 3031 de
1556 2992 1663 3047 quo
1686 2978 1739 3032 in
1761 2986 1938 3033 statua

365 3067 575 3131 dicitur,
603 3066 742 3120 tibia:
761 3067 874 3136 ejus
902 3065 1085 3135 ferrea:
1114 3065 1276 3138 (Ibid.
1304 3084 1365 3132 Il,
1397 3068 1508 3141 35).

430 3157 520 3211 40.
551 3155 689 3222 Quid
716 3164 798 3211 est
825 3156 966 3226 quod
995 3158 1240 3226 superius
1267 3159 1368 3212 tria
1390 3174 1554 3228 regna
1582 3159 1767 3214 bestiis
1789 3175 1929 3215 com-

364 3247 587 3317 paravit,
622 3246 674 3302 id
702 3254 786 3301 est
810 3246 1024 3312 leaenae,
1068 3262 1195 3302 urso
1225 3255 1279 3302 et
1318 3247 1526 3318 pardo;
1568 3247 1934 3306 Romanorum

365 3355 585 3408 regnum
613 3339 744 3393 nulli
774 3340 959 3395 bestiae
984 3342 1358 3412 comparavit?

432 3426 567 3494 Quia
593 3434 651 3481 ut
677 3426 1081 3484 formidolosam
1105 3431 1307 3487 faceret
1333 3433 1560 3488 bestiam
1576 3473 1591 3499 ,
1619 3432 1938 3489 vocabulum

365 3517 549 3583 tacuit,
596 3525 656 3571 ut
695 3518 948 3588 quicquid
986 3517 1380 3577 formidolosius
1418 3522 1843 3590 cogitaveramus
1885 3521 1940 3573 in

365 3606 571 3672 bestiis,
603 3607 708 3662 hoc
740 3607 1011 3665 Romanos
1037 3609 1423 3677 intelligamus;
1450 3609 1551 3671 sed,
1569 3609 1777 3663 Hebrzei
1797 3610 1941 3678 quod

364 3697 592 3752 tacitum
620 3696 709 3750 hic
735 3705 835 3759 cst,
868 3696 923 3750 in
964 3695 1176 3750 Psalmo
1200 3696 1404 3750 dictum
1433 3702 1652 3766 putant:
1713 3694 1940 3750 Vastavit

362 3802 477 3841 eam
507 3802 632 3855 aper
660 3784 724 3840 de
750 3786 881 3840 silva
906 3795 953 3841 et
983 3784 1265 3856 singularis
1293 3785 1437 3857 ferus
1459 3787 1701 3865 depastus
1730 3797 1802 3841 est
1825 3803 1940 3840 eam

364 3875 537 3946 (Psal.
563 3891 745 3942 LXXIX,
768 3875 881 3948 4|).
1429 3910 1451 3941 .,

433 3967 521 4021 41.
550 3966 686 4032 Quid
711 3975 795 4023 est
818 3966 961 4037 quod
991 3967 1190 4023 dicitur
1211 3958 1498 4024 comedens
1525 3976 1684 4036 atque
1712 3966 1938 4023 commi-

366 4071 556 4121 nuens,
586 4063 641 4111 et
665 4056 872 4126 reliqua
896 4057 1124 4127 pedibus
1146 4057 1258 4113 suis
1280 4057 1602 4113 conculcans
1622 4057 1645 4110 ‘?

436 4146 717 4217 Significat
749 4161 938 4201 omnes
961 4132 1226 4211 nationes,
1261 4146 1346 4202 vel
1384 4145 1696 4202 interiectas
1728 4146 1797 4202 ab
1830 4146 1937 4212 eis,

363 4236 450 4291 vel
474 4237 674 4291 tributo
696 4244 751 4292 et
780 4236 1039 4290 servitute
1065 4234 1393 4307 subjugatas.

434 4326 523 4380 42.
558 4325 697 4393 Quid
725 4334 810 4382 est
837 4326 980 4396 quod
1005 4325 1171 4380 dicit:
1200 4325 1270 4379 Et
1300 4326 1518 4381 habebat
1545 4343 1741 4382 cornua
1764 4327 1939 4381 decem

368 4417 530 4488 (Dan.
559 4433 658 4485 vn,
692 4417 787 4490 7)?

436 4506 575 4574 Quia
598 4509 686 4562 alii
710 4516 914 4579 ponunt
938 4518 1168 4579 quatuor
1190 4524 1530 4565 successores
1553 4510 1864 4575 Alexandri,
1886 4518 1940 4566 et

367 4596 558 4651 deinde
581 4612 752 4669 usque
777 4599 843 4653 ad
868 4598 1192 4654 Antiochum
1215 4607 1568 4670 cognomento
1585 4599 1938 4669 Epiphanem,

368 4685 553 4738 decem
579 4700 733 4755 reges
756 4695 1093 4753 enumerant,
1129 4689 1221 4757 qui
1256 4687 1469 4742 fuerant
1503 4688 1803 4745 suavissimi.
1835 4687 1942 4743 Sed

367 4774 558 4829 melius
604 4777 927 4832 credendum
955 4787 1054 4841 est,
1091 4779 1234 4849 quod
1262 4794 1450 4835 omnes
1484 4779 1727 4855 magistri
1770 4780 1943 4836 eccle—

367 4863 570 4917 siastici
593 4866 944 4921 tradiderunt.
964 4868 1021 4922 ln
1043 4870 1507 4924 consummatione
1528 4870 1711 4926 mundi
1729 4871 1943 4941 quando

370 4968 593 5023 regnum
617 4956 1000 5014 destruendum
1023 4969 1106 5015 est
1128 4960 1510 5026 Romanorum,
1527 4962 1713 5017 decem
1735 4962 1944 5019 futuros

368 5059 524 5112 rcges
548 5046 639 5114 qui
668 5047 856 5101 orbem
890 5048 1255 5104 Romanorum
1298 5050 1439 5105 inter
1480 5066 1540 5107 se
1582 5054 1851 5121 dividant,
1890 5064 1945 5110 et

369 5135 710 5188 undecimum
739 5145 1107 5192 surrecturum
1145 5154 1262 5196 esse
1301 5140 1585 5210 parvulum
1612 5158 1820 5214 regem,
1851 5146 1945 5215 qui

370 5234 481 5279 tres
509 5240 662 5295 reges
699 5228 764 5281 de
788 5227 972 5282 decem
1020 5229 1237 5299 regibus
1270 5240 1619 5301 superaturus
1647 5234 1746 5301 sit,
1780 5236 1835 5291 id
1861 5245 1946 5293 est

369 5314 748 5386 Egyptiorum
778 5333 981 5386 regem,
1003 5328 1058 5374 et
1084 5319 1279 5376 Africae
1315 5330 1370 5376 et
1404 5321 1724 5395 Ethiopian;
1753 5326 1948 5394 quibus

370 5407 685 5473 interfectis,
723 5411 889 5465 etiam
914 5420 1119 5482 septem
1145 5412 1235 5466 alii
1259 5428 1415 5484 reges
1443 5415 1633 5469 victori
1663 5415 1800 5470 colla
1822 5419 1947 5472 sub-

372 5499 604 5555 mittent.
633 5499 764 5555 lllud
787 5509 968 5555 autem
990 5503 1156 5557 dicit:
1198 5502 1351 5558 Oculi
1378 5508 1529 5576 quasi
1556 5506 1693 5561 oculi
1719 5507 1946 5562 hominis

371 5601 520 5646 erant
550 5592 605 5645 in
633 5608 795 5646 cornu
822 5593 923 5649 isto
962 5593 1130 5665 (Dan.
1154 5611 1252 5663 vn,
1279 5596 1382 5669 8),
1421 5613 1490 5652 ne
1511 5613 1635 5652 eum
1673 5607 1944 5669 putemus,

372 5676 522 5750 juxta
551 5683 907 5754 quorumdam
940 5683 1269 5753 opinionem,
1297 5686 1382 5741 vel
1404 5685 1680 5744 diabolum
1706 5701 1825 5744 esse
1864 5687 1948 5742 vel

698 5799 970 5861 Pnnon.
1035 5794 1255 5865 XCVI,

2055 545 2209 592 tanas
2234 537 2574 592 habitaturus
2598 542 2682 591 est
2707 552 2720 601 ;
2749 544 2805 589 et
2829 551 2887 590 os
2927 534 3138 604 loquens
3172 537 3420 607 ingentia,
3465 542 3539 598 ita
3563 556 3624 600 ut

2054 628 2107 680 in
2136 628 2335 697 templo
2359 627 2452 681 Dei
2480 627 2667 681 sedere
2691 626 2901 691 audeat,
2933 625 3136 681 faciens
3158 642 3216 681 se
3251 632 3405 697 quasi
3429 633 3618 691 Deum.

2122 718 2210 772 45.
2240 717 2378 784 Quid
2411 724 2495 771 est
2528 717 2670 786 quod
2696 717 2865 770 dicit:
2904 717 3223 786 Aspiciebam
3261 720 3423 775 donec
3450 724 3622 781 throni

2050 812 2203 879 positi
2228 821 2368 875 sunt,
2400 820 2445 864 et
2474 811 2717 880 antiquus
2745 809 2949 862 dierum
2977 809 3108 863 sedit
3138 808 3300 880 (Ibid.
3332 813 3432 882 9)?

2123 900 2323 954 Throni
2350 915 2485 969 quos
2511 899 2642 953 vidit
2673 898 2915 961 Danihel,
2954 898 3027 953 hii
3066 898 3196 952 mihi
3224 901 3475 957 videntur
3503 919 3622 960 esse

2051 1005 2186 1060 quos
2210 988 2482 1043 Johannes
2507 1004 2633 1042 xxiv
2659 989 2881 1041 thronos
2919 995 3208 1057 nuncupat.
3240 989 3498 1048 Vetustus
3529 1009 3621 1047 au-

2051 1089 2159 1136 tem
2205 1081 2413 1135 dierum
2459 1080 2548 1134 ille
2584 1091 2695 1144 cst,
2739 1080 2830 1148 qui
2872 1079 3013 1148 apud
3055 1078 3352 1135 Johannem
3393 1082 3539 1139 solus
3567 1084 3621 1138 in

2051 1173 2245 1227 throno
2290 1172 2476 1238 sedet;
2518 1172 2685 1227 Filius
2728 1186 2940 1241 quoque
2987 1172 3221 1228 hominis
3258 1174 3350 1243 qui
3378 1177 3524 1231 venit
3555 1178 3623 1234 ad

2049 1269 2321 1316 vetustum
2363 1261 2590 1325 dierum,
2624 1261 2737 1329 ipse
2768 1269 2850 1315 est
2886 1261 2977 1330 qui
3025 1263 3165 1331 apud
3210 1262 3508 1321 Johanncm
3543 1267 3623 1324 leo

2049 1349 2247 1405 dicitur
2263 1349 2327 1403 de
2348 1350 2486 1402 tribu
2513 1348 2658 1402 Juda
2688 1349 2842 1402 radio:
2875 1348 3043 1403 David
3072 1349 3252 1420 (Apoc.
3281 1368 3333 1417 v,
3363 1353 3440 1425 5).

2118 1440 2206 1494 4'4.
2251 1440 2388 1506 Quid
2420 1448 2504 1494 est
2540 1440 2803 1509 judicium
2847 1439 2980 1494 sedit
3028 1450 3076 1494 et
3126 1441 3244 1496 libri
3290 1446 3452 1515 aperti
3504 1464 3623 1505 sunt

2048 1530 2209 1601 (Dan.
2240 1547 2335 1595 vn,
2370 1529 2458 1601 10)
2480 1531 2523 1603 ἲ,
3660 1528 3665 1531 ’

2117 1617 2472 1674 Conscientim
2497 1628 2553 1672 et
2580 1634 2743 1687 opera
2772 1620 3100 1690 singulorum
3133 1622 3185 1676 in
3207 1632 3434 1687 utraque
3465 1637 3621 1696 parte

2046 1709 2132 1763 vel
2151 1710 2289 1765 bona
2318 1708 2402 1764 vel
2431 1708 2570 1763 mala
2598 1711 2779 1763 omnia
2808 1711 3132 1766 revelantur.
3166 1712 3344 1769 Bonus
3369 1715 3507 1770 liber
3531 1718 3621 1774 ille

1974 1775 2022 1835 Β
2047 1808 2149 1865 est,
2182 1814 2344 1870 quem
2372 1813 2512 1868 saepe
2538 1798 2793 1869 legimus,
2834 1798 2968 1853 liber
2992 1800 3314 1868 viventium;
3346 1804 3517 1861 malus
3554 1806 3622 1861 li-

2043 1892 2160 1958 ber,
2183 1891 2359 1961 qualis
2387 1900 2469 1946 est
2498 1891 2589 1960 qui
2616 1891 2670 1945 in
2699 1892 3032 1946 accusatoris
3063 1899 3274 1947 tenetur
3309 1909 3489 1960 manu,
3527 1899 3621 1967 qui

2044 1990 2129 2038 est
2157 1984 2407 2039 inimicus
2434 1992 2489 2038 et
2514 1984 2711 2038 vindex
2733 1983 2799 2039 de
2828 1998 2935 2052 quo
2955 1992 3010 2039 et
3041 1984 3095 2038 in
3126 1984 3446 2058 Apocalypsi
3489 1988 3621 2059 legi-

2044 2088 2201 2128 mus:
2253 2075 2543 2127 Accusator
2570 2074 2795 2142 fratrum
2840 2082 3134 2127 nostrorum
3170 2074 3350 2145 (Apoc.
3374 2093 3470 2144 xu,
3503 2079 3614 2151 10),

2044 2162 2181 2218 liber
2200 2164 2303 2218 iste
2332 2172 2577 2217 terrenus
2604 2170 2706 2217 est.

2113 2253 2201 2307 45.
2233 2253 2370 2319 Quid
2396 2262 2514 2308 est:
2562 2253 2630 2306 Et
2658 2254 2761 2307 vidi
2787 2255 3035 2323 quoniam
3062 2255 3331 2323 interfecta
3371 2266 3500 2311 esset
3532 2258 3619 2312 be-

2042 2345 2163 2408 stia,
2186 2353 2234 2396 et
2260 2343 2473 2412 perisset
2501 2359 2687 2413 corpus
2715 2343 2849 2412 ejus,
2876 2351 2923 2396 et
2948 2344 3197 2396 traditum
3229 2354 3357 2397 esset
3385 2345 3454 2397 ad
3483 2362 3617 2399 com-

2044 2434 2332 2487 burendum
2359 2434 2487 2503 igni,
2516 2433 2743 2488 aliarum
2772 2450 2973 2504 quoque
2995 2434 3273 2489 besziarum
3294 2436 3471 2491 ablata
3490 2447 3618 2493 esset

2042 2530 2291 2591 potestas,
2324 2530 2373 2575 et
2400 2530 2631 2591 tempora
2660 2522 2774 2575 vitae
2818 2524 3097 2576 constituta
3140 2533 3307 2579 essent
3348 2526 3420 2579 eis
3460 2542 3619 2599 usque

2044 2610 2112 2664 ad
2135 2621 2334 2681 tempus
2361 2620 2408 2665 et
2437 2620 2667 2681 tempora
2688 2610 2849 2673 (Dan.
2881 2627 2977 2678 vn,
3012 2610 3143 2682 ll)?

2112 2700 2172 2755 In
2190 2716 2298 2755 uno
2321 2701 2563 2755 Romano
2588 2701 2813 2771 imperio
2832 2711 3052 2772 propter
3071 2701 3463 2758 Antichristum
3480 2703 3621 2760 blas-

2042 2792 2405 2863 phemantem,
2423 2792 2603 2847 omnia
2630 2792 2789 2847 simul
2813 2806 2976 2862 regna
2997 2791 3171 2847 deleta
3190 2802 3334 2859 sunt,
3348 2803 3403 2848 et
3423 2808 3621 2865 nequa-

2042 2897 2205 2953 quam
2228 2891 2503 2938 terrenum
2543 2881 2826 2951 imperium
2864 2881 3001 2947 erit,
3036 2883 3132 2937 sed
3158 2890 3466 2938 sanctorum
3495 2897 3621 2938 con-

2042 2970 2279 3026 versatio
2304 2978 2359 3024 et
2391 2970 2654 3026 adventus
2681 2968 2776 3024 ﬁlii
2797 2970 2890 3024 Dei
2924 2970 3327 3040 triumphantis.

2110 3062 2198 3117 46.
2230 3061 2369 3128 Quid
2394 3069 2476 3115 est
2512 3060 2656 3131 quod
2696 3060 2857 3115 dicit:
2903 3058 2971 3112 Et
3014 3059 3288 3114 tradentur
3329 3061 3386 3115 in
3427 3077 3619 3116 manus

2039 3151 2153 3220 ejus
2171 3166 2328 3219 usque
2351 3149 2420 3202 ad
2438 3159 2638 3219 tempus
2664 3157 2711 3202 et
2740 3156 2972 3216 tempora
2999 3156 3047 3200 et
3067 3147 3341 3201 dimidium
3371 3150 3615 3220 temporis

2041 3241 2201 3314 (Dan.
2234 3255 2332 3307 vu,
2364 3239 2454 3311 25)
2476 3240 2500 3292 ?

2109 3334 2168 3387 lu
2191 3333 2277 3388 his
2306 3332 2639 3402 temporibus
2666 3329 2841 3384 sancti
2870 3332 3124 3400 potestati
3152 3330 3471 3389 Antichristi
3496 3350 3621 3405 per-

2040 3423 2287 3481 mittendi
2310 3430 2456 3487 sunt,
2487 3429 2547 3475 ut
2572 3422 2998 3477 condemnentur
3024 3419 3213 3486 Judaei,
3248 3423 3339 3492 qui
3370 3439 3475 3478 non
3502 3440 3621 3480 crc-

2040 3518 2231 3571 dentes
2256 3514 2474 3569 veritati
2499 3520 2853 3583 susceperunt
2872 3512 3231 3568 mendacium.
3258 3514 3335 3571 De
3368 3517 3452 3572 his
3480 3523 3618 3572 tem-

2041 3608 2261 3680 poribus
2289 3606 2548 3662 Dominus
2565 3607 2621 3661 in
2640 3604 2930 3675 Evangelia
2960 3603 3232 3675 loquitur:
3277 3606 3399 3661 Nisi
3431 3608 3618 3664 abbre-

2041 3697 2163 3752 viati
2191 3704 2357 3751 essent
2385 3695 2494 3750 dies
2535 3695 2630 3760 illi,
2660 3710 2988 3772 nequaquam
3025 3693 3169 3749 salva
3208 3704 3336 3750 esset
3360 3694 3472 3749 ulla
3496 3713 3619 3752 caro

2042 3783 2256 3855 (Matth.
2281 3799 2430 3850 xxxv,
2451 3784 2565 3855 22).

2112 3874 2227 3945 Ego
2251 3874 2475 3930 Danihel
2500 3874 2722 3930 multum
2759 3875 3158 3946 cogitationibus
3193 3876 3321 3931 meis
3347 3879 3618 3933 conturba-

2041 3966 2136 4020 bar
2159 3975 2207 4020 et
2239 3966 2401 4035 facies
2426 3983 2540 4021 mea
2568 3969 2848 4021 immutata
2882 3976 2957 4021 est
2981 3967 3036 4021 in
3059 3983 3160 4030 me,
3201 3968 3408 4023 verbum
3448 3978 3621 4025 autem

2040 4058 2094 4110 in
2126 4057 2282 4111 corde
2310 4040 2423 4112 meo
2453 4058 2749 4113 conservavi
2777 4056 2938 4127 (Dan.
2967 4073 3065 4123 vn,
3092 4057 3206 4128 28).

2112 4148 2385 4205 Hactenus
2418 4150 2554 4204 liber
2578 4149 2853 4205 Danihelis
2882 4148 3172 4204 Cbaldaico
3210 4164 3456 4206 sermone
3484 4166 3616 4206 con-

2041 4240 2273 4310 scriptus
2299 4247 2383 4294 est
2426 4257 2438 4293 :
2471 4247 2666 4294 extera
2694 4254 2815 4308 quae
2852 4245 3108 4293 secuntur
3145 4252 3317 4307 usque
3352 4239 3421 4293 ad
3447 4238 3612 4294 finem

2038 4328 2346 4393 voluminis,
2377 4329 2630 4383 hebraice
2656 4328 2903 4397 legimus.

1963 4443 2019 4504 ι)
2110 4422 2201 4476 47.
2232 4420 2386 4475 Susis
2405 4428 2584 4474 autem
2620 4418 2933 4487 metropolis
2969 4425 3054 4472 est
3091 4418 3326 4487 regionis
3364 4416 3620 4472 Elamita-

2044 4527 2182 4566 rum.
2210 4510 2268 4565 Si
2289 4517 2550 4572 castrum,
2573 4506 2841 4577 quomodo
2864 4506 3177 4576 metropolis
3203 4505 3365 4577 (Dan.
3388 4524 3510 4573 vm,
3529 4508 3620 4581 2)?

2111 4600 2226 4656 Non
2256 4599 2400 4669 quod
2426 4607 2665 4652 castrum
2702 4597 2774 4651 sit
2801 4596 2932 4651 urbs
2977 4596 3316 4666 metropolis,
3355 4599 3447 4653 sed
3475 4600 3617 4669 quod

2042 4700 2190 4746 tanta
2211 4689 2464 4745 ﬁrmitate
2481 4686 2742 4743 aedificata
2768 4686 2855 4750 sit,
2872 4692 2934 4740 ut
2951 4695 3187 4742 castrum
3210 4701 3330 4742 esse
3350 4688 3614 4743 videatur.

2111 4781 2202 4836 48.
2252 4779 2391 4847 Quid
2417 4787 2501 4833 est
2527 4778 2671 4847 quod
2698 4776 2925 4847 legitur:
2972 4774 3091 4830 Vidi
3129 4786 3302 4831 autem
3344 4779 3397 4831 in
3426 4779 3619 4835 visione

2042 4888 2151 4926 esse
2180 4887 2261 4924 me
2289 4884 2444 4940 super
2468 4876 2670 4938 portam
2700 4865 2853 4921 Ulai:
2875 4867 3004 4936 quid
3032 4874 3115 4922 est
3140 4865 3262 4920 Ulai
3286 4866 3509 4939 (lbid.)?

2113 4962 2404 5018 Sciendum
2428 4968 2512 5016 est
2534 4967 2712 5013 autem
2730 4957 2851 5014 Ulai
2870 4972 2990 5013 esse
3018 4973 3213 5012 nomen
3226 4958 3325 5013 loci
3354 4959 3466 5014 sive
3492 4974 3617 5028 por-

2046 5062 2129 5116 ue,
2154 5061 2215 5106 ut
2238 5053 2291 5109 in
2315 5051 2474 5105 Troia
2498 5049 2647 5104 Scaea
2676 5056 2851 5118 porta,
2892 5056 2947 5102 et
2989 5048 3129 5117 apud
3172 5048 3442 5102 Romanos
3486 5048 3623 5103 Car-

2043 5141 2294 5197 mentalis
2315 5139 2533 5206 dicitur,
2570 5138 2832 5193 habentes
2858 5136 3080 5205 singula:
3099 5151 3165 5190 ex
3186 5136 3420 5206 pr0priis
3439 5137 3617 5191 causis

2045 5234 2281 5304 origines
2308 5230 2604 5286 nominum.

2119 5322 2205 5378 49.
2240 5321 2376 5388 Quid
2416 5327 2502 5373 est
2527 5316 2669 5387 quod
2717 5316 2884 5372 dicit:
2923 5315 2992 5370 Et
3030 5332 3143 5369 ecce
3184 5316 3321 5368 aries
3350 5330 3483 5368 unus
3509 5323 3616 5367 sta-

2048 5414 2133 5467 bat
2174 5421 2293 5466 ante
2327 5409 2594 5482 paludem,
2626 5408 2738 5462 sive
2766 5415 2891 5460 ante
2925 5414 3157 5476 ponam,
3200 5404 3391 5459 habens
3420 5420 3618 5460 cornua

2047 5502 2281 5566 excelsa,
2323 5509 2371 5554 et
2409 5514 2569 5552 unum
2606 5495 2855 5553 excelsius
2898 5494 3060 5548 altero
3100 5502 3251 5564 atque
3294 5487 3616 5547 succ'rescens

2050 5591 2213 5665 (Ibid.
2253 5590 2347 5661 5)?

2118 5683 2356 5739 Arietem
2384 5678 2603 5737 Darium
2629 5685 2804 5744 vocat,
2843 5674 3165 5733 avunculum
3191 5670 3345 5744 Cyri,
3378 5670 3470 5741 qui
3498 5675 3620 5743 post

3068 5784 3140 5847 b3
