4020 6170
462 341 594 400 1555

1701 318 1902 375 PETRI
1942 314 2423 372 ARCHIDIACONI

3562 319 3690 375 ωδε

454 461 720 534 Astyagen
767 459 926 502 avum
978 447 1281 497 maternum
1304 477 1319 502 ,
1374 449 1501 491 cum
1554 433 1817 489 avunculo
1864 430 2028 485 Dario
2054 430 2105 490 Α
2130 442 2283 483 versa
2310 435 2566 492 vastasse,
2600 438 2985 495 reversumque
3011 439 3156 481 anno
3203 425 3387 492 tertio,
3417 427 3473 482 in
3502 432 3692 501 templo

454 523 812 619 queinCraeci
850 536 1130 606 Cyaxaren
1173 536 1399 593 vocant,
1436 526 1604 583 Medis
1644 523 1932 595 imperavit
1974 528 2030 575 et

455 636 652 694 Persis.

524 729 612 786 50.
641 725 778 795 Quid
822 728 907 777 est
947 723 1092 792 quod
1133 719 1296 776 dicit:
1329 715 1518 770 Postea
1544 712 1648 767 vidi
1677 710 1889 764 arietem
1919 720 2030 758 cor-

454 820 603 875 nibus
632 817 961 872 ventilantem
987 820 1167 866 contra
1188 809 1434 862 orientem
1461 814 1509 858 et
1531 811 1712 857 contra
1736 796 2028 885 aquilonem

454 919 504 965 et
532 920 713 967 contra
737 906 1000 961 meridiem
1027 901 1188 973 (Dan.
1215 914 1333 963 vm,
1357 895 1456 967 4)?

527 1002 646 1058 Non
672 1000 846 1067 ipsum
888 994 1111 1047 arietem
1140 988 1339 1059 Cyrum
1375 983 1626 1039 videlicet
1660 978 1743 1034 vel
1768 976 1988 1031 Darium
2011 1012 2026 1037 ,

456 1092 552 1148 sed
576 1064 813 1159 ejusdem
836 1083 987 1152 regni
1009 1081 1230 1135 arietem
1252 1117 1267 1141 ,
1308 1076 1362 1129 id
1398 1080 1482 1127 est
1506 1070 1727 1124 Darium
1776 1064 2026 1124 alterum,

457 1182 551 1252 qui
578 1180 797 1234 ultimus
815 1171 1065 1244 potentia:
1084 1167 1315 1223 Persicae
1342 1180 1437 1217 rex
1466 1161 1584 1225 fuit,
1611 1167 1664 1214 et
1683 1171 1843 1227 quem
1873 1165 2028 1221 supe.

457 1240 600 1327 navit
624 1240 928 1323 Alexander
943 1259 1172 1330 Philippi
1191 1257 1333 1310 ﬁlius
1352 1269 1445 1307 rex
1470 1250 1838 1305 Macedonum.
1877 1240 2031 1309 Quod

459 1371 635 1418 autem
683 1358 877 1414 Darius
914 1356 1015 1409 iste
1058 1366 1153 1405 rex
1194 1344 1596 1417 potentissimus
1642 1347 1697 1393 et
1733 1333 2032 1390 ditissimus

460 1454 640 1519 fuerit,
668 1458 778 1506 tam
804 1447 1007 1504 Graeca:
1029 1456 1191 1513 quam
1220 1438 1425 1493 Latina:
1449 1437 1671 1488 narrant
1697 1425 1958 1483 historiae.

527 1511 781 1598 5L'Ecce
805 1546 976 1591 autem
1014 1511 1190 1587 hircus
1229 1540 1507 1598 caprarum
1544 1518 1773 1575 veniebat
1798 1514 1863 1568 ab
1894 1511 2033 1565 occi-

459 1638 609 1691 dente
644 1647 799 1702 super
847 1627 1034 1698 faciem
1072 1623 1231 1677 totius
1268 1629 1461 1681 terrae;
1516 1622 1563 1667 et
1614 1626 1721 1665 non
1786 1603 2033 1677 tangebat

460 1738 674 1781 terram.
700 1699 866 1774 Porro
903 1717 1078 1769 hircus
1096 1710 1315 1765 habebat
1336 1721 1498 1761 cornu
1519 1702 1719 1771 insigne
1738 1699 1876 1751 inter
1908 1709 2035 1749 ocu—

2125 524 2371 592 posulsse
2408 523 2641 571 statuam
2679 515 2827 571 Jovis
2853 533 2869 580 ;
2898 516 2966 570 ab
2994 518 3099 571 hoc
3140 525 3389 586 tempore
3419 533 3586 589 usque
3624 524 3690 577 ad

2125 610 2317 665 Iudam
2340 607 2725 670 Machabteum,
2753 618 2849 675 per
2874 621 3045 660 annos
3066 606 3337 661 vastitatis
3360 605 3690 664 Hierusalem

2125 711 2179 757 et
2200 696 2671 755 contaminationis
2692 695 2898 765 templi,
2935 710 3030 749 sex
3060 694 3167 750 duo
3205 696 3394 760 millia,
3426 703 3696 753 trecentos

2125 792 2242 846 dies
2267 797 2322 843 et
2341 796 2451 843 tres
2492 801 2706 841 menses
2728 801 2850 841 esse
2889 786 3205 855 completos,
3248 794 3374 855 post
3400 801 3535 855 quos
3567 794 3701 842 tem-

2125 881 2274 951 plum
2300 888 2589 949 purgatum
2617 884 2718 931 est.

2196 970 2285 1024 54.
2318 968 2457 1035 Quid
2476 977 2561 1023 est
2584 968 2727 1038 quod
2749 967 2878 1022 dicit
2904 982 2918 1020 :
2948 966 3015 1020 Et
3041 984 3159 1021 ecce
3177 967 3316 1021 stetit
3342 967 3399 1020 in
3430 979 3704 1037 conspecta

2128 1079 2241 1117 meo
2262 1063 2413 1133 quasi
2433 1062 2627 1131 species
2656 1059 2752 1114 viri
2775 1057 2943 1129 (Ibid.
2973 1058 3100 1130 15)?

2198 1154 2316 1208 Non
2343 1168 2485 1209 enim
2524 1152 2627 1205 viri
2655 1161 2779 1206 sunt
2802 1151 2997 1220 angeli,
3029 1151 3123 1205 sed
3157 1152 3212 1205 in
3248 1152 3429 1220 specie
3464 1152 3709 1206 virorum

2128 1246 2399 1309 videntur,
2439 1244 2581 1301 sicut
2606 1244 2879 1298 Abraham
2917 1243 2986 1296 ad
3015 1257 3273 1312 quercum
3325 1243 3562 1297 Mambre
3590 1251 3712 1297 tres

2129 1339 2229 1393 visi
2259 1337 2521 1402 suntviri,
2538 1337 2628 1407 qui
2644 1337 2828 1404 utique
2844 1334 2950 1390 viri
2975 1350 3083 1389 non
3104 1342 3280 1400 erant,
3302 1351 3334 1389 e
3358 1335 3553 1404 quibus
3567 1350 3713 1388 unus

2130 1430 2387 1484 adoratur
2432 1436 2492 1482 ut
2533 1427 2793 1482 Dominus
2821 1466 2837 1492 ,
2891 1428 3033 1480 unde
3066 1433 3123 1479 et
3175 1424 3424 1480 Salvator
3472 1425 3714 1495 loquitur

2133 1521 2185 1575 in
2203 1519 2492 1589 Evangelio
2525 1537 2540 1572 :
2570 1518 2834 1573 Abraham
2855 1517 2983 1571 vidit
3012 1518 3149 1571 diem
3194 1534 3385 1582 meum,
3420 1529 3467 1573 et
3498 1519 3715 1573 lwtatus

2133 1622 2207 1664 est
2239 1610 2421 1681 (Joan.
2446 1625 2567 1674 vm,
2598 1607 2711 1679 56).

2204 1700 2292 1755 55.
2323 1698 2461 1767 Quid
2489 1709 2572 1755 est
2594 1698 2737 1768 quod
2759 1698 2924 1752 dicit:
2953 1697 3019 1752 Et
3050 1698 3228 1752 audivi
3257 1715 3429 1753 vocem
3451 1699 3546 1752 viri
3571 1698 3716 1752 inter

460 1778 539 1870 los
566 1829 710 1877 suos,
740 1817 788 1865 et
831 1806 967 1861 venit
997 1817 1159 1873 usque
1195 1798 1263 1852 ad
1292 1796 1505 1851 arietem
1552 1790 1705 1845 illum
1730 1792 2027 1845 cornutum,

2155 1788 2281 1853 Ulai,
2304 1798 2352 1842 et
2375 1788 2696 1851 elamavit,et
2718 1787 2826 1840 ait:
2852 1786 3119 1852 Gabribel,
3148 1787 3233 1856 [ac
3249 1787 3529 1857 intelligere
3552 1789 3715 1841 istam

460 1920 612 1976 quem
646 1872 873 1956 videram
909 1872 1131 1950 stantem
1175 1898 1295 1944 ante
1329 1895 1580 1959 portam;
1614 1890 1662 1936 et
1699 1876 1926 1933 cucurrit
1961 1872 2032 1926 ad

462 1968 576 2048 eum
604 1994 795 2060 impetu
833 1983 1158 2057 fortitudinis
1186 1995 1316 2034 suat.
1342 1976 1574 2045 Cumque
1613 1968 2033 2042 appmpinquas-

464 2092 535 2138 set
556 2095 713 2152 prope
735 2079 964 2137 arietem,
992 2070 1296 2126 comminuit
1320 2066 1427 2119 duo
1464 2078 1662 2117 cornua
1683 2060 1797 2129 ejus
1816 2097 1831 2122 ,
1860 2065 1907 2110 et
1929 2069 2034 2109 non

461 2186 661 2248 poterat
716 2172 851 2225 aries
896 2168 1132 2221 resistere
1160 2162 1227 2216 ei.
1278 2159 1508 2228 Cumque
1559 2169 1676 2208 eum
1716 2149 1939 2204 misisset
1978 2146 2035 2198 in

464 2242 680 2328 terram,
702 2257 1018 2315 conculcavit
1043 2268 1179 2317 eum,
1207 2260 1255 2305 et
1279 2264 1426 2304 nemo
1455 2245 1634 2315 quibat
1672 2242 1892 2295 liberare
1915 2253 2035 2292 eum

462 2357 526 2409 de
563 2368 723 2407 manu
748 2350 881 2420 ejus.
920 2345 1112 2399 Hircus
1139 2350 1313 2395 autem
1359 2350 1637 2407 caprarum
1664 2345 1887 2401 magnus
1921 2328 2035 2397 fac-

463 2456 546 2499 tus
593 2452 669 2497 est
716 2441 869 2495 nimis
894 2478 909 2503 ,
956 2450 1171 2505 cumque
1201 2430 1474 2494 crevisset,
1530 2426 1729 2496 factum
1760 2430 1835 2501 est
1873 2433 2037 2474 cornu

464 2547 709 2605 magnum
733 2571 748 2597 ,
778 2538 827 2583 et
865 2536 979 2582 orta
1025 2523 1145 2579 sun't
1184 2536 1383 2575 cornua
1417 2525 1644 2588 quatuor
1694 2512 1870 2567 subter
1901 2507 2037 2562 illud

465 2600 571 2696 perv
601 2629 827 2693 quatuor
872 2623 1045 2670 ventos
1091 2610 1226 2666 εαξη.
1251 2609 1330 2663 De
1358 2623 1463 2661 uno
1506 2613 1680 2659 autem
1731 2618 1796 2657 ea:
1847 2600 1922 2654 eis
1950 2613 2038 2651 or-

465 2692 575 2771 tum
597 2692 671 2769 est
708 2727 871 2767 cornu
915 2721 1074 2762 unum
1096 2705 1355 2759 mo;.'icum
1400 2710 1449 2755 et
1474 2699 1675 2769 factum
1713 2705 1788 2751 est
1832 2692 2034 2765 grande

466 2794 629 2879 (ibid.
656 2804 733 2876 5).

489 2903 495 2909 ’
535 2899 730 2953 Hircus
774 2905 1059 2963 caprarum
1102 2887 1197 2957 qui
1224 2884 1474 2939 veniebat
1512 2883 1581 2937 ab
1626 2878 1907 2935 occidente
1932 2914 1948 2942 ,
1982 2880 2039 2929 et

466 2997 686 3061 propter
739 2982 963 3039 nimiam
1016 2977 1358 3033 velocitatem
1404 2982 1606 3027 terram
1664 2979 1888 3039 tangere
1930 2980 2038 3020 non

466 3058 767 3140 videbatur,
795 3070 1100 3127 Alexander
1122 3074 1204 3122 est
1229 3081 1323 3120 rex
1346 3063 1679 3125 Graecorum,
1707 3059 1800 3128 qui
1823 3058 2042 3112 subver-

2136 1884 2382 1937 visionem
2421 1880 2583 1952 (Dan.
2612 1896 2729 1944 vtu,
2763 1878 2852 1951 lli)
2874 1879 2898 1932 ?
2924 1878 3048 1948 quis
3082 1878 3170 1932 ille
3215 1886 3299 1934 est
3334 1880 3428 1948 qui
3474 1878 3718 1934 Gabrieli

2132 1970 2406 2041 praecepit,
2439 1978 2497 2024 ut
2522 1969 2799 2023 Danielem
2827 1967 2992 2023 faciat
3018 1967 3321 2038 intelligere
3347 1968 3647 2023 visionem?

2204 2065 2373 2121 Judaei
2413 2063 2727 2119 Micltaelem
2766 2071 3083 2117 autumant.‘

2163 2150 2175 2159 ”
2207 2158 2293 2212 56.
2318 2158 2385 2211 Et
2404 2172 2502 2210 cur
2544 2160 2768 2209 vocatur
2792 2152 3071 2219 Gabribel,
3104 2162 3162 2207 ut
3188 2152 3486 2222 intelligere
3527 2150 3719 2218 faciat,

2136 2256 2191 2302 ct
2219 2263 2324 2301 non
2351 2246 2487 2300 alius
2517 2251 2740 2299 vocatur
2765 2242 3022 2313 angelus?

2206 2338 2340 2405 Quia
2366 2351 2486 2392 cum
2525 2337 2661 2391 visio
2698 2336 2763 2391 de
2804 2335 3007 2406 prmliis
3055 2343 3210 2400 erat,
3259 2350 3558 2405 regumque
3598 2350 3722 2391 cer-

2139 2430 2447 2492 taminibus,
2490 2428 2655 2481 immo
2686 2442 2972 2496 regnorum
2996 2426 3447 2490 successionibus,
3495 2426 3722 2496 dignum

2137 2528 2254 2574 erat
2279 2527 2337 2573 ut
2371 2517 2627 2573 Gabribel
2652 2558 2667 2582 ,
2703 2517 2797 2586 qui
2837 2518 3157 2587 praepositus
3193 2527 3277 2573 est
3305 2518 3507 2589 praeliis
3529 2560 3543 2583 ,
3590 2519 3722 2575 huic

2137 2608 2313 2666 ofﬁcio
2334 2607 2756 2677 manciparetur.

2209 2698 2299 2753 57.
2332 2696 2511 2764 Quare
2547 2704 2787 2765 tempore
2808 2710 2914 2767 quo
2938 2704 3057 2751 erat
3082 2696 3342 2752 Dominus
3376 2697 3718 2761 nasciturus,

2139 2793 2208 2848 ad
2246 2790 2562 2845 Zachariam
2592 2796 2648 2843 et
2667 2788 2736 2844 ad
2767 2787 2990 2842 Mariam
3011 2789 3269 2844 Gabribel
3311 2789 3512 2843 missus
3537 2796 3642 2855 est,
3666 2796 3725 2843 et

2137 2899 2244 2938 non
2272 2882 2408 2936 alius
2431 2880 2686 2951 angelus?

2210 2972 2364 3040 Quia,
2396 2980 2455 3027 ut
2482 2973 2682 3027 dictum
2706 2978 2808 3037 est,
2837 2969 3037 3041 prmliis
3059 2977 3143 3025 est
3164 2969 3485 3051 pra-positus
3501 3012 3516 3033 ,
3550 2968 3723 3023 indic-

2141 3074 2295 3117 turus
2316 3062 2511 3118 bellum
2528 3060 2881 3127 daemonibus,
2908 3066 2963 3115 et
2988 3059 3414 3129 triumphaturus
3434 3059 3499 3114 de
3521 3057 3723 3112 mundo

469 3170 544 3225 sis
566 3127 767 3222 Thebis
794 3164 848 3217 in
893 3159 1074 3215 Persis
1098 3199 1113 3224 ,
1156 3171 1306 3210 arma
1347 3152 1626 3222 corripuit,
1677 3127 1826 3204 Darii
1874 3148 2040 3202 duces
2066 3127 2115 3191 (ἶ
2142 3154 2308 3209 venit.

470 3259 759 3330 superavit,
784 3263 837 3311 et
876 3254 944 3309 ad
964 3260 1265 3307 extremum
1292 3248 1465 3317 ipsum
1495 3244 1763 3316 percussit
1790 3241 2038 3304 arietem,

470 3360 523 3407 et
562 3351 667 3404 duo
691 3346 809 3416 ejus
837 3341 1101 3413 confregit
1140 3354 1363 3405 cornua,
1397 3337 1579 3391 Medos
1622 3341 1785 3404 atque
1824 3334 2039 3396 Persas,

471 3442 725 3509 misitque
765 3451 887 3491 eum
913 3434 1014 3488 sub
1040 3432 1268 3501 pedibus
1294 3430 1425 3493 suis,
1455 3436 1511 3481 et
1552 3433 1843 3494 utrumque
1873 3438 2041 3478 cornu

472 3546 569 3586 suo
588 3525 888 3595 su’jugavit
924 3523 1169 3593 imperio.
1194 3520 1373 3575 Cornu
1417 3525 1597 3571 autem
1640 3516 1881 3585 grande,
1928 3514 2044 3583 ipse

470 3630 553 3676 est
598 3633 692 3672 rex
715 3616 922 3685 primus
947 3612 1288 3675 Alexander;
1341 3624 1447 3677 quo
1485 3607 1760 3661 tricesimo
1809 3603 2045 3659 secundo

474 3723 614 3762 anno
658 3705 831 3761 anatis
872 3717 981 3757 sua:
1010 3710 1222 3756 mortuo
1250 3699 1306 3752 in
1349 3696 1640 3767 Babylone,
1693 3699 2044 3749 surrexerunt

471 3814 570 3868 pro
596 3811 661 3851 co
689 3802 918 3864 quatuor
946 3792 1108 3845 duces
1137 3788 1253 3857 ejus
1275 3829 1288 3852 ,
1320 3788 1411 3857 qui
1449 3786 1550 3841 sibi
1586 3785 1871 3853 imperium
1902 3783 2043 3837 divi-

473 3896 679 3945 serunt.
732 3885 1023 3955 Egyptum
1081 3881 1389 3936 Ptolomeus
1435 3877 1565 3947 Lagi
1619 3876 1759 3930 illius
1834 3873 2041 3938 tenuit;

474 3974 837 4032 Macedoniam
852 3970 1128 4037 Philippus
1139 3968 1229 4036 qui
1241 3966 1533 4020 etAridcus
1546 3965 1714 4018 frater
1724 3960 2010 4016 Alexandri
2027 3977 2041 4026 ;

477 4066 691 4138 Syriam
734 4069 789 4117 et
813 4058 1138 4130 Babylonem
1171 4064 1227 4110 et
1258 4055 1438 4110 omnia
1480 4068 1643 4124 regna
1678 4052 1914 4107 Orientis
1947 4050 2045 4105 Se-

475 4156 661 4211 leucus
699 4151 933 4206 Nicanor
961 4165 977 4213 ;
1003 4147 1146 4201 Asiae
1197 4143 1445 4215 regnavit
1468 4141 1787 4211 Antigonus.

546 4248 633 4303 52.
670 4243 808 4313 Quid
844 4251 929 4299 est
952 4240 1099 4312 quod
1134 4239 1303 4293 dicit:
1346 4236 1421 4293 Et
1458 4251 1619 4306 usque
1641 4234 1710 4289 ad
1757 4234 2044 4304 principem

477 4338 800 4413 fortitudinis
821 4334 1272 4406 magniﬁcatusest
1302 4328 1464 4402 (Ibid.
1506 4327 1616 4399 il).

2213 3244 2302 3301 58.
2335 3242 2468 3299 Illud
2489 3242 2633 3312 quod
2663 3242 2740 3297 ait
2765 3241 2992 3296 Danihel
3019 3258 3033 3295 :
3064 3240 3132 3294 Et
3161 3258 3253 3313 ego
3280 3240 3507 3296 Danihel
3535 3239 3719 3311 (angui

2142 3349 2189 3394 et
2218 3338 2465 3408 wgrotavi
2488 3353 2580 3406 per
2605 3336 2716 3389 dies
2750 3333 2911 3405 (Dan.
2951 3350 3071 3399 vm,
3097 3333 3209 3405 27).

2212 3430 2324 3484 Hoc
2371 3436 2456 3482 est
2486 3427 2616 3481 illud
2652 3426 2795 3495 quod
2820 3425 2873 3479 in
2915 3424 3112 3479 Genesi
3161 3424 3228 3479 de
3273 3424 3547 3478 Abraham
3586 3420 3720 3492 legi-

2144 3537 2298 3583 mus,
2356 3522 2499 3589 quod
2545 3525 2832 3587 postquam
2886 3516 3055 3570 Deum
3104 3515 3371 3570 audiverit
3417 3515 3721 3584 loquentem

2144 3613 2265 3675 sibi,
2280 3618 2481 3664 terram
2508 3618 2562 3663 et
2574 3608 2808 3662 cinerem
2822 3620 2941 3661 esse
2952 3621 3010 3660 se
3023 3606 3219 3661 dixerit
3239 3604 3404 3676 (Gen.
3423 3621 3555 3658 mu
3576 3603 3663 3669 ,27
3680 3604 3718 3673 ).

2213 3701 2302 3757 59.
2334 3699 2472 3767 Quid
2519 3707 2603 3755 est
2650 3698 2793 3768 quod
2821 3698 2949 3753 dicit
2998 3714 3012 3751 :
3055 3697 3126 3750 Et
3161 3696 3427 3767 stupebam
3465 3696 3535 3748 ad
3567 3696 3720 3749 uisio-

2145 3810 2279 3855 nem,
2318 3801 2491 3846 etnon
2529 3799 2641 3845 erat
2677 3790 2767 3861 qui
2803 3791 3235 3859 interpretaretur
3260 3786 3423 3858 (Dan.
3448 3802 3565 3849 vm,
3604 3786 3719 3857 27).

2146 3884 2203 3940 Si
2230 3899 2338 3938 non
2362 3890 2479 3938 erat
2495 3881 2585 3951 qui
2610 3880 3073 3948 interpretaretur,
3089 3877 3358 3947 quomodo
3379 3891 3541 3945 supra
3566 3875 3723 3930 inter-

2144 3981 2386 4044 pretatus
2414 3980 2497 4026 est
2526 3970 2787 4043 angelus?

2225 4060 2330 4115 Sed
2353 4059 2496 4130 quod
2529 4059 2674 4123 dicit,
2715 4059 2821 4113 hoc
2855 4064 2937 4113 est
2962 4071 3121 4127 reges
3146 4056 3409 4120 audierat,
3448 4064 3505 4111 et
3532 4070 3721 4111 eorum

2145 4149 2362 4205 nomina
2406 4149 2710 4214 nesciebat;
2746 4147 2925 4201 futura
2973 4154 3316 4216 cognoverat,
3347 4154 3404 4202 et
3451 4161 3558 4216 quo
3587 4155 3722 4205 tem-

2145 4253 2275 4307 pore
2297 4237 2476 4291 futura
2503 4244 2687 4292 essent
2712 4237 2905 4292 dubius
2941 4234 3254 4291 fluctuabat.

2217 4327 2305 4382 60.
2337 4326 2406 4381 In
2439 4343 2576 4382 anno
2616 4328 2785 4398 primo
2820 4326 2973 4380 Darii
3013 4325 3113 4395 ﬁlii
3158 4326 3371 4380 Assueri
3419 4326 3485 4380 de
3529 4326 3722 4380 semine

546 4431 660 4486 Hoc
686 4430 887 4484 dictum
914 4432 998 4479 est
1036 4424 1102 4478 de
1122 4420 1398 4491 Epiphane
1437 4417 1547 4472 filio
1576 4416 1822 4481 Seleuci,
1869 4415 1964 4485 qui
1992 4423 2047 4470 et
2077 4464 2125 4491 ἢ
2150 4418 2442 4485 Medorum,
2471 4420 2561 4490 qui
2591 4418 2859 4487 imperavit
2906 4434 3063 4488 super
3108 4434 3321 4489 regnum
3354 4416 3720 4472 Chaldteorum

478 4521 788 4590 Philopater
829 4514 1125 4585 appellatus
1164 4518 1279 4590 est,
1327 4509 1454 4578 quia
1494 4515 1713 4562 erectus
1738 4505 1810 4560 sit
1853 4513 2043 4561 contra

478 4588 666 4672 Deum,
697 4615 751 4663 et
774 4612 988 4661 sanctos
1011 4588 1509 4671 illius-persecutus,
1534 4603 1588 4651 et
1609 4596 1795 4651 tulerit
1813 4593 1942 4666 juge
1961 4609 2050 4649 sa-

480 4699 765 4761 criﬁcium,
792 4702 847 4750 et
860 4698 1142 4763 peccatum
1166 4687 1513 4746 desolationis
1546 4700 1667 4756 quae
1692 4684 1835 4739 facta
1855 4692 1960 4751 est,
1990 4692 2049 4740 et

482 4789 847 4848 sanctuarium
884 4794 938 4841 et
967 4782 1226 4839 fortitudo
1248 4779 1667 4835 conculcabitur.
1706 4777 1857 4833 Unus
1888 4792 2053 4849 ange-

482 4882 567 4937 lus
588 4882 881 4947 interrogat
909 4876 1140 4931 alterum
1167 4871 1438 4942 angelum,
1467 4884 1638 4938 usque
1659 4870 1727 4924 ad
1747 4870 1891 4939 quod
1913 4875 2051 4924 tem-

481 4988 584 5045 pus
617 4971 715 5026 Dei
748 4968 950 5037 judicio
978 4967 1078 5021 sub
1109 4962 1372 5018 Antiocho
1411 4975 1540 5031 rege
1578 4960 1752 5032 Syriae
1792 4960 2052 5030 templum

485 5062 724 5117 futurum
760 5059 830 5114 sit
866 5056 1193 5119 desolatam,
1234 5061 1288 5108 et
1316 5052 1665 5108 simulacrum
1697 5050 1845 5107 Jovis
1881 5059 2055 5107 statu-

487 5168 606 5207 rum
629 5152 684 5207 in
706 5147 902 5219 templo
943 5147 1057 5202 Dei.
1094 5144 1280 5200 Posuit
1305 5144 1451 5199 enim
1476 5142 1775 5199 Antiochus
1818 5152 2053 5199 statuam

486 5240 634 5295 levis
655 5240 711 5294 in
734 5237 934 5307 templo
954 5236 1070 5291 Dei.

548 5330 634 5384 55.
659 5328 728 5382 Et
754 5329 888 5382 dixit
921 5341 1083 5397 usque
1112 5325 1181 5379 ad
1214 5339 1475 5396 vesperam
1503 5331 1553 5378 et
1589 5339 1744 5378 mane
1762 5363 1777 5389 ,
1805 5323 1922 5378 dies
1949 5323 2055 5378 duo

489 5419 654 5472 millia
675 5418 907 5482 trecenti,
935 5426 981 5471 et
1002 5414 1339 5470 mandabitur
1362 5415 1721 5469 sanctuarium
1751 5411 1912 5486 (Ibid.
1938 5412 2051 5485 14).

557 5508 863 5562 Centesimo
889 5505 1296 5576 quadragesimo
1344 5506 1506 5560 tertio
1550 5521 1691 5561 anno
1731 5521 1763 5559 a
1806 5504 2049 5572 Seleuco,

491 5595 582 5661 qui
619 5595 825 5660 primus
862 5594 1105 5662 regnavit
1133 5595 1187 5647 in
1214 5593 1369 5663 Syria
1411 5602 1534 5663 post
1559 5594 1940 5660 Alexandrum,
1966 5597 2053 5651 in-

496 5694 738 5749 gressum
769 5680 993 5745 legimus
1038 5680 1362 5735 Antiochum
1406 5682 1830 5753 Hierosolymam
1859 5694 1914 5741 et
1936 5688 2057 5741 uni-

2075 4464 2127 4526 D

2150 4509 2312 4582 (Dan.
2342 4525 2419 4574 tx,
2444 4509 2519 4579 1).

2217 4598 2316 4654 Hic
2358 4606 2441 4653 est
2470 4597 2681 4663 Darius,
2724 4597 2817 4667 qui
2869 4611 2993 4652 cum
3035 4595 3178 4667 Cyro
3224 4596 3505 4653 Chaldaeos
3544 4597 3719 4668 Baby-

2148 4690 2426 4760 loniosque
2488 4688 2781 4758 superavit.
2834 4687 2915 4743 Ne
2970 4698 3219 4757 putemus
3266 4689 3414 4744 illum
3463 4690 3682 4744 Darium
3705 4729 3721 4753 ,

2151 4780 2304 4851 cujus
2370 4781 2605 4837 secundo
2665 4795 2807 4835 anno
2873 4780 3130 4848 templum
3199 4780 3521 4836 mdilicatum
3580 4792 3720 4836 est:

2150 4873 2293 4941 quod
2338 4871 2672 4943 Porphyrius
2734 4873 3037 4942 suspicatus
3061 4913 3077 4938 ,
3133 4880 3195 4927 ut
3236 4887 3407 4929 annos
3454 4873 3725 4927 Danihelis

2150 4963 2437 5028 extendat;
2478 4962 2569 5018 vel
2613 4978 2738 5018 eum
2777 4964 2867 5033 qui
2913 4964 2981 5017 ab
3013 4962 3320 5017 Alexandro
3380 4963 3721 5018 Macedonum

2150 5069 2278 5124 rege
2305 5061 2589 5123 superatus
2636 5061 2737 5109 est.
2792 5053 2953 5108 Addit
2996 5068 3127 5125 ergo
3156 5070 3351 5109 nomen
3388 5055 3557 5123 patris
3579 5094 3594 5118 ,
3636 5054 3723 5108 ad-

2152 5142 2335 5212 ditque
2382 5142 2664 5198 victoriam
2706 5158 2813 5213 qua
2846 5143 3053 5212 primus
3082 5144 3149 5198 de
3188 5143 3395 5197 semine
3450 5142 3719 5196 Medorum

2153 5233 2477 5287 subverterit
2513 5247 2737 5304 regnum
2762 5232 3155 5298 Chaldazorum,
3188 5241 3248 5287 ut
3274 5232 3487 5288 auferat
3509 5243 3719 5303 propter

2153 5321 2555 5377 similitudinem
2592 5322 2827 5378 nominis
2863 5321 3109 5379 lectionis
3132 5337 3396 5379 errorem.

2222 5412 2310 5467 6t.
2338 5411 2479 5479 Quid
2510 5420 2595 5468 est
2629 5412 2771 5482 quod
2800 5429 2906 5469 cxx
2946 5429 3116 5469 annos
3162 5413 3424 5471 Dominus
3449 5414 3503 5470 in
3530 5409 3715 5469 Genesi

2152 5505 2459 5561 hominibus
2501 5506 2724 5576 posuit?

2220 5597 2359 5665 Quia
2388 5599 2481 5669 qui
2509 5605 2659 5655 tanto
2703 5607 2941 5670 tempore
2966 5640 2981 5665 ,
3034 5600 3139 5655 hoc
3188 5608 3271 5656 est
3308 5609 3520 5655 centum
3570 5597 3717 5653 annis

2154 5688 2341 5743 nolunt
2376 5703 2533 5757 agere
2578 5688 2972 5757 pmnitentiam.
3000 5704 3337 5759 nequaquam
3368 5696 3614 5759 expectat
3654 5694 3716 5742 ut
