4020 6170
384 313 519 370 1357

1513 306 1968 377 QUAESTIONES
2000 308 2069 362 IN
2110 305 2475 363 DANIELEM.
2506 380 2509 382 _

3486 313 3507 363 ‘l
3520 311 3620 365 358

382 442 454 479 xx
497 424 587 479 alii
629 423 1016 493 compleantur.
1059 421 1164 478 Sed
1214 419 1377 476 infert
1417 428 1544 476 ante
1586 421 1731 489 quod
1763 427 1948 490 postea
1979 429 2025 485 Α
2053 419 2298 474 madibus
2334 425 2568 488 separat,
2593 417 2821 485 denique
2844 424 2900 472 et
2936 415 3103 471 Judaei
3140 417 3195 470 in
3219 417 3508 489 Evangelia
3555 439 3618 477 ex

382 514 557 570 fuerat
586 514 961 569 comminatus.

452 603 539 658 62.
583 602 722 671 Quid
765 610 851 658 est
876 601 1019 671 quod
1065 599 1195 654 dicit
1241 598 1503 663 Danihel,
1558 597 1860 653 Maledictio
1904 605 1952 651 et

380 694 649 747 detestatio
690 694 822 746 venit
846 708 1002 761 super
1051 706 1171 753 nos,
1209 706 1327 759 quw
1371 689 1564 759 scripta
1612 698 1688 743 est
1723 690 1778 741 in
1821 686 1952 740 libro

384 783 542 838 Moisi
570 786 701 838 serui
728 783 823 838 Dei
852 782 1012 854 (Dan.
1039 798 1115 846 ix,
1141 781 1268 850 ll)?
1299 781 1362 835 in
1389 796 1496 848 quo
1520 780 1659 834 libro
1688 779 1883 833 Moisi?

452 874 513 927 ln
548 872 962 928 Deutcronomio
1002 870 1408 926 maledictiones
1459 877 1513 924 et
1557 868 1956 923 benedictiones

381 965 475 1019 Dei
518 964 744 1032 legimus
768 1004 783 1026 ,
837 978 956 1032 qum
1004 971 1188 1031 postea
1235 960 1456 1016 dictavit
1493 960 1547 1013 in
1584 968 1763 1013 monte
1804 959 1957 1013 Cari-

384 1056 491 1109 zim
543 1063 599 1109 et
644 1053 810 1108 Hebal
858 1068 1020 1122 super
1060 1050 1240 1120 justos
1286 1060 1342 1107 et
1388 1059 1698 1121 peccatores
1754 1049 1951 1107 (Deut.

383 1159 533 1197 xxv"
553 1182 569 1209 ,
612 1142 720 1212 14).

454 1206 707 1300 65.7Quid
742 1240 828 1288 est
875 1232 1018 1301 quod
1048 1233 1103 1286 in
1141 1231 1354 1286 Psalmo
1402 1206 1629 1298 legimus
1657 1245 1668 1280 :
1714 1226 1953 1281 Surrexit

383 1333 631 1393 tanquam
658 1321 918 1376 dormiens
944 1320 1220 1385 Dominus,
1258 1330 1506 1389 tanquam
1531 1327 1711 1389 potens
1747 1327 1794 1370 et
1839 1332 1958 1370 cra-

382 1409 595 1482 pulatus
624 1426 657 1462 a
682 1410 795 1462 vino
819 1406 989 1478 (Psal.
1017 1423 1200 1462 Lxxvu
1219 1447 1233 1473 ,
1275 1406 1400 1478 65)?

455 1500 654 1557 Malitia
679 1508 864 1555 nostra
895 1498 1130 1554 inebriat
1150 1498 1338 1562 Deum,
1367 1512 1507 1566 quae,
1536 1496 1749 1567 quando
1779 1495 1835 1548 in
1864 1509 1960 1549 no-

384 1592 471 1649 bis
506 1592 814 1662 corripitur,
847 1591 1102 1660 evigilare
1145 1590 1358 1654 dicitur,
1391 1597 1445 1644 et
1481 1589 1546 1643 de
1572 1603 1668 1642 sua
1697 1587 1959 1643 ebrietate

387 1698 732 1755 consurgere,
773 1691 835 1737 ut
886 1698 986 1739 nos
1035 1690 1257 1754 peccato
1295 1680 1476 1737 ebrios
1500 1679 1755 1749 cvigilare
1796 1678 1961 1732 faciat

2053 509 2157 563 hac
2197 507 2506 576 opinatione
2542 504 2835 573 loquuntur
2883 506 2952 559 ad
3004 505 3329 560 Dominum:
3360 523 3415 560 xi
3461 520 3507 562 et
3534 526 3625 564 sex

2013 599 2205 652 'annis
2237 598 2552 665 ludiﬁcatum
2599 604 2673 649 est
2722 594 3002 665 templum,
3050 604 3099 649 et
3133 606 3187 650 tu
3233 597 3399 650 tribus
3442 598 3622 653 diebus

2052 688 2324 742 suscitabis
2355 686 2486 741 illud
2522 687 2704 758 (Joan.
2728 703 2787 750 ιι,
2812 685 2924 756 20).
2957 686 3060 740 Tot
3101 687 3245 742 enim
3281 697 3405 743 sunt
3434 691 3558 744 anni
3592 706 3624 745 a

2052 776 2227 844 primo
2251 791 2391 830 anno
2420 776 2546 846 Cyri
2576 776 2736 844 regis,
2768 776 2857 843 qui
2886 776 3188 830 libertatem
3218 778 3363 833 dedit
3398 780 3625 835 volcnti-
3690 806 3699 821 ε

2055 868 2156 922 bus
2180 867 2378 923 Judmis
2404 870 2602 923 reverti
2642 870 2693 922 in
2724 868 2973 939 patriam,
3009 884 3179 938 usque
3200 876 3267 924 ad
3294 880 3505 925 sextum
3534 888 3628 927 an-

2056 973 2186 1011 num
2229 958 2372 1013 Darii
2428 961 2590 1028 regis,
2624 962 2723 1013 sub
2766 974 2873 1029 quo
2919 959 3099 1029 templi
3127 975 3262 1030 opus
3292 977 3451 1016 omne
3479 978 3629 1017 com-

2056 1046 2258 1127 pletum
2292 1056 2392 1101 est.
2442 1048 2610 1103 Porro
2638 1048 2902 1119 Iosephus
2931 1059 2986 1104 et
3029 1050 3162 1105 alios
3195 1060 3306 1106 tres
3330 1068 3499 1107 annos
3539 1055 3632 1108 ad—

2058 1132 2210 1195 didit,
2237 1135 2292 1188 in
2313 1137 2507 1203 quibus
2535 1138 2805 1206 pcribulos
2833 1140 3012 1209 templi
3039 1148 3094 1193 et
3111 1142 3351 1209 quaedam
3379 1143 3482 1196 alia
3511 1159 3632 1212 quae

2058 1235 2451 1290 remanserant,
2468 1225 2706 1296 perfecta
2731 1237 2875 1292 sunt,
2904 1230 2995 1299 qui
3024 1231 3190 1285 additi
3216 1247 3339 1286 XLVI
3367 1233 3523 1287 annis
3552 1233 3634 1287 fa-

2059 1312 2208 1367 ciunt
2241 1330 2410 1370 annos
2449 1331 2593 1381 xux,
2616 1315 2669 1370 id
2693 1325 2776 1371 est
2799 1326 3002 1388 septem
3032 1336 3294 1376 annorum
3338 1323 3633 1378 hebdoma-

2059 1403 2156 1457 das
2176 1421 2187 1456 :
2206 1404 2438 1473 reliquas
2457 1413 2638 1461 autem
2661 1423 2730 1460 ιχ
2754 1409 2889 1464 duas
2915 1410 3277 1467 hebdomadas
3302 1415 3369 1469 ab
3394 1413 3635 1483 ejusdem

2059 1492 2207 1547 Darii
2227 1495 2455 1564 septimo
2485 1511 2628 1553 anno
2673 1508 3022 1567 enumerant;
3057 1516 3164 1569 quo
3213 1510 3454 1573 tempore
3480 1503 3637 1560 Jesus

2059 1582 2201 1638 ﬁlius
2225 1582 2451 1640 Josedec
2495 1593 2549 1640 et
2577 1587 2875 1659 Zombabel
2912 1587 3027 1657 jam
3078 1590 3297 1659 majoris
3332 1593 3507 1648 aetatis
3543 1608 3639 1664 por

2059 1674 2187 1745 pulo
2211 1686 2500 1745 praeerant,
2542 1680 2643 1733 sub
2670 1681 2868 1749 quibus
2912 1683 3371 1751 prophetaverunt
3411 1685 3639 1755 Aggzeus

385 1774 623 1847 iustitiae.
654 1774 877 1842 Quando
916 1783 1136 1845 propter
1157 1781 1379 1845 peccata
1404 1771 1746 1840 corripimur,
1773 1769 1960 1839 vigilat
1988 1768 2034 1827 B
2062 1771 2117 1819 et
2147 1765 2457 1823 Zacharias.
2484 1768 2614 1824 Post
2637 1785 2771 1839 quos
2796 1771 2996 1826 Esdras
3041 1782 3097 1827 et
3122 1774 3410 1830 Neheinias
3439 1776 3507 1830 de
3540 1776 3641 1831 Ba-

387 1879 551 1933 super
574 1880 673 1919 nos
703 1865 862 1930 Deus,
893 1872 948 1918 et
994 1863 1177 1919 visitat
1223 1878 1342 1918 nos.
1386 1860 1615 1929 Quando
1640 1875 1767 1915 vero
1792 1874 1825 1912 a
1854 1858 1963 1913 Deo

389 1953 709 2019 deserimur,
758 1963 813 2009 et
849 1970 957 2011 non
1002 1953 1327 2022 judicamur,
1361 1952 1567 2021 indigni
1612 1964 1798 2006 sumus
1845 1962 1965 2003 cor-

391 2047 634 2115 reptione
657 2047 887 2111 Domini,
918 2055 1045 2102 tunc
1077 2046 1276 2102 dicitur
1308 2043 1563 2101 dormire.

461 2135 549 2189 64.
582 2136 721 2203 Quid
744 2144 828 2190 est
850 2136 993 2205 quod
1021 2135 1151 2191 dicit
1170 2134 1390 2204 angelus
1418 2130 1662 2187 Daniheli
1695 2147 1708 2182 :
1738 2127 1780 2181 Τ
1782 2145 1815 2181 u
1845 2144 1965 2198 ergo

391 2224 744 2279 animadverte
767 2241 1076 2290 sermonem,
1099 2235 1147 2280 et
1177 2223 1405 2293 intellige
1431 2222 1698 2276 uisionem.
1746 2222 1968 2285 Septua-

391 2318 539 2388 ginta
597 2316 943 2371 hebdomades
996 2317 1304 2371 abbreviatte
1352 2323 1474 2369 sunt
1520 2331 1676 2384 super
1721 2311 1968 2383 populum

392 2416 561 2473 tuum,
590 2414 638 2461 et
672 2422 829 2475 super
865 2406 1046 2460 urbem
1083 2414 1317 2460 sanctam
1357 2414 1523 2469 tuam,
1550 2405 1778 2473 sciesque
1806 2411 1854 2459 et
1890 2402 1971 2457 in-

393 2496 592 2568 telliges
618 2496 682 2551 ab
726 2497 869 2551 exitu
891 2498 1172 2561 sermonis,
1204 2505 1262 2550 ut
1301 2495 1673 2565 respondeatur
1704 2501 1753 2548 et
1803 2491 1971 2559 aediﬁ-

394 2596 540 2642 cetur
575 2584 905 2641 Hierusalem
940 2602 1102 2657 usque
1135 2585 1204 2639 ad
1225 2585 1489 2640 Christum
1528 2583 1745 2647 ducem;
1776 2581 1969 2635 hebdo—

395 2676 575 2730 mades
610 2686 831 2747 septem,
860 2686 908 2732 et
961 2675 1306 2732 hebdomades
1332 2675 1603 2745 sexaginta
1652 2674 1773 2729 duae
1806 2670 1967 2743 (Dan.

396 2782 475 2834 1x,
502 2766 574 2821 25
597 2775 647 2820 et
674 2766 846 2839 seq.)?

467 2858 596 2914 Haec
621 2866 676 2915 et
724 2874 833 2913 non
876 2858 1079 2914 frustra
1130 2865 1186 2914 et
1233 2858 1437 2927 absque
1489 2855 1839 2925 mspiratione
1877 2852 1972 2908 Dei

397 2950 647 3021 angelum
690 2950 1034 3020 respondisse
1073 2947 1420 3007 manifestum
1461 2954 1547 3002 est
1578 2962 1592 2999 :
1623 2960 1745 3015 quae
1794 2944 1974 2999 obser-

400 3040 542 3096 vatio
578 3049 790 3097 cautam
822 3049 982 3110 atque
1009 3040 1294 3096 sollicitam
1343 3039 1555 3097 videtur
1581 3044 1836 3105 expetere
1886 3050 1973 3090 ra-

2064 1855 2258 1925 bylone
2283 1859 2578 1924 venientes,
2609 1877 2794 1917 muros
2822 1863 2971 1919 urbis
2992 1871 3395 1930 exstruxerunt,
3426 1874 3644 1920 tenente

2065 1948 2437 2016 pontiﬁcatum
2483 1947 2725 2008 Joachim
2780 1954 2891 2009 ﬁlio
2935 1954 3062 2009 Jesu
3105 1965 3460 2027 cognomento
3493 1954 3645 2011 Jac-

2067 2037 2200 2103 dec;
2239 2048 2363 2109 post
2391 2055 2553 2109 quem
2593 2044 2855 2098 successit
2885 2044 2939 2098 in
2972 2045 3277 2099 sacerdotio
3300 2045 3417 2099 Elia
3439 2047 3557 2110 sub,
3581 2060 3646 2099 ac

2068 2130 2261 2188 deinde
2285 2132 2492 2199 Joiade,
2521 2144 2575 2189 et
2594 2144 2781 2204 postea
2810 2135 3101 2201 Johanncs,
3123 2146 3244 2207 post
3263 2153 3424 2207 quem
3446 2137 3641 2203 Jadus;

2069 2222 2225 2294 cujus
2278 2232 2437 2279 aetate
2490 2226 2799 2281 Alexander
2850 2245 2946 2282 rex
2997 2229 3347 2289 Macedonum
3409 2230 3649 2284 condidit

2068 2313 2469 2383 Alexandriam,
2510 2326 2570 2372 ut
2612 2318 2880 2387 Josephus
2928 2312 3183 2389 loquitur,
3216 2320 3470 2390 venitque
3520 2320 3647 2375 llic-

2071 2406 2416 2476 rosolymam,
2450 2416 2505 2462 et
2536 2409 2591 2463 in
2620 2410 2818 2479 templo
2857 2411 3107 2465 victimas
3154 2410 3469 2465 immolavit.
3502 2409 3645 2465 Mor-

2070 2500 2163 2548 tuo
2188 2503 2369 2551 autem
2391 2496 2717 2564 Alexandro,
2736 2501 3028 2555 centesima
3052 2502 3211 2556 tertia
3235 2502 3441 2556 decima
3468 2502 3651 2572 Olym-

2069 2584 2245 2652 piade,
2262 2601 2404 2641 anno
2426 2588 2793 2644 ducentesimo
2815 2591 3089 2659 trigesimo
3110 2599 3264 2646 sexto
3285 2591 3432 2662 regni
3458 2591 3650 2646 Persa-

2071 2666 2211 2741 rum,
2228 2678 2372 2746 quod
2396 2687 2637 2748 cmperat
2649 2681 2825 2749 primo
2844 2696 2986 2735 anno
2999 2680 3358 2752 Olympiadis;
3388 2698 3494 2753 quo
3517 2690 3651 2737 tem-

2069 2780 2202 2835 pore
2242 2766 2415 2837 Cyrus
2444 2783 2543 2823 rex
2583 2768 2875 2824 Persarum
2904 2769 3230 2840 Babylonios
3269 2770 3652 2840 Chaldaeosque

2072 2857 2364 2925 superavit,
2395 2866 2451 2913 et
2474 2866 2598 2929 post
2624 2867 2854 2913 mortem
2878 2858 3044 2914 Jadus
3082 2860 3396 2925 sacerdotis,
3430 2862 3519 2930 qui
3554 2862 3653 2916 sub

2071 2946 2379 3009 Alexandro
2442 2950 2641 3021 templo
2689 2950 2941 3020 praefuit,
3004 2953 3238 3022 suscepit
3285 2953 3654 3023 pontiﬁcatum

2075 3037 2258 3104 Onias,
2298 3054 2404 3109 quo
2436 3048 2679 3111 tempore
2706 3042 2980 3106 Seleucus,
3008 3042 3313 3113 -subjugata
3362 3044 3649 3115 Babylone,

402 3131 621 3198 tionem,
668 3140 728 3187 ut
767 3103 938 3188 lector
973 3131 1259 3202 diligenter
1284 3131 1546 3198 attendat,
1574 3137 1633 3184 et
1655 3103 1847 3183 causas
1891 3127 1971 3182 di-
1992 3103 2043 3167 θ
2074 3103 2331 3183 diadema
2358 3129 2519 3185 totius
2541 3103 2684 3184 Asiae
2710 3130 2872 3199 capiti
2899 3103 2995 3184 suo
3022 3103 3294 3198 imposuit.

403 3221 621 3278 visionis
648 3222 904 3291 inquirat,
933 3223 990 3277 in
1028 3235 1093 3277 eo
1120 3220 1265 3291 quod
1308 3220 1530 3289 angelus
1567 3219 1645 3273 ait
1682 3234 1695 3271 :
1726 3216 1803 3271 Ab
1830 3216 1973 3270 exitu

399 3312 652 3369 sermonis
690 3320 747 3365 ut
798 3315 1173 3381 respondeatur
1213 3319 1262 3366 et
1314 3309 1603 3379 aediﬁcetur
1641 3304 1973 3362 Hierusalem

403 3421 564 3477 usque
592 3404 660 3459 ad
685 3403 950 3460 Christum
973 3405 1159 3460 ducem
1191 3404 1354 3475 (Ibid.
1382 3404 1497 3474 25).

473 3494 591 3554 Non
632 3497 765 3553 alios
798 3499 1129 3554 arbitramur
1171 3512 1333 3566 quam
1379 3495 1670 3566 principes,
1717 3491 1810 3560 qui
1854 3498 1979 3560 post

405 3589 545 3644 hanc
580 3588 917 3658 prophetiam
946 3595 1001 3641 et
1039 3585 1403 3640 reversionem
1440 3583 1507 3637 de
1535 3580 1806 3649 Babylone
1826 3619 1841 3644 ,
1884 3576 1978 3632 Ju-

406 3676 560 3731 daico
581 3664 777 3745 populo
823 3674 1172 3745 praefuerunt.
1222 3673 1336 3728 Hoc
1382 3680 1465 3725 est
1508 3668 1808 3739 pontiﬁces,
1843 3683 1980 3738 quos

406 3764 726 3820 christosab
762 3777 828 3818 eo
865 3763 1009 3832 quod
1059 3768 1250 3816 unctos
1296 3759 1574 3829 Scriptura
1616 3757 1975 3825 cognominat,

408 3870 635 3926 quorum
664 3856 915 3925 princeps
955 3853 1055 3908 fuit
1080 3851 1236 3908 Iesus
1274 3852 1415 3907 ﬁlius
1453 3850 1679 3906 Josedec
1728 3848 1982 3905 sacerdos

411 3959 657 4015 magnus,
698 3952 756 4000 et
792 3944 884 4014 qui
921 3941 1135 3998 fuerunt
1156 3956 1326 4013 usque
1345 3942 1415 3997 ad
1453 3940 1741 3996 adventum
1768 3938 1983 3993 Domini

412 4034 708 4093 Salvatoris
730 4074 746 4100 ,
792 4034 999 4103 hosque
1039 4033 1306 4105 signiﬁcat
1347 4030 1662 4087 vaticinium
1709 4029 1985 4099 prophetae

412 4126 599 4183 dicens
623 4142 636 4179 :
665 4123 742 4179 Ab
769 4125 910 4179 exitu
938 4123 1188 4179 sermonis
1235 4130 1290 4177 ut
1320 4120 1692 4192 respondeatur
1726 4129 1774 4174 et
1817 4119 1987 4187 wdiﬁ-

414 4226 558 4272 cetur
596 4213 928 4270 Hierusalem
955 4230 1116 4285 usque
1146 4212 1214 4268 ad
1257 4211 1520 4267 Christum
1550 4211 1764 4275 ducem,
1797 4209 1989 4264 hebdo-

415 4305 593 4361 mades
620 4317 695 4361 vn
745 4313 793 4359 ct
843 4302 1186 4359 hebdomades
1215 4318 1285 4357 1.x
1314 4311 1363 4356 et
1409 4301 1567 4367 diue;
1601 4299 1654 4354 id
1682 4307 1768 4355 est
1811 4307 1870 4355 ut
1912 4313 1986 4353 vn

416 4401 779 4457 hebdomades
841 4407 897 4455 et
959 4408 1149 4470 postea
1215 4415 1327 4454 an
1383 4414 1502 4469 quae
1558 4396 1761 4453 faciunt
1819 4411 1988 4451 annos

2142 3217 2301 3274 Anno
2320 3218 2642 3275 duodecimo
2658 3219 2849 3273 mortis
2869 3217 3180 3283 Alexandri,
3208 3220 3261 3273 in
3282 3220 3425 3289 quod
3445 3228 3657 3289 tempus

2075 3315 2434 3377 supputantur
2447 3323 2637 3381 omnes
2652 3306 2776 3361 anni
2792 3322 2823 3360 a
2836 3306 2961 3376 Cyri
2978 3308 3220 3377 imperio,
3230 3324 3290 3363 cc
3305 3309 3656 3379 quadraginta

2076 3405 2220 3461 octo,
2252 3411 2317 3450 ex
2343 3412 2447 3465 qua
2478 3404 2636 3453 aetate
2666 3396 2944 3467 Scriptura
2973 3396 3403 3452 Machabaaorum
3432 3415 3657 3470 regnum

2078 3484 2388 3539 Graecorum
2408 3472 2705 3541 enumerat.
2725 3484 2852 3540 Post
2872 3485 3062 3541 Oniam
3082 3486 3296 3556 praefuit
3313 3486 3513 3544 Judmis
3530 3504 3661 3558 pon-

2079 3576 2209 3630 tifex
2237 3575 2544 3642 Eleazarus,
2563 3592 2670 3645 quo
2688 3586 2927 3645 tempore
2950 3594 3055 3632 Lxx
3074 3580 3394 3647 interpretes
3417 3580 3660 3648 Scriptu-

2081 3683 2169 3722 ras
2197 3675 2413 3723 sanctas
2439 3667 2777 3724 Alexandriae
2823 3671 2876 3724 in
2917 3670 3163 3726 Graecum
3208 3671 3392 3726 dicunt
3433 3674 3662 3728 vertisse

2081 3772 2403 3813 sermonem.
2431 3758 2558 3815 Post
2588 3775 2749 3830 quem
2780 3759 2917 3814 alter
2943 3759 3128 3827 Onias,
3166 3763 3252 3817 cui
3283 3763 3543 3819 successit
3575 3763 3661 3817 Si-

2082 3862 2237 3912 mon;
2254 3861 2362 3917 quo
2377 3856 2597 3919 regente
2610 3848 2884 3919 populum,
2904 3846 3060 3904 Jesus
3076 3850 3215 3906 ﬁlius
3236 3850 3426 3906 Sirach
3444 3853 3587 3922 scrip
3599 3854 3661 3908 sit

2048 3950 2051 3955 '
2082 3938 2278 3995 librum
2303 3940 2393 4009 qui
2417 3939 2604 3996 Graece
2633 3940 2901 3995 Panaretli
2926 3941 3242 4011 appellatur.
3273 3941 3371 3998 Cui
3400 3945 3662 4000 successit

2085 4028 2139 4083 in
2170 4030 2545 4099 pontiﬁcatum
2568 4030 2705 4087 alius
2734 4029 2927 4097 Onias;
2966 4047 3073 4101 quo
3099 4041 3339 4102 tempore
3365 4033 3665 4092 Antiochus

2084 4120 2299 4179 Iudaeos
2321 4124 2425 4181 diis
2450 4125 2689 4195 gentium
2717 4123 2993 4180 immolare
3015 4127 3258 4195 cogebat.
3286 4124 3403 4191 Quo
3426 4135 3660 4194 mortuo,

2085 4213 2252 4270 Judas
2300 4213 2639 4270 Machabseus
2676 4217 2927 4284 purgavit
2968 4215 3243 4283 templum,
3297 4224 3352 4269 et
3399 4216 3666 4271 idolorum

2089 4302 2379 4359 simulacra
2399 4304 2671 4358 contrivit.
2700 4304 2797 4358 Cui
2835 4305 3095 4359 successit
3120 4303 3287 4359 frater
3306 4303 3584 4371 Jonathas,
3612 4316 3666 4362 et

2091 4399 2212 4461 post
2242 4408 2364 4447 eum
2400 4394 2541 4447 rexit
2565 4394 2822 4463 populum
2851 4395 3035 4450 Simon
3077 4395 3243 4451 tratcr
3265 4396 3566 4466 utriusque.
3608 4398 3669 4454 ln

417 4503 754 4549 ccccaxxxm
793 4507 825 4547 a
872 4491 1012 4562 Cyro
1062 4499 1416 4547 numerentur
1448 4507 1461 4544 :
1490 4505 1555 4546 ac
1609 4505 1676 4545 ne
1710 4489 1990 4544 videamur
2018 4480 2067 4501 ν
2093 4480 2246 4551 cujus
2270 4489 2444 4538 morte
2470 4498 2714 4539 ccuxvu
2745 4484 2891 4554 regni
2918 4485 3089 4554 Syria:
3114 4486 3365 4555 impletus
3390 4497 3444 4541 et
3472 4502 3664 4554 annus,

422 4598 704 4654 procacem
729 4592 939 4639 tantum
965 4582 1109 4639 ferre
1150 4583 1495 4647 sententiam,
1523 4590 1578 4636 et
1607 4598 1713 4637 non
1759 4581 1990 4650 probare
2091 4581 2147 4627 et
2176 4589 2347 4644 usque
2373 4572 2441 4629 ad
2466 4575 2570 4630 hoc
2595 4583 2824 4647 tempus,
2857 4576 3283 4633 Machabaeorum
3304 4578 3512 4650 primus
3532 4579 3672 4635 liber

420 4672 566 4740 quod
588 4672 835 4738 dicimus,
860 4687 1206 4728 numeremus
1241 4687 1337 4727 eos
1359 4673 1449 4741 qui
1474 4680 1597 4739 post
1619 4668 1800 4725 Iesum
1825 4669 1993 4724 ﬁlium
2092 4663 2373 4719 historiam
2417 4664 2678 4730 continet,
2735 4673 3199 4735 supputanturque
3236 4683 3268 4721 a
3308 4669 3483 4738 primo
3528 4684 3669 4724 anno

423 4757 647 4813 Josedec
674 4773 843 4827 usque
880 4760 949 4814 ad
988 4760 1273 4815 adventum
1311 4759 1604 4815 Salvatoris
1631 4759 1826 4829 populo
1850 4775 1992 4829 pne—

428 4847 627 4902 fuerint
651 4846 867 4911 Christi,
906 4849 959 4904 id
989 4857 1074 4907 est
1115 4850 1262 4905 uncti
1301 4850 1356 4905 in
1398 4850 1733 4918 pontiﬁcatu.
1783 4848 1996 4906 Primus

429 4938 611 5006 igitur,
640 4946 703 4994 ut
734 4948 858 4996 ante
871 4940 986 5009 jam
1013 4941 1267 5006 diximus,
1296 4950 1417 5010 post
1461 4941 1734 4995 Danihelis
1763 4944 1996 5011 prophe-

432 5029 561 5083 tiam
576 5043 694 5098 qua:
709 5027 848 5083 facta
873 5037 956 5085 est
984 5031 1084 5086 sub
1103 5028 1245 5100 Cyro
1271 5045 1418 5100 rege,
1434 5037 1718 5099 postquam
1737 5031 1803 5085 de
1831 5031 1999 5102 Baby-

431 5117 553 5173 lone
578 5132 825 5173 reversus
849 5126 932 5173 est
954 5119 1200 5189 populus,
1245 5118 1402 5175 Jcsus
1445 5120 1586 5175 ﬁlius
1636 5120 1861 5178 Josedec
1898 5121 2001 5177 fuit

432 5208 685 5265 sacerdos
714 5223 941 5279 magnus
978 5217 1033 5264 et
1073 5209 1370 5265 Zorobabel
1423 5209 1563 5267 ﬁlius
1594 5210 1868 5278 Salathiel,
1908 5213 2002 5283 qui

435 5298 614 5368 templi
648 5297 990 5353 fundamenta
1021 5296 1306 5366 iecerunt,
1357 5299 1718 5369 impeditaque
1765 5315 1926 5370 opere
1970 5317 2001 5356 a

436 5386 720 5446 Samaritis
755 5398 812 5444 et
859 5390 978 5444 aliis
1022 5390 1075 5444 in
1128 5389 1355 5445 circuitu
1404 5390 1748 5455 nationibus,
1800 5399 2004 5459 septem

439 5477 893 5535 hebdomadarum
933 5480 1059 5534 anni
1100 5480 1350 5550 completi
1395 5489 1536 5546 sunt,
1571 5481 1624 5536 id
1649 5488 1733 5536 est
1768 5481 2004 5550 quadra-

441 5569 588 5638 ginta
631 5584 824 5625 novem
852 5570 1047 5638 quibus
1097 5568 1467 5640 imperfectum
1506 5586 1642 5639 opus
1662 5570 1842 5639 templi
1885 5569 2003 5635 fuit,

448 5671 501 5718 et
528 5678 662 5732 quas
681 5664 959 5733 prophetia
981 5678 1009 5717 a
1035 5662 1253 5732 reliquis
1278 5664 1556 5732 sexaginta
1579 5663 1787 5718 duobus
1808 5660 2007 5717 hebdo—

2095 4753 2221 4824 Cyri
2250 4756 2392 4825 regis
2434 4754 2722 4811 Persarum
2761 4771 2932 4827 usque
2972 4759 3041 4813 ad
3073 4758 3232 4814 ﬁnem
3257 4761 3418 4829 primi
3452 4760 3670 4816 Macha-

2094 4847 2333 4902 bteorum
2381 4848 2688 4917 voluminis,
2738 4859 2795 4907 et
2843 4857 3073 4907 mortem
3122 4849 3360 4905 Simonis
3403 4850 3673 4920 pontiﬁcis

2098 4935 2221 4991 anni
2253 4951 2505 4992 ccccxxv.
2539 4938 2669 4995 Post
2703 4956 2863 5010 quem
2904 4940 3175 4997 Johannes
3195 4940 3368 4999 tenuit
3390 4939 3671 5009 pontiﬁca-

2098 5030 2212 5077 tum
2242 5025 2398 5080 annis
2430 5042 2578 5082 xxix.
2614 5027 2731 5095 Quo
2753 5038 2985 5095 mortuo,
3031 5029 3369 5085 Aristobolus
3397 5045 3505 5084 uno
3533 5043 3676 5083 anno

2098 5117 2314 5184 prmfuit
2348 5119 2544 5187 populo
2572 5138 2584 5174 :
2618 5120 2710 5190 qui
2753 5121 2960 5190 primus
2999 5136 3247 5177 reversus
3279 5122 3347 5177 de
3381 5121 3675 5193 Babylone,

2102 5209 2344 5267 diadema
2383 5209 2590 5279 insigne
2622 5210 2786 5280 regia:
2808 5210 3090 5279 potestatis
3119 5226 3241 5266 cum
3266 5211 3472 5267 honore
3498 5213 3677 5282 ponti-

2104 5306 2293 5361 ﬁcatus
2341 5302 2656 5372 adsumpsit.
2703 5302 2872 5372 Hujus
2908 5317 3186 5357 successor
3227 5302 3328 5358 fuit
3375 5304 3676 5361 Alexander

2105 5410 2196 5449 rex
2241 5393 2445 5462 pariter
2493 5400 2548 5446 et
2593 5391 2850 5461 pontifex,
2901 5392 2994 5461 qui
3039 5391 3179 5446 rexit
3224 5392 3480 5463 populum
3523 5396 3680 5451 annis

2106 5501 2272 5548 xxvn,
2306 5493 2361 5540 et
2387 5484 2646 5539 hactenus
2680 5499 2711 5537 a
2734 5483 2909 5552 primo
2936 5499 3077 5539 anno
3106 5484 3249 5556 regis
3273 5484 3399 5556 Cyri
3427 5494 3484 5542 et
3510 5488 3682 5557 capti-

2108 5589 2296 5629 vorum
2334 5574 2529 5639 reditu,
2559 5574 2649 5643 qui
2676 5574 2731 5627 in
2754 5571 2991 5629 Iudaeam
3020 5573 3207 5629 venire
3228 5575 3527 5641 voluerunt,
3554 5579 3681 5631 sub-

2109 5672 2367 5733 putantur
2381 5665 2507 5719 anni
2535 5679 2888 5728 succuum,
2915 5678 3049 5733 quos
3074 5680 3144 5719 vn
3168 5673 3221 5719 et
3246 5680 3310 5719 rx
3335 5667 3453 5721 duae
3482 5665 3683 5720 hebdo-
