4020 6170
355 351 478 407 1561

1476 318 1929 424 quaesumus
1965 357 2029 413 IN
2070 359 2436 413 DANIELEM.

3454 364 3589 420 i503

346 465 685 523 conﬁrmavit
725 465 821 520 Dei
863 466 1064 521 cultum
1092 483 1111 521 :
1143 468 1324 522 multis
1369 469 1512 523 haud
1558 469 1796 533 dubium,
1822 470 1914 538 qui
1943 480 1995 535 Α
2088 470 2176 524 67.
2200 469 2338 537 Quid
2357 470 2605 540 estquod
2627 470 2740 524 ait:
2774 473 2923 525 Anno
2951 474 3102 526 tertio
3133 475 3256 543 Cyri
3298 479 3431 547 regis
3462 478 3589 533 Per—

346 558 402 614 in
436 559 691 629 apostolis
727 566 781 611 et
817 559 1156 615 credentibus
1197 559 1411 627 quando
1453 567 1574 629 post
1613 560 1916 629 passionem

345 648 558 703 Domini
588 650 641 702 in
671 647 888 702 dimidia
915 663 1130 702 rursum
1158 648 1491 704 hebdomade
1519 648 1714 703 defecit
1745 649 1919 703 hostia

345 748 401 792 et
427 736 771 792 sacriﬁcium.
799 737 1047 806 Plerique
1067 752 1229 791 unam
1250 738 1637 793 hebdomadem
1659 753 1921 792 annorum

347 829 402 883 in
433 842 535 882 Lxx
562 842 731 882 annos
767 828 1077 893 extendunt,
1112 836 1170 882 ut
1200 829 1276 882 ait
1302 829 1582 892 Eusebius,
1612 836 1668 883 et
1690 844 1788 898 per
1813 829 1923 883 sin-

345 918 498 989 gulos
545 918 891 973 hebdomadis
931 933 1102 973 annos
1152 918 1412 973 decennio
1441 926 1728 989 supputato
1752 927 1805 973 et
1834 934 1924 972 vo-

344 1007 461 1061 lunt
493 1023 524 1061 a
561 1006 810 1077 passione
838 1006 1038 1062 Christi
1077 1023 1246 1078 usque
1285 1009 1352 1064 ad
1376 1009 1602 1064 Neronis
1639 1010 1923 1079 imperium

347 1114 518 1154 annos
564 1113 683 1154 esse
728 1114 870 1153 xxxv
915 1101 1129 1169 quando
1178 1108 1366 1156 contra
1411 1099 1625 1156 Judaeos
1677 1102 1925 1156 Romana

344 1191 577 1261 primum
610 1205 761 1244 arma
789 1199 1059 1247 commota
1090 1200 1234 1256 sunt,
1264 1201 1320 1246 et
1340 1192 1481 1246 hanc
1504 1206 1623 1247 esse
1645 1191 1922 1247 dimidiam

347 1281 730 1337 hebdomadem
749 1296 1011 1337 annorum
1032 1298 1155 1336 Lxx.
1179 1280 1367 1337 Postea
1390 1297 1520 1337 vero
1539 1296 1570 1335 a
1593 1283 1923 1352 Vespasiano

344 1381 400 1428 et
425 1373 545 1427 Tito
564 1380 620 1427 et
639 1371 893 1442 deinceps
923 1373 1138 1440 quando
1165 1372 1531 1443 Hierosolyma
1562 1373 1926 1443 templumque

345 1479 662 1520 succensum
685 1471 788 1529 est,
816 1478 987 1533 usque
1012 1464 1079 1519 ad
1106 1463 1420 1532 Trajanum,
1449 1464 1583 1518 alios
1599 1455 1729 1519 esse
1755 1479 1926 1519 annos

345 1570 487 1608 xxxv
536 1562 591 1607 et
639 1553 776 1608 hanc
813 1567 934 1609 esse
981 1553 1392 1619 hcbdomadem,
1446 1554 1511 1609 de
1550 1569 1655 1622 qua
1708 1551 1927 1624 angelus

347 1636 584 1714 loquitur
603 1644 869 1699 Daniheli.

415 1734 504 1788 66.
541 1733 681 1801 Quid
721 1743 805 1790 est
847 1737 990 1804 quod
1028 1735 1160 1790 dicit
1212 1750 1227 1789 :
1272 1735 1512 1805 Intellige
1554 1745 1603 1789 et
1648 1735 1847 1804 conjice
1892 1753 1928 1790 α

346 1830 737 1900 prophetatione
758 1831 1012 1884 sermonis
1043 1831 1348 1899 respondere
1370 1845 1450 1883 me
1475 1828 1608 1882 tibi?

418 1920 532 1975 Hoc
568 1926 624 1974 et
651 1934 683 1973 a
716 1919 891 1989 primo
922 1935 1065 1975 anno
1102 1920 1249 1974 Darii
1296 1919 1551 1974 debemus
1589 1925 1921 1988 computare,

344 2010 561 2081 quando
587 2011 726 2064 hanc
748 2009 881 2063 vidit
917 2009 1179 2065 visionem
1210 2008 1454 2063 Danihel.
1486 2007 1776 2061 Videamus
1801 2005 1927 2059 anni

345 2099 617 2170 quomodo
665 2098 990 2169 impleantur
1035 2113 1206 2168 usque
1255 2097 1325 2151 ad
1371 2095 1656 2150 adventum
1702 2093 1924 2148 Christi.

280 2194 283 2197 ’
347 2193 539 2248 Darius
566 2192 811 2262 regnavit
835 2191 993 2247 annis
1019 2208 1133 2256 xix,
1160 2192 1490 2245 Artaxerxes
1514 2206 1602 2254 χι,
1635 2188 1815 2244 Ochus
1835 2188 1927 2256 qui

345 2292 402 2339 et
428 2282 602 2353 Cyrus
638 2282 793 2336 annis
839 2296 947 2346 xlv,
996 2280 1174 2352 Argus
1202 2295 1345 2334 anno
1387 2296 1425 2344 ι,
1455 2279 1593 2333 alius
1618 2278 1811 2332 Darius
1835 2277 1927 2345 qui

346 2383 402 2431 et
421 2374 583 2428 Melas
616 2373 773 2427 annis
807 2388 896 2435 xx,
933 2370 1240 2426 Alexander
1288 2370 1505 2425 Macedo
1531 2369 1689 2424 annis
1713 2385 1764 2422 x.
1800 2368 1928 2423 Post

346 2480 471 2519 eum
510 2463 753 2533 regnavit
778 2463 833 2516 in
856 2461 1185 2516 Alexandria
1229 2460 1387 2516 Soter
1434 2460 1592 2514 annis
1635 2474 1797 2522 xxxv,
1839 2459 1925 2514 cui

347 2553 607 2608 successit
646 2551 1024 2621 Philadelphus
1052 2564 1283 2621 regnans
1327 2549 1484 2604 annis
1525 2563 1753 2602 xxxvm.
1798 2546 1929 2602 Post

348 2645 490 2699 hunc
517 2643 777 2713 Eulptech
803 2642 960 2696 annis
997 2657 1123 2695 xxv.
1168 2639 1371 2695 Deinde
1417 2637 1728 2708 Philopater
1770 2637 1926 2691 annis

347 2751 481 2789 xvn.
526 2734 656 2789 Post
699 2733 843 2787 hunc
876 2722 1181 2802 Epiphanes
1227 2730 1384 2785 annis
1429 2744 1575 2783 xxiv.
1615 2728 1746 2782 Item
1791 2726 1928 2782 alius

348 2825 605 2894 Eupsetet
636 2821 791 2876 annis
811 2837 980 2884 xxvu,
1010 2819 1168 2875 Soter
1191 2819 1347 2873 annis
1374 2833 1602 2882 xxxvm,
1621 2816 1928 2871 Ptolomeus

349 2913 505 2968 annis
534 2928 740 2966 xxxvn.
781 2910 1064 2981 Cleopatra
1091 2910 1248 2964 annis
1274 2925 1366 2974 xx,
1392 2909 1666 2963 mensibus
1689 2924 1742 2961 v.
1771 2907 1921 2972 Item,

350 3004 631 3074 Cleopatra
681 3001 921 3072 regnavit
968 3016 1091 3056 cum
1143 2999 1382 3070 Augusto
1438 2998 1594 3053 annis
1636 3014 1755 3052 xm.
1798 2997 1928 3051 Post

350 3096 683 3166 Cleopatram
711 3094 983 3163 Augustus
1028 3092 1150 3147 aliis
1190 3091 1347 3145 annis
1382 3106 1534 3154 xun,
1565 3105 1688 3143 nam
1734 3103 1925 3144 omnes

1959 1817 2006 1877 B

2020 583 2226 631 sarum,
2265 567 2471 621 verbum
2523 564 2801 620 revelatum
2849 574 2924 620 est
2973 565 3213 618 Daniheli
3257 577 3591 635 cognomento

2022 656 2268 710 Baltasar
2294 656 2451 728 (Dan.
2477 673 2528 721 x,
2566 655 2639 727 1),
2664 672 2787 711 cum
2830 657 2885 711 in
2918 656 3023 710 ﬁne
3061 657 3248 725 prima:
3272 657 3492 713 visionis
3516 660 3589 714 le-

2022 761 2208 815 gamus
2234 764 2247 799 :
2269 745 2396 800 Fuit
2419 740 2595 801 autem
2616 747 2841 802 Danihel
2866 765 3024 818 usque
3051 749 3118 801 ad
3148 765 3342 801 annum
3365 751 3589 818 primum

2024 836 2146 908 Cyri
2176 840 2308 909 regis
2335 824 2499 910 (Dan.
2524 840 2687 912 1,21),
2711 856 2879 911 usque
2909 841 2976 896 ad
2997 841 3228 912 primum
3257 842 3372 911 ejus
3393 859 3592 900 annum

2024 927 2158 984 fuit?
2226 940 2235 945 ‘

2093 1039 2279 1097 Fuisse
2314 1056 2444 1111 ergo
2471 1056 2592 1098 eum
2643 1045 2785 1113 apud
2831 1044 3110 1100 Chaldaeos
3153 1047 3378 1115 pristina
3421 1047 3595 1117 digni-

2025 1138 2151 1195 tate,
2181 1148 2437 1201 purpura,
2472 1134 2740 1205 byssoque
2776 1135 3027 1190 vestitum
3060 1152 3227 1205 usque
3253 1139 3320 1192 ad
3362 1140 3595 1207 primum

2025 1238 2225 1276 annum
2276 1222 2401 1293 Cyri
2447 1225 2591 1294 regis
2630 1224 3010 1295 intelligimus,
3061 1227 3276 1295 quando
3338 1228 3597 1283 subvertit

2025 1310 2319 1375 Chaldaeos,
2345 1321 2400 1368 et
2426 1321 2610 1383 postea
2654 1314 2819 1383 coepit
2845 1330 2964 1369 esse
3005 1331 3128 1369 cum
3156 1316 3316 1371 Dario
3360 1318 3469 1372 ﬁlio
3493 1317 3595 1373 As—

2026 1400 2170 1454 sueri
2214 1401 2282 1455 de
2321 1402 2524 1457 semine
2585 1400 2895 1468 Medorum,
2955 1404 3045 1472 qui
3102 1404 3383 1474 imperavit
3436 1421 3599 1475 super

2028 1501 2250 1557 regnum
2285 1488 2675 1544 Chaldaeorum.
2712 1491 2818 1544 Aut
2850 1499 2996 1546 certe
3019 1491 3131 1560 jam
3168 1493 3328 1547 Dario
3362 1503 3592 1559 mortuo,

2027 1576 2178 1645 cujus
2205 1594 2346 1632 anno
2371 1579 2547 1648 primo
2572 1580 2907 1650 septuaginta
2933 1581 3388 1636 hebdomadarum
3418 1599 3598 1637 saera-

2027 1674 2205 1718 mcnta
2233 1673 2585 1734 cognoverat,
2625 1682 2767 1722 nunc
2795 1668 2954 1723 tertio
2983 1684 3124 1723 anno
3156 1669 3299 1739 regis
3332 1669 3458 1739 Cyri
3487 1673 3599 1726 haec

2031 1755 2229 1809 vidisse
2253 1763 2517 1809 narratur.

2101 1864 2187 1921 68.
2221 1864 2359 1932 Quid
2389 1873 2472 1919 est
2512 1866 2655 1934 quod
2691 1865 2821 1921 dicit
2866 1884 2877 1919 :
2931 1866 2999 1919 Et
3045 1883 3137 1936 ego
3166 1867 3228 1920 ab
3263 1884 3399 1920 anno
3433 1868 3599 1936 primo

2030 1956 2182 2011 Darii
2226 1956 2366 2011 Medi
2403 1958 2626 2023 stabam,
2666 1967 2719 2010 ut
2749 1957 3132 2027 confortaretur
3174 1966 3220 2011 et
3271 1956 3598 2010 roborareiur

2031 2046 2193 2118 (Dan.
2230 2064 2308 2113 ιι,
2342 2048 2442 2120 i)?~

2102 2157 2343 2223 Stabam,
2372 2158 2563 2227 inquit,
2594 2158 2647 2212 in
2673 2166 2960 2227 conspectu
2987 2158 3101 2221 Dei,
3129 2165 3184 2213 et
3204 2158 3459 2228 rogabam
3485 2158 3605 2227 ejus‘

2029 2247 2389 2311 clementiam,
2419 2261 2518 2317 pro
2546 2262 2611 2301 eo
2638 2247 2730 2316 qui
2765 2262 2850 2301 me
2882 2247 3156 2317 diligebat,
3187 2255 3247 2301 ut
3275 2247 3608 2302 confortare-

2030 2346 2118 2392 tur
2141 2337 2224 2391 vel
2256 2337 2369 2408 ipse
2397 2336 2480 2391 vel
2515 2352 2735 2408 regnum
2766 2335 2898 2405 ejus,
2928 2344 2981 2391 et
3018 2338 3384 2399 roboraretur,
3414 2336 3506 2405 qui
3533 2336 3604 2390 ob

2030 2429 2329 2484 custodiam
2369 2443 2543 2482 meam
2573 2427 2738 2482 etiam
2783 2427 2959 2481 lacum
3000 2426 3215 2480 leonum
3249 2440 3347 2479 suo
3371 2425 3603 2495 signavit

2030 2519 2246 2585 annulo,
2291 2534 2358 2575 ne
2400 2536 2485 2575 me
2524 2521 2818 2576 adversarii
2856 2520 3239 2574 interﬁcerent.
3299 2519 3601 2574 Alexander

2030 2619 2209 2666 autem
2229 2612 2443 2667 condita
2469 2612 2812 2677 Alexandria,
2852 2625 2975 2667 cum
2996 2611 3215 2681 triginta
3239 2619 3296 2665 et
3317 2609 3451 2665 duos
3471 2618 3601 2664 tnta-

2032 2701 2100 2756 tis
2119 2702 2340 2756 haberet
2375 2716 2562 2765 annos,
2603 2709 2657 2755 et
2687 2700 3059 2755 duodecimum
3080 2714 3280 2753 annum
3306 2699 3515 2769 imperii
3545 2698 3601 2753 in

2030 2792 2319 2862 Babylone,
2344 2807 2549 2847 veneno
2574 2791 2755 2862 periit.

2097 2905 2187 2960 69.
2231 2904 2370 2971 Quid
2413 2912 2496 2959 est
2542 2901 2685 2973 quod
2729 2903 2944 2968 dicunt,
2978 2911 3032 2956 et
3074 2911 3196 2973 post
3245 2917 3413 2957 annos
3461 2901 3603 2955 illius

2029 2997 2462 3062 commiscentur,
2501 2994 2548 3047 [θ’
2551 2994 2742 3065 iliaque
2776 2996 2910 3065 regis
2942 2996 3120 3049 Austri
3145 2997 3305 3050 veniet
3338 2996 3406 3049 ad
3438 3011 3603 3064 regem

2029 3087 2299 3159 Aquilonis
2345 3088 2516 3156 facere
2554 3088 2871 3149 amicitiam,
2913 3095 2960 3139 et
2991 3103 3094 3139 non
3128 3087 3370 3139 obtinebit
3399 3086 3606 3154 fortitu-

350 3162 713 3258 anni-imperii
748 3187 971 3258 Augusti
1008 3184 1226 3240 fuerunt
1270 3199 1376 3238 Lvt.
1413 3183 1471 3237 ln
1508 3182 1918 3252 quadragesimo
1947 3162 1991 3224 Ο
2024 3178 2170 3233 dines
2201 3179 2418 3242 brachii,
2453 3196 2543 3232 nec
2573 3178 2728 3232 stabit
2755 3194 2930 3232 semen
2954 3177 3088 3245 ejus,
3123 3185 3171 3229 et
3203 3176 3438 3228 tradetur
3467 3176 3603 3243 ipsa,

349 3280 490 3334 enim
515 3288 572 3334 et
591 3279 765 3349 primo
786 3294 925 3332 anno
948 3275 1157 3346 imperii
1180 3274 1403 3345 Augusti
1423 3273 1515 3343 qui
1543 3280 1664 3343 post
1691 3280 1917 3326 mortem

351 3370 644 3439 Cleopatra:
686 3367 986 3438 imperavit,
1034 3366 1277 3421 nascitur
1320 3363 1585 3427 Christus,
1640 3371 1695 3417 et
1733 3377 1921 3432 super-

350 3461 483 3516 vixit
511 3458 652 3515 idem
673 3457 945 3531 Augustus
971 3472 1039 3512 ex
1059 3472 1167 3527 quo
1188 3463 1346 3511 natus
1365 3463 1449 3510 est
1473 3453 1739 3517 Christus,
1766 3451 1922 3504 annis

353 3566 439 3606 xv.
466 3550 535 3605 Et
553 3558 711 3605 erunt
738 3549 944 3617 reliqua
974 3556 1215 3615 tempora
1237 3558 1500 3598 annorum
1529 3542 1582 3595 in
1612 3541 1753 3594 diem
1784 3539 1924 3592 nati-

353 3642 531 3696 vitatis
576 3641 794 3704 Christi,
837 3639 892 3693 in
935 3653 1135 3691 annum
1182 3633 1655 3703 quadragesimum
1692 3630 1923 3700 primum

354 3732 596 3800 Augusti,
631 3728 759 3782 anni
785 3740 1096 3782 ccccxxxvn
1131 3737 1345 3777 menses
1371 3738 1423 3774 v.
1452 3720 1603 3776 Unde
1629 3717 1925 3788 adimplen-

355 3832 439 3878 tur
466 3836 576 3875 Lxu
602 3816 965 3873 hebdomadas
991 3822 1046 3870 et
1074 3814 1315 3877 dimidia,
1345 3828 1465 3882 qua:
1493 3810 1728 3867 eﬁieiunt
1755 3825 1926 3865 annos

356 3925 661 3971 ccccxxxvn
704 3921 917 3963 menses
962 3922 1087 3971 sex;
1126 3913 1181 3959 et
1220 3903 1561 3959 manifestata
1595 3910 1679 3957 est
1715 3901 1926 3972 justitia

351 4008 573 4063 aeterna,
627 4005 683 4052 et
736 4003 929 4051 unctus
971 4002 1056 4049 est
1103 4001 1322 4049 sanctus
1367 4001 1696 4056 sanctorum,
1751 3990 1805 4045 id
1846 3998 1931 4046 est

357 4091 615 4147 Christus.
644 4087 871 4155 Quidam
902 4094 1102 4152 autem,
1152 4085 1245 4156 qui
1286 4085 1473 4141 dicunt
1514 4082 1715 4154 signari
1754 4081 1927 4136 visum

353 4175 560 4249 [Forte,
582 4177 787 4250 Jesum]
818 4186 872 4234 et
906 4177 1263 4247 pr0phetiam,
1293 4176 1546 4247 quoniam
1574 4188 1763 4230 omnes
1805 4187 1931 4243 pro-

356 4272 526 4342 phetm
569 4270 886 4324 nuntiabant
929 4271 993 4323 de
1032 4269 1165 4337 ipso,
1197 4268 1340 4336 quod
1385 4275 1529 4323 esset
1578 4274 1837 4322 venturus
1877 4272 1933 4319 et

358 4362 463 4433 pati
516 4362 769 4425 haberet,
818 4361 980 4430 igitur
1006 4359 1260 4429 quoniam
1285 4359 1574 4430 adimpleta
1602 4370 1685 4414 est
1707 4358 1935 4428 prophe-

358 4452 425 4506 tia
454 4467 551 4522 per
586 4453 870 4508 adventum
904 4450 1036 4519 ejus,
1076 4458 1359 4521 propterea
1399 4451 1598 4521 signari
1632 4449 1931 4519 jussionem

359 4549 411 4595 et
435 4509 769 4612 prophetiam
813 4509 1042 4607 dicebat,
1067 4509 1320 4609 quoniam
1349 4509 1476 4610 ipse
1483 4545 1566 4593 est
1592 4509 1932 4608 signaculum
1965 4509 2016 4570 θ

361 4631 594 4685 omnium
632 4632 1034 4702 prophetarum,
1072 4629 1370 4700 adimplens
1401 4629 1580 4685 omnia
1624 4644 1745 4700 qua:
1786 4635 1934 4682 retro

347 4720 422 4775 de
447 4735 513 4776 eo
549 4724 820 4794 propheta:
850 4723 1187 4781 nuntiarunt.

2021 3279 2070 3322 et
2105 3269 2193 3339 qui
2220 3268 2550 3323 adduxerunt
2579 3284 2693 3321 eam
2718 3268 2935 3336 juvenes
2966 3267 3100 3335 ejus,
3133 3276 3180 3319 et
3221 3266 3310 3335 qui
3337 3265 3603 3334 conforta-

2023 3358 2143 3411 bant
2168 3373 2283 3411 eam
2310 3358 2365 3411 in
2401 3357 2715 3427 temporibus
2741 3355 2905 3428 (Ibid.
2929 3355 3021 3427 6)?

2052 3498 2055 3499 ν
2094 3467 2207 3521 Hoc
2251 3475 2334 3521 est
2372 3466 2515 3536 quod
2555 3483 2700 3521 nunc
2746 3465 2943 3521 dicitur
2984 3484 2996 3519 :
3042 3481 3139 3534 per
3185 3466 3381 3520 multos
3432 3480 3603 3519 annos

2024 3554 2329 3610 Ptolomeus
2368 3554 2747 3624 Philadelphus
2772 3563 2826 3609 et
2860 3554 3159 3609 Antiochus
3187 3554 3279 3624 qui
3314 3554 3605 3609 vocabatur

2027 3645 2210 3711 Theos,
2244 3646 2299 3699 id
2341 3653 2423 3700 est
2462 3645 2623 3711 Deus,
2671 3644 2869 3700 facient
2911 3646 3201 3712 amicitias,
3227 3656 3283 3700 et
3313 3646 3421 3700 ﬁlia
3461 3646 3603 3717 regis

2024 3734 2227 3802 Austri,
2253 3737 2355 3792 hoc
2378 3746 2461 3792 est
2484 3737 2765 3805 Ptolomei,
2798 3738 2978 3791 veniet
3003 3737 3069 3791 ad
3092 3750 3272 3806 regem
3298 3735 3598 3806 Aquilonis,

2025 3830 2078 3885 id
2106 3838 2188 3884 cst
2215 3829 2556 3897 Antiochum,
2602 3838 2662 3884 ut
2701 3831 2844 3884 inter
2866 3838 3076 3900 patrem
3115 3847 3179 3885 ac
3220 3831 3396 3884 virum
3416 3829 3608 3900 jungat

2028 3923 2313 3988 amicitias,
2349 3931 2404 3978 et
2438 3938 2543 3977 non
2584 3921 2800 3993 poterit,
2840 3921 3031 3992 inquit,
3080 3922 3344 3987 obtinere,
3389 3937 3489 3976 nec
3528 3936 3609 3976 se-

2028 4032 2150 4071 men
2180 4016 2321 4071 illins
2349 4025 2495 4071 stare
2519 4016 2571 4070 in
2604 4029 2768 4087 regno
2795 4014 2987 4086 Syrim,
3019 4014 3113 4069 sed
3135 4021 3189 4067 et
3211 4013 3324 4084 ipsa
3356 4013 3610 4067 Berenice

2028 4116 2083 4160 et
2111 4107 2200 4176 qui
2238 4122 2356 4162 eam
2404 4104 2724 4160 adduxerint
2770 4103 3182 4159 interﬁcientur.
3234 4102 3350 4156 Rex
3398 4114 3611 4170 quoque

2029 4198 2344 4263 Antiochus,
2380 4198 2472 4267 qui
2505 4196 2843 4252 eonfortahat
2881 4178 3024 4259 eum,
3072 4195 3125 4248 id
3175 4201 3258 4248 est
3301 4208 3396 4262 per
3450 4205 3610 4260 quem

2029 4297 2242 4359 poterat
2269 4288 2580 4358 praevalere,
2607 4301 2817 4342 veneno
2858 4285 3045 4340 uxoris
3079 4283 3289 4338 occisus
3330 4290 3432 4335 est.
3474 4280 3611 4333 Lau-

2032 4380 2186 4436 dicen
2223 4380 2367 4435 enim
2396 4380 2546 4449 prior
2578 4378 2719 4432 illius
2750 4392 2888 4432 uxor
2919 4392 3042 4431 eum
3072 4390 3169 4446 per
3213 4373 3488 4428 ministros
3525 4385 3612 4425 ve-

2038 4488 2178 4528 neno
2202 4469 2491 4536 interfecit,
2523 4469 2647 4540 quia
2680 4469 2894 4524 dicebat
2927 4482 3026 4523 rex
3065 4464 3358 4521 Berenicen
3397 4476 3612 4518 consor-

2042 4572 2148 4618 tem
2175 4561 2345 4634 regni,
2381 4567 2433 4616 et
2462 4561 2601 4615 hanc
2621 4557 2997 4616 concubinam.

2700 4667 2949 4740 Explicit.
