4020 6170
2007 339 2298 395 CATULFI
3627 340 3734 397 1563

558 495 3731 529 M

1484 646 2819 812 CATULFUS.

906 958 1795 1168 INSTBUCTIOP
1850 1047 2762 1162 EPISTOLARIS
2844 1047 3446 1166 CATULFI

1564 1266 1674 1326 AD
1715 1262 2043 1326 BEATUM
2084 1260 2468 1324 CAROLUM
2509 1261 2808 1325 REGEM.

1709 1410 1804 1473 (Ex
1827 1409 2096 1468 Duehesu.,
2117 1406 2247 1457 Hist.
2267 1405 2437 1457 Fraus.
2466 1406 2672 1471 Script,)

621 1635 847 1693 Domino
874 1633 984 1703 regi
1013 1631 1274 1701 piissimo,
1303 1628 1472 1698 gratia
1504 1626 1598 1681 Dei
1626 1624 1923 1680 celsissimo
1949 1665 1965 1691 ,
2016 1622 2122 1678 Ca-
2149 1638 2196 1698 Α
2226 1624 2429 1689 stitisti,
2458 1594 2517 1679 et
2549 1625 2653 1679 hoc
2696 1624 2972 1693 impletum
3004 1632 3089 1679 est
3116 1624 3183 1680 de
3213 1633 3267 1680 te
3295 1604 3436 1696 quod
3472 1629 3521 1683 in
3545 1628 3729 1689 Psalmis

551 1728 667 1785 rolo
685 1741 810 1781 vere
836 1724 1155 1779 charissimo
1176 1762 1190 1785 ,
1225 1734 1392 1789 regno
1420 1716 1621 1772 Christi
1645 1715 1966 1780 rectissimo,
1998 1714 2124 1768 ulti-

551 1816 672 1872 mus
700 1828 928 1884 namque
952 1812 1213 1875 Catulfus,
1241 1818 1420 1863 tamen
1454 1815 1634 1862 vester
1658 1805 1904 1861 servulus
1936 1805 2126 1858 intimo

551 1908 712 1963 corde
732 1920 866 1975 puro
892 1905 946 1957 in
970 1901 1173 1972 Spiritu
1200 1899 1426 1955 salutem
1454 1905 1663 1952 sancto.

622 1995 846 2049 Domine
880 1992 953 2046 mi
985 2006 1096 2056 rex,
1132 1990 1293 2058 igitur
1338 2002 1531 2057 precor
1552 1995 1623 2048 te,
1662 1993 1723 2039 ut
1749 1985 1891 2039 illius
1912 1999 2126 2053 semper

550 2083 870 2146 recorderis,
908 2082 1046 2137 sicut
1085 2081 1247 2135 credo
1273 2118 1289 2143 ,
1339 2077 1430 2146 qui
1456 2079 1521 2131 de
1548 2075 1717 2130 nihilo
1774 2082 1827 2128 te
1884 2074 2086 2128 creavit
2109 2113 2124 2137 ,

548 2175 715 2230 etiam
751 2187 818 2228 ex
843 2172 1068 2226 minimo
1101 2169 1228 2224 fecit
1255 2168 1569 2222 maximum.
1600 2164 1735 2218 Nam
1765 2164 1965 2219 terreni
1994 2163 2127 2217 nihil

548 2272 633 2320 est
664 2264 923 2334 parentis,
955 2262 1062 2317 nisi
1096 2267 1307 2317 tantum
1338 2268 1398 2314 ut
1453 2259 1734 2313 humorem
1760 2258 2031 2327 corporis,
2073 2256 2127 2311 in

549 2368 656 2423 qua
691 2362 775 2407 est
806 2352 1082 2415 nascendi,
1118 2367 1239 2407 eum
1303 2365 1463 2405 sensu
1509 2348 1798 2418 voluptatis
1847 2348 2127 2401 materiam

550 2444 761 2498 emittat
786 2443 869 2497 vel
890 2444 1131 2513 recipiat,
1157 2451 1212 2498 et
1236 2450 1316 2497 tra
1349 2443 1364 2463 '
1393 2450 1520 2496 tunc
1555 2456 1586 2495 a
1608 2441 1720 2495 Deo
1739 2449 1841 2506 est,
1875 2441 1928 2495 in
1955 2456 2127 2510 quan-

553 2545 666 2592 tum
695 2536 836 2607 quod
866 2546 1144 2606 peccatum
1166 2551 1273 2590 non
1306 2543 1424 2590 est:
1455 2545 1647 2590 ctetera
1682 2548 1915 2603 namque
1958 2548 1988 2586 a
2020 2533 2129 2587 Deo

552 2636 678 2683 sunt
698 2628 898 2684 omnia.
926 2628 1228 2698 Conceptus
1249 2628 1454 2683 scilicet
1481 2628 1593 2697 ipse
1616 2667 1631 2692 ,
1683 2634 1738 2681 et
1765 2626 2008 2695 corporis
2049 2626 2132 2680 in-

555 2717 824 2785 formatio,
855 2726 910 2772 et
946 2718 1225 2787 inspirath
1255 2720 1466 2784 animae,
1489 2726 1544 2773 et
1594 2726 1780 2788 partus
1816 2718 2125 2781 incolumis,

553 2816 607 2861 et
645 2823 975 2877 quacunque
1026 2810 1276 2879 deinceps
1325 2810 1391 2863 ad
1434 2810 1705 2864 hominem
1756 2816 2131 2862 conservatum

552 2898 783 2954 volentis
809 2899 905 2952 Dei
926 2905 1028 2962 est,
1051 2908 1106 2952 et
1132 2898 1274 2953 illius
1302 2913 1499 2952 munus
1545 2907 1629 2953 est
1674 2898 1818 2967 quod
1867 2898 2125 2960 vivimus,

2226 1715 2441 1784 legitur,
2459 1730 2765 1785 quanquam
2779 1717 2844 1772 de
2864 1715 3081 1774 Christo
3096 1724 3152 1770 et
3177 1717 3243 1771 de
3265 1717 3430 1773 David
3452 1721 3647 1776 maxime
3665 1723 3729 1776 in-

2227 1805 2485 1874 telligitur
2503 1823 2516 1858 τ
2533 1794 2840 1876 Persequar
2850 1807 3109 1869 inimicos,
3139 1816 3189 1860 et
3211 1810 3604 1877 comprehendam
3624 1813 3730 1877 illos,

2227 1902 2283 1947 et
2309 1894 2534 1964 reliqua.
2572 1894 2704 1949 Item
2729 1910 2797 1950 ex
2825 1910 3055 1964 persona
3088 1896 3185 1949 Dei
3220 1896 3429 1952 Patris:
3462 1899 3522 1952 Et
3545 1901 3730 1955 inimicos

2227 1984 2343 2053 ejus
2373 1987 2427 2038 in
2456 1986 2637 2054 fugam
2658 1994 2971 2039 convertam.
3020 1984 3090 2038 Et
3122 1985 3355 2039 iterum:
3385 1986 3449 2040 Et
3473 2004 3551 2058 ego
3580 1991 3730 2058 primo-

2228 2078 2456 2144 genitum
2489 2091 2678 2146 ponam
2709 2075 2879 2139 illum,
2911 2083 2966 2128 et
2983 2075 3217 2144 reliqua.
3244 2076 3310 2130 Et
3331 2077 3450 2131 item
3475 2079 3524 2132 in
3555 2079 3725 2149 Moyse:

2228 2166 2369 2220 Deus
2390 2179 2587 2237 pugnat
2613 2183 2708 2237 pro
2735 2166 2901 2220 nobis.
2927 2166 3061 2222 Item
3084 2176 3309 2222 sanctus
3321 2168 3532 2225 Paulus:
3558 2170 3609 2226 Si
3626 2171 3728 2225 Dm

2228 2274 2322 2327 pro
2353 2257 2520 2321 nobis,
2549 2258 2665 2328 quis
2695 2266 2875 2311 contra
2910 2274 3005 2312 nos
3030 2267 3106 2312 est
3123 2260 3151 2311 2
3175 2258 3266 2314 Sic
3288 2258 3352 2314 de
3377 2258 3549 2326 Josue,
3585 2263 3638 2316 de
3656 2262 3727 2317 Ds-

2229 2349 2337 2412 vid,
2364 2347 2431 2403 de
2452 2348 2705 2413 Ezechia,
2735 2349 2802 2403 de
2820 2347 2956 2403 Iuda
2986 2348 3303 2414 Machabeo,
3329 2359 3380 2405 et
3412 2350 3727 2420 reliqua.Nunc

2230 2439 2413 2507 igitur,
2442 2440 2657 2495 domine
2684 2441 2757 2494 mi
2787 2457 2904 2506 rex,
2935 2456 3031 2510 pro
3056 2442 3147 2496 bis
3183 2443 3354 2497 modis
3379 2444 3723 2505 beatitudinum,

2230 2542 2389 2589 nocte
2417 2543 2471 2588 et
2493 2533 2581 2589 die
2599 2548 2719 2587 cum
2747 2534 2998 2589 omnibus
3011 2535 3342 2590 exercitibus
3369 2536 3466 2590 tuis
3489 2537 3545 2591 da
3559 2535 3723 2605 gloriam

2233 2624 2342 2679 Deo
2377 2624 2491 2693 regi
2519 2638 2830 2693 regnorum,
2855 2632 2918 2678 et'
2944 2625 3245 2695 gratiarum
3263 2625 3500 2687 actiones,
3515 2641 3611 2680 cum
3622 2622 3723 2677 omni

2232 2730 2399 2787 regno
2423 2723 2533 2781 tuo,
2564 2716 2707 2786 quod
2733 2716 2848 2786 ipse
2882 2725 2936 2772 te
2964 2717 3227 2773 exaltavit
3257 2719 3308 2773 in
3344 2719 3571 2773 honorem
3593 2715 3724 2785 gloria

2233 2807 2384 2875 regni
2421 2807 2668 2877 Europae,
2693 2814 2748 2861 et
2789 2807 2967 2863 adhuc
3015 2808 3188 2863 etiam
3217 2806 3413 2877 majora
3444 2813 3627 2878 prestat
3658 2801 3725 2856 tibi

2231 2894 2424 2950 horum
2448 2911 2681 2965 namque
2703 2897 3082 2966 prtedictorum
3114 2938 3132 2964 ,
3192 2898 3238 2952 si
3264 2897 3405 2951 illum
3435 2896 3607 2951 exaltas
3637 2906 3722 2947 cum

555 2988 696 3057 quod
723 2987 1010 3057 spiramus,
1035 2986 1188 3055 juxta
1235 2987 1392 3041 illud:
1423 2985 1613 3040 Flatus
1640 2986 1866 3039 hominis
1894 2985 1947 3037 in
1970 2999 2129 3035 manu
2160 3005 2207 3063 Β
2235 2986 2347 3040 suis
2375 2986 2477 3041 hoc
2499 2986 2679 3042 modo.
2712 2986 2915 3043 Memor
2944 2997 3061 3041 esto
3085 3003 3222 3058 ergo
3257 3002 3483 3057 semper,
3525 3001 3600 3040 rex
3640 2981 3719 3044 mi,

556 3078 654 3132 Dei
674 3086 768 3133 est.
790 3078 943 3143 Item,
984 3077 1175 3132 Manus
1201 3086 1305 3131 tua:
1334 3077 1565 3146 fecerunt
1593 3093 1691 3138 me,
1722 3083 1776 3130 et
1813 3074 2039 3142 reliqua.
2068 3072 2134 3126 Et

557 3171 672 3226 haec
702 3176 829 3224 sunt
872 3171 1179 3224 communia
1228 3169 1478 3224 omnibus
1519 3168 1847 3224 hominibus.
1896 3165 2138 3234 Propriis

555 3261 720 3316 etiam
757 3261 1181 3316 beatitudinibus
1208 3269 1261 3316 et
1288 3260 1628 3330 specialibus,
1651 3276 1684 3315 ο
1704 3277 1738 3315 o
1781 3275 1874 3314 rex
1899 3259 2003 3324 mi,
2045 3258 2140 3311 ho-

556 3352 766 3406 noravit
788 3359 839 3404 te
861 3366 956 3406 rex
996 3359 1118 3405 tuus
1144 3366 1307 3420 super
1358 3350 1558 3405 alteros
1583 3358 1885 3406 coaetaneos
1920 3357 2058 3412 tuos,
2082 3354 2138 3402 et

556 3456 718 3511 super
758 3451 1130 3497 antecessores
1183 3450 1307 3496 tuos
1358 3456 1556 3496 corona
1599 3440 1785 3510 gloria:
1831 3439 2009 3494 beavit
2064 3447 2133 3491 te.

555 3529 755 3596 Prima,
781 3530 847 3585 de
882 3531 1026 3602 regis
1063 3530 1341 3602 dignitate,
1366 3531 1676 3599 reginaque,
1705 3527 1799 3583 sed
1826 3529 2134 3596 etinsuper.

555 3621 771 3679 Illorum
807 3638 1039 3693 namque
1074 3638 1293 3693 precum
1343 3621 1645 3691 specialiter
1691 3622 1859 3675 Deum
1915 3634 2139 3688 precan-

557 3713 714 3780 tium,
745 3713 977 3770 maxime
1000 3713 1220 3781 matris,
1275 3713 1417 3768 sicut
1447 3713 1556 3767 Deo
1585 3711 1805 3781 placuit,
1836 3710 1975 3773 inde,
2011 3725 2138 3764 con-

557 3813 744 3876 ceptus
774 3815 828 3860 et
852 3814 1031 3871 natus,
1071 3807 1178 3861 imo
1214 3821 1243 3859 a
1295 3806 1425 3871 Deo,
1452 3820 1545 3859 rex
1576 3805 1743 3867 mi,et
1769 3804 1872 3858 hoc
1914 3802 2137 3857 verbum

559 3897 845 3965 diligenter
868 3898 1166 3952 considera.
1198 3897 1463 3962 Secunda,
1488 3894 1627 3965 quod
1646 3895 2032 3964 primogenitus
2057 3909 2136 3959 es,

561 3992 617 4039 et
633 3983 1060 4041 benedictionem
1087 3986 1246 4050 illius,
1280 3987 1418 4041 sicut
1438 3986 1699 4054 scriptum
1734 3992 1816 4039 est
1839 4024 1854 4049 ,
1906 3984 2139 4053 accipies

558 4075 707 4146 juxta
734 4074 893 4131 illud:
934 4076 1098 4131 Omne
1133 4077 1530 4148 primogenitum
1558 4074 1696 4145 quod
1746 4074 1909 4143 aperit
1936 4073 2138 4127 vulvam

563 4176 800 4221 sanctum
834 4167 1057 4222 Domino
1090 4168 1374 4222 vocabitur.
1400 4166 1602 4232 Tertia,
1646 4175 1702 4220 ut
1739 4164 1804 4220 de
1848 4164 2032 4218 fratris
2061 4165 2137 4218 tui

562 4256 770 4312 insidiis
798 4257 851 4311 in
875 4258 1124 4312 omnibus
1154 4258 1295 4312 Deus
1325 4266 1377 4312 te
1412 4256 1769 4320 conservavit,
1794 4264 1852 4310 ut
1878 4256 1943 4310 de
1972 4254 2139 4310 Iacob

2237 3074 2334 3128 Dei
2362 3075 2506 3144 regis
2527 3076 2604 3129 tui
2649 3090 2772 3129 cum
2802 3075 2997 3129 timore
3027 3083 3081 3130 et
3111 3092 3297 3133 amore
3320 3118 3334 3143 ,
3379 3076 3505 3147 quod
3534 3082 3579 3129 tu
3612 3089 3657 3129 es
3683 3072 3720 3125 in

2237 3165 2352 3220 vice
2378 3165 2518 3220 illius
2546 3181 2707 3235 super
2753 3166 2934 3221 omnia
2988 3170 3237 3225 membra
3288 3169 3397 3239 ejus
3429 3167 3660 3229 custodire,
3682 3172 3719 3218 et

2237 3270 2443 3325 regere,
2475 3264 2529 3311 et
2554 3257 2821 3312 rationem
2853 3256 3151 3312 redderein
3178 3260 3263 3313 die
3291 3259 3483 3328 judicii,
3514 3258 3639 3313 etiam
3654 3267 3721 3322 per

2238 3353 2318 3410 te;
2355 3355 2409 3399 et
2444 3346 2726 3414 episcopus
2758 3353 2841 3400 est
2867 3346 2921 3399 in
2958 3348 3199 3402 secundo
3227 3349 3361 3414 loco,
3398 3348 3447 3402 in
3469 3349 3564 3401 vice
3578 3340 3719 3399 Christi

2239 3444 2448 3491 tantum
2474 3444 2574 3490 est.
2605 3436 2747 3505 Ergo
2767 3436 3107 3491 considerate
3134 3439 3274 3492 inter
3295 3454 3387 3494 vos
3410 3439 3651 3507 diligenter,
3667 3432 3718 3486 le-

2237 3544 2360 3599 gem
2397 3528 2493 3583 Dei
2523 3528 2852 3583 constituere
2885 3543 3045 3597 super
3072 3530 3330 3599 populum
3362 3530 3464 3593 Dei,
3489 3525 3603 3597 quod
3621 3524 3719 3578 Deus

2239 3630 2364 3676 tuus
2390 3622 2525 3677 dixit
2553 3621 2670 3688 tibi,
2701 3621 2855 3691 cujus
2903 3621 3077 3676 vicem
3129 3632 3312 3688 tenes,
3358 3623 3408 3677 in
3451 3611 3715 3675 Psalmo:Et

2239 3728 2396 3777 nunc,
2422 3728 2582 3781 reges,
2616 3710 2906 3782 intelligite,
2931 3720 2986 3765 et
3010 3711 3241 3783 reliqua.
3273 3712 3396 3766 Item
3422 3729 3435 3764 :
3470 3709 3627 3765 Semita
3646 3703 3718 3756 Do-

2238 3806 2378 3857 mino
2404 3805 2458 3858 in
2488 3805 2694 3868 timore,
2723 3811 2779 3858 et
2827 3803 3052 3873 reliqua.
3114 3804 3288 3859 Item:
3330 3798 3643 3875 Apprehendite
3662 3794 3717 3847 di-

2238 3891 2530 3962 sciplinam,
2559 3908 2622 3945 ne
2645 3891 2855 3962 quando
2897 3893 3163 3947 irascatur
3198 3894 3455 3957 Dominus,
3473 3897 3520 3945 et
3554 3886 3717 3953 reliqua.

2239 3981 2495 4053 Exempla
2522 3981 2853 4051 perplurima
2878 3992 3041 4052 sunt,
3099 3995 3163 4040 ut
3191 3987 3354 4056 legem
3375 3980 3598 4039 exaltetis.
3634 3973 3715 4028 Pri-

2241 4089 2409 4139 mum,
2436 4088 2608 4144 pauca
2631 4073 2785 4129 vobis
2814 4075 3013 4140 scribo,
3046 4075 3188 4130 sicut
3212 4090 3431 4131 canones
3446 4075 3661 4142 proluunt.
3679 4067 3715 4115 ει

2242 4165 2407 4220 totius
2418 4164 2839 4220 Christianitatis
2863 4165 2947 4220 lex
2975 4168 3216 4223 continet
3238 4180 3330 4236 per
3350 4165 3434 4219 Dei
3455 4159 3713 4216 mandatum.

2239 4256 2369 4311 Post
2394 4256 2552 4310 [idem
2579 4255 2692 4319 Dei,
2726 4263 2782 4310 et
2818 4271 3057 4312 amorem
3102 4265 3160 4312 et
3205 4258 3460 4318 timorem,
3501 4258 3550 4305 ut
3577 4244 3714 4312 sepius

560 4349 771 4404 etEsau
794 4349 1006 4419 legitur.
1033 4348 1233 4417 Quarta
1263 4390 1277 4413 ,
1323 4350 1465 4419 quod
1497 4348 1701 4404 sortisti
1739 4363 1958 4418 regnum
2015 4362 2136 4401 cum
2166 4357 2213 4421 α
2242 4347 2443 4401 habeas
2479 4345 2829 4411 Enchiridon,
2865 4346 3010 4415 quod
3047 4358 3129 4402 est
3149 4347 3359 4401 Librum
3386 4331 3714 4398 manualemJe-

563 4443 728 4497 fratre
754 4450 846 4497 tuo
870 4441 1220 4496 Francorum.
1251 4440 1446 4506 Quinta
1474 4457 1581 4496 non
1605 4440 1887 4494 minimum
1910 4441 2136 4494 estbea-

562 4531 808 4586 titudinis
836 4532 1068 4602 signum,
1088 4531 1230 4600 quod
1254 4532 1397 4586 Deus
1425 4528 1864 4585 transtulitillum
1880 4528 1945 4585 de
1973 4544 2137 4598 regno

564 4632 793 4687 terreno,
832 4631 888 4678 et
907 4624 1162 4678 exultavit
1186 4631 1236 4677 te
1258 4638 1420 4693 super
1444 4638 1602 4678 omne
1627 4623 1730 4677 hoc
1758 4638 1979 4692 regnum
2020 4623 2137 4677 sine

563 4714 839 4785 sanguinis
861 4713 1136 4770 effusione.
1155 4754 1168 4768 .
1188 4754 1202 4767 .
1225 4754 1238 4768 .
1260 4754 1274 4767 .
1311 4715 1447 4767 mira
1493 4714 1666 4783 pietas
1716 4722 1770 4767 et
1794 4729 1984 4784 magna
2030 4713 2139 4769 cle—

564 4805 762 4860 mentia
789 4805 882 4860 Dei
911 4806 964 4859 in
998 4807 1087 4860 illa
1108 4807 1193 4861 die
1214 4822 1336 4862 cum
1353 4806 1590 4860 exercitu
1614 4804 1964 4860 Francorum.
1994 4804 2137 4860 Stul-

565 4905 668 4951 tus.
688 4935 702 4949 .
721 4935 737 4950 .
760 4934 773 4948 .
794 4936 808 4949 .
845 4896 1059 4966 sapiens
1086 4896 1257 4967 gratia
1280 4910 1464 4963 egens,
1480 4894 1583 4949 vel.
1623 4894 1809 4959 Sexta,
1834 4894 1976 4963 quod
1992 4895 2137 4948 Lan-

563 4989 918 5060 gobardorum
937 4989 1205 5044 exercitus
1240 4997 1364 5044 ante
1381 4987 1570 5043 faciem
1602 4996 1749 5041 tuam
1776 4988 1893 5041 sine
1923 4987 2138 5057 publico

564 5081 702 5135 bello
753 5081 808 5134 in
843 5080 1023 5149 fugam
1057 5095 1365 5136 conversus.
1423 5078 1683 5149 Septima,
1713 5077 1875 5147 Alpes
1923 5077 2138 5132 intrasti

564 5170 797 5226 inimicis
822 5170 1167 5239 fugientibus,
1193 5169 1651 5239 opulentissimam
1691 5182 1905 5238 quoque
1956 5169 2140 5222 civita-

565 5269 672 5315 tem
708 5263 869 5316 etiam
897 5262 1113 5331 Papiam
1144 5276 1265 5316 cum
1314 5275 1439 5332 rege
1466 5261 1582 5315 sine
1630 5260 1839 5314 cruoris
1880 5258 2139 5313 effusione

564 5365 688 5405 cum
725 5353 971 5408 omnibus
1010 5351 1279 5407 thesauris
1314 5350 1428 5420 ejus
1456 5350 1883 5419 apprehendisti.
1912 5349 2134 5415 Octava,

564 5443 708 5510 quod
731 5457 947 5497 auream
997 5452 1052 5497 et
1092 5442 1420 5512 imperialem
1448 5442 1672 5496 Romam
1702 5442 1936 5507 intrasti,
1963 5451 2017 5496 et
2037 5442 2140 5497 Ita-

565 5532 763 5587 liorum
802 5549 964 5602 regna
1009 5549 1129 5588 eum
1156 5534 1404 5588 omnibus
1449 5533 1752 5602 pretiosisa
1778 5548 1904 5602 rege
1949 5549 2141 5603 regno-

569 5640 689 5677 rum
713 5625 952 5678 suaviter
974 5626 1246 5693 acdepisti.
1278 5625 1503 5691 Quantis
1528 5625 1689 5678 etiam
1716 5626 1888 5680 modis
1911 5635 2036 5680 ante
2066 5625 2140 5679 Ia-

2241 4452 2361 4508 gem
2383 4436 2479 4491 Dei
2508 4435 2587 4490 tui
2612 4436 2867 4505 scriptam
2896 4436 2951 4490 in
2978 4437 3229 4493 manibus
3253 4435 3370 4497 tuis,
3403 4440 3455 4485 ut
3477 4431 3592 4496 legas
3611 4422 3713 4475 illam

2238 4530 2488 4585 omnibus
2510 4530 2698 4586 diebus
2724 4530 2849 4585 vitae
2874 4537 2980 4586 tua:
3002 4570 3018 4596 ,
3065 4538 3123 4585 ut
3152 4538 3208 4585 tu
3242 4531 3313 4585 sis
3337 4530 3384 4582 in
3431 4519 3637 4594 sapientia
3656 4513 3713 4568 di-

2238 4624 2362 4678 vina
2400 4631 2455 4678 et
2487 4624 2833 4680 Stecularibus
2856 4623 3051 4680 litteris
3072 4625 3304 4679 imbutus
3330 4663 3342 4687 ,
3393 4620 3513 4674 sicut
3533 4609 3657 4669 David
3673 4614 3712 4658 cl

2241 4700 2491 4769 Salomon
2518 4755 2533 4779 ,
2583 4721 2637 4769 et
2666 4716 2847 4770 czeteri
2876 4730 3032 4786 reges
3058 4716 3285 4770 fuerunt.
3320 4714 3435 4767 Item
3467 4708 3575 4765 dixit
3614 4702 3712 4793 Dent

2238 4807 2305 4860 ad
2340 4805 2554 4876 Moysen
2602 4806 2669 4861 de
2716 4807 2974 4875 regibus:
3024 4806 3151 4861 Cum
3196 4804 3374 4860 sederit
3405 4802 3452 4854 in
3485 4795 3589 4852 solio
3611 4800 3710 4855 regni

2237 4899 2340 4964 sui,
2370 4915 2635 4970 nunquam
2664 4899 2861 4953 recedet
2906 4897 3061 4952 Liber
3110 4898 3253 4968 Legis
3279 4897 3339 4949 de
3390 4888 3588 4946 manibus
3611 4879 3706 4936 suis,

2239 5005 2343 5042 non
2372 5004 2559 5041 uxores
2586 4986 2760 5058 plures
2788 4988 2997 5055 habeat,
3028 5004 3127 5042 non
3167 4984 3424 5056 superbum
3459 4989 3587 5046 super
3620 4978 3708 5020 τοίτ·

2239 5088 2416 5133 taneos
2437 5095 2575 5141 suos,
2603 5095 2705 5133 non
2733 5077 2928 5133 elatum
2949 5120 2964 5145 ,
3016 5096 3116 5133 non
3138 5075 3455 5133 invidiosum,
3490 5074 3534 5120 et
3562 5059 3706 5124 reliqua

2241 5170 2415 5241 (Deut.
2445 5171 2599 5243 xm).
2648 5171 2913 5226 Sed.....
2950 5169 3190 5239 judicare
3232 5168 3364 5221 inter
3403 5150 3705 5243 pauperem?

2238 5236 2529 5332 potentem,
2558 5236 2636 5317 'et
2670 5236 2965 5332 pauperem
3003 5262 3206 5330 eripere
3243 5258 3304 5311 de
3338 5265 3478 5307 manu
3515 5236 3701 5314 potem“:

2239 5366 2292 5408 et
2321 5355 2684 5410 Christianum
2712 5355 2945 5409 vendere
2972 5365 3238 5420 nunquam
3286 5346 3333 5400 in
3364 5346 3582 5411 paganam

2239 5457 2348 5503 tem
2385 5448 2681 5511 dimittere,
2743 5460 2841 5509 vae,
2878 5461 2978 5511 vae,
3014 5442 3207 5500 Christi
3238 5435 3503 5493 membrum
3542 5423 3703 5483 θυιὺπ’

2240 5552 2367 5609 gere
2400 5540 2648 5592 membro
2672 5537 2890 5603 diaboli,
2915 5536 3145 5590 animam
3173 5529 3396 5601 perdere,
3412 5511 3699 5613 Γθςξίίιρξιξξῗ

2244 5602 2303 5685 tii
2331 5629 2447 5699 ejus
2470 5638 2593 5684 ante
2629 5630 2880 5684 thronum
2907 5625 3122 5683 Christi.
3178 5622 3418 5689 Sponsam
3458 5602 3694 5699 Christi

572 5715 709 5771 ciem
739 5721 885 5766 tuam
922 5714 1150 5769 inimicis
1178 5715 1233 5767 in
1265 5714 1444 5784 fugam
1481 5716 1755 5771 conversis
1772 5726 1825 5771 et
1849 5717 2021 5772 vietor
2047 5733 2139 5771 ex-
2169 5706 2221 5767 Ι)
2247 5720 2378 5774 stirc
2410 5735 2530 5774 cum
2557 5718 2889 5775 ornamentis
2913 5733 3071 5788 super
3101 5710 3298 5771 omnia,
3345 5701 3391 5756 id
3421 5701 3490 5752 est
3511 5683 3693 5743 ccclcsul'
