  <div class='ocr_page' id='page_1' title='image "/cluster/home/n/w/nwhite01/storage/ocr_20150623/96/hvd.32044052819901/688.png"; bbox 0 0 4020 6170; ppageno 0'>
   <div class='ocr_carea' id='block_1_1' title="bbox 370 306 501 363">
    <p class='ocr_par' dir='ltr' id='par_1_1' title="bbox 370 306 501 363">
     <span class='ocr_line' id='line_1_1' title="bbox 370 306 501 363; baseline -0.023 0"><span class='ocrx_word' id='word_1_1' title='bbox 370 306 501 363; x_wconf 78' lang='lat' dir='ltr'><strong>I365</strong></span> 
     </span>
    </p>
   </div>
   <div class='ocr_carea' id='block_1_2' title="bbox 1331 286 2619 353">
    <p class='ocr_par' dir='ltr' id='par_1_2' title="bbox 1331 286 2619 353">
     <span class='ocr_line' id='line_1_2' title="bbox 1331 286 2619 353; baseline -0.009 0"><span class='ocrx_word' id='word_1_2' title='bbox 1331 294 1743 353; x_wconf 79' lang='lat' dir='ltr'><strong>INSTRUCTIO</strong></span> <span class='ocrx_word' id='word_1_3' title='bbox 1780 293 1872 348; x_wconf 87' lang='lat' dir='ltr'><strong>AD</strong></span> <span class='ocrx_word' id='word_1_4' title='bbox 1908 293 1967 346; x_wconf 84' lang='grc' dir='ltr'><strong>Β.</strong></span> <span class='ocrx_word' id='word_1_5' title='bbox 1998 288 2328 345; x_wconf 81' lang='lat' dir='ltr'><strong>CAROLUM</strong></span> <span class='ocrx_word' id='word_1_6' title='bbox 2364 286 2619 343; x_wconf 81' lang='lat' dir='ltr'><strong>REGEM.</strong></span> 
     </span>
    </p>
   </div>
   <div class='ocr_carea' id='block_1_3' title="bbox 3458 286 3597 344">
    <p class='ocr_par' dir='ltr' id='par_1_3' title="bbox 3458 286 3597 344">
     <span class='ocr_line' id='line_1_3' title="bbox 3458 286 3597 344; baseline 0.029 -4"><span class='ocrx_word' id='word_1_7' title='bbox 3458 286 3597 344; x_wconf 65' lang='lat' dir='ltr'><strong>i556</strong></span> 
     </span>
    </p>
   </div>
   <div class='ocr_carea' id='block_1_4' title="bbox 364 390 3593 482">
    <p class='ocr_par' dir='ltr' id='par_1_4' title="bbox 364 390 3593 482">
     <span class='ocr_line' id='line_1_4' title="bbox 364 390 3593 482; baseline -0.006 -14"><span class='ocrx_word' id='word_1_8' title='bbox 364 430 479 469; x_wconf 78' lang='lat' dir='ltr'><strong>rum</strong></span> <span class='ocrx_word' id='word_1_9' title='bbox 501 410 775 482; x_wconf 81' lang='lat' dir='ltr'><strong>privilegia</strong></span> <span class='ocrx_word' id='word_1_10' title='bbox 814 407 1139 464; x_wconf 91' lang='lat' dir='ltr'><strong>constituere</strong></span> <span class='ocrx_word' id='word_1_11' title='bbox 1164 406 1416 469; x_wconf 87' lang='lat' dir='ltr'><strong>maxima,</strong></span> <span class='ocrx_word' id='word_1_12' title='bbox 1443 406 1826 461; x_wconf 83' lang='lat' dir='ltr'><strong>monachorum</strong></span> <span class='ocrx_word' id='word_1_13' title='bbox 1851 402 1928 455; x_wconf 88' lang='lat' dir='ltr'><strong>vi-</strong></span> <span class='ocrx_word' id='word_1_14' title='bbox 1960 408 2004 467; x_wconf 77' lang='grc' dir='ltr'>Α</span> <span class='ocrx_word' id='word_1_15' title='bbox 2030 407 2090 453; x_wconf 88' lang='lat' dir='ltr'><strong>ut</strong></span> <span class='ocrx_word' id='word_1_16' title='bbox 2116 396 2359 469; x_wconf 90' lang='lat' dir='ltr'><strong>sepulcra</strong></span> <span class='ocrx_word' id='word_1_17' title='bbox 2380 395 2808 451; x_wconf 89' lang='lat' dir='ltr'><strong>Christianorum</strong></span> <span class='ocrx_word' id='word_1_18' title='bbox 2832 406 3019 462; x_wconf 90' lang='lat' dir='ltr'><strong>pacem</strong></span> <span class='ocrx_word' id='word_1_19' title='bbox 3037 390 3291 447; x_wconf 82' lang='lat' dir='ltr'><strong>habeant.</strong></span> <span class='ocrx_word' id='word_1_20' title='bbox 3306 392 3400 448; x_wconf 88' lang='lat' dir='ltr'><strong>Sin</strong></span> <span class='ocrx_word' id='word_1_21' title='bbox 3421 394 3593 460; x_wconf 83' lang='lat' dir='ltr'><strong>aliter,</strong></span> 
     </span>
    </p>
   </div>
   <div class='ocr_carea' id='block_1_5' title="bbox 364 495 1930 568">
    <p class='ocr_par' dir='ltr' id='par_1_5' title="bbox 364 495 1930 568">
     <span class='ocr_line' id='line_1_5' title="bbox 364 495 1930 568; baseline -0.008 -8"><span class='ocrx_word' id='word_1_22' title='bbox 364 517 471 561; x_wconf 86' lang='lat' dir='ltr'><strong>tam</strong></span> <span class='ocrx_word' id='word_1_23' title='bbox 496 515 549 562; x_wconf 91' lang='lat' dir='ltr'><strong>et</strong></span> <span class='ocrx_word' id='word_1_24' title='bbox 585 503 963 561; x_wconf 83' lang='lat' dir='ltr'><strong>canonicorum</strong></span> <span class='ocrx_word' id='word_1_25' title='bbox 990 516 1113 558; x_wconf 90' lang='lat' dir='ltr'><strong>cum</strong></span> <span class='ocrx_word' id='word_1_26' title='bbox 1150 500 1414 568; x_wconf 90' lang='lat' dir='ltr'><strong>episcopis</strong></span> <span class='ocrx_word' id='word_1_27' title='bbox 1466 498 1593 563; x_wconf 91' lang='lat' dir='ltr'><strong>tuis,</strong></span> <span class='ocrx_word' id='word_1_28' title='bbox 1630 496 1789 557; x_wconf 85' lang='lat' dir='ltr'><strong>simul</strong></span> <span class='ocrx_word' id='word_1_29' title='bbox 1823 495 1930 549; x_wconf 84' lang='lat' dir='ltr'><strong>vir-</strong></span> 
     </span>
    </p>
   </div>
   <div class='ocr_carea' id='block_1_6' title="bbox 363 587 1925 667">
    <p class='ocr_par' dir='ltr' id='par_1_6' title="bbox 363 587 1925 667">
     <span class='ocr_line' id='line_1_6' title="bbox 363 587 1925 667; baseline -0.006 -17"><span class='ocrx_word' id='word_1_30' title='bbox 363 597 545 667; x_wconf 89' lang='lat' dir='ltr'><strong>ginum</strong></span> <span class='ocrx_word' id='word_1_31' title='bbox 593 593 1069 659; x_wconf 68' lang='lat' dir='ltr'><strong>monasteriorum,</strong></span> <span class='ocrx_word' id='word_1_32' title='bbox 1124 605 1328 661; x_wconf 84' lang='lat' dir='ltr'><strong>regere,</strong></span> <span class='ocrx_word' id='word_1_33' title='bbox 1356 596 1411 644; x_wconf 92' lang='lat' dir='ltr'><strong>et</strong></span> <span class='ocrx_word' id='word_1_34' title='bbox 1463 605 1568 644; x_wconf 91' lang='lat' dir='ltr'><strong>non</strong></span> <span class='ocrx_word' id='word_1_35' title='bbox 1594 604 1692 658; x_wconf 89' lang='lat' dir='ltr'><strong>per</strong></span> <span class='ocrx_word' id='word_1_36' title='bbox 1727 587 1925 648; x_wconf 90' lang='lat' dir='ltr'><strong>laicos,</strong></span> 
     </span>
    </p>
   </div>
   <div class='ocr_carea' id='block_1_7' title="bbox 363 679 1931 755">
    <p class='ocr_par' dir='ltr' id='par_1_7' title="bbox 363 679 1931 755">
     <span class='ocr_line' id='line_1_7' title="bbox 363 679 1931 755; baseline -0.008 -15"><span class='ocrx_word' id='word_1_37' title='bbox 363 687 503 755; x_wconf 90' lang='lat' dir='ltr'><strong>quod</strong></span> <span class='ocrx_word' id='word_1_38' title='bbox 532 684 726 740; x_wconf 87' lang='lat' dir='ltr'><strong>scelus.</strong></span> <span class='ocrx_word' id='word_1_39' title='bbox 744 720 788 736; x_wconf 93' lang='lat'><strong>..</strong></span> <span class='ocrx_word' id='word_1_40' title='bbox 810 721 824 735; x_wconf 94' lang='lat'><strong>.</strong></span> <span class='ocrx_word' id='word_1_41' title='bbox 843 721 857 735; x_wconf 94' lang='lat'><strong>.</strong></span> <span class='ocrx_word' id='word_1_42' title='bbox 899 682 991 735; x_wconf 90' lang='lat' dir='ltr'><strong>sed</strong></span> <span class='ocrx_word' id='word_1_43' title='bbox 1020 695 1117 749; x_wconf 93' lang='lat' dir='ltr'><strong>per</strong></span> <span class='ocrx_word' id='word_1_44' title='bbox 1141 679 1411 747; x_wconf 83' lang='lat' dir='ltr'><strong>spiritales</strong></span> <span class='ocrx_word' id='word_1_45' title='bbox 1455 686 1701 747; x_wconf 87' lang='lat' dir='ltr'><strong>pastores</strong></span> <span class='ocrx_word' id='word_1_46' title='bbox 1749 691 1931 731; x_wconf 87' lang='lat' dir='ltr'><strong>emen-</strong></span> 
     </span>
    </p>
   </div>
   <div class='ocr_carea' id='block_1_8' title="bbox 363 770 1934 843">
    <p class='ocr_par' dir='ltr' id='par_1_8' title="bbox 363 770 1934 843">
     <span class='ocr_line' id='line_1_8' title="bbox 363 770 1934 843; baseline -0.006 -12"><span class='ocrx_word' id='word_1_47' title='bbox 363 779 511 832; x_wconf 89' lang='lat' dir='ltr'><strong>dare.</strong></span> <span class='ocrx_word' id='word_1_48' title='bbox 539 774 713 843; x_wconf 90' lang='lat' dir='ltr'><strong>Super</strong></span> <span class='ocrx_word' id='word_1_49' title='bbox 724 773 902 828; x_wconf 87' lang='lat' dir='ltr'><strong>omnia</strong></span> <span class='ocrx_word' id='word_1_50' title='bbox 924 772 1093 825; x_wconf 89' lang='lat' dir='ltr'><strong>Deum</strong></span> <span class='ocrx_word' id='word_1_51' title='bbox 1118 770 1389 835; x_wconf 89' lang='lat' dir='ltr'><strong>timentes,</strong></span> <span class='ocrx_word' id='word_1_52' title='bbox 1410 770 1549 823; x_wconf 84' lang='lat' dir='ltr'><strong>sicut</strong></span> <span class='ocrx_word' id='word_1_53' title='bbox 1572 770 1830 837; x_wconf 86' lang='lat' dir='ltr'><strong>scriptum</strong></span> <span class='ocrx_word' id='word_1_54' title='bbox 1850 775 1934 822; x_wconf 89' lang='lat' dir='ltr'><strong>est</strong></span> 
     </span>
    </p>
   </div>
   <div class='ocr_carea' id='block_1_9' title="bbox 365 855 1935 934">
    <p class='ocr_par' dir='ltr' id='par_1_9' title="bbox 365 855 1935 934">
     <span class='ocr_line' id='line_1_9' title="bbox 365 855 1935 934; baseline -0.006 -15"><span class='ocrx_word' id='word_1_55' title='bbox 365 867 419 919; x_wconf 91' lang='lat' dir='ltr'><strong>in</strong></span> <span class='ocrx_word' id='word_1_56' title='bbox 460 865 598 934; x_wconf 86' lang='lat' dir='ltr'><strong>lege,</strong></span> <span class='ocrx_word' id='word_1_57' title='bbox 633 863 929 932; x_wconf 88' lang='lat' dir='ltr'><strong>episcopos,</strong></span> <span class='ocrx_word' id='word_1_58' title='bbox 957 859 1336 929; x_wconf 87' lang='lat' dir='ltr'><strong>presbyteros,</strong></span> <span class='ocrx_word' id='word_1_59' title='bbox 1378 858 1633 913; x_wconf 88' lang='lat' dir='ltr'><strong>diaconos</strong></span> <span class='ocrx_word' id='word_1_60' title='bbox 1656 896 1671 921; x_wconf 92' lang='lat'><strong>,</strong></span> <span class='ocrx_word' id='word_1_61' title='bbox 1718 863 1774 909; x_wconf 90' lang='lat' dir='ltr'><strong>et</strong></span> <span class='ocrx_word' id='word_1_62' title='bbox 1810 855 1935 910; x_wconf 84' lang='lat' dir='ltr'><strong>reli-</strong></span> 
     </span>
    </p>
   </div>
   <div class='ocr_carea' id='block_1_10' title="bbox 364 946 1935 1021">
    <p class='ocr_par' dir='ltr' id='par_1_10' title="bbox 364 946 1935 1021">
     <span class='ocr_line' id='line_1_10' title="bbox 364 946 1935 1021; baseline -0.004 -15"><span class='ocrx_word' id='word_1_63' title='bbox 364 967 500 1021; x_wconf 90' lang='lat' dir='ltr'><strong>quos</strong></span> <span class='ocrx_word' id='word_1_64' title='bbox 545 950 791 1014; x_wconf 90' lang='lat' dir='ltr'><strong>comites,</strong></span> <span class='ocrx_word' id='word_1_65' title='bbox 818 947 1174 1010; x_wconf 70' lang='lat' dir='ltr'><strong>centenarias,</strong></span> <span class='ocrx_word' id='word_1_66' title='bbox 1200 946 1724 1016; x_wconf 81' lang='lat' dir='ltr'><strong>quinquagenarios,</strong></span> <span class='ocrx_word' id='word_1_67' title='bbox 1775 946 1935 1000; x_wconf 84' lang='lat' dir='ltr'><strong>deca—</strong></span> 
     </span>
    </p>
   </div>
   <div class='ocr_carea' id='block_1_11' title="bbox 365 1035 1936 1108">
    <p class='ocr_par' dir='ltr' id='par_1_11' title="bbox 365 1035 1936 1108">
     <span class='ocr_line' id='line_1_11' title="bbox 365 1035 1936 1108; baseline -0.005 -11"><span class='ocrx_word' id='word_1_68' title='bbox 365 1057 484 1108; x_wconf 85' lang='lat' dir='ltr'><strong>nos,</strong></span> <span class='ocrx_word' id='word_1_69' title='bbox 517 1049 574 1095; x_wconf 90' lang='lat' dir='ltr'><strong>et</strong></span> <span class='ocrx_word' id='word_1_70' title='bbox 599 1040 850 1108; x_wconf 91' lang='lat' dir='ltr'><strong>reliquos,</strong></span> <span class='ocrx_word' id='word_1_71' title='bbox 892 1052 1115 1092; x_wconf 90' lang='lat' dir='ltr'><strong>munera</strong></span> <span class='ocrx_word' id='word_1_72' title='bbox 1138 1051 1245 1091; x_wconf 83' lang='lat' dir='ltr'><strong>non</strong></span> <span class='ocrx_word' id='word_1_73' title='bbox 1275 1036 1617 1106; x_wconf 87' lang='lat' dir='ltr'><strong>accipientes,</strong></span> <span class='ocrx_word' id='word_1_74' title='bbox 1644 1043 1705 1089; x_wconf 90' lang='lat' dir='ltr'><strong>ut</strong></span> <span class='ocrx_word' id='word_1_75' title='bbox 1739 1035 1823 1090; x_wconf 94' lang='lat' dir='ltr'><strong>lex</strong></span> <span class='ocrx_word' id='word_1_76' title='bbox 1840 1036 1936 1090; x_wconf 90' lang='lat' dir='ltr'><strong>Dei</strong></span> 
     </span>
    </p>
   </div>
   <div class='ocr_carea' id='block_1_12' title="bbox 365 1124 1938 1195">
    <p class='ocr_par' dir='ltr' id='par_1_12' title="bbox 365 1124 1938 1195">
     <span class='ocr_line' id='line_1_12' title="bbox 365 1124 1938 1195; baseline -0.004 -9"><span class='ocrx_word' id='word_1_77' title='bbox 365 1133 790 1186; x_wconf 88' lang='lat' dir='ltr'><strong>destruatur....</strong></span> <span class='ocrx_word' id='word_1_78' title='bbox 813 1166 827 1179; x_wconf 93' lang='lat'><strong>.</strong></span> <span class='ocrx_word' id='word_1_79' title='bbox 875 1125 1135 1195; x_wconf 58' lang='lat' dir='ltr'><strong>pecunias,</strong></span> <span class='ocrx_word' id='word_1_80' title='bbox 1167 1125 1261 1180; x_wconf 87' lang='lat' dir='ltr'><strong>sed</strong></span> <span class='ocrx_word' id='word_1_81' title='bbox 1307 1132 1482 1179; x_wconf 88' lang='lat' dir='ltr'><strong>tecum</strong></span> <span class='ocrx_word' id='word_1_82' title='bbox 1535 1124 1712 1178; x_wconf 87' lang='lat' dir='ltr'><strong>omnia</strong></span> <span class='ocrx_word' id='word_1_83' title='bbox 1759 1124 1938 1193; x_wconf 91' lang='lat' dir='ltr'><strong>dispo-</strong></span> 
     </span>
    </p>
   </div>
   <div class='ocr_carea' id='block_1_13' title="bbox 365 1212 1938 1285">
    <p class='ocr_par' dir='ltr' id='par_1_13' title="bbox 365 1212 1938 1285">
     <span class='ocr_line' id='line_1_13' title="bbox 365 1212 1938 1285; baseline -0.002 -12"><span class='ocrx_word' id='word_1_84' title='bbox 365 1226 556 1274; x_wconf 81' lang='lat' dir='ltr'><strong>nentes</strong></span> <span class='ocrx_word' id='word_1_85' title='bbox 581 1218 639 1271; x_wconf 92' lang='lat' dir='ltr'><strong>in</strong></span> <span class='ocrx_word' id='word_1_86' title='bbox 663 1216 856 1270; x_wconf 88' lang='lat' dir='ltr'><strong>timore</strong></span> <span class='ocrx_word' id='word_1_87' title='bbox 867 1214 982 1280; x_wconf 85' lang='lat' dir='ltr'><strong>Dei,</strong></span> <span class='ocrx_word' id='word_1_88' title='bbox 1006 1213 1298 1270; x_wconf 88' lang='lat' dir='ltr'><strong>secundum</strong></span> <span class='ocrx_word' id='word_1_89' title='bbox 1315 1213 1505 1285; x_wconf 88' lang='lat' dir='ltr'><strong>legem.</strong></span> <span class='ocrx_word' id='word_1_90' title='bbox 1530 1212 1664 1280; x_wconf 82' lang='lat' dir='ltr'><strong>Quia</strong></span> <span class='ocrx_word' id='word_1_91' title='bbox 1681 1212 1938 1270; x_wconf 34' lang='lat' dir='ltr'><strong>non‘sunt</strong></span> 
     </span>
    </p>
   </div>
   <div class='ocr_carea' id='block_1_14' title="bbox 360 1304 1935 1377">
    <p class='ocr_par' dir='ltr' id='par_1_14' title="bbox 360 1304 1935 1377">
     <span class='ocr_line' id='line_1_14' title="bbox 360 1304 1935 1377; baseline -0.003 -13"><span class='ocrx_word' id='word_1_92' title='bbox 360 1322 554 1364; x_wconf 87' lang='lat' dir='ltr'><strong>omnes</strong></span> <span class='ocrx_word' id='word_1_93' title='bbox 573 1306 810 1377; x_wconf 90' lang='lat' dir='ltr'><strong>episcopi</strong></span> <span class='ocrx_word' id='word_1_94' title='bbox 852 1305 945 1376; x_wconf 89' lang='lat' dir='ltr'><strong>qui</strong></span> <span class='ocrx_word' id='word_1_95' title='bbox 980 1305 1227 1360; x_wconf 83' lang='lat' dir='ltr'><strong>dicuntur</strong></span> <span class='ocrx_word' id='word_1_96' title='bbox 1261 1304 1517 1374; x_wconf 89' lang='lat' dir='ltr'><strong>episcopi.</strong></span> <span class='ocrx_word' id='word_1_97' title='bbox 1548 1304 1641 1359; x_wconf 89' lang='lat' dir='ltr'><strong>Sic</strong></span> <span class='ocrx_word' id='word_1_98' title='bbox 1684 1306 1935 1368; x_wconf 86' lang='lat' dir='ltr'><strong>comites,</strong></span> 
     </span>
    </p>
   </div>
   <div class='ocr_carea' id='block_1_15' title="bbox 366 1394 1940 1467">
    <p class='ocr_par' dir='ltr' id='par_1_15' title="bbox 366 1394 1940 1467">
     <span class='ocr_line' id='line_1_15' title="bbox 366 1394 1940 1467; baseline -0.003 -13"><span class='ocrx_word' id='word_1_99' title='bbox 366 1400 446 1455; x_wconf 89' lang='lat' dir='ltr'><strong>sic</strong></span> <span class='ocrx_word' id='word_1_100' title='bbox 470 1406 527 1453; x_wconf 90' lang='lat' dir='ltr'><strong>et</strong></span> <span class='ocrx_word' id='word_1_101' title='bbox 551 1397 762 1467; x_wconf 88' lang='lat' dir='ltr'><strong>reliqui.</strong></span> <span class='ocrx_word' id='word_1_102' title='bbox 801 1395 864 1462; x_wconf 92' lang='grc' dir='ltr'><strong>Ο,</strong></span> <span class='ocrx_word' id='word_1_103' title='bbox 888 1412 941 1462; x_wconf 89' lang='lat' dir='ltr'><strong>o,</strong></span> <span class='ocrx_word' id='word_1_104' title='bbox 964 1411 1063 1462; x_wconf 83' lang='lat' dir='ltr'><strong>vae,</strong></span> <span class='ocrx_word' id='word_1_105' title='bbox 1092 1397 1198 1451; x_wconf 67' lang='lat' dir='ltr'><strong>vas!</strong></span> <span class='ocrx_word' id='word_1_106' title='bbox 1233 1394 1438 1450; x_wconf 89' lang='lat' dir='ltr'><strong>Paucas</strong></span> <span class='ocrx_word' id='word_1_107' title='bbox 1471 1395 1697 1450; x_wconf 90' lang='lat' dir='ltr'><strong>ﬁrmiter</strong></span> <span class='ocrx_word' id='word_1_108' title='bbox 1738 1396 1940 1451; x_wconf 93' lang='lat' dir='ltr'><strong>colum-</strong></span> 
     </span>
    </p>
   </div>
   <div class='ocr_carea' id='block_1_16' title="bbox 369 1486 1936 1556">
    <p class='ocr_par' dir='ltr' id='par_1_16' title="bbox 369 1486 1936 1556">
     <span class='ocr_line' id='line_1_16' title="bbox 369 1486 1936 1556; baseline -0.003 -11"><span class='ocrx_word' id='word_1_109' title='bbox 369 1507 486 1556; x_wconf 85' lang='lat' dir='ltr'><strong>nas,</strong></span> <span class='ocrx_word' id='word_1_110' title='bbox 517 1500 578 1545; x_wconf 90' lang='lat' dir='ltr'><strong>ut</strong></span> <span class='ocrx_word' id='word_1_111' title='bbox 626 1490 788 1543; x_wconf 84' lang='lat' dir='ltr'><strong>timeo</strong></span> <span class='ocrx_word' id='word_1_112' title='bbox 835 1496 1013 1542; x_wconf 89' lang='lat' dir='ltr'><strong>castra</strong></span> <span class='ocrx_word' id='word_1_113' title='bbox 1039 1487 1156 1552; x_wconf 90' lang='lat' dir='ltr'><strong>Dei,</strong></span> <span class='ocrx_word' id='word_1_114' title='bbox 1192 1494 1369 1542; x_wconf 90' lang='lat' dir='ltr'><strong>tecum</strong></span> <span class='ocrx_word' id='word_1_115' title='bbox 1398 1486 1564 1541; x_wconf 88' lang='lat' dir='ltr'><strong>habes</strong></span> <span class='ocrx_word' id='word_1_116' title='bbox 1612 1494 1936 1542; x_wconf 87' lang='lat' dir='ltr'><strong>sustentare.</strong></span> 
     </span>
    </p>
   </div>
   <div class='ocr_carea' id='block_1_17' title="bbox 372 1574 1940 1647">
    <p class='ocr_par' dir='ltr' id='par_1_17' title="bbox 372 1574 1940 1647">
     <span class='ocr_line' id='line_1_17' title="bbox 372 1574 1940 1647; baseline -0.001 -14"><span class='ocrx_word' id='word_1_117' title='bbox 372 1579 509 1633; x_wconf 91' lang='lat' dir='ltr'><strong>Sunt</strong></span> <span class='ocrx_word' id='word_1_118' title='bbox 535 1587 714 1633; x_wconf 89' lang='lat' dir='ltr'><strong>autem</strong></span> <span class='ocrx_word' id='word_1_119' title='bbox 736 1585 859 1633; x_wconf 90' lang='lat' dir='ltr'><strong>octo</strong></span> <span class='ocrx_word' id='word_1_120' title='bbox 881 1577 1142 1631; x_wconf 69' lang='lat' dir='ltr'><strong>columnae</strong></span> <span class='ocrx_word' id='word_1_121' title='bbox 1163 1576 1305 1645; x_wconf 88' lang='lat' dir='ltr'><strong>regis</strong></span> <span class='ocrx_word' id='word_1_122' title='bbox 1338 1574 1471 1643; x_wconf 86' lang='lat' dir='ltr'><strong>justi</strong></span> <span class='ocrx_word' id='word_1_123' title='bbox 1497 1576 1747 1647; x_wconf 84' lang='lat' dir='ltr'><strong>propriae.</strong></span> <span class='ocrx_word' id='word_1_124' title='bbox 1774 1576 1830 1629; x_wconf 90' lang='lat' dir='ltr'><strong>In</strong></span> <span class='ocrx_word' id='word_1_125' title='bbox 1856 1576 1940 1631; x_wconf 91' lang='lat' dir='ltr'><strong>his</strong></span> 
     </span>
    </p>
   </div>
   <div class='ocr_carea' id='block_1_18' title="bbox 371 1665 1941 1737">
    <p class='ocr_par' dir='ltr' id='par_1_18' title="bbox 371 1665 1941 1737">
     <span class='ocr_line' id='line_1_18' title="bbox 371 1665 1941 1737; baseline -0.001 -15"><span class='ocrx_word' id='word_1_126' title='bbox 371 1668 586 1722; x_wconf 91' lang='lat' dir='ltr'><strong>attende</strong></span> <span class='ocrx_word' id='word_1_127' title='bbox 615 1667 914 1736; x_wconf 82' lang='lat' dir='ltr'><strong>diligenter.</strong></span> <span class='ocrx_word' id='word_1_128' title='bbox 948 1665 1128 1719; x_wconf 90' lang='lat' dir='ltr'><strong>Prima</strong></span> <span class='ocrx_word' id='word_1_129' title='bbox 1156 1674 1259 1730; x_wconf 88' lang='lat' dir='ltr'><strong>est,</strong></span> <span class='ocrx_word' id='word_1_130' title='bbox 1281 1666 1483 1721; x_wconf 90' lang='lat' dir='ltr'><strong>veritas</strong></span> <span class='ocrx_word' id='word_1_131' title='bbox 1513 1666 1569 1719; x_wconf 91' lang='lat' dir='ltr'><strong>in</strong></span> <span class='ocrx_word' id='word_1_132' title='bbox 1593 1667 1753 1721; x_wconf 89' lang='lat' dir='ltr'><strong>rebus</strong></span> <span class='ocrx_word' id='word_1_133' title='bbox 1783 1680 1941 1737; x_wconf 85' lang='lat' dir='ltr'><strong>rega-</strong></span> 
     </span>
    </p>
   </div>
   <div class='ocr_carea' id='block_1_19' title="bbox 2029 484 3600 560">
    <p class='ocr_par' dir='ltr' id='par_1_19' title="bbox 2029 484 3600 560">
     <span class='ocr_line' id='line_1_19' title="bbox 2029 484 3600 560; baseline -0.002 -17"><span class='ocrx_word' id='word_1_134' title='bbox 2029 490 2317 560; x_wconf 87' lang='lat' dir='ltr'><strong>puuiantur</strong></span> <span class='ocrx_word' id='word_1_135' title='bbox 2337 502 2433 558; x_wconf 90' lang='lat' dir='ltr'><strong>per</strong></span> <span class='ocrx_word' id='word_1_136' title='bbox 2452 487 2645 559; x_wconf 77' lang='lat' dir='ltr'><strong>legem.</strong></span> <span class='ocrx_word' id='word_1_137' title='bbox 2677 484 2972 551; x_wconf 81' lang='lat' dir='ltr'><strong>Maleﬁcos,</strong></span> <span class='ocrx_word' id='word_1_138' title='bbox 2997 484 3283 550; x_wconf 88' lang='lat' dir='ltr'><strong>veneﬁcos,</strong></span> <span class='ocrx_word' id='word_1_139' title='bbox 3312 493 3600 556; x_wconf 79' lang='lat' dir='ltr'><strong>tempesta-</strong></span> 
     </span>
    </p>
   </div>
   <div class='ocr_carea' id='block_1_20' title="bbox 2030 573 3602 649">
    <p class='ocr_par' dir='ltr' id='par_1_20' title="bbox 2030 573 3602 649">
     <span class='ocr_line' id='line_1_20' title="bbox 2030 573 3602 649; baseline -0.001 -17"><span class='ocrx_word' id='word_1_140' title='bbox 2030 581 2158 645; x_wconf 90' lang='lat' dir='ltr'><strong>rios,</strong></span> <span class='ocrx_word' id='word_1_141' title='bbox 2184 578 2397 649; x_wconf 85' lang='lat' dir='ltr'><strong>strigas,</strong></span> <span class='ocrx_word' id='word_1_142' title='bbox 2423 576 2791 647; x_wconf 82' lang='lat' dir='ltr'><strong>pithonyssas,</strong></span> <span class='ocrx_word' id='word_1_143' title='bbox 2837 573 3001 641; x_wconf 88' lang='lat' dir='ltr'><strong>fures,</strong></span> <span class='ocrx_word' id='word_1_144' title='bbox 3026 575 3341 633; x_wconf 85' lang='lat' dir='ltr'><strong>homicidas.</strong></span> <span class='ocrx_word' id='word_1_145' title='bbox 3368 577 3602 633; x_wconf 88' lang='lat' dir='ltr'><strong>maxime</strong></span> 
     </span>
    </p>
   </div>
   <div class='ocr_carea' id='block_1_21' title="bbox 2031 666 3603 738">
    <p class='ocr_par' dir='ltr' id='par_1_21' title="bbox 2031 666 3603 738">
     <span class='ocr_line' id='line_1_21' title="bbox 2031 666 3603 738; baseline -0.002 -12"><span class='ocrx_word' id='word_1_146' title='bbox 2031 673 2086 726; x_wconf 91' lang='lat' dir='ltr'><strong>in</strong></span> <span class='ocrx_word' id='word_1_147' title='bbox 2123 671 2376 725; x_wconf 89' lang='lat' dir='ltr'><strong>Ecclesiis</strong></span> <span class='ocrx_word' id='word_1_148' title='bbox 2405 670 2533 724; x_wconf 92' lang='lat' dir='ltr'><strong>Dei.</strong></span> <span class='ocrx_word' id='word_1_149' title='bbox 2556 708 2571 722; x_wconf 94' lang='lat'><strong>.</strong></span> <span class='ocrx_word' id='word_1_150' title='bbox 2598 709 2612 723; x_wconf 93' lang='lat'><strong>.</strong></span> <span class='ocrx_word' id='word_1_151' title='bbox 2634 708 2647 721; x_wconf 94' lang='lat'><strong>.</strong></span> <span class='ocrx_word' id='word_1_152' title='bbox 2666 709 2679 722; x_wconf 92' lang='lat'><strong>.</strong></span> <span class='ocrx_word' id='word_1_153' title='bbox 2723 670 2873 732; x_wconf 91' lang='lat' dir='ltr'><strong>trias,</strong></span> <span class='ocrx_word' id='word_1_154' title='bbox 2913 669 3202 734; x_wconf 90' lang='lat' dir='ltr'><strong>adulteros,</strong></span> <span class='ocrx_word' id='word_1_155' title='bbox 3232 683 3477 738; x_wconf 84' lang='lat' dir='ltr'><strong>rapaces,</strong></span> <span class='ocrx_word' id='word_1_156' title='bbox 3504 666 3603 723; x_wconf 81' lang='lat' dir='ltr'><strong>fal-</strong></span> 
     </span>
    </p>
   </div>
   <div class='ocr_carea' id='block_1_22' title="bbox 2032 755 3603 827">
    <p class='ocr_par' dir='ltr' id='par_1_22' title="bbox 2032 755 3603 827">
     <span class='ocr_line' id='line_1_22' title="bbox 2032 755 3603 827; baseline -0.003 -13"><span class='ocrx_word' id='word_1_157' title='bbox 2032 760 2227 814; x_wconf 83' lang='lat' dir='ltr'><strong>sidicos</strong></span> <span class='ocrx_word' id='word_1_158' title='bbox 2248 759 2301 812; x_wconf 91' lang='lat' dir='ltr'><strong>in</strong></span> <span class='ocrx_word' id='word_1_159' title='bbox 2327 757 2555 827; x_wconf 89' lang='lat' dir='ltr'><strong>publico,</strong></span> <span class='ocrx_word' id='word_1_160' title='bbox 2585 756 2669 811; x_wconf 85' lang='lat' dir='ltr'><strong>vel</strong></span> <span class='ocrx_word' id='word_1_161' title='bbox 2691 757 2782 826; x_wconf 88' lang='lat' dir='ltr'><strong>qui</strong></span> <span class='ocrx_word' id='word_1_162' title='bbox 2805 756 3020 825; x_wconf 83' lang='lat' dir='ltr'><strong>rapiunt</strong></span> <span class='ocrx_word' id='word_1_163' title='bbox 3045 755 3380 812; x_wconf 87' lang='lat' dir='ltr'><strong>Christianos</strong></span> <span class='ocrx_word' id='word_1_164' title='bbox 3401 757 3455 810; x_wconf 92' lang='lat' dir='ltr'><strong>in</strong></span> <span class='ocrx_word' id='word_1_165' title='bbox 3476 772 3603 826; x_wconf 87' lang='lat' dir='ltr'><strong>gen-</strong></span> 
     </span>
    </p>
   </div>
   <div class='ocr_carea' id='block_1_23' title="bbox 2033 846 3606 919">
    <p class='ocr_par' dir='ltr' id='par_1_23' title="bbox 2033 846 3606 919">
     <span class='ocr_line' id='line_1_23' title="bbox 2033 846 3606 919; baseline -0.001 -15"><span class='ocrx_word' id='word_1_166' title='bbox 2033 850 2302 913; x_wconf 88' lang='lat' dir='ltr'><strong>tilitatem,</strong></span> <span class='ocrx_word' id='word_1_167' title='bbox 2328 846 2692 919; x_wconf 89' lang='lat' dir='ltr'><strong>perjuratores</strong></span> <span class='ocrx_word' id='word_1_168' title='bbox 2720 848 2955 902; x_wconf 80' lang='lat' dir='ltr'><strong>maxime</strong></span> <span class='ocrx_word' id='word_1_169' title='bbox 2999 848 3053 901; x_wconf 92' lang='lat' dir='ltr'><strong>in</strong></span> <span class='ocrx_word' id='word_1_170' title='bbox 3089 848 3327 903; x_wconf 87' lang='lat' dir='ltr'><strong>Ecclesia</strong></span> <span class='ocrx_word' id='word_1_171' title='bbox 3365 848 3499 915; x_wconf 94' lang='lat' dir='ltr'><strong>Dei,</strong></span> <span class='ocrx_word' id='word_1_172' title='bbox 3550 856 3606 904; x_wconf 91' lang='lat' dir='ltr'><strong>et</strong></span> 
     </span>
    </p>
   </div>
   <div class='ocr_carea' id='block_1_24' title="bbox 2035 937 3606 1008">
    <p class='ocr_par' dir='ltr' id='par_1_24' title="bbox 2035 937 3606 1008">
     <span class='ocr_line' id='line_1_24' title="bbox 2035 937 3606 1008; baseline -0.001 -14"><span class='ocrx_word' id='word_1_173' title='bbox 2035 939 2167 995; x_wconf 88' lang='lat' dir='ltr'><strong>falsa</strong></span> <span class='ocrx_word' id='word_1_174' title='bbox 2194 946 2426 994; x_wconf 89' lang='lat' dir='ltr'><strong>moneta.</strong></span> <span class='ocrx_word' id='word_1_175' title='bbox 2444 978 2484 991; x_wconf 93' lang='lat'><strong>..</strong></span> <span class='ocrx_word' id='word_1_176' title='bbox 2513 976 2527 991; x_wconf 93' lang='lat'><strong>.</strong></span> <span class='ocrx_word' id='word_1_177' title='bbox 2550 978 2565 991; x_wconf 95' lang='lat'><strong>.</strong></span> <span class='ocrx_word' id='word_1_178' title='bbox 2612 953 2717 993; x_wconf 88' lang='lat' dir='ltr'><strong>non</strong></span> <span class='ocrx_word' id='word_1_179' title='bbox 2748 937 3052 1002; x_wconf 88' lang='lat' dir='ltr'><strong>reddentes,</strong></span> <span class='ocrx_word' id='word_1_180' title='bbox 3080 937 3444 993; x_wconf 86' lang='lat' dir='ltr'><strong>Ecclesiarum</strong></span> <span class='ocrx_word' id='word_1_181' title='bbox 3482 953 3606 1008; x_wconf 90' lang='lat' dir='ltr'><strong>spo-</strong></span> 
     </span>
    </p>
   </div>
   <div class='ocr_carea' id='block_1_25' title="bbox 2035 1026 3606 1098">
    <p class='ocr_par' dir='ltr' id='par_1_25' title="bbox 2035 1026 3606 1098">
     <span class='ocr_line' id='line_1_25' title="bbox 2035 1026 3606 1098; baseline 0 -17"><span class='ocrx_word' id='word_1_182' title='bbox 2035 1029 2274 1094; x_wconf 91' lang='lat' dir='ltr'><strong>liatores,</strong></span> <span class='ocrx_word' id='word_1_183' title='bbox 2297 1027 2382 1081; x_wconf 89' lang='lat' dir='ltr'><strong>vel</strong></span> <span class='ocrx_word' id='word_1_184' title='bbox 2398 1036 2639 1098; x_wconf 81' lang='lat' dir='ltr'><strong>raptores</strong></span> <span class='ocrx_word' id='word_1_185' title='bbox 2655 1027 2955 1092; x_wconf 89' lang='lat' dir='ltr'><strong>viduarum,</strong></span> <span class='ocrx_word' id='word_1_186' title='bbox 2974 1026 3315 1097; x_wconf 79' lang='lat' dir='ltr'><strong>papillarum,</strong></span> <span class='ocrx_word' id='word_1_187' title='bbox 3338 1034 3392 1082; x_wconf 93' lang='lat' dir='ltr'><strong>et</strong></span> <span class='ocrx_word' id='word_1_188' title='bbox 3412 1027 3606 1097; x_wconf 89' lang='lat' dir='ltr'><strong>orpha-</strong></span> 
     </span>
    </p>
   </div>
   <div class='ocr_carea' id='block_1_26' title="bbox 2036 1116 3607 1186">
    <p class='ocr_par' dir='ltr' id='par_1_26' title="bbox 2036 1116 3607 1186">
     <span class='ocr_line' id='line_1_26' title="bbox 2036 1116 3607 1186; baseline 0.001 -14"><span class='ocrx_word' id='word_1_189' title='bbox 2036 1133 2252 1172; x_wconf 90' lang='lat' dir='ltr'><strong>norum.</strong></span> <span class='ocrx_word' id='word_1_190' title='bbox 2274 1157 2287 1170; x_wconf 93' lang='lat'><strong>.</strong></span> <span class='ocrx_word' id='word_1_191' title='bbox 2311 1158 2325 1170; x_wconf 97' lang='lat'><strong>.</strong></span> <span class='ocrx_word' id='word_1_192' title='bbox 2347 1158 2360 1170; x_wconf 94' lang='lat'><strong>.</strong></span> <span class='ocrx_word' id='word_1_193' title='bbox 2380 1157 2394 1171; x_wconf 92' lang='lat'><strong>.</strong></span> <span class='ocrx_word' id='word_1_194' title='bbox 2435 1116 2691 1185; x_wconf 88' lang='lat' dir='ltr'><strong>injuriam</strong></span> <span class='ocrx_word' id='word_1_195' title='bbox 2738 1116 3015 1181; x_wconf 83' lang='lat' dir='ltr'><strong>facientes,</strong></span> <span class='ocrx_word' id='word_1_196' title='bbox 3067 1124 3119 1170; x_wconf 88' lang='lat' dir='ltr'><strong>et</strong></span> <span class='ocrx_word' id='word_1_197' title='bbox 3146 1124 3389 1186; x_wconf 86' lang='lat' dir='ltr'><strong>raptores</strong></span> <span class='ocrx_word' id='word_1_198' title='bbox 3419 1116 3607 1173; x_wconf 90' lang='lat' dir='ltr'><strong>vidua-</strong></span> 
     </span>
    </p>
   </div>
   <div class='ocr_carea' id='block_1_27' title="bbox 2038 1205 3602 1276">
    <p class='ocr_par' dir='ltr' id='par_1_27' title="bbox 2038 1205 3602 1276">
     <span class='ocr_line' id='line_1_27' title="bbox 2038 1205 3602 1276; baseline -0.001 -13"><span class='ocrx_word' id='word_1_199' title='bbox 2038 1223 2159 1263; x_wconf 87' lang='lat' dir='ltr'><strong>rum</strong></span> <span class='ocrx_word' id='word_1_200' title='bbox 2184 1248 2199 1273; x_wconf 94' lang='lat'><strong>,</strong></span> <span class='ocrx_word' id='word_1_201' title='bbox 2249 1208 2335 1262; x_wconf 87' lang='lat' dir='ltr'><strong>vel</strong></span> <span class='ocrx_word' id='word_1_202' title='bbox 2355 1208 2621 1276; x_wconf 78' lang='lat' dir='ltr'><strong>virginum</strong></span> <span class='ocrx_word' id='word_1_203' title='bbox 2651 1247 2665 1270; x_wconf 93' lang='lat'><strong>,</strong></span> <span class='ocrx_word' id='word_1_204' title='bbox 2721 1215 2778 1261; x_wconf 88' lang='lat' dir='ltr'><strong>et</strong></span> <span class='ocrx_word' id='word_1_205' title='bbox 2832 1205 3315 1261; x_wconf 80' lang='lat' dir='ltr'><strong>sanctimonialium</strong></span> <span class='ocrx_word' id='word_1_206' title='bbox 3341 1246 3354 1259; x_wconf 95' lang='lat'><strong>.</strong></span> <span class='ocrx_word' id='word_1_207' title='bbox 3382 1244 3397 1260; x_wconf 93' lang='lat'><strong>.</strong></span> <span class='ocrx_word' id='word_1_208' title='bbox 3415 1245 3430 1260; x_wconf 94' lang='lat'><strong>.</strong></span> <span class='ocrx_word' id='word_1_209' title='bbox 3449 1247 3463 1260; x_wconf 94' lang='lat'><strong>.</strong></span> <span class='ocrx_word' id='word_1_210' title='bbox 3482 1245 3497 1259; x_wconf 93' lang='lat'><strong>.</strong></span> <span class='ocrx_word' id='word_1_211' title='bbox 3522 1246 3536 1261; x_wconf 92' lang='lat'><strong>.</strong></span> <span class='ocrx_word' id='word_1_212' title='bbox 3554 1246 3569 1261; x_wconf 95' lang='lat'><strong>.</strong></span> <span class='ocrx_word' id='word_1_213' title='bbox 3589 1247 3602 1260; x_wconf 92' lang='lat'><strong>.</strong></span> 
     </span>
    </p>
   </div>
   <div class='ocr_carea' id='block_1_28' title="bbox 2038 1295 3605 1367">
    <p class='ocr_par' dir='ltr' id='par_1_28' title="bbox 2038 1295 3605 1367">
     <span class='ocr_line' id='line_1_28' title="bbox 2038 1295 3605 1367; baseline 0 -15"><span class='ocrx_word' id='word_1_214' title='bbox 2038 1307 2094 1352; x_wconf 84' lang='lat' dir='ltr'><strong>et</strong></span> <span class='ocrx_word' id='word_1_215' title='bbox 2134 1298 2313 1353; x_wconf 88' lang='lat' dir='ltr'><strong>omnia</strong></span> <span class='ocrx_word' id='word_1_216' title='bbox 2361 1298 2585 1352; x_wconf 88' lang='lat' dir='ltr'><strong>incesta.</strong></span> <span class='ocrx_word' id='word_1_217' title='bbox 2644 1295 2770 1350; x_wconf 82' lang='lat' dir='ltr'><strong>Haec</strong></span> <span class='ocrx_word' id='word_1_218' title='bbox 2808 1304 2863 1350; x_wconf 90' lang='lat' dir='ltr'><strong>et</strong></span> <span class='ocrx_word' id='word_1_219' title='bbox 2919 1296 3004 1353; x_wconf 90' lang='lat' dir='ltr'><strong>his</strong></span> <span class='ocrx_word' id='word_1_220' title='bbox 3076 1296 3269 1351; x_wconf 88' lang='lat' dir='ltr'><strong>similia</strong></span> <span class='ocrx_word' id='word_1_221' title='bbox 3332 1296 3605 1367; x_wconf 82' lang='lat' dir='ltr'><strong>corrigere</strong></span> 
     </span>
    </p>
   </div>
   <div class='ocr_carea' id='block_1_29' title="bbox 2040 1385 3607 1458">
    <p class='ocr_par' dir='ltr' id='par_1_29' title="bbox 2040 1385 3607 1458">
     <span class='ocr_line' id='line_1_29' title="bbox 2040 1385 3607 1458; baseline 0.001 -16"><span class='ocrx_word' id='word_1_222' title='bbox 2040 1390 2126 1445; x_wconf 86' lang='lat' dir='ltr'><strong>vel</strong></span> <span class='ocrx_word' id='word_1_223' title='bbox 2171 1390 2425 1444; x_wconf 89' lang='lat' dir='ltr'><strong>damnare</strong></span> <span class='ocrx_word' id='word_1_224' title='bbox 2447 1429 2462 1454; x_wconf 89' lang='lat'><strong>,</strong></span> <span class='ocrx_word' id='word_1_225' title='bbox 2508 1403 2606 1458; x_wconf 90' lang='lat' dir='ltr'><strong>pro</strong></span> <span class='ocrx_word' id='word_1_226' title='bbox 2654 1386 2902 1441; x_wconf 71' lang='lat' dir='ltr'><strong>vindicta:</strong></span> <span class='ocrx_word' id='word_1_227' title='bbox 2953 1386 3107 1457; x_wconf 84' lang='lat' dir='ltr'><strong>legis.</strong></span> <span class='ocrx_word' id='word_1_228' title='bbox 3131 1425 3145 1439; x_wconf 93' lang='lat'><strong>.</strong></span> <span class='ocrx_word' id='word_1_229' title='bbox 3166 1427 3179 1439; x_wconf 94' lang='lat'><strong>.</strong></span> <span class='ocrx_word' id='word_1_230' title='bbox 3199 1426 3215 1442; x_wconf 94' lang='lat'><strong>.</strong></span> <span class='ocrx_word' id='word_1_231' title='bbox 3237 1426 3250 1439; x_wconf 94' lang='lat'><strong>.</strong></span> <span class='ocrx_word' id='word_1_232' title='bbox 3274 1426 3287 1441; x_wconf 90' lang='lat'><strong>.</strong></span> <span class='ocrx_word' id='word_1_233' title='bbox 3311 1426 3323 1439; x_wconf 99' lang='lat'><strong>.</strong></span> <span class='ocrx_word' id='word_1_234' title='bbox 3343 1424 3358 1440; x_wconf 93' lang='lat'><strong>.</strong></span> <span class='ocrx_word' id='word_1_235' title='bbox 3378 1426 3391 1439; x_wconf 94' lang='lat'><strong>.</strong></span> <span class='ocrx_word' id='word_1_236' title='bbox 3413 1426 3425 1440; x_wconf 93' lang='lat'><strong>.</strong></span> <span class='ocrx_word' id='word_1_237' title='bbox 3448 1426 3462 1441; x_wconf 93' lang='lat'><strong>.</strong></span> <span class='ocrx_word' id='word_1_238' title='bbox 3498 1385 3607 1443; x_wconf 82' lang='lat' dir='ltr'><strong>Ad-</strong></span> 
     </span>
    </p>
   </div>
   <div class='ocr_carea' id='block_1_30' title="bbox 2041 1478 3611 1545">
    <p class='ocr_par' dir='ltr' id='par_1_30' title="bbox 2041 1478 3611 1545">
     <span class='ocr_line' id='line_1_30' title="bbox 2041 1478 3611 1545; baseline -0.003 -8"><span class='ocrx_word' id='word_1_239' title='bbox 2041 1482 2287 1537; x_wconf 91' lang='lat' dir='ltr'><strong>minister</strong></span> <span class='ocrx_word' id='word_1_240' title='bbox 2347 1480 2441 1536; x_wconf 88' lang='lat' dir='ltr'><strong>Dei</strong></span> <span class='ocrx_word' id='word_1_241' title='bbox 2492 1495 2552 1534; x_wconf 91' lang='lat' dir='ltr'><strong>es</strong></span> <span class='ocrx_word' id='word_1_242' title='bbox 2600 1479 2653 1532; x_wconf 92' lang='lat' dir='ltr'><strong>in</strong></span> <span class='ocrx_word' id='word_1_243' title='bbox 2709 1479 2794 1533; x_wconf 89' lang='lat' dir='ltr'><strong>his</strong></span> <span class='ocrx_word' id='word_1_244' title='bbox 2850 1478 3099 1533; x_wconf 90' lang='lat' dir='ltr'><strong>omnibus</strong></span> <span class='ocrx_word' id='word_1_245' title='bbox 3153 1487 3209 1532; x_wconf 89' lang='lat' dir='ltr'><strong>et</strong></span> <span class='ocrx_word' id='word_1_246' title='bbox 3261 1478 3493 1545; x_wconf 81' lang='lat' dir='ltr'><strong>vindex,</strong></span> <span class='ocrx_word' id='word_1_247' title='bbox 3555 1487 3611 1533; x_wconf 93' lang='lat' dir='ltr'><strong>et</strong></span> 
     </span>
    </p>
   </div>
   <div class='ocr_carea' id='block_1_31' title="bbox 2042 1566 3610 1637">
    <p class='ocr_par' dir='ltr' id='par_1_31' title="bbox 2042 1566 3610 1637">
     <span class='ocr_line' id='line_1_31' title="bbox 2042 1566 3610 1637; baseline -0.003 -11"><span class='ocrx_word' id='word_1_248' title='bbox 2042 1572 2141 1627; x_wconf 89' lang='lat' dir='ltr'><strong>rel.</strong></span> <span class='ocrx_word' id='word_1_249' title='bbox 2168 1612 2180 1625; x_wconf 93' lang='lat'><strong>.</strong></span> <span class='ocrx_word' id='word_1_250' title='bbox 2203 1611 2216 1624; x_wconf 93' lang='lat'><strong>.</strong></span> <span class='ocrx_word' id='word_1_251' title='bbox 2239 1611 2252 1624; x_wconf 94' lang='lat'><strong>.</strong></span> <span class='ocrx_word' id='word_1_252' title='bbox 2272 1611 2284 1624; x_wconf 93' lang='lat'><strong>.</strong></span> <span class='ocrx_word' id='word_1_253' title='bbox 2306 1611 2318 1623; x_wconf 95' lang='lat'><strong>.</strong></span> <span class='ocrx_word' id='word_1_254' title='bbox 2338 1610 2351 1623; x_wconf 93' lang='lat'><strong>.</strong></span> <span class='ocrx_word' id='word_1_255' title='bbox 2396 1579 2451 1624; x_wconf 89' lang='lat' dir='ltr'><strong>et</strong></span> <span class='ocrx_word' id='word_1_256' title='bbox 2470 1569 2616 1623; x_wconf 89' lang='lat' dir='ltr'><strong>illum</strong></span> <span class='ocrx_word' id='word_1_257' title='bbox 2654 1566 2833 1621; x_wconf 88' lang='lat' dir='ltr'><strong>exalta</strong></span> <span class='ocrx_word' id='word_1_258' title='bbox 2854 1566 2907 1619; x_wconf 92' lang='lat' dir='ltr'><strong>in</strong></span> <span class='ocrx_word' id='word_1_259' title='bbox 2933 1566 3019 1620; x_wconf 86' lang='lat' dir='ltr'><strong>his</strong></span> <span class='ocrx_word' id='word_1_260' title='bbox 3050 1567 3299 1621; x_wconf 90' lang='lat' dir='ltr'><strong>omnibus</strong></span> <span class='ocrx_word' id='word_1_261' title='bbox 3339 1567 3610 1637; x_wconf 84' lang='lat' dir='ltr'><strong>praedictis</strong></span> 
     </span>
    </p>
   </div>
   <div class='ocr_carea' id='block_1_32' title="bbox 2041 1655 3632 1728">
    <p class='ocr_par' dir='ltr' id='par_1_32' title="bbox 2041 1655 3632 1728">
     <span class='ocr_line' id='line_1_32' title="bbox 2041 1655 3632 1728; baseline -0.003 -12"><span class='ocrx_word' id='word_1_262' title='bbox 2041 1663 2096 1717; x_wconf 92' lang='lat' dir='ltr'><strong>in</strong></span> <span class='ocrx_word' id='word_1_263' title='bbox 2110 1662 2286 1727; x_wconf 87' lang='lat' dir='ltr'><strong>laude,</strong></span> <span class='ocrx_word' id='word_1_264' title='bbox 2314 1659 2455 1728; x_wconf 88' lang='lat' dir='ltr'><strong>quod</strong></span> <span class='ocrx_word' id='word_1_265' title='bbox 2497 1659 2611 1727; x_wconf 88' lang='lat' dir='ltr'><strong>ipse</strong></span> <span class='ocrx_word' id='word_1_266' title='bbox 2638 1663 2692 1711; x_wconf 89' lang='lat' dir='ltr'><strong>te</strong></span> <span class='ocrx_word' id='word_1_267' title='bbox 2714 1655 3006 1710; x_wconf 87' lang='lat' dir='ltr'><strong>honoriﬁce</strong></span> <span class='ocrx_word' id='word_1_268' title='bbox 3030 1670 3193 1725; x_wconf 89' lang='lat' dir='ltr'><strong>super</strong></span> <span class='ocrx_word' id='word_1_269' title='bbox 3228 1670 3418 1711; x_wconf 93' lang='lat' dir='ltr'><strong>omnes</strong></span> <span class='ocrx_word' id='word_1_270' title='bbox 3461 1665 3632 1711; x_wconf 53' lang='lat' dir='ltr'><strong>antec-</strong></span> 
     </span>
    </p>
   </div>
   <div class='ocr_carea' id='block_1_33' title="bbox 370 1744 3612 1828">
    <p class='ocr_par' dir='ltr' id='par_1_33' title="bbox 370 1744 3612 1828">
     <span class='ocr_line' id='line_1_33' title="bbox 370 1744 3612 1828; baseline -0.004 -17"><span class='ocrx_word' id='word_1_271' title='bbox 370 1760 528 1814; x_wconf 89' lang='lat' dir='ltr'><strong>libus.</strong></span> <span class='ocrx_word' id='word_1_272' title='bbox 573 1757 835 1821; x_wconf 83' lang='lat' dir='ltr'><strong>Secunda,</strong></span> <span class='ocrx_word' id='word_1_273' title='bbox 862 1758 1118 1826; x_wconf 87' lang='lat' dir='ltr'><strong>patientia</strong></span> <span class='ocrx_word' id='word_1_274' title='bbox 1159 1758 1213 1811; x_wconf 91' lang='lat' dir='ltr'><strong>in</strong></span> <span class='ocrx_word' id='word_1_275' title='bbox 1243 1757 1389 1811; x_wconf 91' lang='lat' dir='ltr'><strong>omni</strong></span> <span class='ocrx_word' id='word_1_276' title='bbox 1437 1758 1667 1828; x_wconf 86' lang='lat' dir='ltr'><strong>negotio.</strong></span> <span class='ocrx_word' id='word_1_277' title='bbox 1716 1758 1899 1814; x_wconf 87' lang='lat' dir='ltr'><strong>Tertia</strong></span> <span class='ocrx_word' id='word_1_278' title='bbox 1922 1800 1937 1824; x_wconf 98' lang='lat'><strong>,</strong></span> <span class='ocrx_word' id='word_1_279' title='bbox 1972 1752 2017 1811; x_wconf 87' lang='grc' dir='ltr'><strong><em>Β</em></strong></span> <span class='ocrx_word' id='word_1_280' title='bbox 2041 1766 2283 1806; x_wconf 87' lang='lat' dir='ltr'><strong>cessores</strong></span> <span class='ocrx_word' id='word_1_281' title='bbox 2313 1757 2433 1803; x_wconf 91' lang='lat' dir='ltr'><strong>tuos</strong></span> <span class='ocrx_word' id='word_1_282' title='bbox 2459 1747 2634 1817; x_wconf 90' lang='lat' dir='ltr'><strong>gentis</strong></span> <span class='ocrx_word' id='word_1_283' title='bbox 2662 1754 2766 1800; x_wconf 72' lang='lat' dir='ltr'><strong>tua:</strong></span> <span class='ocrx_word' id='word_1_284' title='bbox 2778 1745 3037 1808; x_wconf 87' lang='lat' dir='ltr'><strong>exaltans,</strong></span> <span class='ocrx_word' id='word_1_285' title='bbox 3067 1744 3222 1813; x_wconf 83' lang='lat' dir='ltr'><strong>juxta</strong></span> <span class='ocrx_word' id='word_1_286' title='bbox 3250 1745 3379 1800; x_wconf 91' lang='lat' dir='ltr'><strong>illud</strong></span> <span class='ocrx_word' id='word_1_287' title='bbox 3405 1763 3418 1799; x_wconf 92' lang='lat'><strong>:</strong></span> <span class='ocrx_word' id='word_1_288' title='bbox 3446 1745 3612 1800; x_wconf 72' lang='lat' dir='ltr'><strong>Exol-</strong></span> 
     </span>
    </p>
   </div>
   <div class='ocr_carea' id='block_1_34' title="bbox 369 1847 1941 1918">
    <p class='ocr_par' dir='ltr' id='par_1_34' title="bbox 369 1847 1941 1918">
     <span class='ocr_line' id='line_1_34' title="bbox 369 1847 1941 1918; baseline 0.003 -17"><span class='ocrx_word' id='word_1_289' title='bbox 369 1848 590 1918; x_wconf 86' lang='lat' dir='ltr'><strong>largitas</strong></span> <span class='ocrx_word' id='word_1_290' title='bbox 618 1849 671 1902; x_wconf 91' lang='lat' dir='ltr'><strong>in</strong></span> <span class='ocrx_word' id='word_1_291' title='bbox 701 1848 1028 1903; x_wconf 89' lang='lat' dir='ltr'><strong>muneribus.</strong></span> <span class='ocrx_word' id='word_1_292' title='bbox 1057 1847 1278 1914; x_wconf 84' lang='lat' dir='ltr'><strong>Quarta,</strong></span> <span class='ocrx_word' id='word_1_293' title='bbox 1305 1848 1729 1918; x_wconf 90' lang='lat' dir='ltr'><strong>persuasibilitas</strong></span> <span class='ocrx_word' id='word_1_294' title='bbox 1750 1850 1806 1905; x_wconf 92' lang='lat' dir='ltr'><strong>in</strong></span> <span class='ocrx_word' id='word_1_295' title='bbox 1822 1866 1941 1905; x_wconf 88' lang='lat' dir='ltr'><strong>ver-</strong></span> 
     </span>
    </p>
   </div>
   <div class='ocr_carea' id='block_1_35' title="bbox 368 1936 1938 2006">
    <p class='ocr_par' dir='ltr' id='par_1_35' title="bbox 368 1936 1938 2006">
     <span class='ocr_line' id='line_1_35' title="bbox 368 1936 1938 2006; baseline 0.002 -14"><span class='ocrx_word' id='word_1_296' title='bbox 368 1937 473 1992; x_wconf 91' lang='lat' dir='ltr'><strong>bis.</strong></span> <span class='ocrx_word' id='word_1_297' title='bbox 505 1936 720 2005; x_wconf 83' lang='lat' dir='ltr'><strong>Quinta,</strong></span> <span class='ocrx_word' id='word_1_298' title='bbox 739 1937 1004 1991; x_wconf 87' lang='lat' dir='ltr'><strong>malorum</strong></span> <span class='ocrx_word' id='word_1_299' title='bbox 1026 1938 1295 2006; x_wconf 90' lang='lat' dir='ltr'><strong>correptio</strong></span> <span class='ocrx_word' id='word_1_300' title='bbox 1315 1946 1370 1993; x_wconf 89' lang='lat' dir='ltr'><strong>et</strong></span> <span class='ocrx_word' id='word_1_301' title='bbox 1388 1939 1721 1994; x_wconf 88' lang='lat' dir='ltr'><strong>constrictio.</strong></span> <span class='ocrx_word' id='word_1_302' title='bbox 1755 1939 1938 2005; x_wconf 85' lang='lat' dir='ltr'><strong>Sexta,</strong></span> 
     </span>
    </p>
   </div>
   <div class='ocr_carea' id='block_1_36' title="bbox 368 2027 1944 2098">
    <p class='ocr_par' dir='ltr' id='par_1_36' title="bbox 368 2027 1944 2098">
     <span class='ocr_line' id='line_1_36' title="bbox 368 2027 1944 2098; baseline -0.001 -14"><span class='ocrx_word' id='word_1_303' title='bbox 368 2027 630 2084; x_wconf 88' lang='lat' dir='ltr'><strong>bonorum</strong></span> <span class='ocrx_word' id='word_1_304' title='bbox 656 2028 883 2082; x_wconf 87' lang='lat' dir='ltr'><strong>elevatio</strong></span> <span class='ocrx_word' id='word_1_305' title='bbox 918 2037 972 2083; x_wconf 93' lang='lat' dir='ltr'><strong>et</strong></span> <span class='ocrx_word' id='word_1_306' title='bbox 997 2028 1271 2084; x_wconf 85' lang='lat' dir='ltr'><strong>exaltatio.</strong></span> <span class='ocrx_word' id='word_1_307' title='bbox 1300 2028 1540 2098; x_wconf 89' lang='lat' dir='ltr'><strong>Septima</strong></span> <span class='ocrx_word' id='word_1_308' title='bbox 1562 2069 1578 2091; x_wconf 87' lang='lat'><strong>.</strong></span> <span class='ocrx_word' id='word_1_309' title='bbox 1636 2029 1826 2084; x_wconf 88' lang='lat' dir='ltr'><strong>levitas</strong></span> <span class='ocrx_word' id='word_1_310' title='bbox 1847 2031 1944 2083; x_wconf 49' lang='lat' dir='ltr'><strong>tria</strong></span> 
     </span>
    </p>
   </div>
   <div class='ocr_carea' id='block_1_37' title="bbox 369 2116 1942 2189">
    <p class='ocr_par' dir='ltr' id='par_1_37' title="bbox 369 2116 1942 2189">
     <span class='ocr_line' id='line_1_37' title="bbox 369 2116 1942 2189; baseline 0 -15"><span class='ocrx_word' id='word_1_311' title='bbox 369 2120 485 2176; x_wconf 91' lang='lat' dir='ltr'><strong>buti</strong></span> <span class='ocrx_word' id='word_1_312' title='bbox 508 2120 561 2173; x_wconf 88' lang='lat' dir='ltr'><strong>in</strong></span> <span class='ocrx_word' id='word_1_313' title='bbox 591 2120 808 2189; x_wconf 89' lang='lat' dir='ltr'><strong>populo.</strong></span> <span class='ocrx_word' id='word_1_314' title='bbox 836 2116 1054 2181; x_wconf 89' lang='lat' dir='ltr'><strong>Octava,</strong></span> <span class='ocrx_word' id='word_1_315' title='bbox 1081 2118 1306 2186; x_wconf 66' lang='lat' dir='ltr'><strong>aequitas</strong></span> <span class='ocrx_word' id='word_1_316' title='bbox 1321 2117 1508 2185; x_wconf 89' lang='lat' dir='ltr'><strong>judicii</strong></span> <span class='ocrx_word' id='word_1_317' title='bbox 1538 2118 1682 2172; x_wconf 91' lang='lat' dir='ltr'><strong>inter</strong></span> <span class='ocrx_word' id='word_1_318' title='bbox 1722 2119 1942 2174; x_wconf 88' lang='lat' dir='ltr'><strong>divitem</strong></span> 
     </span>
    </p>
   </div>
   <div class='ocr_carea' id='block_1_38' title="bbox 368 2207 1943 2279">
    <p class='ocr_par' dir='ltr' id='par_1_38' title="bbox 368 2207 1943 2279">
     <span class='ocr_line' id='line_1_38' title="bbox 368 2207 1943 2279; baseline -0.001 -13"><span class='ocrx_word' id='word_1_319' title='bbox 368 2219 425 2266; x_wconf 89' lang='lat' dir='ltr'><strong>et</strong></span> <span class='ocrx_word' id='word_1_320' title='bbox 440 2224 748 2279; x_wconf 86' lang='lat' dir='ltr'><strong>pauperem.</strong></span> <span class='ocrx_word' id='word_1_321' title='bbox 786 2209 893 2264; x_wconf 81' lang='lat' dir='ltr'><strong>Has</strong></span> <span class='ocrx_word' id='word_1_322' title='bbox 918 2223 1046 2278; x_wconf 85' lang='lat' dir='ltr'><strong>ergo</strong></span> <span class='ocrx_word' id='word_1_323' title='bbox 1069 2217 1194 2263; x_wconf 90' lang='lat' dir='ltr'><strong>octo</strong></span> <span class='ocrx_word' id='word_1_324' title='bbox 1218 2207 1495 2263; x_wconf 82' lang='lat' dir='ltr'><strong>columnas</strong></span> <span class='ocrx_word' id='word_1_325' title='bbox 1517 2208 1560 2263; x_wconf 88' lang='lat' dir='ltr'><strong>si</strong></span> <span class='ocrx_word' id='word_1_326' title='bbox 1589 2209 1786 2263; x_wconf 82' lang='lat' dir='ltr'><strong>obnixe</strong></span> <span class='ocrx_word' id='word_1_327' title='bbox 1824 2224 1943 2265; x_wconf 89' lang='lat' dir='ltr'><strong>ser-</strong></span> 
     </span>
    </p>
   </div>
   <div class='ocr_carea' id='block_1_39' title="bbox 370 2298 1945 2369">
    <p class='ocr_par' dir='ltr' id='par_1_39' title="bbox 370 2298 1945 2369">
     <span class='ocr_line' id='line_1_39' title="bbox 370 2298 1945 2369; baseline 0 -15"><span class='ocrx_word' id='word_1_328' title='bbox 370 2316 484 2366; x_wconf 88' lang='lat' dir='ltr'><strong>vas,</strong></span> <span class='ocrx_word' id='word_1_329' title='bbox 511 2300 619 2355; x_wconf 77' lang='lat' dir='ltr'><strong>eris</strong></span> <span class='ocrx_word' id='word_1_330' title='bbox 642 2306 769 2354; x_wconf 91' lang='lat' dir='ltr'><strong>tunc</strong></span> <span class='ocrx_word' id='word_1_331' title='bbox 789 2314 903 2363; x_wconf 90' lang='lat' dir='ltr'><strong>rex,</strong></span> <span class='ocrx_word' id='word_1_332' title='bbox 930 2300 1072 2368; x_wconf 90' lang='lat' dir='ltr'><strong>quod</strong></span> <span class='ocrx_word' id='word_1_333' title='bbox 1120 2313 1215 2353; x_wconf 91' lang='lat' dir='ltr'><strong>rex</strong></span> <span class='ocrx_word' id='word_1_334' title='bbox 1236 2298 1433 2353; x_wconf 90' lang='lat' dir='ltr'><strong>dicitur</strong></span> <span class='ocrx_word' id='word_1_335' title='bbox 1457 2313 1489 2352; x_wconf 88' lang='lat' dir='ltr'><strong>a</strong></span> <span class='ocrx_word' id='word_1_336' title='bbox 1524 2299 1777 2369; x_wconf 84' lang='lat' dir='ltr'><strong>regendo,</strong></span> <span class='ocrx_word' id='word_1_337' title='bbox 1805 2299 1945 2354; x_wconf 89' lang='lat' dir='ltr'><strong>sicut</strong></span> 
     </span>
    </p>
   </div>
   <div class='ocr_carea' id='block_1_40' title="bbox 371 2389 1945 2461">
    <p class='ocr_par' dir='ltr' id='par_1_40' title="bbox 371 2389 1945 2461">
     <span class='ocr_line' id='line_1_40' title="bbox 371 2389 1945 2461; baseline -0.002 -15"><span class='ocrx_word' id='word_1_338' title='bbox 371 2405 593 2461; x_wconf 89' lang='lat' dir='ltr'><strong>regnum</strong></span> <span class='ocrx_word' id='word_1_339' title='bbox 617 2405 649 2443; x_wconf 89' lang='lat' dir='ltr'><strong>a</strong></span> <span class='ocrx_word' id='word_1_340' title='bbox 671 2390 904 2459; x_wconf 77' lang='lat' dir='ltr'><strong>regibus,</strong></span> <span class='ocrx_word' id='word_1_341' title='bbox 939 2397 995 2444; x_wconf 89' lang='lat' dir='ltr'><strong>et</strong></span> <span class='ocrx_word' id='word_1_342' title='bbox 1022 2404 1245 2459; x_wconf 81' lang='lat' dir='ltr'><strong>regnum</strong></span> <span class='ocrx_word' id='word_1_343' title='bbox 1290 2396 1440 2443; x_wconf 89' lang='lat' dir='ltr'><strong>tuum</strong></span> <span class='ocrx_word' id='word_1_344' title='bbox 1462 2389 1566 2443; x_wconf 89' lang='lat' dir='ltr'><strong>erit</strong></span> <span class='ocrx_word' id='word_1_345' title='bbox 1605 2389 1945 2444; x_wconf 89' lang='lat' dir='ltr'><strong>benedictum</strong></span> 
     </span>
    </p>
   </div>
   <div class='ocr_carea' id='block_1_41' title="bbox 370 2478 1947 2545">
    <p class='ocr_par' dir='ltr' id='par_1_41' title="bbox 370 2478 1947 2545">
     <span class='ocr_line' id='line_1_41' title="bbox 370 2478 1947 2545; baseline -0.002 -8"><span class='ocrx_word' id='word_1_346' title='bbox 370 2497 497 2537; x_wconf 87' lang='lat' dir='ltr'><strong>cum</strong></span> <span class='ocrx_word' id='word_1_347' title='bbox 522 2481 708 2536; x_wconf 87' lang='lat' dir='ltr'><strong>diebus</strong></span> <span class='ocrx_word' id='word_1_348' title='bbox 738 2480 863 2545; x_wconf 89' lang='lat' dir='ltr'><strong>tuis,</strong></span> <span class='ocrx_word' id='word_1_349' title='bbox 897 2495 1020 2535; x_wconf 91' lang='lat' dir='ltr'><strong>cum</strong></span> <span class='ocrx_word' id='word_1_350' title='bbox 1067 2495 1234 2534; x_wconf 87' lang='lat' dir='ltr'><strong>uxore</strong></span> <span class='ocrx_word' id='word_1_351' title='bbox 1271 2486 1326 2533; x_wconf 91' lang='lat' dir='ltr'><strong>et</strong></span> <span class='ocrx_word' id='word_1_352' title='bbox 1373 2478 1516 2533; x_wconf 88' lang='lat' dir='ltr'><strong>ﬁliis.</strong></span> <span class='ocrx_word' id='word_1_353' title='bbox 1569 2478 1637 2534; x_wconf 88' lang='lat' dir='ltr'><strong>Et</strong></span> <span class='ocrx_word' id='word_1_354' title='bbox 1672 2486 1798 2533; x_wconf 88' lang='lat' dir='ltr'><strong>tunc</strong></span> <span class='ocrx_word' id='word_1_355' title='bbox 1841 2480 1947 2535; x_wconf 89' lang='lat' dir='ltr'><strong>erit</strong></span> 
     </span>
    </p>
   </div>
   <div class='ocr_carea' id='block_1_42' title="bbox 373 2573 1944 2643">
    <p class='ocr_par' dir='ltr' id='par_1_42' title="bbox 373 2573 1944 2643">
     <span class='ocr_line' id='line_1_42' title="bbox 373 2573 1944 2643; baseline 0.001 -14"><span class='ocrx_word' id='word_1_356' title='bbox 373 2573 516 2629; x_wconf 88' lang='lat' dir='ltr'><strong>aeris</strong></span> <span class='ocrx_word' id='word_1_357' title='bbox 539 2582 595 2627; x_wconf 91' lang='lat' dir='ltr'><strong>et</strong></span> <span class='ocrx_word' id='word_1_358' title='bbox 623 2580 1000 2643; x_wconf 88' lang='lat' dir='ltr'><strong>tempestatum</strong></span> <span class='ocrx_word' id='word_1_359' title='bbox 1047 2573 1442 2643; x_wconf 88' lang='lat' dir='ltr'><strong>tranquillitas,</strong></span> <span class='ocrx_word' id='word_1_360' title='bbox 1503 2582 1693 2640; x_wconf 82' lang='lat' dir='ltr'><strong>terrae,</strong></span> <span class='ocrx_word' id='word_1_361' title='bbox 1746 2575 1944 2642; x_wconf 88' lang='lat' dir='ltr'><strong>maris,</strong></span> 
     </span>
    </p>
   </div>
   <div class='ocr_carea' id='block_1_43' title="bbox 374 2666 1945 2734">
    <p class='ocr_par' dir='ltr' id='par_1_43' title="bbox 374 2666 1945 2734">
     <span class='ocr_line' id='line_1_43' title="bbox 374 2666 1945 2734; baseline 0.003 -11"><span class='ocrx_word' id='word_1_362' title='bbox 374 2680 498 2723; x_wconf 91' lang='lat' dir='ltr'><strong>cum</strong></span> <span class='ocrx_word' id='word_1_363' title='bbox 528 2666 776 2721; x_wconf 90' lang='lat' dir='ltr'><strong>omnibus</strong></span> <span class='ocrx_word' id='word_1_364' title='bbox 811 2666 866 2720; x_wconf 91' lang='lat' dir='ltr'><strong>in</strong></span> <span class='ocrx_word' id='word_1_365' title='bbox 912 2667 992 2722; x_wconf 91' lang='lat' dir='ltr'><strong>eis</strong></span> <span class='ocrx_word' id='word_1_366' title='bbox 1019 2666 1359 2722; x_wconf 88' lang='lat' dir='ltr'><strong>nascentibus</strong></span> <span class='ocrx_word' id='word_1_367' title='bbox 1404 2666 1727 2734; x_wconf 80' lang='lat' dir='ltr'><strong>fecunditas,</strong></span> <span class='ocrx_word' id='word_1_368' title='bbox 1757 2676 1813 2725; x_wconf 89' lang='lat' dir='ltr'><strong>et</strong></span> <span class='ocrx_word' id='word_1_369' title='bbox 1844 2670 1945 2727; x_wconf 84' lang='lat' dir='ltr'><strong>do-</strong></span> 
     </span>
    </p>
   </div>
   <div class='ocr_carea' id='block_1_44' title="bbox 375 2759 1947 2832">
    <p class='ocr_par' dir='ltr' id='par_1_44' title="bbox 375 2759 1947 2832">
     <span class='ocr_line' id='line_1_44' title="bbox 375 2759 1947 2832; baseline 0.001 -17"><span class='ocrx_word' id='word_1_370' title='bbox 375 2760 669 2816; x_wconf 90' lang='lat' dir='ltr'><strong>minaberis</strong></span> <span class='ocrx_word' id='word_1_371' title='bbox 695 2759 859 2814; x_wconf 86' lang='lat' dir='ltr'><strong>etiam</strong></span> <span class='ocrx_word' id='word_1_372' title='bbox 885 2760 1069 2814; x_wconf 92' lang='lat' dir='ltr'><strong>multis</strong></span> <span class='ocrx_word' id='word_1_373' title='bbox 1099 2759 1327 2815; x_wconf 84' lang='lat' dir='ltr'><strong>feliciter</strong></span> <span class='ocrx_word' id='word_1_374' title='bbox 1354 2762 1626 2832; x_wconf 76' lang='lat' dir='ltr'><strong>gentibus,</strong></span> <span class='ocrx_word' id='word_1_375' title='bbox 1657 2771 1713 2819; x_wconf 88' lang='lat' dir='ltr'><strong>et</strong></span> <span class='ocrx_word' id='word_1_376' title='bbox 1739 2764 1947 2818; x_wconf 91' lang='lat' dir='ltr'><strong>inimici</strong></span> 
     </span>
    </p>
   </div>
   <div class='ocr_carea' id='block_1_45' title="bbox 375 2850 1945 2923">
    <p class='ocr_par' dir='ltr' id='par_1_45' title="bbox 375 2850 1945 2923">
     <span class='ocr_line' id='line_1_45' title="bbox 375 2850 1945 2923; baseline 0.001 -17"><span class='ocrx_word' id='word_1_377' title='bbox 375 2851 454 2906; x_wconf 93' lang='lat' dir='ltr'><strong>tui</strong></span> <span class='ocrx_word' id='word_1_378' title='bbox 484 2860 610 2906; x_wconf 88' lang='lat' dir='ltr'><strong>ante</strong></span> <span class='ocrx_word' id='word_1_379' title='bbox 646 2850 838 2905; x_wconf 82' lang='lat' dir='ltr'><strong>faciem</strong></span> <span class='ocrx_word' id='word_1_380' title='bbox 885 2857 1030 2905; x_wconf 88' lang='lat' dir='ltr'><strong>tuam</strong></span> <span class='ocrx_word' id='word_1_381' title='bbox 1060 2850 1287 2917; x_wconf 84' lang='lat' dir='ltr'><strong>cadent,</strong></span> <span class='ocrx_word' id='word_1_382' title='bbox 1314 2860 1370 2906; x_wconf 90' lang='lat' dir='ltr'><strong>et</strong></span> <span class='ocrx_word' id='word_1_383' title='bbox 1405 2853 1626 2923; x_wconf 89' lang='lat' dir='ltr'><strong>reliqua.</strong></span> <span class='ocrx_word' id='word_1_384' title='bbox 1655 2854 1698 2908; x_wconf 84' lang='lat' dir='ltr'><strong><em>E</em></strong></span> <span class='ocrx_word' id='word_1_385' title='bbox 1725 2862 1945 2919; x_wconf 88' lang='lat' dir='ltr'><strong>contra,</strong></span> 
     </span>
    </p>
   </div>
   <div class='ocr_carea' id='block_1_46' title="bbox 375 2940 1947 3013">
    <p class='ocr_par' dir='ltr' id='par_1_46' title="bbox 375 2940 1947 3013">
     <span class='ocr_line' id='line_1_46' title="bbox 375 2940 1947 3013; baseline 0.001 -16"><span class='ocrx_word' id='word_1_386' title='bbox 375 2942 515 2997; x_wconf 87' lang='lat' dir='ltr'><strong>sicut</strong></span> <span class='ocrx_word' id='word_1_387' title='bbox 538 2942 675 2997; x_wconf 84' lang='lat' dir='ltr'><strong>dixit</strong></span> <span class='ocrx_word' id='word_1_388' title='bbox 696 2948 913 2996; x_wconf 88' lang='lat' dir='ltr'><strong>sanctus</strong></span> <span class='ocrx_word' id='word_1_389' title='bbox 931 2940 1218 3006; x_wconf 87' lang='lat' dir='ltr'><strong>Patricius,</strong></span> <span class='ocrx_word' id='word_1_390' title='bbox 1244 2957 1341 3011; x_wconf 92' lang='lat' dir='ltr'><strong>pro</strong></span> <span class='ocrx_word' id='word_1_391' title='bbox 1380 2943 1523 3013; x_wconf 87' lang='lat' dir='ltr'><strong>regis</strong></span> <span class='ocrx_word' id='word_1_392' title='bbox 1556 2942 1834 3012; x_wconf 70' lang='lat' dir='ltr'><strong>iniustitia,</strong></span> <span class='ocrx_word' id='word_1_393' title='bbox 1863 2945 1947 2999; x_wconf 86' lang='lat' dir='ltr'><strong>sui</strong></span> 
     </span>
    </p>
   </div>
   <div class='ocr_carea' id='block_1_47' title="bbox 374 3031 1948 3104">
    <p class='ocr_par' dir='ltr' id='par_1_47' title="bbox 374 3031 1948 3104">
     <span class='ocr_line' id='line_1_47' title="bbox 374 3031 1948 3104; baseline 0.003 -18"><span class='ocrx_word' id='word_1_394' title='bbox 374 3033 543 3102; x_wconf 86' lang='lat' dir='ltr'><strong>ipsius</strong></span> <span class='ocrx_word' id='word_1_395' title='bbox 565 3031 851 3089; x_wconf 85' lang='lat' dir='ltr'><strong>infelicitas</strong></span> <span class='ocrx_word' id='word_1_396' title='bbox 874 3032 1005 3097; x_wconf 72' lang='lat' dir='ltr'><strong>erit,</strong></span> <span class='ocrx_word' id='word_1_397' title='bbox 1044 3033 1247 3098; x_wconf 82' lang='lat' dir='ltr'><strong>uxoris,</strong></span> <span class='ocrx_word' id='word_1_398' title='bbox 1276 3032 1505 3088; x_wconf 85' lang='lat' dir='ltr'><strong>filiorum</strong></span> <span class='ocrx_word' id='word_1_399' title='bbox 1535 3049 1749 3104; x_wconf 90' lang='lat' dir='ltr'><strong>quoque</strong></span> <span class='ocrx_word' id='word_1_400' title='bbox 1769 3074 1786 3100; x_wconf 96' lang='lat'><strong>,</strong></span> <span class='ocrx_word' id='word_1_401' title='bbox 1840 3035 1948 3090; x_wconf 89' lang='lat' dir='ltr'><strong>dis-</strong></span> 
     </span>
    </p>
   </div>
   <div class='ocr_carea' id='block_1_48' title="bbox 2042 1835 3613 1905">
    <p class='ocr_par' dir='ltr' id='par_1_48' title="bbox 2042 1835 3613 1905">
     <span class='ocr_line' id='line_1_48' title="bbox 2042 1835 3613 1905; baseline -0.005 -8"><span class='ocrx_word' id='word_1_402' title='bbox 2042 1853 2147 1897; x_wconf 78' lang='lat' dir='ltr'><strong>tate</strong></span> <span class='ocrx_word' id='word_1_403' title='bbox 2168 1843 2451 1896; x_wconf 84' lang='lat' dir='ltr'><strong>Dominum</strong></span> <span class='ocrx_word' id='word_1_404' title='bbox 2477 1839 2642 1892; x_wconf 85' lang='lat' dir='ltr'><strong>Deum</strong></span> <span class='ocrx_word' id='word_1_405' title='bbox 2687 1844 2939 1899; x_wconf 85' lang='lat' dir='ltr'><strong>nostrum,</strong></span> <span class='ocrx_word' id='word_1_406' title='bbox 2976 1844 3031 1890; x_wconf 91' lang='lat' dir='ltr'><strong>et</strong></span> <span class='ocrx_word' id='word_1_407' title='bbox 3066 1835 3290 1905; x_wconf 88' lang='lat' dir='ltr'><strong>reliqua.</strong></span> <span class='ocrx_word' id='word_1_408' title='bbox 3312 1836 3484 1890; x_wconf 90' lang='lat' dir='ltr'><strong>Item:</strong></span> <span class='ocrx_word' id='word_1_409' title='bbox 3515 1836 3613 1889; x_wconf 84' lang='lat' dir='ltr'><strong>Ju—</strong></span> 
     </span>
    </p>
   </div>
   <div class='ocr_carea' id='block_1_49' title="bbox 2042 1918 3610 1988">
    <p class='ocr_par' dir='ltr' id='par_1_49' title="bbox 2042 1918 3610 1988">
     <span class='ocr_line' id='line_1_49' title="bbox 2042 1918 3610 1988; baseline -0.006 0"><span class='ocrx_word' id='word_1_410' title='bbox 2042 1934 2199 1988; x_wconf 82' lang='lat' dir='ltr'><strong>bilate</strong></span> <span class='ocrx_word' id='word_1_411' title='bbox 2235 1933 2342 1987; x_wconf 86' lang='lat' dir='ltr'><strong>Deo</strong></span> <span class='ocrx_word' id='word_1_412' title='bbox 2367 1932 2531 1986; x_wconf 81' lang='lat' dir='ltr'><strong>omnis</strong></span> <span class='ocrx_word' id='word_1_413' title='bbox 2560 1938 2720 1983; x_wconf 83' lang='lat' dir='ltr'><strong>terra.</strong></span> <span class='ocrx_word' id='word_1_414' title='bbox 2751 1918 2882 1981; x_wconf 86' lang='lat' dir='ltr'><strong>Item</strong></span> <span class='ocrx_word' id='word_1_415' title='bbox 2908 1941 2922 1978; x_wconf 90' lang='lat'><strong>:</strong></span> <span class='ocrx_word' id='word_1_416' title='bbox 2964 1924 3145 1980; x_wconf 80' lang='lat' dir='ltr'><strong>Omnis</strong></span> <span class='ocrx_word' id='word_1_417' title='bbox 3178 1935 3317 1979; x_wconf 83' lang='lat' dir='ltr'><strong>terra</strong></span> <span class='ocrx_word' id='word_1_418' title='bbox 3341 1927 3519 1980; x_wconf 83' lang='lat' dir='ltr'><strong>adoret</strong></span> <span class='ocrx_word' id='word_1_419' title='bbox 3543 1936 3610 1980; x_wconf 83' lang='lat' dir='ltr'><strong>te.</strong></span> 
     </span>
    </p>
   </div>
   <div class='ocr_carea' id='block_1_50' title="bbox 2042 2017 3610 2092">
    <p class='ocr_par' dir='ltr' id='par_1_50' title="bbox 2042 2017 3610 2092">
     <span class='ocr_line' id='line_1_50' title="bbox 2042 2017 3610 2092; baseline -0.007 -12"><span class='ocrx_word' id='word_1_420' title='bbox 2042 2026 2211 2080; x_wconf 88' lang='lat' dir='ltr'><strong>Item:</strong></span> <span class='ocrx_word' id='word_1_421' title='bbox 2246 2023 2605 2092; x_wconf 82' lang='lat' dir='ltr'><strong>Conﬁteantur</strong></span> <span class='ocrx_word' id='word_1_422' title='bbox 2640 2018 2752 2084; x_wconf 85' lang='lat' dir='ltr'><strong>tibi,</strong></span> <span class='ocrx_word' id='word_1_423' title='bbox 2778 2017 3014 2085; x_wconf 85' lang='lat' dir='ltr'><strong>Domine,</strong></span> <span class='ocrx_word' id='word_1_424' title='bbox 3040 2033 3213 2069; x_wconf 84' lang='lat' dir='ltr'><strong>omnes</strong></span> <span class='ocrx_word' id='word_1_425' title='bbox 3259 2032 3399 2084; x_wconf 79' lang='lat' dir='ltr'><strong>reges</strong></span> <span class='ocrx_word' id='word_1_426' title='bbox 3420 2026 3572 2069; x_wconf 76' lang='lat' dir='ltr'><strong>terra!</strong></span> <span class='ocrx_word' id='word_1_427' title='bbox 3596 2056 3610 2078; x_wconf 93' lang='lat'><strong>,</strong></span> 
     </span>
    </p>
   </div>
   <div class='ocr_carea' id='block_1_51' title="bbox 2041 2108 3611 2177">
    <p class='ocr_par' dir='ltr' id='par_1_51' title="bbox 2041 2108 3611 2177">
     <span class='ocr_line' id='line_1_51' title="bbox 2041 2108 3611 2177; baseline -0.006 -8"><span class='ocrx_word' id='word_1_428' title='bbox 2041 2126 2088 2169; x_wconf 81' lang='lat' dir='ltr'><strong>et</strong></span> <span class='ocrx_word' id='word_1_429' title='bbox 2117 2123 2321 2169; x_wconf 79' lang='lat' dir='ltr'><strong>cantent</strong></span> <span class='ocrx_word' id='word_1_430' title='bbox 2344 2114 2400 2165; x_wconf 84' lang='lat' dir='ltr'><strong>in</strong></span> <span class='ocrx_word' id='word_1_431' title='bbox 2432 2111 2643 2165; x_wconf 74' lang='lat' dir='ltr'><strong>canticis</strong></span> <span class='ocrx_word' id='word_1_432' title='bbox 2672 2109 2915 2174; x_wconf 85' lang='lat' dir='ltr'><strong>Domino,</strong></span> <span class='ocrx_word' id='word_1_433' title='bbox 2946 2116 3001 2163; x_wconf 88' lang='lat' dir='ltr'><strong>et</strong></span> <span class='ocrx_word' id='word_1_434' title='bbox 3058 2108 3279 2176; x_wconf 86' lang='lat' dir='ltr'><strong>reliqua.</strong></span> <span class='ocrx_word' id='word_1_435' title='bbox 3316 2108 3487 2177; x_wconf 84' lang='lat' dir='ltr'><strong>Ergo,</strong></span> <span class='ocrx_word' id='word_1_436' title='bbox 3539 2109 3611 2161; x_wconf 89' lang='lat' dir='ltr'><strong>mi</strong></span> 
     </span>
    </p>
   </div>
   <div class='ocr_carea' id='block_1_52' title="bbox 2044 2195 3610 2269">
    <p class='ocr_par' dir='ltr' id='par_1_52' title="bbox 2044 2195 3610 2269">
     <span class='ocr_line' id='line_1_52' title="bbox 2044 2195 3610 2269; baseline -0.006 -11"><span class='ocrx_word' id='word_1_437' title='bbox 2044 2219 2160 2268; x_wconf 84' lang='lat' dir='ltr'><strong>rex,</strong></span> <span class='ocrx_word' id='word_1_438' title='bbox 2180 2202 2226 2257; x_wconf 91' lang='lat' dir='ltr'><strong>si</strong></span> <span class='ocrx_word' id='word_1_439' title='bbox 2254 2201 2406 2256; x_wconf 84' lang='lat' dir='ltr'><strong>vobis</strong></span> <span class='ocrx_word' id='word_1_440' title='bbox 2432 2200 2640 2269; x_wconf 86' lang='lat' dir='ltr'><strong>placeat</strong></span> <span class='ocrx_word' id='word_1_441' title='bbox 2675 2198 2775 2252; x_wconf 92' lang='lat' dir='ltr'><strong>hoc</strong></span> <span class='ocrx_word' id='word_1_442' title='bbox 2796 2197 3075 2252; x_wconf 90' lang='lat' dir='ltr'><strong>consilium</strong></span> <span class='ocrx_word' id='word_1_443' title='bbox 3101 2210 3198 2266; x_wconf 92' lang='lat' dir='ltr'><strong>pro</strong></span> <span class='ocrx_word' id='word_1_444' title='bbox 3223 2195 3308 2249; x_wconf 93' lang='lat' dir='ltr'><strong>his</strong></span> <span class='ocrx_word' id='word_1_445' title='bbox 3342 2196 3610 2257; x_wconf 81' lang='lat' dir='ltr'><strong>omnibus,</strong></span> 
     </span>
    </p>
   </div>
   <div class='ocr_carea' id='block_1_53' title="bbox 2042 2283 3615 2362">
    <p class='ocr_par' dir='ltr' id='par_1_53' title="bbox 2042 2283 3615 2362">
     <span class='ocr_line' id='line_1_53' title="bbox 2042 2283 3615 2362; baseline -0.007 -16"><span class='ocrx_word' id='word_1_446' title='bbox 2042 2308 2141 2362; x_wconf 91' lang='lat' dir='ltr'><strong>pro</strong></span> <span class='ocrx_word' id='word_1_447' title='bbox 2164 2298 2217 2344; x_wconf 88' lang='lat' dir='ltr'><strong>te</strong></span> <span class='ocrx_word' id='word_1_448' title='bbox 2237 2298 2292 2344; x_wconf 87' lang='lat' dir='ltr'><strong>et</strong></span> <span class='ocrx_word' id='word_1_449' title='bbox 2315 2304 2413 2358; x_wconf 89' lang='lat' dir='ltr'><strong>pro</strong></span> <span class='ocrx_word' id='word_1_450' title='bbox 2436 2286 2675 2342; x_wconf 83' lang='lat' dir='ltr'><strong>exercitu</strong></span> <span class='ocrx_word' id='word_1_451' title='bbox 2696 2284 3121 2340; x_wconf 87' lang='lat' dir='ltr'><strong>Christianorum</strong></span> <span class='ocrx_word' id='word_1_452' title='bbox 3139 2325 3152 2347; x_wconf 95' lang='lat'><strong>,</strong></span> <span class='ocrx_word' id='word_1_453' title='bbox 3204 2292 3263 2337; x_wconf 91' lang='lat' dir='ltr'><strong>ut</strong></span> <span class='ocrx_word' id='word_1_454' title='bbox 3284 2299 3449 2338; x_wconf 87' lang='lat' dir='ltr'><strong>unum</strong></span> <span class='ocrx_word' id='word_1_455' title='bbox 3474 2283 3615 2338; x_wconf 89' lang='lat' dir='ltr'><strong>diem</strong></span> 
     </span>
    </p>
   </div>
   <div class='ocr_carea' id='block_1_54' title="bbox 2044 2374 3613 2451">
    <p class='ocr_par' dir='ltr' id='par_1_54' title="bbox 2044 2374 3613 2451">
     <span class='ocr_line' id='line_1_54' title="bbox 2044 2374 3613 2451; baseline -0.007 -15"><span class='ocrx_word' id='word_1_456' title='bbox 2044 2392 2163 2451; x_wconf 89' lang='lat' dir='ltr'><strong>post</strong></span> <span class='ocrx_word' id='word_1_457' title='bbox 2184 2376 2445 2447; x_wconf 85' lang='lat' dir='ltr'><strong>jejunium</strong></span> <span class='ocrx_word' id='word_1_458' title='bbox 2465 2378 2519 2431; x_wconf 91' lang='lat' dir='ltr'><strong>in</strong></span> <span class='ocrx_word' id='word_1_459' title='bbox 2542 2391 2681 2430; x_wconf 91' lang='lat' dir='ltr'><strong>anno</strong></span> <span class='ocrx_word' id='word_1_460' title='bbox 2708 2375 2762 2429; x_wconf 91' lang='lat' dir='ltr'><strong>in</strong></span> <span class='ocrx_word' id='word_1_461' title='bbox 2792 2375 2994 2429; x_wconf 88' lang='lat' dir='ltr'><strong>honore</strong></span> <span class='ocrx_word' id='word_1_462' title='bbox 3012 2380 3210 2428; x_wconf 75' lang='lat' dir='ltr'><strong>sancta:</strong></span> <span class='ocrx_word' id='word_1_463' title='bbox 3240 2374 3539 2439; x_wconf 86' lang='lat' dir='ltr'><strong>Trinitatis,</strong></span> <span class='ocrx_word' id='word_1_464' title='bbox 3563 2384 3613 2428; x_wconf 86' lang='lat' dir='ltr'><strong>et</strong></span> 
     </span>
    </p>
   </div>
   <div class='ocr_carea' id='block_1_55' title="bbox 2044 2462 3617 2535">
    <p class='ocr_par' dir='ltr' id='par_1_55' title="bbox 2044 2462 3617 2535">
     <span class='ocr_line' id='line_1_55' title="bbox 2044 2462 3617 2535; baseline -0.004 -11"><span class='ocrx_word' id='word_1_465' title='bbox 2044 2468 2284 2532; x_wconf 87' lang='lat' dir='ltr'><strong>unitatis,</strong></span> <span class='ocrx_word' id='word_1_466' title='bbox 2308 2474 2359 2522; x_wconf 91' lang='lat' dir='ltr'><strong>et</strong></span> <span class='ocrx_word' id='word_1_467' title='bbox 2397 2465 2745 2535; x_wconf 85' lang='lat' dir='ltr'><strong>Angelorum,</strong></span> <span class='ocrx_word' id='word_1_468' title='bbox 2776 2471 2831 2516; x_wconf 88' lang='lat' dir='ltr'><strong>et</strong></span> <span class='ocrx_word' id='word_1_469' title='bbox 2853 2463 3092 2518; x_wconf 90' lang='lat' dir='ltr'><strong>omnium</strong></span> <span class='ocrx_word' id='word_1_470' title='bbox 3126 2468 3450 2525; x_wconf 87' lang='lat' dir='ltr'><strong>sanctorum,</strong></span> <span class='ocrx_word' id='word_1_471' title='bbox 3478 2462 3617 2517; x_wconf 84' lang='lat' dir='ltr'><strong>cele—</strong></span> 
     </span>
    </p>
   </div>
   <div class='ocr_carea' id='block_1_56' title="bbox 2044 2552 3617 2625">
    <p class='ocr_par' dir='ltr' id='par_1_56' title="bbox 2044 2552 3617 2625">
     <span class='ocr_line' id='line_1_56' title="bbox 2044 2552 3617 2625; baseline -0.006 -9"><span class='ocrx_word' id='word_1_472' title='bbox 2044 2563 2196 2618; x_wconf 88' lang='lat' dir='ltr'><strong>brem</strong></span> <span class='ocrx_word' id='word_1_473' title='bbox 2225 2558 2523 2615; x_wconf 90' lang='lat' dir='ltr'><strong>constituas</strong></span> <span class='ocrx_word' id='word_1_474' title='bbox 2550 2570 2711 2625; x_wconf 89' lang='lat' dir='ltr'><strong>super</strong></span> <span class='ocrx_word' id='word_1_475' title='bbox 2736 2568 2961 2624; x_wconf 86' lang='lat' dir='ltr'><strong>regnum</strong></span> <span class='ocrx_word' id='word_1_476' title='bbox 3007 2561 3190 2617; x_wconf 92' lang='lat' dir='ltr'><strong>tuum,</strong></span> <span class='ocrx_word' id='word_1_477' title='bbox 3227 2568 3348 2607; x_wconf 89' lang='lat' dir='ltr'><strong>cum</strong></span> <span class='ocrx_word' id='word_1_478' title='bbox 3394 2552 3617 2607; x_wconf 88' lang='lat' dir='ltr'><strong>consilio</strong></span> 
     </span>
    </p>
   </div>
   <div class='ocr_carea' id='block_1_57' title="bbox 2045 2644 3619 2724">
    <p class='ocr_par' dir='ltr' id='par_1_57' title="bbox 2045 2644 3619 2724">
     <span class='ocr_line' id='line_1_57' title="bbox 2045 2644 3619 2724; baseline -0.007 -16"><span class='ocrx_word' id='word_1_479' title='bbox 2045 2653 2234 2724; x_wconf 83' lang='lat' dir='ltr'><strong>synodi</strong></span> <span class='ocrx_word' id='word_1_480' title='bbox 2260 2651 2612 2713; x_wconf 87' lang='lat' dir='ltr'><strong>Francorum,</strong></span> <span class='ocrx_word' id='word_1_481' title='bbox 2641 2654 2697 2702; x_wconf 90' lang='lat' dir='ltr'><strong>et</strong></span> <span class='ocrx_word' id='word_1_482' title='bbox 2723 2646 2943 2701; x_wconf 89' lang='lat' dir='ltr'><strong>missam</strong></span> <span class='ocrx_word' id='word_1_483' title='bbox 2984 2645 3156 2700; x_wconf 89' lang='lat' dir='ltr'><strong>sancti</strong></span> <span class='ocrx_word' id='word_1_484' title='bbox 3206 2644 3509 2708; x_wconf 76' lang='lat' dir='ltr'><strong>Michaelis,</strong></span> <span class='ocrx_word' id='word_1_485' title='bbox 3562 2654 3619 2698; x_wconf 89' lang='lat' dir='ltr'><strong>et</strong></span> 
     </span>
    </p>
   </div>
   <div class='ocr_carea' id='block_1_58' title="bbox 2045 2736 3619 2811">
    <p class='ocr_par' dir='ltr' id='par_1_58' title="bbox 2045 2736 3619 2811">
     <span class='ocr_line' id='line_1_58' title="bbox 2045 2736 3619 2811; baseline -0.007 -11"><span class='ocrx_word' id='word_1_486' title='bbox 2045 2744 2217 2800; x_wconf 89' lang='lat' dir='ltr'><strong>sancti</strong></span> <span class='ocrx_word' id='word_1_487' title='bbox 2241 2742 2387 2798; x_wconf 87' lang='lat' dir='ltr'><strong>Petri</strong></span> <span class='ocrx_word' id='word_1_488' title='bbox 2414 2741 2720 2811; x_wconf 88' lang='lat' dir='ltr'><strong>passionem</strong></span> <span class='ocrx_word' id='word_1_489' title='bbox 2762 2738 2817 2793; x_wconf 92' lang='lat' dir='ltr'><strong>in</strong></span> <span class='ocrx_word' id='word_1_490' title='bbox 2856 2738 3070 2809; x_wconf 88' lang='lat' dir='ltr'><strong>publico</strong></span> <span class='ocrx_word' id='word_1_491' title='bbox 3126 2736 3400 2791; x_wconf 88' lang='lat' dir='ltr'><strong>celebrare</strong></span> <span class='ocrx_word' id='word_1_492' title='bbox 3454 2752 3619 2806; x_wconf 83' lang='lat' dir='ltr'><strong>regno</strong></span> 
     </span>
    </p>
   </div>
   <div class='ocr_carea' id='block_1_59' title="bbox 2047 2826 3622 2891">
    <p class='ocr_par' dir='ltr' id='par_1_59' title="bbox 2047 2826 3622 2891">
     <span class='ocr_line' id='line_1_59' title="bbox 2047 2826 3622 2891; baseline -0.008 0"><span class='ocrx_word' id='word_1_493' title='bbox 2047 2845 2141 2891; x_wconf 92' lang='lat' dir='ltr'><strong>tuo</strong></span> <span class='ocrx_word' id='word_1_494' title='bbox 2174 2833 2486 2890; x_wconf 85' lang='lat' dir='ltr'><strong>constitues.</strong></span> <span class='ocrx_word' id='word_1_495' title='bbox 2516 2830 2643 2885; x_wconf 67' lang='lat' dir='ltr'><strong>Haec</strong></span> <span class='ocrx_word' id='word_1_496' title='bbox 2660 2839 2714 2884; x_wconf 90' lang='lat' dir='ltr'><strong>et</strong></span> <span class='ocrx_word' id='word_1_497' title='bbox 2745 2829 2832 2884; x_wconf 90' lang='lat' dir='ltr'><strong>his</strong></span> <span class='ocrx_word' id='word_1_498' title='bbox 2870 2827 3065 2883; x_wconf 89' lang='lat' dir='ltr'><strong>similia</strong></span> <span class='ocrx_word' id='word_1_499' title='bbox 3088 2827 3184 2881; x_wconf 93' lang='lat' dir='ltr'><strong>tibi</strong></span> <span class='ocrx_word' id='word_1_500' title='bbox 3212 2826 3459 2890; x_wconf 88' lang='lat' dir='ltr'><strong>faciente,</strong></span> <span class='ocrx_word' id='word_1_501' title='bbox 3494 2835 3622 2880; x_wconf 89' lang='lat' dir='ltr'><strong>tunc</strong></span> 
     </span>
    </p>
   </div>
   <div class='ocr_carea' id='block_1_60' title="bbox 2047 2917 3620 2992">
    <p class='ocr_par' dir='ltr' id='par_1_60' title="bbox 2047 2917 3620 2992">
     <span class='ocr_line' id='line_1_60' title="bbox 2047 2917 3620 2992; baseline -0.008 -10"><span class='ocrx_word' id='word_1_502' title='bbox 2047 2933 2193 2982; x_wconf 85' lang='lat' dir='ltr'><strong>certe</strong></span> <span class='ocrx_word' id='word_1_503' title='bbox 2227 2937 2350 2982; x_wconf 87' lang='lat' dir='ltr'><strong>cum</strong></span> <span class='ocrx_word' id='word_1_504' title='bbox 2401 2936 2593 2992; x_wconf 82' lang='lat' dir='ltr'><strong>magna</strong></span> <span class='ocrx_word' id='word_1_505' title='bbox 2644 2918 2899 2974; x_wconf 91' lang='lat' dir='ltr'><strong>felicitate</strong></span> <span class='ocrx_word' id='word_1_506' title='bbox 2952 2925 3005 2972; x_wconf 87' lang='lat' dir='ltr'><strong>et</strong></span> <span class='ocrx_word' id='word_1_507' title='bbox 3047 2917 3379 2972; x_wconf 87' lang='lat' dir='ltr'><strong>beatitudine</strong></span> <span class='ocrx_word' id='word_1_508' title='bbox 3403 2956 3419 2982; x_wconf 95' lang='lat'><strong>,</strong></span> <span class='ocrx_word' id='word_1_509' title='bbox 3466 2924 3523 2970; x_wconf 93' lang='lat' dir='ltr'><strong>tu</strong></span> <span class='ocrx_word' id='word_1_510' title='bbox 3565 2924 3620 2970; x_wconf 90' lang='lat' dir='ltr'><strong>et</strong></span> 
     </span>
    </p>
   </div>
   <div class='ocr_carea' id='block_1_61' title="bbox 2047 3006 3622 3075">
    <p class='ocr_par' dir='ltr' id='par_1_61' title="bbox 2047 3006 3622 3075">
     <span class='ocr_line' id='line_1_61' title="bbox 2047 3006 3622 3075; baseline -0.008 -3"><span class='ocrx_word' id='word_1_511' title='bbox 2047 3017 2289 3072; x_wconf 87' lang='lat' dir='ltr'><strong>membra</strong></span> <span class='ocrx_word' id='word_1_512' title='bbox 2313 3012 2515 3068; x_wconf 89' lang='lat' dir='ltr'><strong>Christi</strong></span> <span class='ocrx_word' id='word_1_513' title='bbox 2556 3018 2753 3075; x_wconf 90' lang='lat' dir='ltr'><strong>tecum,</strong></span> <span class='ocrx_word' id='word_1_514' title='bbox 2794 3010 2882 3064; x_wconf 90' lang='lat' dir='ltr'><strong>hic</strong></span> <span class='ocrx_word' id='word_1_515' title='bbox 2904 3016 2960 3063; x_wconf 89' lang='lat' dir='ltr'><strong>et</strong></span> <span class='ocrx_word' id='word_1_516' title='bbox 3002 3007 3057 3061; x_wconf 93' lang='lat' dir='ltr'><strong>in</strong></span> <span class='ocrx_word' id='word_1_517' title='bbox 3103 3006 3286 3061; x_wconf 92' lang='lat' dir='ltr'><strong>futuro</strong></span> <span class='ocrx_word' id='word_1_518' title='bbox 3329 3006 3622 3074; x_wconf 87' lang='lat' dir='ltr'><strong>regnabitis</strong></span> 
     </span>
    </p>
   </div>
   <div class='ocr_carea' id='block_1_62' title="bbox 373 3096 3621 3195">
    <p class='ocr_par' dir='ltr' id='par_1_62' title="bbox 373 3096 3621 3195">
     <span class='ocr_line' id='line_1_62' title="bbox 373 3096 3621 3195; baseline -0.003 -18"><span class='ocrx_word' id='word_1_519' title='bbox 373 3096 552 3178; x_wconf 76' lang='lat' dir='ltr'><strong>sensio</strong></span> <span class='ocrx_word' id='word_1_520' title='bbox 585 3122 918 3192; x_wconf 89' lang='lat' dir='ltr'><strong>populorum,</strong></span> <span class='ocrx_word' id='word_1_521' title='bbox 945 3096 1115 3177; x_wconf 89' lang='lat' dir='ltr'><strong>fames</strong></span> <span class='ocrx_word' id='word_1_522' title='bbox 1137 3163 1152 3187; x_wconf 88' lang='lat'><strong>,</strong></span> <span class='ocrx_word' id='word_1_523' title='bbox 1206 3096 1510 3192; x_wconf 83' lang='lat' dir='ltr'><strong>pestilentia</strong></span> <span class='ocrx_word' id='word_1_524' title='bbox 1534 3096 1569 3195; x_wconf 49' lang='grc'><strong>,-</strong></span> <span class='ocrx_word' id='word_1_525' title='bbox 1591 3096 2015 3179; x_wconf 60' lang='grc' dir='ltr'><strong>ἰηίθοιιῇἀίωειο</strong></span> <span class='ocrx_word' id='word_1_526' title='bbox 2046 3122 2168 3161; x_wconf 71' lang='lat' dir='ltr'><strong>cum</strong></span> <span class='ocrx_word' id='word_1_527' title='bbox 2195 3103 2399 3174; x_wconf 65' lang='lat' dir='ltr'><strong>angelis</strong></span> <span class='ocrx_word' id='word_1_528' title='bbox 2416 3099 2962 3195; x_wconf 38' lang='lat' dir='ltr'><strong>ﬁﬂmllangeusnsm?</strong></span> <span class='ocrx_word' id='word_1_529' title='bbox 2984 3098 3109 3163; x_wconf 65' lang='lat' dir='ltr'><strong>ﬁne:</strong></span> <span class='ocrx_word' id='word_1_530' title='bbox 3142 3106 3198 3195; x_wconf 52' lang='grc' dir='ltr'><strong>εξ</strong></span> <span class='ocrx_word' id='word_1_531' title='bbox 3224 3112 3347 3151; x_wconf 71' lang='lat' dir='ltr'><strong>cum</strong></span> <span class='ocrx_word' id='word_1_532' title='bbox 3373 3096 3621 3195; x_wconf 63' lang='grc' dir='ltr'><strong>οξῖὶηίθιη</strong></span> 
     </span>
    </p>
   </div>
   <div class='ocr_carea' id='block_1_63' title="bbox 374 3214 1944 3284">
    <p class='ocr_par' dir='ltr' id='par_1_63' title="bbox 374 3214 1944 3284">
     <span class='ocr_line' id='line_1_63' title="bbox 374 3214 1944 3284; baseline 0 -14"><span class='ocrx_word' id='word_1_533' title='bbox 374 3226 552 3280; x_wconf 84' lang='lat' dir='ltr'><strong>terrae,</strong></span> <span class='ocrx_word' id='word_1_534' title='bbox 570 3216 734 3271; x_wconf 90' lang='lat' dir='ltr'><strong>maris</strong></span> <span class='ocrx_word' id='word_1_535' title='bbox 758 3230 991 3284; x_wconf 88' lang='lat' dir='ltr'><strong>quoque,</strong></span> <span class='ocrx_word' id='word_1_536' title='bbox 1016 3215 1425 3284; x_wconf 79' lang='lat' dir='ltr'><strong>tempestatibus</strong></span> <span class='ocrx_word' id='word_1_537' title='bbox 1443 3214 1650 3271; x_wconf 85' lang='lat' dir='ltr'><strong>fructus</strong></span> <span class='ocrx_word' id='word_1_538' title='bbox 1678 3225 1944 3270; x_wconf 89' lang='lat' dir='ltr'><strong>terrarum</strong></span> 
     </span>
    </p>
   </div>
   <div class='ocr_carea' id='block_1_64' title="bbox 376 3306 1946 3376">
    <p class='ocr_par' dir='ltr' id='par_1_64' title="bbox 376 3306 1946 3376">
     <span class='ocr_line' id='line_1_64' title="bbox 376 3306 1946 3376; baseline -0.001 -15"><span class='ocrx_word' id='word_1_539' title='bbox 376 3306 602 3361; x_wconf 86' lang='lat' dir='ltr'><strong>diversis</strong></span> <span class='ocrx_word' id='word_1_540' title='bbox 626 3306 894 3374; x_wconf 90' lang='lat' dir='ltr'><strong>percussi,</strong></span> <span class='ocrx_word' id='word_1_541' title='bbox 947 3314 1003 3361; x_wconf 90' lang='lat' dir='ltr'><strong>et</strong></span> <span class='ocrx_word' id='word_1_542' title='bbox 1056 3306 1123 3361; x_wconf 90' lang='lat' dir='ltr'><strong>ab</strong></span> <span class='ocrx_word' id='word_1_543' title='bbox 1161 3306 1394 3361; x_wconf 89' lang='lat' dir='ltr'><strong>inimicis</strong></span> <span class='ocrx_word' id='word_1_544' title='bbox 1427 3306 1540 3362; x_wconf 88' lang='lat' dir='ltr'><strong>suis</strong></span> <span class='ocrx_word' id='word_1_545' title='bbox 1579 3315 1862 3376; x_wconf 88' lang='lat' dir='ltr'><strong>superatus</strong></span> <span class='ocrx_word' id='word_1_546' title='bbox 1891 3314 1946 3361; x_wconf 91' lang='lat' dir='ltr'><strong>et</strong></span> 
     </span>
    </p>
   </div>
   <div class='ocr_carea' id='block_1_65' title="bbox 371 3395 2025 3468">
    <p class='ocr_par' dir='ltr' id='par_1_65' title="bbox 371 3395 2025 3468">
     <span class='ocr_line' id='line_1_65' title="bbox 371 3395 2025 3468; baseline 0.002 -21"><span class='ocrx_word' id='word_1_547' title='bbox 371 3395 627 3465; x_wconf 78' lang='lat' dir='ltr'><strong>expulsus</strong></span> <span class='ocrx_word' id='word_1_548' title='bbox 684 3396 749 3451; x_wconf 91' lang='lat' dir='ltr'><strong>de</strong></span> <span class='ocrx_word' id='word_1_549' title='bbox 781 3411 966 3468; x_wconf 84' lang='lat' dir='ltr'><strong>regno.</strong></span> <span class='ocrx_word' id='word_1_550' title='bbox 1007 3397 1075 3451; x_wconf 88' lang='lat' dir='ltr'><strong>Et</strong></span> <span class='ocrx_word' id='word_1_551' title='bbox 1121 3398 1260 3452; x_wconf 89' lang='lat' dir='ltr'><strong>sicut</strong></span> <span class='ocrx_word' id='word_1_552' title='bbox 1304 3398 1471 3453; x_wconf 88' lang='lat' dir='ltr'><strong>babes</strong></span> <span class='ocrx_word' id='word_1_553' title='bbox 1506 3398 1749 3468; x_wconf 86' lang='lat' dir='ltr'><strong>exempla</strong></span> <span class='ocrx_word' id='word_1_554' title='bbox 1804 3397 1949 3453; x_wconf 79' lang='lat' dir='ltr'><strong>sntli-</strong></span> <span class='ocrx_word' id='word_1_555' title='bbox 2006 3444 2025 3459; x_wconf 80' lang='lat'><strong>,</strong></span> 
     </span>
    </p>
   </div>
   <div class='ocr_carea' id='block_1_66' title="bbox 374 3484 1946 3559">
    <p class='ocr_par' dir='ltr' id='par_1_66' title="bbox 374 3484 1946 3559">
     <span class='ocr_line' id='line_1_66' title="bbox 374 3484 1946 3559; baseline 0 -18"><span class='ocrx_word' id='word_1_556' title='bbox 374 3484 578 3542; x_wconf 89' lang='lat' dir='ltr'><strong>cienter</strong></span> <span class='ocrx_word' id='word_1_557' title='bbox 602 3487 657 3541; x_wconf 92' lang='lat' dir='ltr'><strong>in</strong></span> <span class='ocrx_word' id='word_1_558' title='bbox 684 3487 769 3544; x_wconf 88' lang='lat' dir='ltr'><strong>his</strong></span> <span class='ocrx_word' id='word_1_559' title='bbox 818 3487 1029 3553; x_wconf 88' lang='lat' dir='ltr'><strong>diebus,</strong></span> <span class='ocrx_word' id='word_1_560' title='bbox 1060 3496 1115 3543; x_wconf 91' lang='lat' dir='ltr'><strong>et</strong></span> <span class='ocrx_word' id='word_1_561' title='bbox 1153 3497 1363 3559; x_wconf 88' lang='lat' dir='ltr'><strong>patrum</strong></span> <span class='ocrx_word' id='word_1_562' title='bbox 1397 3496 1609 3543; x_wconf 87' lang='lat' dir='ltr'><strong>tuorum</strong></span> <span class='ocrx_word' id='word_1_563' title='bbox 1635 3528 1651 3554; x_wconf 95' lang='lat'><strong>,</strong></span> <span class='ocrx_word' id='word_1_564' title='bbox 1710 3488 1849 3542; x_wconf 89' lang='lat' dir='ltr'><strong>sicut</strong></span> <span class='ocrx_word' id='word_1_565' title='bbox 1881 3487 1946 3543; x_wconf 91' lang='lat' dir='ltr'><strong>de</strong></span> 
     </span>
    </p>
   </div>
   <div class='ocr_carea' id='block_1_67' title="bbox 374 3573 1947 3645">
    <p class='ocr_par' dir='ltr' id='par_1_67' title="bbox 374 3573 1947 3645">
     <span class='ocr_line' id='line_1_67' title="bbox 374 3573 1947 3645; baseline -0.002 -15"><span class='ocrx_word' id='word_1_566' title='bbox 374 3573 659 3645; x_wconf 84' lang='lat' dir='ltr'><strong>Waepero,</strong></span> <span class='ocrx_word' id='word_1_567' title='bbox 686 3584 740 3629; x_wconf 94' lang='lat' dir='ltr'><strong>et</strong></span> <span class='ocrx_word' id='word_1_568' title='bbox 769 3576 835 3630; x_wconf 90' lang='lat' dir='ltr'><strong>de</strong></span> <span class='ocrx_word' id='word_1_569' title='bbox 874 3575 1148 3628; x_wconf 88' lang='lat' dir='ltr'><strong>Desiderio</strong></span> <span class='ocrx_word' id='word_1_570' title='bbox 1169 3614 1183 3638; x_wconf 96' lang='lat'><strong>,</strong></span> <span class='ocrx_word' id='word_1_571' title='bbox 1224 3574 1441 3643; x_wconf 83' lang='lat' dir='ltr'><strong>filioque</strong></span> <span class='ocrx_word' id='word_1_572' title='bbox 1491 3573 1627 3641; x_wconf 91' lang='lat' dir='ltr'><strong>ejus,</strong></span> <span class='ocrx_word' id='word_1_573' title='bbox 1661 3574 1947 3644; x_wconf 89' lang='lat' dir='ltr'><strong>regnisque</strong></span> 
     </span>
    </p>
   </div>
   <div class='ocr_carea' id='block_1_68' title="bbox 375 3662 1948 3732">
    <p class='ocr_par' dir='ltr' id='par_1_68' title="bbox 375 3662 1948 3732">
     <span class='ocr_line' id='line_1_68' title="bbox 375 3662 1948 3732; baseline 0.001 -14"><span class='ocrx_word' id='word_1_574' title='bbox 375 3664 608 3728; x_wconf 92' lang='lat' dir='ltr'><strong>illorum,</strong></span> <span class='ocrx_word' id='word_1_575' title='bbox 637 3673 692 3718; x_wconf 89' lang='lat' dir='ltr'><strong>et</strong></span> <span class='ocrx_word' id='word_1_576' title='bbox 716 3665 941 3732; x_wconf 89' lang='lat' dir='ltr'><strong>reliqua.</strong></span> <span class='ocrx_word' id='word_1_577' title='bbox 975 3664 1127 3718; x_wconf 89' lang='lat' dir='ltr'><strong>Sicut</strong></span> <span class='ocrx_word' id='word_1_578' title='bbox 1151 3664 1411 3729; x_wconf 85' lang='lat' dir='ltr'><strong>Roboam,</strong></span> <span class='ocrx_word' id='word_1_579' title='bbox 1434 3662 1632 3728; x_wconf 85' lang='lat' dir='ltr'><strong>Achaz,</strong></span> <span class='ocrx_word' id='word_1_580' title='bbox 1669 3665 1856 3720; x_wconf 85' lang='lat' dir='ltr'><strong>Achab</strong></span> <span class='ocrx_word' id='word_1_581' title='bbox 1891 3672 1948 3720; x_wconf 89' lang='lat' dir='ltr'><strong>et</strong></span> 
     </span>
    </p>
   </div>
   <div class='ocr_carea' id='block_1_69' title="bbox 375 3749 1943 3820">
    <p class='ocr_par' dir='ltr' id='par_1_69' title="bbox 375 3749 1943 3820">
     <span class='ocr_line' id='line_1_69' title="bbox 375 3749 1943 3820; baseline 0.003 -16"><span class='ocrx_word' id='word_1_582' title='bbox 375 3752 569 3820; x_wconf 89' lang='lat' dir='ltr'><strong>reliqui</strong></span> <span class='ocrx_word' id='word_1_583' title='bbox 600 3766 750 3818; x_wconf 82' lang='lat' dir='ltr'><strong>reges</strong></span> <span class='ocrx_word' id='word_1_584' title='bbox 774 3749 1098 3817; x_wconf 72' lang='lat' dir='ltr'><strong>Judznorum,</strong></span> <span class='ocrx_word' id='word_1_585' title='bbox 1123 3752 1216 3820; x_wconf 88' lang='lat' dir='ltr'><strong>qui</strong></span> <span class='ocrx_word' id='word_1_586' title='bbox 1244 3750 1488 3807; x_wconf 90' lang='lat' dir='ltr'><strong>fecerunt</strong></span> <span class='ocrx_word' id='word_1_587' title='bbox 1509 3752 1709 3807; x_wconf 89' lang='lat' dir='ltr'><strong>malum</strong></span> <span class='ocrx_word' id='word_1_588' title='bbox 1740 3754 1792 3807; x_wconf 89' lang='lat' dir='ltr'><strong>in</strong></span> <span class='ocrx_word' id='word_1_589' title='bbox 1812 3769 1943 3809; x_wconf 77' lang='lat' dir='ltr'><strong>cun-</strong></span> 
     </span>
    </p>
   </div>
   <div class='ocr_carea' id='block_1_70' title="bbox 376 3840 1943 3911">
    <p class='ocr_par' dir='ltr' id='par_1_70' title="bbox 376 3840 1943 3911">
     <span class='ocr_line' id='line_1_70' title="bbox 376 3840 1943 3911; baseline 0.002 -16"><span class='ocrx_word' id='word_1_590' title='bbox 376 3849 561 3911; x_wconf 83' lang='lat' dir='ltr'><strong>specto</strong></span> <span class='ocrx_word' id='word_1_591' title='bbox 573 3840 801 3904; x_wconf 90' lang='lat' dir='ltr'><strong>Domini,</strong></span> <span class='ocrx_word' id='word_1_592' title='bbox 828 3848 881 3895; x_wconf 94' lang='lat' dir='ltr'><strong>et</strong></span> <span class='ocrx_word' id='word_1_593' title='bbox 901 3855 1006 3894; x_wconf 89' lang='lat' dir='ltr'><strong>non</strong></span> <span class='ocrx_word' id='word_1_594' title='bbox 1027 3841 1435 3896; x_wconf 85' lang='lat' dir='ltr'><strong>ambulaverunt</strong></span> <span class='ocrx_word' id='word_1_595' title='bbox 1461 3842 1514 3897; x_wconf 92' lang='lat' dir='ltr'><strong>in</strong></span> <span class='ocrx_word' id='word_1_596' title='bbox 1534 3842 1799 3898; x_wconf 89' lang='lat' dir='ltr'><strong>mandatis</strong></span> <span class='ocrx_word' id='word_1_597' title='bbox 1828 3844 1943 3898; x_wconf 90' lang='lat' dir='ltr'><strong>Dei.</strong></span> 
     </span>
    </p>
   </div>
   <div class='ocr_carea' id='block_1_71' title="bbox 378 3932 1943 4004">
    <p class='ocr_par' dir='ltr' id='par_1_71' title="bbox 378 3932 1943 4004">
     <span class='ocr_line' id='line_1_71' title="bbox 378 3932 1943 4004; baseline 0.003 -18"><span class='ocrx_word' id='word_1_598' title='bbox 378 3933 460 3986; x_wconf 89' lang='lat' dir='ltr'><strong>Tu</strong></span> <span class='ocrx_word' id='word_1_599' title='bbox 484 3946 633 4002; x_wconf 85' lang='lat' dir='ltr'><strong>ergo,</strong></span> <span class='ocrx_word' id='word_1_600' title='bbox 661 3947 757 3987; x_wconf 86' lang='lat' dir='ltr'><strong>rex</strong></span> <span class='ocrx_word' id='word_1_601' title='bbox 784 3932 879 3998; x_wconf 90' lang='lat' dir='ltr'><strong>mi,</strong></span> <span class='ocrx_word' id='word_1_602' title='bbox 911 3933 1027 3987; x_wconf 68' lang='lat' dir='ltr'><strong>hanc</strong></span> <span class='ocrx_word' id='word_1_603' title='bbox 1050 3932 1231 3987; x_wconf 92' lang='lat' dir='ltr'><strong>omnia</strong></span> <span class='ocrx_word' id='word_1_604' title='bbox 1268 3932 1401 4004; x_wconf 85' lang='lat' dir='ltr'><strong>lege,</strong></span> <span class='ocrx_word' id='word_1_605' title='bbox 1424 3942 1479 3989; x_wconf 93' lang='lat' dir='ltr'><strong>et</strong></span> <span class='ocrx_word' id='word_1_606' title='bbox 1503 3934 1786 4004; x_wconf 84' lang='lat' dir='ltr'><strong>diligenter</strong></span> <span class='ocrx_word' id='word_1_607' title='bbox 1814 3950 1943 3990; x_wconf 89' lang='lat' dir='ltr'><strong>con-</strong></span> 
     </span>
    </p>
   </div>
   <div class='ocr_carea' id='block_1_72' title="bbox 376 4023 1941 4096">
    <p class='ocr_par' dir='ltr' id='par_1_72' title="bbox 376 4023 1941 4096">
     <span class='ocr_line' id='line_1_72' title="bbox 376 4023 1941 4096; baseline 0.002 -19"><span class='ocrx_word' id='word_1_608' title='bbox 376 4023 573 4088; x_wconf 86' lang='lat' dir='ltr'><strong>sidera,</strong></span> <span class='ocrx_word' id='word_1_609' title='bbox 601 4037 667 4076; x_wconf 91' lang='lat' dir='ltr'><strong>ne</strong></span> <span class='ocrx_word' id='word_1_610' title='bbox 692 4023 947 4077; x_wconf 87' lang='lat' dir='ltr'><strong>honorem</strong></span> <span class='ocrx_word' id='word_1_611' title='bbox 974 4030 1123 4078; x_wconf 89' lang='lat' dir='ltr'><strong>tuum</strong></span> <span class='ocrx_word' id='word_1_612' title='bbox 1169 4024 1258 4079; x_wconf 91' lang='lat' dir='ltr'><strong>hic</strong></span> <span class='ocrx_word' id='word_1_613' title='bbox 1279 4032 1334 4079; x_wconf 88' lang='lat' dir='ltr'><strong>et</strong></span> <span class='ocrx_word' id='word_1_614' title='bbox 1357 4026 1412 4079; x_wconf 91' lang='lat' dir='ltr'><strong>in</strong></span> <span class='ocrx_word' id='word_1_615' title='bbox 1455 4023 1694 4080; x_wconf 86' lang='lat' dir='ltr'><strong>futurum</strong></span> <span class='ocrx_word' id='word_1_616' title='bbox 1731 4027 1941 4096; x_wconf 87' lang='lat' dir='ltr'><strong>perdas.</strong></span> 
     </span>
    </p>
   </div>
   <div class='ocr_carea' id='block_1_73' title="bbox 379 4116 1941 4190">
    <p class='ocr_par' dir='ltr' id='par_1_73' title="bbox 379 4116 1941 4190">
     <span class='ocr_line' id='line_1_73' title="bbox 379 4116 1941 4190; baseline 0.001 -18"><span class='ocrx_word' id='word_1_617' title='bbox 379 4116 486 4173; x_wconf 85' lang='lat' dir='ltr'><strong>Sed</strong></span> <span class='ocrx_word' id='word_1_618' title='bbox 519 4118 719 4172; x_wconf 88' lang='lat' dir='ltr'><strong>b0num</strong></span> <span class='ocrx_word' id='word_1_619' title='bbox 772 4118 1053 4173; x_wconf 88' lang='lat' dir='ltr'><strong>consilium</strong></span> <span class='ocrx_word' id='word_1_620' title='bbox 1103 4134 1225 4173; x_wconf 91' lang='lat' dir='ltr'><strong>cum</strong></span> <span class='ocrx_word' id='word_1_621' title='bbox 1291 4120 1620 4190; x_wconf 86' lang='lat' dir='ltr'><strong>sapientibus</strong></span> <span class='ocrx_word' id='word_1_622' title='bbox 1670 4120 1779 4174; x_wconf 90' lang='lat' dir='ltr'><strong>tuis</strong></span> <span class='ocrx_word' id='word_1_623' title='bbox 1828 4120 1941 4183; x_wconf 89' lang='lat' dir='ltr'><strong>ini;</strong></span> 
     </span>
    </p>
   </div>
   <div class='ocr_carea' id='block_1_74' title="bbox 374 4211 1944 4281">
    <p class='ocr_par' dir='ltr' id='par_1_74' title="bbox 374 4211 1944 4281">
     <span class='ocr_line' id='line_1_74' title="bbox 374 4211 1944 4281; baseline 0.001 -18"><span class='ocrx_word' id='word_1_624' title='bbox 374 4224 515 4281; x_wconf 90' lang='lat' dir='ltr'><strong>pone</strong></span> <span class='ocrx_word' id='word_1_625' title='bbox 546 4211 825 4265; x_wconf 90' lang='lat' dir='ltr'><strong>consilium</strong></span> <span class='ocrx_word' id='word_1_626' title='bbox 852 4212 1083 4267; x_wconf 86' lang='lat' dir='ltr'><strong>maxime</strong></span> <span class='ocrx_word' id='word_1_627' title='bbox 1115 4227 1238 4266; x_wconf 89' lang='lat' dir='ltr'><strong>cum</strong></span> <span class='ocrx_word' id='word_1_628' title='bbox 1257 4213 1568 4267; x_wconf 90' lang='lat' dir='ltr'><strong>timentibus</strong></span> <span class='ocrx_word' id='word_1_629' title='bbox 1592 4212 1782 4277; x_wconf 87' lang='lat' dir='ltr'><strong>Deum,</strong></span> <span class='ocrx_word' id='word_1_630' title='bbox 1805 4219 1857 4267; x_wconf 94' lang='lat' dir='ltr'><strong>et</strong></span> <span class='ocrx_word' id='word_1_631' title='bbox 1878 4227 1944 4266; x_wconf 90' lang='lat' dir='ltr'><strong>ex</strong></span> 
     </span>
    </p>
   </div>
   <div class='ocr_carea' id='block_1_75' title="bbox 375 4298 1947 4373">
    <p class='ocr_par' dir='ltr' id='par_1_75' title="bbox 375 4298 1947 4373">
     <span class='ocr_line' id='line_1_75' title="bbox 375 4298 1947 4373; baseline 0.003 -21"><span class='ocrx_word' id='word_1_632' title='bbox 375 4298 481 4355; x_wconf 89' lang='lat' dir='ltr'><strong>illis</strong></span> <span class='ocrx_word' id='word_1_633' title='bbox 510 4299 734 4369; x_wconf 84' lang='lat' dir='ltr'><strong>elegeris</strong></span> <span class='ocrx_word' id='word_1_634' title='bbox 755 4316 852 4369; x_wconf 91' lang='lat' dir='ltr'><strong>per</strong></span> <span class='ocrx_word' id='word_1_635' title='bbox 870 4301 1136 4367; x_wconf 87' lang='lat' dir='ltr'><strong>civitates,</strong></span> <span class='ocrx_word' id='word_1_636' title='bbox 1164 4312 1217 4357; x_wconf 89' lang='lat' dir='ltr'><strong>et</strong></span> <span class='ocrx_word' id='word_1_637' title='bbox 1238 4303 1580 4368; x_wconf 89' lang='lat' dir='ltr'><strong>monasteria,</strong></span> <span class='ocrx_word' id='word_1_638' title='bbox 1597 4310 1649 4358; x_wconf 86' lang='lat' dir='ltr'><strong>et</strong></span> <span class='ocrx_word' id='word_1_639' title='bbox 1672 4317 1770 4373; x_wconf 91' lang='lat' dir='ltr'><strong>per</strong></span> <span class='ocrx_word' id='word_1_640' title='bbox 1788 4316 1947 4357; x_wconf 90' lang='lat' dir='ltr'><strong>omne</strong></span> 
     </span>
    </p>
   </div>
   <div class='ocr_carea' id='block_1_76' title="bbox 332 4389 1947 4467">
    <p class='ocr_par' dir='ltr' id='par_1_76' title="bbox 332 4389 1947 4467">
     <span class='ocr_line' id='line_1_76' title="bbox 332 4389 1947 4467; baseline 0.002 -26"><span class='ocrx_word' id='word_1_641' title='bbox 332 4405 353 4413; x_wconf 84' lang='grc'><strong>-</strong></span> <span class='ocrx_word' id='word_1_642' title='bbox 376 4404 600 4457; x_wconf 87' lang='lat' dir='ltr'><strong>regnum</strong></span> <span class='ocrx_word' id='word_1_643' title='bbox 629 4396 778 4442; x_wconf 91' lang='lat' dir='ltr'><strong>tuum</strong></span> <span class='ocrx_word' id='word_1_644' title='bbox 803 4389 947 4460; x_wconf 86' lang='lat' dir='ltr'><strong>leges</strong></span> <span class='ocrx_word' id='word_1_645' title='bbox 974 4400 1318 4467; x_wconf 88' lang='lat' dir='ltr'><strong>renovare,_et</strong></span> <span class='ocrx_word' id='word_1_646' title='bbox 1344 4391 1543 4461; x_wconf 87' lang='lat' dir='ltr'><strong>injusta</strong></span> <span class='ocrx_word' id='word_1_647' title='bbox 1559 4393 1857 4448; x_wconf 87' lang='lat' dir='ltr'><strong>destruere.</strong></span> <span class='ocrx_word' id='word_1_648' title='bbox 1877 4391 1947 4467; x_wconf 83' lang='lat' dir='ltr'><strong>Et</strong></span> 
     </span>
    </p>
   </div>
   <div class='ocr_carea' id='block_1_77' title="bbox 374 4461 2019 4553">
    <p class='ocr_par' dir='ltr' id='par_1_77' title="bbox 374 4461 2019 4553">
     <span class='ocr_line' id='line_1_77' title="bbox 374 4461 2019 4553; baseline 0.005 -24"><span class='ocrx_word' id='word_1_649' title='bbox 374 4476 544 4545; x_wconf 82' lang='lat' dir='ltr'><strong>legem</strong></span> <span class='ocrx_word' id='word_1_650' title='bbox 573 4478 885 4545; x_wconf 89' lang='lat' dir='ltr'><strong>scientibus,</strong></span> <span class='ocrx_word' id='word_1_651' title='bbox 908 4495 1129 4535; x_wconf 89' lang='lat' dir='ltr'><strong>munera</strong></span> <span class='ocrx_word' id='word_1_652' title='bbox 1148 4461 1264 4537; x_wconf 41' lang='lat' dir='ltr'><strong>non-</strong></span> <span class='ocrx_word' id='word_1_653' title='bbox 1283 4484 1698 4553; x_wconf 90' lang='lat' dir='ltr'><strong>accipientibus,</strong></span> <span class='ocrx_word' id='word_1_654' title='bbox 1727 4484 1820 4539; x_wconf 90' lang='lat' dir='ltr'><strong>sed</strong></span> <span class='ocrx_word' id='word_1_655' title='bbox 1858 4461 1949 4537; x_wconf 37' lang='lat' dir='ltr'><strong>re?</strong></span> <span class='ocrx_word' id='word_1_656' title='bbox 1971 4461 2019 4519; x_wconf 75' lang='grc' dir='ltr'><strong>ο</strong></span> 
     </span>
    </p>
   </div>
   <div class='ocr_carea' id='block_1_78' title="bbox 371 4566 1946 4643">
    <p class='ocr_par' dir='ltr' id='par_1_78' title="bbox 371 4566 1946 4643">
     <span class='ocr_line' id='line_1_78' title="bbox 371 4566 1946 4643; baseline 0.006 -25"><span class='ocrx_word' id='word_1_657' title='bbox 371 4574 456 4618; x_wconf 92' lang='lat' dir='ltr'><strong>cta</strong></span> <span class='ocrx_word' id='word_1_658' title='bbox 486 4566 909 4635; x_wconf 89' lang='lat' dir='ltr'><strong>disponentibus,</strong></span> <span class='ocrx_word' id='word_1_659' title='bbox 938 4569 992 4624; x_wconf 90' lang='lat' dir='ltr'><strong>id</strong></span> <span class='ocrx_word' id='word_1_660' title='bbox 1012 4577 1093 4625; x_wconf 90' lang='lat' dir='ltr'><strong>est</strong></span> <span class='ocrx_word' id='word_1_661' title='bbox 1119 4587 1240 4626; x_wconf 89' lang='lat' dir='ltr'><strong>cum</strong></span> <span class='ocrx_word' id='word_1_662' title='bbox 1273 4573 1537 4643; x_wconf 87' lang='lat' dir='ltr'><strong>episcopis</strong></span> <span class='ocrx_word' id='word_1_663' title='bbox 1564 4580 1620 4628; x_wconf 90' lang='lat' dir='ltr'><strong>et</strong></span> <span class='ocrx_word' id='word_1_664' title='bbox 1659 4573 1946 4628; x_wconf 88' lang='lat' dir='ltr'><strong>comitibus</strong></span> 
     </span>
    </p>
   </div>
   <div class='ocr_carea' id='block_1_79' title="bbox 372 4654 1944 4731">
    <p class='ocr_par' dir='ltr' id='par_1_79' title="bbox 372 4654 1944 4731">
     <span class='ocr_line' id='line_1_79' title="bbox 372 4654 1944 4731; baseline 0.008 -26"><span class='ocrx_word' id='word_1_665' title='bbox 372 4654 631 4720; x_wconf 88' lang='lat' dir='ltr'><strong>probatis,</strong></span> <span class='ocrx_word' id='word_1_666' title='bbox 659 4664 715 4710; x_wconf 90' lang='lat' dir='ltr'><strong>et</strong></span> <span class='ocrx_word' id='word_1_667' title='bbox 738 4658 960 4729; x_wconf 89' lang='lat' dir='ltr'><strong>reliqua,</strong></span> <span class='ocrx_word' id='word_1_668' title='bbox 987 4668 1044 4714; x_wconf 93' lang='lat' dir='ltr'><strong>ut</strong></span> <span class='ocrx_word' id='word_1_669' title='bbox 1076 4663 1258 4731; x_wconf 88' lang='lat' dir='ltr'><strong>spinas</strong></span> <span class='ocrx_word' id='word_1_670' title='bbox 1289 4671 1343 4716; x_wconf 88' lang='lat' dir='ltr'><strong>et</strong></span> <span class='ocrx_word' id='word_1_671' title='bbox 1364 4664 1588 4719; x_wconf 89' lang='lat' dir='ltr'><strong>tribulos</strong></span> <span class='ocrx_word' id='word_1_672' title='bbox 1614 4672 1669 4718; x_wconf 92' lang='lat' dir='ltr'><strong>et</strong></span> <span class='ocrx_word' id='word_1_673' title='bbox 1692 4661 1944 4718; x_wconf 89' lang='lat' dir='ltr'><strong>scandala</strong></span> 
     </span>
    </p>
   </div>
   <div class='ocr_carea' id='block_1_80' title="bbox 374 4742 1936 4822">
    <p class='ocr_par' dir='ltr' id='par_1_80' title="bbox 374 4742 1936 4822">
     <span class='ocr_line' id='line_1_80' title="bbox 374 4742 1936 4822; baseline 0.007 -28"><span class='ocrx_word' id='word_1_674' title='bbox 374 4742 621 4798; x_wconf 87' lang='lat' dir='ltr'><strong>vitiorum</strong></span> <span class='ocrx_word' id='word_1_675' title='bbox 645 4749 819 4815; x_wconf 89' lang='lat' dir='ltr'><strong>possis</strong></span> <span class='ocrx_word' id='word_1_676' title='bbox 841 4751 906 4805; x_wconf 91' lang='lat' dir='ltr'><strong>de</strong></span> <span class='ocrx_word' id='word_1_677' title='bbox 935 4767 1099 4822; x_wconf 84' lang='lat' dir='ltr'><strong>regno</strong></span> <span class='ocrx_word' id='word_1_678' title='bbox 1127 4762 1217 4807; x_wconf 88' lang='lat' dir='ltr'><strong>tuo</strong></span> <span class='ocrx_word' id='word_1_679' title='bbox 1231 4752 1545 4821; x_wconf 82' lang='lat' dir='ltr'><strong>exstirpare,</strong></span> <span class='ocrx_word' id='word_1_680' title='bbox 1569 4760 1624 4806; x_wconf 93' lang='lat' dir='ltr'><strong>et</strong></span> <span class='ocrx_word' id='word_1_681' title='bbox 1638 4752 1936 4806; x_wconf 83' lang='lat' dir='ltr'><strong>exercitum</strong></span> 
     </span>
    </p>
   </div>
   <div class='ocr_carea' id='block_1_81' title="bbox 371 4834 1945 4913">
    <p class='ocr_par' dir='ltr' id='par_1_81' title="bbox 371 4834 1945 4913">
     <span class='ocr_line' id='line_1_81' title="bbox 371 4834 1945 4913; baseline 0.004 -25"><span class='ocrx_word' id='word_1_682' title='bbox 371 4834 795 4895; x_wconf 86' lang='lat' dir='ltr'><strong>Christianorum</strong></span> <span class='ocrx_word' id='word_1_683' title='bbox 829 4846 1068 4900; x_wconf 91' lang='lat' dir='ltr'><strong>membra</strong></span> <span class='ocrx_word' id='word_1_684' title='bbox 1114 4844 1313 4900; x_wconf 88' lang='lat' dir='ltr'><strong>Christi</strong></span> <span class='ocrx_word' id='word_1_685' title='bbox 1360 4844 1446 4913; x_wconf 90' lang='lat' dir='ltr'><strong>pie</strong></span> <span class='ocrx_word' id='word_1_686' title='bbox 1483 4843 1788 4913; x_wconf 77' lang='lat' dir='ltr'><strong>regere.‘ln</strong></span> <span class='ocrx_word' id='word_1_687' title='bbox 1833 4842 1945 4912; x_wconf 89' lang='lat' dir='ltr'><strong>pri-</strong></span> 
     </span>
    </p>
   </div>
   <div class='ocr_carea' id='block_1_82' title="bbox 370 4922 1941 5005">
    <p class='ocr_par' dir='ltr' id='par_1_82' title="bbox 370 4922 1941 5005">
     <span class='ocr_line' id='line_1_82' title="bbox 370 4922 1941 5005; baseline 0.003 -26"><span class='ocrx_word' id='word_1_688' title='bbox 370 4922 474 4979; x_wconf 83' lang='lat' dir='ltr'><strong>mis</strong></span> <span class='ocrx_word' id='word_1_689' title='bbox 499 4940 628 4996; x_wconf 87' lang='lat' dir='ltr'><strong>ergo</strong></span> <span class='ocrx_word' id='word_1_690' title='bbox 647 4934 950 4998; x_wconf 86' lang='lat' dir='ltr'><strong>pastoribus</strong></span> <span class='ocrx_word' id='word_1_691' title='bbox 984 4935 1252 5005; x_wconf 82' lang='lat' dir='ltr'><strong>praedictis</strong></span> <span class='ocrx_word' id='word_1_692' title='bbox 1278 4947 1511 4989; x_wconf 89' lang='lat' dir='ltr'><strong>canones</strong></span> <span class='ocrx_word' id='word_1_693' title='bbox 1531 4946 1760 5001; x_wconf 89' lang='lat' dir='ltr'><strong>namque</strong></span> <span class='ocrx_word' id='word_1_694' title='bbox 1787 4947 1941 4986; x_wconf 90' lang='lat' dir='ltr'><strong>man-</strong></span> 
     </span>
    </p>
   </div>
   <div class='ocr_carea' id='block_1_83' title="bbox 373 5011 1935 5094">
    <p class='ocr_par' dir='ltr' id='par_1_83' title="bbox 373 5011 1935 5094">
     <span class='ocr_line' id='line_1_83' title="bbox 373 5011 1935 5094; baseline 0.005 -27"><span class='ocrx_word' id='word_1_695' title='bbox 373 5011 519 5081; x_wconf 83' lang='lat' dir='ltr'><strong>dant,</strong></span> <span class='ocrx_word' id='word_1_696' title='bbox 545 5024 600 5072; x_wconf 88' lang='lat' dir='ltr'><strong>et</strong></span> <span class='ocrx_word' id='word_1_697' title='bbox 617 5018 703 5075; x_wconf 82' lang='lat' dir='ltr'><strong>lex</strong></span> <span class='ocrx_word' id='word_1_698' title='bbox 726 5024 890 5081; x_wconf 89' lang='lat' dir='ltr'><strong>totius</strong></span> <span class='ocrx_word' id='word_1_699' title='bbox 922 5025 1102 5080; x_wconf 89' lang='lat' dir='ltr'><strong>mundi</strong></span> <span class='ocrx_word' id='word_1_700' title='bbox 1131 5025 1302 5094; x_wconf 88' lang='lat' dir='ltr'><strong>prima</strong></span> <span class='ocrx_word' id='word_1_701' title='bbox 1330 5023 1591 5090; x_wconf 83' lang='lat' dir='ltr'><strong>Romana,</strong></span> <span class='ocrx_word' id='word_1_702' title='bbox 1621 5024 1732 5077; x_wconf 91' lang='lat' dir='ltr'><strong>imo</strong></span> <span class='ocrx_word' id='word_1_703' title='bbox 1763 5023 1935 5085; x_wconf 91' lang='lat' dir='ltr'><strong>Deus,</strong></span> 
     </span>
    </p>
   </div>
   <div class='ocr_carea' id='block_1_84' title="bbox 2047 3187 3614 3260">
    <p class='ocr_par' dir='ltr' id='par_1_84' title="bbox 2047 3187 3614 3260">
     <span class='ocr_line' id='line_1_84' title="bbox 2047 3187 3614 3260; baseline -0.007 -8"><span class='ocrx_word' id='word_1_704' title='bbox 2047 3196 2249 3253; x_wconf 89' lang='lat' dir='ltr'><strong>sanctis</strong></span> <span class='ocrx_word' id='word_1_705' title='bbox 2272 3192 2560 3249; x_wconf 87' lang='lat' dir='ltr'><strong>manebitis</strong></span> <span class='ocrx_word' id='word_1_706' title='bbox 2608 3192 2661 3245; x_wconf 90' lang='lat' dir='ltr'><strong>in</strong></span> <span class='ocrx_word' id='word_1_707' title='bbox 2696 3190 2889 3260; x_wconf 89' lang='lat' dir='ltr'><strong>gaudio</strong></span> <span class='ocrx_word' id='word_1_708' title='bbox 2933 3189 2986 3241; x_wconf 89' lang='lat' dir='ltr'><strong>iu</strong></span> <span class='ocrx_word' id='word_1_709' title='bbox 3026 3187 3218 3243; x_wconf 58' lang='lat' dir='ltr'><strong>saecula</strong></span> <span class='ocrx_word' id='word_1_710' title='bbox 3258 3187 3574 3242; x_wconf 65' lang='lat' dir='ltr'><strong>saeculorum</strong></span> <span class='ocrx_word' id='word_1_711' title='bbox 3599 3226 3614 3249; x_wconf 92' lang='lat'><strong>,</strong></span> 
     </span>
    </p>
   </div>
   <div class='ocr_carea' id='block_1_85' title="bbox 2046 3274 3622 3352">
    <p class='ocr_par' dir='ltr' id='par_1_85' title="bbox 2046 3274 3622 3352">
     <span class='ocr_line' id='line_1_85' title="bbox 2046 3274 3622 3352; baseline -0.011 -9"><span class='ocrx_word' id='word_1_712' title='bbox 2046 3302 2223 3343; x_wconf 87' lang='lat' dir='ltr'><strong>amen.</strong></span> <span class='ocrx_word' id='word_1_713' title='bbox 2252 3285 2378 3339; x_wconf 84' lang='lat' dir='ltr'><strong>Haec</strong></span> <span class='ocrx_word' id='word_1_714' title='bbox 2400 3297 2530 3338; x_wconf 91' lang='lat' dir='ltr'><strong>vero</strong></span> <span class='ocrx_word' id='word_1_715' title='bbox 2552 3294 2741 3352; x_wconf 89' lang='lat' dir='ltr'><strong>pauca,</strong></span> <span class='ocrx_word' id='word_1_716' title='bbox 2764 3280 2957 3333; x_wconf 89' lang='lat' dir='ltr'><strong>domne</strong></span> <span class='ocrx_word' id='word_1_717' title='bbox 2985 3292 3081 3332; x_wconf 88' lang='lat' dir='ltr'><strong>rex</strong></span> <span class='ocrx_word' id='word_1_718' title='bbox 3098 3276 3191 3340; x_wconf 92' lang='lat' dir='ltr'><strong>mi,</strong></span> <span class='ocrx_word' id='word_1_719' title='bbox 3220 3276 3287 3331; x_wconf 90' lang='lat' dir='ltr'><strong>de</strong></span> <span class='ocrx_word' id='word_1_720' title='bbox 3326 3274 3509 3330; x_wconf 90' lang='lat' dir='ltr'><strong>multis</strong></span> <span class='ocrx_word' id='word_1_721' title='bbox 3525 3289 3622 3328; x_wconf 84' lang='lat' dir='ltr'><strong>ex-</strong></span> 
     </span>
    </p>
   </div>
   <div class='ocr_carea' id='block_1_86' title="bbox 2046 3365 3621 3447">
    <p class='ocr_par' dir='ltr' id='par_1_86' title="bbox 2046 3365 3621 3447">
     <span class='ocr_line' id='line_1_86' title="bbox 2046 3365 3621 3447; baseline -0.01 -14"><span class='ocrx_word' id='word_1_722' title='bbox 2046 3378 2242 3447; x_wconf 86' lang='lat' dir='ltr'><strong>cerpsi,</strong></span> <span class='ocrx_word' id='word_1_723' title='bbox 2265 3391 2385 3445; x_wconf 72' lang='lat' dir='ltr'><strong>quae</strong></span> <span class='ocrx_word' id='word_1_724' title='bbox 2411 3374 2480 3428; x_wconf 90' lang='lat' dir='ltr'><strong>ad</strong></span> <span class='ocrx_word' id='word_1_725' title='bbox 2499 3370 2815 3426; x_wconf 90' lang='lat' dir='ltr'><strong>memoriam</strong></span> <span class='ocrx_word' id='word_1_726' title='bbox 2843 3374 3126 3423; x_wconf 89' lang='lat' dir='ltr'><strong>venerunt.</strong></span> <span class='ocrx_word' id='word_1_727' title='bbox 3149 3366 3357 3421; x_wconf 91' lang='lat' dir='ltr'><strong>Placuit</strong></span> <span class='ocrx_word' id='word_1_728' title='bbox 3381 3365 3514 3420; x_wconf 86' lang='lat' dir='ltr'><strong>mihi</strong></span> <span class='ocrx_word' id='word_1_729' title='bbox 3536 3380 3621 3428; x_wconf 47' lang='lat' dir='ltr'><strong>ru,</strong></span> 
     </span>
    </p>
   </div>
   <div class='ocr_carea' id='block_1_87' title="bbox 2047 3458 3620 3536">
    <p class='ocr_par' dir='ltr' id='par_1_87' title="bbox 2047 3458 3620 3536">
     <span class='ocr_line' id='line_1_87' title="bbox 2047 3458 3620 3536; baseline -0.009 -10"><span class='ocrx_word' id='word_1_730' title='bbox 2047 3473 2182 3526; x_wconf 89' lang='lat' dir='ltr'><strong>stico</strong></span> <span class='ocrx_word' id='word_1_731' title='bbox 2214 3470 2378 3525; x_wconf 89' lang='lat' dir='ltr'><strong>verbo</strong></span> <span class='ocrx_word' id='word_1_732' title='bbox 2404 3463 2666 3536; x_wconf 86' lang='lat' dir='ltr'><strong>quamvis,</strong></span> <span class='ocrx_word' id='word_1_733' title='bbox 2692 3463 2829 3518; x_wconf 90' lang='lat' dir='ltr'><strong>sicut</strong></span> <span class='ocrx_word' id='word_1_734' title='bbox 2862 3476 2980 3517; x_wconf 89' lang='lat' dir='ltr'><strong>sum</strong></span> <span class='ocrx_word' id='word_1_735' title='bbox 3001 3460 3237 3530; x_wconf 86' lang='lat' dir='ltr'><strong>ignarus,</strong></span> <span class='ocrx_word' id='word_1_736' title='bbox 3272 3466 3451 3515; x_wconf 90' lang='lat' dir='ltr'><strong>tamen</strong></span> <span class='ocrx_word' id='word_1_737' title='bbox 3465 3458 3620 3513; x_wconf 89' lang='lat' dir='ltr'><strong>vobis</strong></span> 
     </span>
    </p>
   </div>
   <div class='ocr_carea' id='block_1_88' title="bbox 2045 3550 3618 3625">
    <p class='ocr_par' dir='ltr' id='par_1_88' title="bbox 2045 3550 3618 3625">
     <span class='ocr_line' id='line_1_88' title="bbox 2045 3550 3618 3625; baseline -0.011 -5"><span class='ocrx_word' id='word_1_738' title='bbox 2045 3564 2281 3620; x_wconf 88' lang='lat' dir='ltr'><strong>scribere</strong></span> <span class='ocrx_word' id='word_1_739' title='bbox 2333 3561 2388 3615; x_wconf 93' lang='lat' dir='ltr'><strong>in</strong></span> <span class='ocrx_word' id='word_1_740' title='bbox 2431 3564 2663 3613; x_wconf 82' lang='lat' dir='ltr'><strong>vestram</strong></span> <span class='ocrx_word' id='word_1_741' title='bbox 2719 3555 3005 3625; x_wconf 89' lang='lat' dir='ltr'><strong>pietatem,</strong></span> <span class='ocrx_word' id='word_1_742' title='bbox 3056 3550 3328 3607; x_wconf 89' lang='lat' dir='ltr'><strong>conﬁdens</strong></span> <span class='ocrx_word' id='word_1_743' title='bbox 3375 3558 3437 3604; x_wconf 89' lang='lat' dir='ltr'><strong>ut</strong></span> <span class='ocrx_word' id='word_1_744' title='bbox 3484 3565 3618 3604; x_wconf 67' lang='lat' dir='ltr'><strong>mea:</strong></span> 
     </span>
    </p>
   </div>
   <div class='ocr_carea' id='block_1_89' title="bbox 2045 3640 3613 3712">
    <p class='ocr_par' dir='ltr' id='par_1_89' title="bbox 2045 3640 3613 3712">
     <span class='ocr_line' id='line_1_89' title="bbox 2045 3640 3613 3712; baseline -0.011 0"><span class='ocrx_word' id='word_1_745' title='bbox 2045 3654 2284 3712; x_wconf 81' lang='lat' dir='ltr'><strong>stultitiae</strong></span> <span class='ocrx_word' id='word_1_746' title='bbox 2311 3650 2464 3705; x_wconf 87' lang='lat' dir='ltr'><strong>venia</strong></span> <span class='ocrx_word' id='word_1_747' title='bbox 2489 3649 2662 3712; x_wconf 87' lang='lat' dir='ltr'><strong>detur,</strong></span> <span class='ocrx_word' id='word_1_748' title='bbox 2699 3652 2754 3700; x_wconf 89' lang='lat' dir='ltr'><strong>et</strong></span> <span class='ocrx_word' id='word_1_749' title='bbox 2788 3651 2968 3699; x_wconf 86' lang='lat' dir='ltr'><strong>vestra</strong></span> <span class='ocrx_word' id='word_1_750' title='bbox 3018 3655 3229 3697; x_wconf 90' lang='lat' dir='ltr'><strong>merces</strong></span> <span class='ocrx_word' id='word_1_751' title='bbox 3262 3641 3404 3711; x_wconf 86' lang='lat' dir='ltr'><strong>apud</strong></span> <span class='ocrx_word' id='word_1_752' title='bbox 3445 3640 3613 3695; x_wconf 89' lang='lat' dir='ltr'><strong>Deum</strong></span> 
     </span>
    </p>
   </div>
   <div class='ocr_carea' id='block_1_90' title="bbox 2046 3730 3612 3815">
    <p class='ocr_par' dir='ltr' id='par_1_90' title="bbox 2046 3730 3612 3815">
     <span class='ocr_line' id='line_1_90' title="bbox 2046 3730 3612 3815; baseline -0.011 -13"><span class='ocrx_word' id='word_1_753' title='bbox 2046 3743 2311 3815; x_wconf 90' lang='lat' dir='ltr'><strong>copiosior</strong></span> <span class='ocrx_word' id='word_1_754' title='bbox 2333 3741 2444 3795; x_wconf 92' lang='lat' dir='ltr'><strong>ﬁat.</strong></span> <span class='ocrx_word' id='word_1_755' title='bbox 2473 3738 2658 3795; x_wconf 75' lang='lat' dir='ltr'><strong>Valete</strong></span> <span class='ocrx_word' id='word_1_756' title='bbox 2693 3735 2834 3807; x_wconf 88' lang='lat' dir='ltr'><strong>apud</strong></span> <span class='ocrx_word' id='word_1_757' title='bbox 2852 3735 3040 3790; x_wconf 88' lang='lat' dir='ltr'><strong>Deum.</strong></span> <span class='ocrx_word' id='word_1_758' title='bbox 3068 3732 3200 3788; x_wconf 83' lang='lat' dir='ltr'><strong>Vive</strong></span> <span class='ocrx_word' id='word_1_759' title='bbox 3223 3730 3453 3786; x_wconf 86' lang='lat' dir='ltr'><strong>feliciter</strong></span> <span class='ocrx_word' id='word_1_760' title='bbox 3476 3744 3612 3786; x_wconf 88' lang='lat' dir='ltr'><strong>sem-</strong></span> 
     </span>
    </p>
   </div>
   <div class='ocr_carea' id='block_1_91' title="bbox 2045 3834 2443 3907">
    <p class='ocr_par' dir='ltr' id='par_1_91' title="bbox 2045 3834 2443 3907">
     <span class='ocr_line' id='line_1_91' title="bbox 2045 3834 2443 3907; baseline -0.015 -17"><span class='ocrx_word' id='word_1_761' title='bbox 2045 3850 2144 3907; x_wconf 91' lang='lat' dir='ltr'><strong>per</strong></span> <span class='ocrx_word' id='word_1_762' title='bbox 2166 3834 2223 3889; x_wconf 92' lang='lat' dir='ltr'><strong>in</strong></span> <span class='ocrx_word' id='word_1_763' title='bbox 2247 3845 2443 3888; x_wconf 65' lang='lat' dir='ltr'><strong>aevum.</strong></span> 
     </span>
    </p>
   </div>
   <div class='ocr_carea' id='block_1_92' title="bbox 2152 3979 3473 4055">
    <p class='ocr_par' dir='ltr' id='par_1_92' title="bbox 2152 3979 3473 4055">
     <span class='ocr_line' id='line_1_92' title="bbox 2152 3979 3473 4055; baseline -0.011 -10"><span class='ocrx_word' id='word_1_764' title='bbox 2152 3988 2442 4045; x_wconf 88' lang='lat' dir='ltr'><strong>Cantemus</strong></span> <span class='ocrx_word' id='word_1_765' title='bbox 2464 3985 2576 4055; x_wconf 87' lang='lat' dir='ltr'><strong>regi</strong></span> <span class='ocrx_word' id='word_1_766' title='bbox 2601 3996 2788 4052; x_wconf 89' lang='lat' dir='ltr'><strong>regum</strong></span> <span class='ocrx_word' id='word_1_767' title='bbox 2804 3981 2941 4036; x_wconf 90' lang='lat' dir='ltr'><strong>bene</strong></span> <span class='ocrx_word' id='word_1_768' title='bbox 2965 3993 3177 4049; x_wconf 89' lang='lat' dir='ltr'><strong>semper</strong></span> <span class='ocrx_word' id='word_1_769' title='bbox 3193 3979 3473 4033; x_wconf 86' lang='lat' dir='ltr'><strong>honorem.</strong></span> 
     </span>
    </p>
   </div>
   <div class='ocr_carea' id='block_1_93' title="bbox 2150 4066 3512 4141">
    <p class='ocr_par' dir='ltr' id='par_1_93' title="bbox 2150 4066 3512 4141">
     <span class='ocr_line' id='line_1_93' title="bbox 2150 4066 3512 4141; baseline -0.011 -5"><span class='ocrx_word' id='word_1_770' title='bbox 2150 4080 2287 4135; x_wconf 90' lang='lat' dir='ltr'><strong>Nam</strong></span> <span class='ocrx_word' id='word_1_771' title='bbox 2312 4078 2526 4135; x_wconf 90' lang='lat' dir='ltr'><strong>Christo</strong></span> <span class='ocrx_word' id='word_1_772' title='bbox 2559 4075 2745 4130; x_wconf 86' lang='lat' dir='ltr'><strong>laudes</strong></span> <span class='ocrx_word' id='word_1_773' title='bbox 2772 4078 3065 4141; x_wconf 88' lang='lat' dir='ltr'><strong>sanctoque</strong></span> <span class='ocrx_word' id='word_1_774' title='bbox 3088 4068 3247 4124; x_wconf 90' lang='lat' dir='ltr'><strong>Petro</strong></span> <span class='ocrx_word' id='word_1_775' title='bbox 3271 4069 3387 4123; x_wconf 91' lang='lat' dir='ltr'><strong>sine</strong></span> <span class='ocrx_word' id='word_1_776' title='bbox 3407 4066 3512 4122; x_wconf 84' lang='lat' dir='ltr'><strong>line</strong></span> 
     </span>
    </p>
   </div>
   <div class='ocr_carea' id='block_1_94' title="bbox 2153 4159 3444 4243">
    <p class='ocr_par' dir='ltr' id='par_1_94' title="bbox 2153 4159 3444 4243">
     <span class='ocr_line' id='line_1_94' title="bbox 2153 4159 3444 4243; baseline -0.012 -16"><span class='ocrx_word' id='word_1_777' title='bbox 2153 4171 2384 4243; x_wconf 92' lang='lat' dir='ltr'><strong>Triplice</strong></span> <span class='ocrx_word' id='word_1_778' title='bbox 2405 4174 2667 4225; x_wconf 88' lang='lat' dir='ltr'><strong>concentu</strong></span> <span class='ocrx_word' id='word_1_779' title='bbox 2700 4163 2891 4221; x_wconf 89' lang='lat' dir='ltr'><strong>Carlus</strong></span> <span class='ocrx_word' id='word_1_780' title='bbox 2918 4162 2993 4217; x_wconf 90' lang='lat' dir='ltr'><strong>mi</strong></span> <span class='ocrx_word' id='word_1_781' title='bbox 3014 4176 3108 4216; x_wconf 84' lang='lat' dir='ltr'><strong>rex</strong></span> <span class='ocrx_word' id='word_1_782' title='bbox 3127 4159 3444 4230; x_wconf 87' lang='lat' dir='ltr'><strong>p0pulorum</strong></span> 
     </span>
    </p>
   </div>
   <div class='ocr_carea' id='block_1_95' title="bbox 2150 4249 3613 4316">
    <p class='ocr_par' dir='ltr' id='par_1_95' title="bbox 2150 4249 3613 4316">
     <span class='ocr_line' id='line_1_95' title="bbox 2150 4249 3613 4316; baseline -0.013 1"><span class='ocrx_word' id='word_1_783' title='bbox 2150 4263 2454 4316; x_wconf 88' lang='lat' dir='ltr'><strong>Laudemus</strong></span> <span class='ocrx_word' id='word_1_784' title='bbox 2483 4266 2725 4314; x_wconf 90' lang='lat' dir='ltr'><strong>sanctam</strong></span> <span class='ocrx_word' id='word_1_785' title='bbox 2753 4254 3088 4314; x_wconf 88' lang='lat' dir='ltr'><strong>Trinitatem,</strong></span> <span class='ocrx_word' id='word_1_786' title='bbox 3116 4250 3209 4304; x_wconf 88' lang='lat' dir='ltr'><strong>sed</strong></span> <span class='ocrx_word' id='word_1_787' title='bbox 3235 4249 3403 4301; x_wconf 92' lang='lat' dir='ltr'><strong>Deum</strong></span> <span class='ocrx_word' id='word_1_788' title='bbox 3429 4261 3613 4299; x_wconf 90' lang='lat' dir='ltr'><strong>unum.</strong></span> 
     </span>
    </p>
   </div>
   <div class='ocr_carea' id='block_1_96' title="bbox 2150 4335 3618 4421">
    <p class='ocr_par' dir='ltr' id='par_1_96' title="bbox 2150 4335 3618 4421">
     <span class='ocr_line' id='line_1_96' title="bbox 2150 4335 3618 4421; baseline -0.014 -13"><span class='ocrx_word' id='word_1_789' title='bbox 2150 4353 2289 4421; x_wconf 81' lang='lat' dir='ltr'><strong>Quid</strong></span> <span class='ocrx_word' id='word_1_790' title='bbox 2311 4351 2408 4406; x_wconf 89' lang='lat' dir='ltr'><strong>tibi</strong></span> <span class='ocrx_word' id='word_1_791' title='bbox 2430 4364 2558 4403; x_wconf 88' lang='lat' dir='ltr'><strong>nam</strong></span> <span class='ocrx_word' id='word_1_792' title='bbox 2582 4361 2805 4416; x_wconf 85' lang='lat' dir='ltr'><strong>regnum</strong></span> <span class='ocrx_word' id='word_1_793' title='bbox 2837 4344 2952 4397; x_wconf 89' lang='lat' dir='ltr'><strong>sine</strong></span> <span class='ocrx_word' id='word_1_794' title='bbox 2981 4340 3120 4396; x_wconf 88' lang='lat' dir='ltr'><strong>bello</strong></span> <span class='ocrx_word' id='word_1_795' title='bbox 3148 4338 3358 4393; x_wconf 87' lang='lat' dir='ltr'><strong>fortiter</strong></span> <span class='ocrx_word' id='word_1_796' title='bbox 3383 4335 3618 4406; x_wconf 82' lang='lat' dir='ltr'><strong>augens?</strong></span> 
     </span>
    </p>
   </div>
   <div class='ocr_carea' id='block_1_97' title="bbox 2147 4428 3476 4509">
    <p class='ocr_par' dir='ltr' id='par_1_97' title="bbox 2147 4428 3476 4509">
     <span class='ocr_line' id='line_1_97' title="bbox 2147 4428 3476 4509; baseline -0.017 -7"><span class='ocrx_word' id='word_1_797' title='bbox 2147 4447 2248 4502; x_wconf 83' lang='lat' dir='ltr'><strong>IIic</strong></span> <span class='ocrx_word' id='word_1_798' title='bbox 2271 4446 2412 4499; x_wconf 87' lang='lat' dir='ltr'><strong>Deus</strong></span> <span class='ocrx_word' id='word_1_799' title='bbox 2444 4441 2655 4509; x_wconf 89' lang='lat' dir='ltr'><strong>adjutor</strong></span> <span class='ocrx_word' id='word_1_800' title='bbox 2676 4437 2849 4493; x_wconf 88' lang='lat' dir='ltr'><strong>valide</strong></span> <span class='ocrx_word' id='word_1_801' title='bbox 2872 4434 2970 4489; x_wconf 91' lang='lat' dir='ltr'><strong>tibi</strong></span> <span class='ocrx_word' id='word_1_802' title='bbox 3000 4445 3209 4502; x_wconf 83' lang='lat' dir='ltr'><strong>semper</strong></span> <span class='ocrx_word' id='word_1_803' title='bbox 3243 4428 3476 4483; x_wconf 88' lang='lat' dir='ltr'><strong>adinstat</strong></span> 
     </span>
    </p>
   </div>
   <div class='ocr_carea' id='block_1_98' title="bbox 2148 4520 3471 4610">
    <p class='ocr_par' dir='ltr' id='par_1_98' title="bbox 2148 4520 3471 4610">
     <span class='ocr_line' id='line_1_98' title="bbox 2148 4520 3471 4610; baseline -0.019 -15"><span class='ocrx_word' id='word_1_804' title='bbox 2148 4539 2315 4610; x_wconf 90' lang='lat' dir='ltr'><strong>Impia</strong></span> <span class='ocrx_word' id='word_1_805' title='bbox 2344 4533 2437 4605; x_wconf 88' lang='lat' dir='ltr'><strong>qui</strong></span> <span class='ocrx_word' id='word_1_806' title='bbox 2461 4532 2583 4587; x_wconf 88' lang='lat' dir='ltr'><strong>tulit</strong></span> <span class='ocrx_word' id='word_1_807' title='bbox 2608 4530 2703 4585; x_wconf 87' lang='lat' dir='ltr'><strong>tibi</strong></span> <span class='ocrx_word' id='word_1_808' title='bbox 2729 4541 2942 4596; x_wconf 87' lang='lat' dir='ltr'><strong>semper</strong></span> <span class='ocrx_word' id='word_1_809' title='bbox 2964 4522 3100 4579; x_wconf 86' lang='lat' dir='ltr'><strong>bella</strong></span> <span class='ocrx_word' id='word_1_810' title='bbox 3127 4536 3225 4592; x_wconf 89' lang='lat' dir='ltr'><strong>per</strong></span> <span class='ocrx_word' id='word_1_811' title='bbox 3251 4520 3438 4610; x_wconf 82' lang='lat' dir='ltr'><strong>orbem</strong></span> <span class='ocrx_word' id='word_1_812' title='bbox 3456 4556 3471 4582; x_wconf 92' lang='lat'><strong>,</strong></span> 
     </span>
    </p>
   </div>
   <div class='ocr_carea' id='block_1_99' title="bbox 2068 4608 3468 4687">
    <p class='ocr_par' dir='ltr' id='par_1_99' title="bbox 2068 4608 3468 4687">
     <span class='ocr_line' id='line_1_99' title="bbox 2068 4608 3468 4687; baseline -0.021 1"><span class='ocrx_word' id='word_1_813' title='bbox 2068 4648 2080 4661; x_wconf 82' lang='grc'><em>’</em></span> <span class='ocrx_word' id='word_1_814' title='bbox 2150 4608 2342 4687; x_wconf 73' lang='lat' dir='ltr'><strong>Obruit</strong></span> <span class='ocrx_word' id='word_1_815' title='bbox 2375 4622 2601 4679; x_wconf 81' lang='lat' dir='ltr'><strong>infortes</strong></span> <span class='ocrx_word' id='word_1_816' title='bbox 2632 4617 2807 4683; x_wconf 91' lang='lat' dir='ltr'><strong>simul,</strong></span> <span class='ocrx_word' id='word_1_817' title='bbox 2834 4623 2889 4671; x_wconf 88' lang='lat' dir='ltr'><strong>et</strong></span> <span class='ocrx_word' id='word_1_818' title='bbox 2910 4613 3142 4670; x_wconf 91' lang='lat' dir='ltr'><strong>humiles</strong></span> <span class='ocrx_word' id='word_1_819' title='bbox 3167 4608 3468 4666; x_wconf 87' lang='lat' dir='ltr'><strong>honoravit.</strong></span> 
     </span>
    </p>
   </div>
   <div class='ocr_carea' id='block_1_100' title="bbox 2148 4701 3611 4782">
    <p class='ocr_par' dir='ltr' id='par_1_100' title="bbox 2148 4701 3611 4782">
     <span class='ocr_line' id='line_1_100' title="bbox 2148 4701 3611 4782; baseline -0.019 -7"><span class='ocrx_word' id='word_1_820' title='bbox 2148 4717 2373 4775; x_wconf 88' lang='lat' dir='ltr'><strong>Nomine</strong></span> <span class='ocrx_word' id='word_1_821' title='bbox 2384 4729 2508 4769; x_wconf 90' lang='lat' dir='ltr'><strong>nam</strong></span> <span class='ocrx_word' id='word_1_822' title='bbox 2521 4712 2712 4782; x_wconf 85' lang='lat' dir='ltr'><strong>dignus</strong></span> <span class='ocrx_word' id='word_1_823' title='bbox 2724 4721 2936 4777; x_wconf 91' lang='lat' dir='ltr'><strong>quoque</strong></span> <span class='ocrx_word' id='word_1_824' title='bbox 2947 4718 3052 4774; x_wconf 89' lang='lat' dir='ltr'><strong>quo</strong></span> <span class='ocrx_word' id='word_1_825' title='bbox 3064 4703 3206 4758; x_wconf 88' lang='lat' dir='ltr'><strong>Deus</strong></span> <span class='ocrx_word' id='word_1_826' title='bbox 3221 4701 3360 4756; x_wconf 88' lang='lat' dir='ltr'><strong>alme</strong></span> <span class='ocrx_word' id='word_1_827' title='bbox 3372 4703 3611 4753; x_wconf 79' lang='lat' dir='ltr'><strong>vocatur.</strong></span> 
     </span>
    </p>
   </div>
   <div class='ocr_carea' id='block_1_101' title="bbox 2149 4790 3471 4872">
    <p class='ocr_par' dir='ltr' id='par_1_101' title="bbox 2149 4790 3471 4872">
     <span class='ocr_line' id='line_1_101' title="bbox 2149 4790 3471 4872; baseline -0.02 -6"><span class='ocrx_word' id='word_1_828' title='bbox 2149 4809 2329 4866; x_wconf 88' lang='lat' dir='ltr'><strong>Gloria</strong></span> <span class='ocrx_word' id='word_1_829' title='bbox 2354 4806 2425 4862; x_wconf 90' lang='lat' dir='ltr'><strong>sit</strong></span> <span class='ocrx_word' id='word_1_830' title='bbox 2452 4816 2665 4872; x_wconf 89' lang='lat' dir='ltr'><strong>semper</strong></span> <span class='ocrx_word' id='word_1_831' title='bbox 2686 4796 2952 4861; x_wconf 89' lang='lat' dir='ltr'><strong>&#39;I‘rinitati,</strong></span> <span class='ocrx_word' id='word_1_832' title='bbox 2978 4794 3071 4851; x_wconf 88' lang='lat' dir='ltr'><strong>sed</strong></span> <span class='ocrx_word' id='word_1_833' title='bbox 3104 4790 3265 4849; x_wconf 90' lang='lat' dir='ltr'><strong>simul</strong></span> <span class='ocrx_word' id='word_1_834' title='bbox 3286 4803 3471 4843; x_wconf 88' lang='lat' dir='ltr'><strong>unum.</strong></span> 
     </span>
    </p>
   </div>
   <div class='ocr_carea' id='block_1_102' title="bbox 2116 4916 3614 5008">
    <p class='ocr_par' dir='ltr' id='par_1_102' title="bbox 2116 4916 3614 5008">
     <span class='ocr_line' id='line_1_102' title="bbox 2116 4916 3614 5008; baseline -0.02 -10"><span class='ocrx_word' id='word_1_835' title='bbox 2116 4941 2181 5007; x_wconf 90' lang='grc' dir='ltr'><strong>Ο,</strong></span> <span class='ocrx_word' id='word_1_836' title='bbox 2208 4956 2242 4996; x_wconf 97' lang='lat' dir='ltr'><strong>o</strong></span> <span class='ocrx_word' id='word_1_837' title='bbox 2265 4939 2382 4994; x_wconf 83' lang='lat' dir='ltr'><strong>dies</strong></span> <span class='ocrx_word' id='word_1_838' title='bbox 2405 4950 2572 5008; x_wconf 91' lang='lat' dir='ltr'><strong>prope</strong></span> <span class='ocrx_word' id='word_1_839' title='bbox 2597 4940 2741 4990; x_wconf 90' lang='lat' dir='ltr'><strong>sunt.</strong></span> <span class='ocrx_word' id='word_1_840' title='bbox 2771 4928 2875 4996; x_wconf 84' lang='lat' dir='ltr'><strong>Qui</strong></span> <span class='ocrx_word' id='word_1_841' title='bbox 2903 4939 3046 4983; x_wconf 92' lang='lat' dir='ltr'><strong>nunc</strong></span> <span class='ocrx_word' id='word_1_842' title='bbox 3068 4930 3215 4979; x_wconf 88' lang='lat' dir='ltr'><strong>tenet</strong></span> <span class='ocrx_word' id='word_1_843' title='bbox 3264 4926 3480 4982; x_wconf 79' lang='lat' dir='ltr'><strong>teneat,</strong></span> <span class='ocrx_word' id='word_1_844' title='bbox 3523 4916 3614 4970; x_wconf 88' lang='lat' dir='ltr'><strong>do-</strong></span> 
     </span>
    </p>
   </div>
   <div class='ocr_carea' id='block_1_103' title="bbox 2047 5014 3467 5095">
    <p class='ocr_par' dir='ltr' id='par_1_103' title="bbox 2047 5014 3467 5095">
     <span class='ocr_line' id='line_1_103' title="bbox 2047 5014 3467 5095; baseline -0.02 -5"><span class='ocrx_word' id='word_1_845' title='bbox 2047 5048 2148 5089; x_wconf 90' lang='lat' dir='ltr'><strong>nec</strong></span> <span class='ocrx_word' id='word_1_846' title='bbox 2183 5031 2462 5088; x_wconf 88' lang='lat' dir='ltr'><strong>dimidium</strong></span> <span class='ocrx_word' id='word_1_847' title='bbox 2492 5030 2601 5084; x_wconf 87' lang='lat' dir='ltr'><strong>ﬁat.</strong></span> <span class='ocrx_word' id='word_1_848' title='bbox 2632 5025 2794 5095; x_wconf 88' lang='lat' dir='ltr'><strong>Lege,</strong></span> <span class='ocrx_word' id='word_1_849' title='bbox 2818 5030 2873 5078; x_wconf 89' lang='lat' dir='ltr'><strong>et</strong></span> <span class='ocrx_word' id='word_1_850' title='bbox 2896 5018 3131 5089; x_wconf 86' lang='lat' dir='ltr'><strong>intellige</strong></span> <span class='ocrx_word' id='word_1_851' title='bbox 3169 5014 3467 5085; x_wconf 79' lang='lat' dir='ltr'><strong>diligenter.</strong></span> 
     </span>
    </p>
   </div>
  </div>
