4020 6170
603 291 3724 354 M

949 418 2093 635 CONSTANS"
2187 495 2536 634 ΞΑ(

1814 418 2093 635 ΝΞ
2187 495 3391 643 SACERDOS.

1273 926 2164 1040 CONSTANTIS
2249 927 3117 1042 SACERDOTIS

570 1194 1227 1353 TRAGTM‘US
1328 1196 1472 1344 DE
1545 1191 2080 1346 PASSlllNE
2152 1194 2259 1345 Β.
2342 1194 2914 1348 EMMEMM
2942 1198 3083 1349 Ml
3152 1199 3716 1362 MARTYRIS.

1694 1474 1787 1537 (Ex
1813 1475 1927 1536 Pez,
1949 1475 2304 1525 Anecdotorum
2330 1476 2668 1538 Bibliotheca.)

2012 1630 2356 1643 ...α-.-

637 1740 771 1797 Cum
800 1742 1153 1793 sacrosanctae
1191 1731 1460 1800 religionis
1508 1731 1701 1795 virtus,
1741 1730 1851 1799 jam
1898 1731 2022 1786 inde
2056 1733 2123 1786 ab
2151 1734 2201 1793 Α
2227 1740 2370 1785 runt.
2416 1729 2495 1785 llli
2548 1734 2817 1801 quondam
2868 1734 3228 1791 aestimatione
3274 1737 3527 1796 hominum
3569 1747 3722 1805 miseri.

566 1831 771 1901 origine
800 1827 881 1881 sui
907 1838 1002 1895 per
1026 1821 1382 1895 dilectionem
1423 1826 1661 1889 operata,
1694 1820 2001 1875 exercitatis
2041 1835 2138 1890 per

565 1936 685 1976 eam
732 1918 977 1973 sensibus
1021 1913 1075 1967 in
1126 1911 1324 1966 sanctis
1361 1925 1425 1965 ac
1474 1911 1582 1965 Deo
1630 1910 1962 1980 complacitis
2008 1911 2137 1965 viris

564 2009 935 2082 pacatissimos
992 2018 1203 2073 semper
1243 2001 1467 2070 iustitiae
1511 2000 1718 2057 fructus
1773 2012 2132 2073 propagaret:

562 2099 830 2171 praecipue
852 2104 1030 2151 tamen
1047 2094 1326 2148 beatorum
1346 2098 1641 2161 martyrum
1665 2089 1865 2145 Christi
1895 2099 1977 2146 est
2004 2092 2137 2145 cele-

562 2191 717 2245 brata
762 2186 1042 2255 agonibus,
1072 2191 1127 2237 et
1172 2180 1420 2250 gloriosis
1448 2179 1783 2249 magnificata
1830 2181 2131 2250 triumphis.

563 2279 668 2335 Sed
694 2279 975 2347 utriusque
1016 2273 1315 2329 dilectionis
1352 2272 1560 2327 fervore
1588 2287 1685 2341 per
1729 2275 1965 2328 omnium
2006 2273 2137 2329 lide-

560 2368 693 2425 lium
722 2368 885 2424 corda
927 2363 1238 2434 ﬂagrantius
1282 2361 1553 2427 rutilante,
1603 2376 1724 2415 cum
1763 2362 2134 2430 multiplicium

559 2458 771 2529 gemina
818 2454 1260 2525 propagationum
1311 2450 1509 2520 vigoris
1563 2451 1645 2504 sui
1700 2451 2020 2505 rectitudine
2056 2451 2135 2503 in-

559 2546 918 2604 eluctabiliter
960 2543 1191 2599 connixa
1235 2539 1523 2594 dilataret:
1577 2547 1690 2592 tum
1735 2538 1954 2607 superni
1993 2540 2135 2608 regis

558 2635 811 2692 tirocinio
853 2632 1218 2695 militantium,
1253 2636 1305 2683 et
1331 2636 1638 2698 contemptu
1679 2628 1862 2682 mundi
1902 2627 2134 2697 glorian-

559 2727 692 2781 tium
720 2731 930 2779 mentes
965 2722 1158 2776 divina:
1184 2718 1462 2774 charitatis
1500 2717 1660 2772 ardor
1684 2716 1838 2787 longe
1866 2719 2134 2786 incompa-

559 2819 802 2874 rabiliter
849 2815 1074 2885 ignivit;
1106 2820 1159 2867 et
1198 2813 1251 2865 in
1281 2810 1396 2879 ejus
1442 2811 1762 2864 desiderium
1789 2824 1901 2878 prae
1925 2809 2172 2899 caeteris.

558 2908 809 2964 omnibus
834 2904 1176 2974 singulariter
1201 2899 1567 2955 inﬂammavit.
1605 2900 1682 2953 Illi
1711 2900 1852 2953 enim
1882 2900 2129 2965 Domino,

560 2999 761 3054 amoris
785 2995 999 3057 aﬂ'ectu,
1024 2992 1374 3063 pr0pinquius
1396 2991 1751 3054 cohaeserunt,
1775 2990 1866 3058 qui
1893 2989 1944 3044 ei
1964 2989 2134 3044 simil-

2234 1838 2461 1892 quorum
2509 1839 2668 1878 causa
2705 1824 2946 1892 judicata
2986 1833 3070 1880 est
3108 1835 3172 1881 ut
3211 1828 3379 1898 impii,
3426 1832 3601 1902 gaudiis
3620 1852 3723 1893 nunc

2234 1913 2502 1982 conjuncti
2526 1915 2760 1979 aeternis,
2783 1916 2987 1971 similes
3012 1915 3138 1971 facti
3163 1926 3287 1973 sunt
3306 1919 3506 1990 Angelis
3528 1922 3618 1977 Dei.

2303 2004 2360 2057 in
2411 2019 2519 2073 quo
2569 2004 3022 2060 excellentissimo
3068 2020 3270 2075 genere
3321 2009 3543 2065 vincendi
3583 2013 3721 2067 beatus

2233 2103 2437 2166 martyr
2458 2096 2905 2160 Emmerammus,
2934 2095 3088 2165 cujus
3111 2098 3271 2153 hodie
3291 2101 3548 2168 passionis,
3573 2102 3638 2156 vel
3655 2119 3720 2156 na-

2235 2184 2358 2239 talis
2387 2186 2501 2241 dies
2537 2195 2659 2240 eum
2697 2185 2997 2241 lmtabunda
3039 2186 3376 2242 solemnitate
3417 2189 3579 2253 illuxit,
3604 2206 3719 2260 quam

2231 2276 2462 2345 gloriosa
2486 2276 2684 2345 polleat
2702 2277 2983 2346 dignitate,
3019 2279 3064 2332 si
3095 2294 3288 2348 parum
3317 2288 3394 2335 est
3421 2283 3613 2337 terrenis
3634 2298 3719 2351 pro-

2231 2366 2472 2421 vectibus
2502 2367 2740 2431 credere,
2769 2368 3066 2422 ctelestium
3094 2370 3352 2425 virtutum
3392 2373 3718 2426 astructionibus

2231 2458 2570 2526 approbetur.
2601 2456 2730 2524 Quae
2755 2468 2906 2513 tanto
2932 2459 3158 2515 uberius
3183 2460 3323 2516 ﬁdeli
3346 2463 3518 2531 cuique
3546 2462 3712 2519 elucent.

2231 2555 2430 2615 quanto
2461 2546 2618 2602 [idem
2642 2563 2762 2617 quae
2787 2548 2840 2601 in
2869 2546 2983 2616 ejus
3020 2558 3246 2618 pectore
3282 2550 3535 2622 ﬂagrabat,
3557 2566 3607 2605 ex
3632 2550 3715 2603 ani-

2232 2652 2321 2690 mo
2345 2637 2651 2705 conceperit
2684 2644 2738 2691 et
2758 2650 2920 2705 opere
2941 2636 3389 2706 comprobaverit.

2246 2770 2250 2773 Α
2301 2724 2400 2779 Hic
2428 2726 2570 2780 enim
2612 2741 2709 2796 per
2752 2726 2992 2781 omnium
3020 2728 3217 2782 merita
3261 2728 3517 2798 graduum,
3556 2724 3713 2796 pontiﬁ-

2231 2823 2387 2871 catus
2425 2815 2627 2871 honore
2670 2824 2968 2885 promotus,
3007 2824 3063 2870 et
3109 2817 3287 2888 legum
3328 2818 3518 2873 Domini
3556 2816 3712 2886 perdius

2229 2922 2539 2977 pernoxque
2572 2914 2857 2972 scrutator,
2902 2907 3203 2978 eodemque
3248 2908 3612 2971 ferventissimo,
3639 2919 3711 2973 quo

2231 2997 2480 3061 diximus,
2506 2996 2800 3050 divinitatis
2821 2997 2943 3065 igne
2967 3011 3285 3062 succensus,
3306 2996 3524 3066 martyrii
3540 2995 3710 3066 palmam

558 3089 671 3144 limi
694 3087 820 3142 facti
846 3092 969 3140 sunt
996 3082 1288 3138 acerbitate
1310 3079 1597 3150 passionis.
1632 3077 1860 3133 Necesse
1880 3085 1963 3133 εει
1985 3078 2128 3132 enim
2158 3070 2205 3130 Β
2234 3095 2346 3143 ιοιο
2368 3086 2562 3142 mentis
2584 3086 2848 3142 desiderio
2870 3086 3198 3155 suspirabat,
3221 3086 3483 3142 Salomone
3501 3082 3706 3143 suadente,

558 3188 618 3234 ut
636 3177 916 3234 charitatis
957 3172 1172 3228 vinculo
1202 3186 1260 3226 se
1294 3170 1485 3225 fortius
1518 3169 1592 3222 illi
1635 3168 2007 3237 colligaverint
2031 3182 2128 3236 pro

557 3286 663 3340 quo
690 3268 792 3324 sibi
819 3281 990 3335 neque
1015 3264 1081 3319 ad
1114 3262 1427 3318 effusionem
1458 3260 1731 3331 sanguinis
1770 3260 2122 3329 pepercerim.

556 3359 724 3429 Hujus
744 3359 941 3412 intuitu
961 3355 1178 3411 sordent
1198 3353 1494 3417 terrestria,
1520 3351 1836 3406 aﬂectantur
1859 3351 2122 3417 coelestia;

556 3452 663 3505 vile
695 3458 779 3506 est
801 3462 959 3503 omne
986 3446 1129 3515 quod
1176 3443 1384 3508 transit,
1429 3442 1723 3512 pretiosum
1752 3442 1895 3510 quod
1922 3449 2123 3496 manet.

556 3540 720 3610 Cujus
746 3536 1069 3606 adipiscendi
1096 3534 1265 3605 gratia
1289 3533 1341 3587 in
1379 3532 1483 3587 fine
1521 3530 1761 3587 carnifex
1786 3540 2021 3601 rogatur,
2067 3541 2127 3586 ut

556 3632 753 3696 laniet;
789 3637 975 3692 tortor,
1003 3642 1071 3681 ne
1094 3632 1313 3695 parcat;
1359 3624 1669 3693 spiculator,
1710 3631 1770 3678 ut
1809 3623 1983 3677 feriat.
2014 3622 2127 3677 Hoc

555 3721 669 3775 solo
702 3717 959 3782 contenti,
989 3730 1183 3784 corpus
1206 3722 1260 3770 et
1287 3714 1517 3769 animam
1556 3714 1856 3783 expendere
1884 3722 2009 3768 sunt
2034 3729 2128 3782 pa-

555 3811 679 3863 rati.
728 3807 892 3875 Cujus
934 3805 1210 3860 cliaritatis
1245 3804 1365 3873 igne
1404 3803 1691 3873 Apostolus
1718 3802 1965 3872 ﬂagrans,
2006 3818 2128 3857 cor-

554 3905 707 3966 repto
754 3893 1063 3950 certaminis
1109 3906 1320 3960 campo,
1361 3890 1772 3960 tripudiabiliter
1815 3891 2123 3955 exsultavit,

554 3986 766 4039 dicens:
797 3982 908 4053 Ego
939 3998 1041 4036 non
1083 3981 1249 4035 solum
1291 3980 1521 4050 alligari,
1549 3980 1638 4034 sed
1662 3991 1708 4034 et
1756 3983 1887 4034 mori
1910 3992 2124 4052 paratus

553 4090 668 4127 sum
681 4089 776 4143 pro
798 4072 1001 4125 nomine
1024 4069 1233 4122 Domini
1252 4069 1396 4122 Jesu.
1424 4068 1534 4121 Nec
1558 4069 1694 4137 facio
1715 4072 1943 4123 animam
1957 4087 2123 4125 meam

551 4163 906 4234 pretiosiorem
932 4176 1087 4231 quam
1111 4175 1210 4213 me.
1242 4157 1339 4213 Cui
1371 4160 1524 4213 etiam
1554 4160 1716 4213 vivere
1749 4159 1986 4215 Christus
2011 4172 2122 4217 erat

550 4264 599 4308 et
634 4254 765 4306 mori
788 4252 1008 4306 lucrum.

623 4342 685 4396 Hi
709 4357 835 4411 ergo
854 4340 1235 4411 promptissimi
1258 4339 1564 4410 passionum
1585 4340 1783 4396 Christi
1807 4349 2122 4409 sectatores,

549 4441 604 4487 et
628 4445 797 4502 usque
820 4432 887 4486 ad
926 4439 1154 4485 mortem
1178 4438 1448 4486 amatores
1472 4448 1486 4496 ;
1513 4431 1592 4497 hi,
1627 4431 1869 4501 inquam,
1896 4432 2123 4487 fortissi-

551 4524 625 4577 mi
675 4522 909 4587 athletae,
970 4520 1229 4576 bellorum
1277 4519 1575 4575 eteles‘tium
1623 4519 1899 4589 praesules,
1948 4521 2122 4575 sancti

550 4610 695 4664 Petri
722 4609 946 4678 apostoli
973 4609 1237 4664 sententia
1267 4607 1563 4675 informati,
1595 4610 1862 4664 dicentis:
1910 4608 2123 4664 Charis-

550 4700 685 4762 simi,
737 4697 972 4753 Christus
1002 4715 1187 4768 passus
1220 4709 1293 4753 est
1319 4715 1411 4769 pro
1435 4699 1599 4765 nobis,
1642 4698 1783 4753 vobis
1829 4698 2121 4771 relinquens

547 4787 869 4860 exemplum,
906 4801 960 4842 ut
1003 4790 1292 4859 sequamini
1336 4790 1547 4859 vestigia
1583 4789 1713 4858 ejus,
1756 4790 2123 4858 spiritualibus

545 4879 711 4934 armis
731 4879 1053 4948 przemuniti,
1079 4878 1225 4932 omni
1248 4878 1512 4933 mundana
1550 4880 1839 4948 cupiditate
1862 4881 2114 4951 expediti,

547 4970 768 5025 militari
791 4971 1069 5040 disciplina
1097 4970 1370 5035 callentes,
1399 4979 1524 5025 ante
1548 4971 1748 5026 bellum
1774 4980 1829 5027 et
1878 4974 1931 5026 in
1973 4973 2115 5028 bello

544 5066 739 5114 cuncta
759 5059 990 5129 experti,
1009 5060 1239 5114 stadium
1269 5061 1538 5116 saevientis
1559 5062 1741 5117 mundi
1768 5071 2113 5131 occupantes,

545 5148 616 5203 ad
640 5149 923 5204 buccinam
944 5149 1264 5219 evangelicae
1288 5150 1658 5219 prieceptionis
1686 5152 1877 5206 intenti
1908 5153 2115 5208 hostem

545 5241 941 5308 provocabant;
990 5240 1414 5310 perduellionum
1457 5242 1735 5297 audaciam
1782 5242 2115 5298 incitabant:

545 5330 751 5385 excitos
793 5338 1117 5396 terruerunt,
1163 5330 1402 5400 pulsatos
1428 5330 1784 5385 obtriverunt.
1830 5331 1912 5385 Ad
1934 5340 2116 5386 extre-

547 5431 692 5470 mum
735 5419 835 5486 ipsi
882 5421 1227 5475 victoriarum
1275 5419 1442 5490 gloria
1484 5420 1650 5485 ducti,
1703 5418 1842 5475 mole
1869 5419 2115 5476 vincendi

546 5507 919 5574 oppetierunt;
950 5517 1004 5562 et
1033 5511 1100 5564 ad
1128 5510 1327 5579 Regem
1374 5525 1551 5576 suum,
1576 5525 1682 5579 quo
1725 5518 2025 5579 spectatore
2061 5520 2113 5568 et

547 5593 786 5662 adjutore
810 5608 1132 5668 pugnarunt,
1167 5602 1385 5669 perenni
1423 5601 1590 5671 gloria
1631 5602 1812 5655 donati
1856 5617 2111 5672 pervene—

2229 3177 2282 3231 in
2329 3175 2721 3231 aemulationem
2767 3176 3044 3240 adductus,
3096 3192 3289 3232 carnes
3330 3192 3445 3232 suas
3479 3190 3558 3244 pro
3580 3183 3708 3228 amore

2228 3266 2430 3321 Christi
2455 3267 2793 3335 expendere;
2836 3274 2897 3320 ut
2919 3266 3011 3335 qui
3039 3266 3107 3320 ad
3136 3282 3377 3337 magnam
3411 3266 3587 3320 sederat
3605 3274 3707 3315 men-

2230 3373 2368 3424 sam,
2407 3359 2520 3428 ipse
2557 3373 2771 3429 quoque
2798 3359 2921 3415 talia
2947 3360 3249 3415 meminerit
3278 3372 3562 3430 praeparare.
3585 3355 3705 3408 Eran-

2226 3448 2393 3519 gelica
2442 3449 2604 3503 etiam
2644 3463 2775 3504 voce
2821 3448 3148 3513 admonitus,
3195 3448 3438 3518 Majorem
3478 3446 3703 3500 charitatea

2226 3554 2376 3591 nemo
2410 3537 2581 3602 habet,
2615 3554 2771 3607 quam
2813 3547 2870 3591 ut
2912 3538 3148 3590 animam
3184 3553 3331 3591 suam
3364 3544 3502 3607 ponat
3535 3532 3703 3603 φαίδρω

2226 3628 2407 3681 amicis
2448 3629 2555 3681 suis
2580 3643 2598 3680 :
2628 3627 2730 3681 hoc
2773 3625 3090 3681 beneﬁcium
3150 3625 3491 3695 Redemptori,
3516 3628 3701 3691 quantum

2225 3720 2280 3773 in
2322 3733 2380 3773 se
2429 3718 2551 3782 fuit;
2600 3718 2892 3787 rependere
2928 3718 3138 3781 volens,
3189 3719 3344 3772 anxio
3388 3716 3529 3770 ﬂuctu
3568 3708 3698 3767 animi.

2224 3822 2323 3863 nec
2350 3809 2466 3863 sine
2513 3823 2825 3879 magnarum
2872 3804 3052 3862 rerum
3092 3808 3360 3863 molitione
3392 3807 3441 3861 in
3475 3807 3560 3860 hoc
3594 3812 3701 3867 ursa-

2224 3896 2403 3952 batur.

2293 3986 2465 4042 Natali
2494 3986 2725 4057 dcnique
2767 3985 2882 4043 solo
2907 3986 3145 4055 patiendi
3175 3986 3438 4042 materiam
3474 3982 3560 4038 sibi
3589 3981 3699 4034 dene-

2223 4085 2396 4147 gante,
2446 4077 2684 4132 collectis
2735 4077 2940 4132 viribus
2983 4078 3193 4134 hostem
3241 4076 3541 4133 idololatram
3575 4067 3697 4124 Cultor

2222 4174 2462 4228 veritatis
2508 4173 2827 4242 quaesiturus
2883 4172 3175 4242 egreditur,
3223 4171 3415 4240 antiqui
3455 4159 3696 4239 patriarcha!

2222 4275 2319 4330 per
2348 4262 2450 4316 hoc
2477 4262 2719 4315 imitatus
2763 4260 3088 4330 exemplum,
3129 4261 3216 4316 cui
3246 4260 3414 4314 divino
3449 4255 3692 4325 praeceptum

2226 4359 2310 4405 est
2329 4351 2583 4406 oraculo:
2617 4350 2721 4404 Exi
2749 4350 2813 4404 de
2837 4358 2977 4403 terra
3007 4359 3122 4415 tua,
3163 4358 3211 4403 et
3251 4348 3312 4401 de
3335 4342 3693 4430 cognationum:

2224 4449 2271 4494 et
2296 4442 2407 4495 veni
2435 4443 2492 4494 in
2525 4450 2717 4495 terram
2741 4457 2897 4511 quam
2937 4450 3286 4494 monstravere
3308 4436 3411 4490 tibi.
3454 4430 3548 4486 Hoc
3566 4436 3692 4520 cuﬂt'

2217 4530 2337 4584 culo
2384 4530 2549 4585 divini
2592 4530 2763 4601 praelii
2804 4539 3107 4600 praepotens
3145 4529 3359 4585 bellator
3395 4527 3601 4611 intentus,

2217 4620 2422 4675 caelesti
2477 4619 2842 4675 moderamine
2885 4620 3167 4684 coercitus,
3213 4613 3490 4673 necessario
3526 4601 3689 4662 desed".

2217 4725 2324 4779 quo
2347 4710 2565 4764 minime
2591 4708 2865 4764 decrevit:
2892 4723 2991 4764 nec
3023 4724 3151 4779 ergo
3176 4704 3503 4780 progreditur,
3527 4708 3610 4764 quo

2219 4813 2365 4853 route
2399 4797 2591 4867 cupido
2621 4798 2908 4852 nitebatur.
2959 4798 3209 4853 Dissimili
3234 4809 3382 4851 causa
3408 4788 3590 4860 parilem
3608 4792 3688 4847 tiu"

2217 4890 2337 4943 dem
2377 4888 2641 4959 martyrii,
2683 4903 2844 4957 quem
2881 4889 3111 4954 sitiebat,
3151 4887 3362 4957 adeptus
3384 4889 3455 4937 est
3480 4879 3686 4966 honorem-

2286 4976 2453 5031 Nacta
2490 4992 2617 5031 vero
2642 4977 2923 5033 occasione
2952 4976 3078 5031 illud
3116 4971 3398 5030 Salomonis
3431 4966 3594 5022 dictum
3616 4968 3685 5006 Im:

2215 5065 2392 5135 plcndi
2416 5083 2428 5118 :
2461 5065 2621 5135 Eripe
2645 5082 2731 5119 eos
2756 5067 2843 5136 qui
2885 5064 3145 5118 ducuntur
3183 5062 3251 5115 ad
3274 5068 3483 5117 mortem,
3508 5061 3603 5105 cum
3623 5045 3687 5137 at“

2218 5154 2345 5209 illud
2385 5156 2692 5210 mandatum
2731 5163 3131 5223 exsequeretur,
3179 5160 3268 5204 aut
3295 5161 3408 5203 reus
3434 5145 3480 5197 in
3510 5138 3684 5207 ρθοωῑιί

2225 5254 2560 5300 moreretur:
2600 5254 2744 5299 totus
2782 5245 2837 5298 in
2882 5245 3086 5298 viscera
3133 5233 3485 5309 compassionis
3518 5224 3681 5322 ἐπιξξυδξ

2221 5345 2276 5389 et
2296 5335 2348 5389 in
2371 5336 2473 5390 hoc
2492 5349 2616 5389 vere
2641 5335 2850 5391 Domini
2873 5336 2955 5391 sui
2979 5334 3208 5389 imitator
3229 5327 3443 5385 eﬂ'ectus,
3462 5317 3537 5388 qui
3554 5312 3678 5403 aliena

2219 5433 2437 5495 peccata
2464 5426 2732 5480 transtulit
2758 5426 2812 5479 in
2839 5438 3060 5493 corpore
3084 5437 3177 5476 suo
3219 5431 3366 5488 super
3402 5413 3582 5503 lignum,
3610 5409 3681 5503 ml:

2220 5490 2460 5572 serorum
2485 5516 2761 5585 supplicia,
2789 5531 2905 5584 qua:
2932 5490 3221 5584 pavebant,
3252 5511 3354 5578 ipse
3382 5494 3613 5558 sustinuit:
3640 5490 3680 5585 εξ

2219 5623 2431 5662 crucem
2464 5608 2668 5661 Domini
2696 5622 2791 5675 per
2814 5604 2935 5661 foedi
2964 5605 3196 5661 criminis
3230 5592 3540 5668 opprobrium,
3572 5571 3677 5648 quod
