4020 6170
300 325 323 379 1
334 322 437 379 369

964 315 1289 372 GARNERII
1325 311 1612 368 ABBATIS
1647 310 1942 367 LEGATIO
1978 311 2069 365 AD
2104 310 2343 367 REGEM
2379 306 2841 366 AISTULPIIUM.

3390 303 3410 357 l
3421 300 3521 360 370

297 438 351 492 iu
379 443 623 503 stuprum
645 429 876 501 prolapsi
905 428 1246 492 admiserant,
1268 426 1586 481 venerabilis
1613 425 1861 481 sacerdos
1888 428 1933 486 Α
1960 433 2053 479 est.
2082 423 2141 477 ln
2185 424 2300 492 ipso
2340 424 2501 478 etiam
2538 438 2686 489 sexu,
2721 421 2923 478 scilicet
2963 421 3185 476 artubus
3221 420 3275 476 in
3303 421 3395 478 illo
3423 440 3524 480 nor;

297 528 440 585 ferre
463 540 569 580 nou
591 522 875 579 recusavit.

364 615 505 683 Quid
546 613 739 667 fratres
779 609 928 664 mei?
974 608 1118 677 quod
1160 606 1359 661 factum
1401 606 1526 661 huic
1570 605 1743 660 simile
1768 620 1867 659 un-

296 718 460 775 quam
482 700 705 755 vidisti?
734 698 901 764 Quam
932 696 1156 765 gloriam
1201 695 1327 750 huic
1358 695 1583 765 martyri
1610 702 1665 747 et
1686 707 1866 748 sacer-

294 794 406 850 doti
430 789 860 860 aequiparandam
905 786 1146 857 putatis?
1184 785 1329 840 Elias
1355 792 1408 839 et
1447 783 1680 840 Joannes
1710 782 1865 837 adul-

296 884 433 939 teria
475 894 661 951 regum
705 876 991 948 eonjugum
1034 876 1373 945 castigantes,
1418 876 1576 929 ambo
1622 874 1868 929 levantur

297 974 353 1028 in
380 971 574 1028 calum
599 985 613 1034 ;
640 968 728 1023 ille
753 982 851 1036 per
869 980 1107 1029 currum,
1134 964 1234 1019 iste
1259 979 1357 1035 per
1383 963 1719 1034 martyrium.
1762 960 1868 1015 Sed

296 1063 397 1117 hos
424 1059 675 1115 nimirum
718 1056 891 1112 levior
930 1053 1186 1118 conditio,
1229 1055 1407 1108 minor
1438 1053 1730 1107 necessitas
1773 1066 1866 1105 ur-

297 1154 473 1224 gebat.
524 1149 659 1204 Nam
700 1163 799 1203 nec
835 1148 977 1202 inter
1015 1146 1206 1202 stultos
1243 1145 1458 1214 quidem
1505 1144 1718 1208 desunt,
1774 1143 1863 1211 qui

299 1242 470 1298 multo
506 1240 866 1296 honestiorem
910 1245 1099 1309 putent
1128 1250 1348 1292 causam
1393 1235 1661 1304 increpiti,
1705 1248 1865 1303 quam

300 1333 517 1389 admissi
548 1331 801 1387 incestus.
846 1330 1083 1399 Uterque
1122 1328 1332 1382 illorum
1354 1340 1453 1395 pro
1472 1326 1697 1380 veritate
1741 1339 1772 1378 a
1804 1323 1869 1376 li-

299 1423 557 1479 bidinosis
582 1430 786 1476 tantum
805 1421 1152 1490 appetebatur
1175 1434 1189 1472 :
1214 1420 1301 1473 hic
1320 1426 1499 1474 autem
1520 1416 1868 1471 violatoribus

302 1514 432 1568 dans
481 1511 786 1566 facultatem
840 1511 893 1564 in
939 1526 997 1564 se
1043 1507 1395 1563 transferendi
1439 1505 1710 1569 facinoris,
1760 1518 1868 1558 uno

301 1603 468 1659 solum
520 1603 837 1673 presbytero
892 1600 1210 1655 innocentia:
1260 1613 1371 1653 suae
1420 1599 1559 1652 inter
1612 1596 1868 1651 mortales

303 1702 437 1749 teste
478 1693 684 1758 relicto,
729 1692 889 1761 elegit
935 1706 1084 1745 suam
1134 1689 1311 1759 potius
1343 1688 1510 1742 vitam
1548 1686 1772 1756 profana
1799 1682 1866 1740 a'd

1961 514 2240 587 pudendis,
2256 513 2649 570 inconsiderata
2663 512 2912 568 ferocitas
2924 525 3195 581 perversa,
3210 512 3344 581 prob
3359 513 3529 569 dolor;

1962 607 2205 661 exercuit
2218 606 2439 674 judicia.
3277 649 3284 656 .

2034 693 2142 758 Sic,
2193 692 2421 756 Christe,
2478 681 2573 748 tibi
2601 693 2946 748 militantium
2991 693 3180 757 virtus,
3231 694 3407 765 gregis
3457 692 3533 751 tu:

1965 783 2213 838 sacerdos
2237 791 2293 837 et
2340 783 2532 847 hostia,
2576 782 2763 854 clypeo
2797 783 3118 838 suil‘erentias
3162 784 3529 852 praemunitus,

1965 882 2019 928 te
2044 881 2251 929 astante
2293 882 2348 928 et
2384 874 2563 929 omnia
2597 874 2819 929 vulnera
2864 873 2998 943 ejus,
3049 881 3152 928 tua:
3196 889 3356 929 causa
3406 874 3535 929 dile-

1966 966 2157 1020 ctionis
2202 964 2400 1019 inflicta
2452 974 2787 1030 numerante,
2813 975 3052 1020 centena:
3089 974 3292 1035 martyr
3324 980 3537 1019 coronae

1966 1054 2204 1123 angelica
2224 1069 2419 1124 pompa
2444 1056 2752 1119 subvectus,
2774 1056 3161 1125 triumphorum
3190 1055 3360 1124 gloria
3387 1054 3537 1109 exal-

1966 1152 2131 1210 tatus,
2187 1145 2459 1201 caelestem
2516 1148 2693 1202 aulam
2730 1149 3005 1214 ascendit;
3060 1148 3323 1217 completo
3371 1149 3425 1202 in
3472 1164 3537 1203 eo

1966 1235 2110 1302 quod
2136 1233 2387 1290 Salomon
2413 1234 2700 1289 admonet:
2732 1234 2857 1289 Non
2880 1236 3101 1289 verearis
3122 1252 3284 1305 usque
3308 1237 3375 1289 ad
3400 1253 3538 1290 mor-

1966 1331 2067 1376 tem
2085 1323 2374 1392 justiﬁcari
2396 1342 2416 1390 ;
2442 1326 2564 1395 quia
2595 1342 2787 1379 merces
2814 1325 2911 1379 Dei
2955 1336 3131 1380 manet
3167 1327 3222 1381 in
3263 1338 3534 1381 (sternam.

1965 1412 2034 1467 Et
2067 1412 2387 1469 Psalmista:
2433 1414 2538 1480 Qui
2577 1415 2843 1483 conﬁdunt
2870 1416 2925 1470 in
2959 1416 3203 1483 Domino,
3232 1418 3363 1471 sicut
3391 1435 3539 1472 mons

1968 1499 2116 1565 Sion,
2149 1519 2251 1557 non
2274 1505 2726 1558 commovebuntur
2757 1506 2812 1559 in
2840 1514 3110 1559 azternum.
3149 1506 3387 1576 Itemque
3413 1523 3541 1578 apo-

1968 1592 2138 1648 stolus
2166 1593 2436 1650 Iacobus:
2478 1595 2672 1649 Beatus
2704 1596 2781 1649 vir
2808 1598 2896 1665 qui
2938 1597 3122 1665 su/fert
3164 1600 3495 1652 tentationem
3518 1616 3537 1654 :

1965 1685 2233 1753 quoniam,
2262 1701 2380 1738 cum
2406 1685 2653 1754 probatus
2681 1685 2859 1754 fuerit,
2883 1688 3099 1757 accipiet
3127 1704 3372 1742 coronam
3400 1692 3536 1744 vim.

302 1789 510 1848 tempus
536 1757 838 1849 su5picione
866 1757 1261 1840 commaculari,
1289 1790 1319 1828 a
1347 1775 1455 1829 Deo
1487 1784 1665 1829 autem
1692 1788 1867 1828 secre—
1896 1757 1943 1817 Β
2039 1771 2122 1827 Sit
2166 1773 2332 1843 igitur
2378 1773 2549 1828 Roma
2582 1774 2808 1829 celebris
2847 1774 3159 1841 Laurentio,
3208 1777 3541 1833 Hierusalem

298 1879 477 1925 torum
503 1870 738 1935 conscio,
774 1884 880 1938 quo
910 1869 1022 1938 ipse
1065 1867 1225 1922 vellet
1250 1867 1457 1932 ordine,
1492 1865 1864 1937 purgandam:

301 1974 462 2028 quam
488 1959 771 2014 noxiorum
793 1959 956 2012 vitam
985 1972 1077 2027 per
1100 1957 1310 2012 diversa
1351 1963 1737 2011 tormentorum
1778 1969 1869 2026 ge—

304 2065 427 2105 nera
452 2050 617 2105 finiri.

373 2142 636 2197 Recolens
655 2143 797 2196 enim
839 2141 1125 2196 Dominum
1166 2140 1430 2195 dicentem
1455 2157 1468 2193 :
1490 2138 1628 2194 Nolo
1652 2147 1869 2193 mortem

300 2230 599 2301 peccatoris,
630 2231 720 2284 sed
745 2240 800 2285 ut
829 2241 1155 2285 convertatur
1189 2239 1237 2284 et
1273 2231 1426 2295 vivat,
1458 2238 1742 2300 peccantes
1769 2229 1870 2283 sibi

302 2318 575 2373 confessos
598 2319 665 2373 ad
693 2320 1083 2375 correctionem
1129 2320 1457 2374 reservavit:
1505 2328 1560 2375 et
1602 2334 1661 2374 se
1698 2319 1871 2388 ipsum

302 2422 401 2477 pro
438 2422 622 2462 eorum
668 2410 930 2464 mortibus
970 2410 1328 2479 gratissimam
1373 2411 1482 2464 Deo
1516 2410 1742 2465 hostiam
1774 2409 1873 2463 im-

304 2496 494 2552 molari
537 2498 798 2566 permisit.
839 2499 999 2553 Irruit
1040 2516 1204 2570 super
1248 2516 1371 2556 eum
1412 2499 1652 2555 funestus
1694 2500 1872 2567 lictor,

304 2584 517 2639 Satanae
542 2584 692 2640 ferali
729 2587 965 2657 percitus
994 2590 1178 2654 rabie;
1222 2598 1574 2661 sanctumque
1601 2590 1694 2645 Dei
1738 2591 1877 2645 anti-

302 2675 505 2740 stitem,
537 2675 753 2731 innocui
797 2679 1083 2734 comitatus
1126 2679 1247 2749 fuga
1273 2680 1543 2735 desertum
1589 2681 1871 2746 abstrahit,

302 2765 453 2836 juxta
489 2767 631 2836 quod
679 2769 936 2837 scriptum
981 2777 1106 2824 est:
1158 2769 1459 2824 Percutiam
1500 2781 1779 2842 pastorem,
1827 2781 1874 2826 et

303 2854 663 2924 dispergentur
685 2872 801 2909 oves
831 2857 1017 2927 gregis.

376 2941 476 2998 llic
500 2943 567 2997 ad
600 2942 810 2999 libitum
844 2947 1076 3002 crudelis
1114 2946 1322 3012 bellum,
1363 2950 1740 3007 sacratissima:
1766 2952 1875 3007 Deo

306 3030 495 3087 hostia:
518 3034 658 3089 aries
693 3036 894 3092 electus
927 3044 1035 3091 toto
1058 3025 1299 3107 corpore‘
1310 3039 1557 3095 laniatur.

1970 1863 2238 1934 Stephano
2258 1865 2475 1935 inclyta,
2496 1864 2762 1936 Carthago
2787 1867 2982 1922 nobilis
3005 1867 3290 1938 Cypriane,
3313 1869 3542 1940 Smyrna

1967 1955 2284 2028 Polycarpo,
2314 1958 2568 2027 Hispania
2589 1958 2812 2013 illustris
2838 1958 3148 2029 Cucuphate
3171 1975 3366 2029 magno
3392 1979 3405 2015 :
3442 1976 3542 2016 no-

1969 2058 2081 2104 stra
2116 2059 2296 2104 autem
2326 2050 2619 2120 Ratispona
2648 2050 2874 2106 miriﬁce
2919 2052 2972 2105 in
2999 2054 3276 2108 sacerdote
3314 2064 3368 2109 et
3402 2070 3545 2108 mar-

1970 2146 2091 2209 tyre
2136 2155 2234 2194 suo
2271 2140 2501 2210 gaudeat
2547 2140 2981 2204 Emmerammo;
3019 2158 3124 2196 non
3154 2143 3330 2198 minus
3357 2146 3544 2213 gratiae

1970 2227 2290 2284 beneﬁcium
2332 2229 2399 2283 ab
2425 2228 2528 2283 hoc
2560 2243 2782 2297 sperans
2820 2237 3048 2299 patrono
3087 2245 3248 2298 quam
3277 2241 3331 2286 et
3357 2246 3544 2286 earum

1972 2317 2223 2386 quaelibet
2245 2333 2275 2371 a
2302 2333 2399 2372 suo
2425 2318 2886 2388 indulgentissimo
2920 2328 3158 2389 parente.

2043 2405 2345 2462 Referimus
2370 2402 2498 2476 ergo
2527 2407 2625 2461 tibi
2650 2415 2831 2477 grates
2856 2407 2910 2461 in
2938 2407 3194 2462 honorem
3220 2407 3543 2472 Divinitatis,

1972 2515 2007 2555 o
2031 2507 2219 2568 terque
2251 2506 2547 2569 quaterque
2574 2495 2701 2552 felix
2728 2506 2783 2552 et
2808 2498 3117 2553 beatissime
3163 2498 3380 2568 praesul,
3410 2499 3546 2554 ccelo

1974 2596 2239 2656 terraeque
2287 2585 2652 2641 honorabilis:
2691 2584 2844 2655 cujus
2886 2586 3027 2640 inter
3069 2600 3255 2640 omnes
3283 2594 3548 2656 martyres

1975 2691 2138 2731 causa
2164 2676 2371 2730 exstitit
2398 2675 2702 2746 singularis,
2726 2676 2872 2730 omni
2898 2691 3055 2745 paena
3084 2675 3377 2741 molestior,
3401 2676 3549 2730 omni

1975 2766 2240 2836 exquisita
2284 2768 2515 2822 tortione
2543 2766 2829 2821 crudelior.
2877 2765 2994 2821 Non
3041 2766 3187 2821 enim
3216 2781 3375 2836 paena
3404 2781 3551 2820 mar-

1977 2865 2147 2928 tyrem
2172 2856 2320 2924 facit,
2363 2859 2458 2913 sed
2483 2873 2665 2913 causa.
2716 2857 2842 2914 Haec
2869 2858 2964 2913 tibi
2992 2873 3092 2913 nec
3138 2857 3393 2928 Stephani
3436 2874 3555 2912 sau-

1976 2949 2214 3018 guinem,
2245 2965 2344 3004 nec
2370 2949 2644 3004 Laurentii
2672 2949 2936 3015 ﬂammas,
2981 2965 3155 3020 neque
3183 2965 3372 3020 rogum
3398 2950 3553 3021 Poly-

1978 3040 2145 3110 carpi,
2176 3055 2280 3095 non
2310 3040 2540 3095 Theben:
2566 3039 2791 3109 legionis
2819 3040 3166 3109 triumphum,
3193 3055 3299 3095 non
3327 3040 3556 3108 denique

431 3141 836 3218 ρφειηταηιιξφιε
855 3147 1035 3218 ,ηιιιηιςιξ
1063 3149 1388 3218 pomimmm
1413 3162 1628 3214 tempora
1649 3159 1802 3218 raptis
1904 3098 1950 3161 θ
1978 3132 2215 3185 omnium
2235 3130 2555 3185 athletarum
2569 3131 2763 3186 Christi
2781 3131 3075 3185 certamina
3095 3131 3345 3200 prtetulit.
3376 3131 3557 3186 Toties

430 3203 663 3266 Auribus,
688 3214 739 3256 et
761 3203 953 3258 truncas
976 3203 1246 3260 miserando
1265 3203 1467 3265 vulnere
1493 3203 1677 3267 nares:

378 3300 668 3358 Cerebrum
706 3319 917 3376 quoque
953 3306 1153 3364 lumine
1187 3310 1462 3381 sapientiae
1502 3329 1714 3384 semper
1742 3316 1878 3371 irra-

310 3389 512 3445 diatum
547 3393 822 3450 oculorum
862 3397 981 3453 luce
1011 3400 1328 3468 privarunt;
1374 3418 1494 3458 cum
1537 3404 1611 3459 illi
1658 3407 1880 3461 interior

312 3480 455 3535 acies
477 3482 639 3536 animi
661 3485 823 3539 etiam
864 3487 1134 3543 mundano
1162 3490 1273 3544 sole
1299 3492 1611 3555 vibrantior,
1648 3494 1880 3549 indefec-

314 3569 421 3623 tiva
460 3578 633 3626 status
675 3574 759 3627 sui
800 3575 1044 3630 claritate
1087 3577 1311 3631 luceret.
1362 3578 1622 3649 Linguam
1671 3597 1885 3651 quoque

312 3659 549 3713 coalestis
568 3662 768 3715 oraculi
787 3663 1106 3727 ministram,
1122 3680 1188 3719 ex
1212 3667 1466 3722 invisibili
1484 3667 1642 3723 fontis
1664 3686 1882 3739 arcano,
1910 3664 1919 3668 ’

313 3748 460 3817 juxta
501 3751 644 3817 quod
690 3752 827 3806 ratio
873 3765 1174 3819 censuerat,
1230 3772 1363 3811 nova
1412 3759 1769 3828 proferentcm
1833 3773 1888 3820 et

263 3868 271 3878 ι
314 3846 517 3902 vetera,
543 3837 608 3892 de
633 3840 803 3894 sancti
847 3842 959 3896 oris
987 3859 1201 3899 camera
1228 3847 1452 3914 pestifer
1488 3850 1772 3922 chirurgus
1796 3869 1884 3908 ra-

315 3926 509 3981 dicitus
545 3928 740 3983 evellit.
769 3929 994 3987 insanus
1028 3931 1198 3999 furor,
1240 3952 1502 4006 nusquam
1529 3948 1884 4010 pertractans,

316 4017 441 4085 quia
469 4017 611 4073 labia
652 4020 939 4077 sacerdotis
982 4025 1278 4079 custodiunt
1300 4029 1610 4095 scientiam;
1650 4040 1698 4084 et
1724 4032 1884 4103 legem

318 4111 573 4178 requirent
592 4129 656 4166 ex
674 4130 763 4169 ore
780 4115 915 4184 ejus,
954 4118 1077 4188 quia
1097 4118 1323 4189 Angelus
1346 4121 1557 4177 Domini
1570 4126 1889 4180 exercituum

1979 3221 2122 3275 enim
2152 3235 2184 3273 a
2229 3219 2374 3291 Rege
2415 3229 2507 3275 tuo
2555 3236 2615 3274 es
2658 3228 2946 3274 coronatus
2976 3219 3029 3272 in
3061 3219 3226 3283 ctelis,
3264 3221 3473 3288 quoties
3500 3220 3555 3274 in

1983 3317 2075 3363 tuo
2118 3308 2458 3363 sanctissimo
2499 3324 2726 3378 corpore
2771 3309 3134 3364 membrorum
3183 3310 3461 3365 mutilatus
3497 3325 3559 3371 es

1985 3399 2342 3453 truncatione.
2392 3397 2556 3467 Cujus
2582 3400 2638 3453 in
2672 3398 2970 3453 humilitate
3000 3398 3266 3454 sublatum
3293 3410 3376 3455 est
3414 3399 3560 3468 judi-

1988 3489 2150 3553 cium,
2181 3489 2270 3557 qui
2300 3489 2603 3543 saevientem
2643 3498 2926 3560 tyrannum
2963 3490 3185 3560 placidae
3228 3491 3345 3546 ovis
3388 3492 3560 3548 instar

1985 3580 2249 3649 pertulisti
2274 3597 2287 3645 ;
2316 3580 2627 3650 carniﬁcum
2653 3582 2764 3638 iras
2786 3583 3116 3652 quietissima
3136 3584 3393 3654 patientia
3425 3587 3559 3642 tole-

1987 3671 2138 3727 rasti.
2168 3671 2285 3726 Tibi
2314 3686 2461 3740 ergo,
2498 3674 2833 3729 sanctissime
2876 3674 3089 3743 prmsul,
3133 3676 3468 3740 assistentcs,
3506 3689 3561 3730 et

1987 3761 2041 3816 in
2067 3762 2166 3816 hac
2201 3762 2285 3817 die
2310 3762 2684 3818 sacratissima:
2724 3764 2987 3833 passionis
3024 3774 3127 3818 tua;
3153 3772 3425 3834 utcunque
3446 3765 3561 3818 lau-
3647 3790 3650 3793 π

1989 3855 2116 3910 dum
2145 3863 2266 3909 vota
2295 3853 2481 3908 humili
2508 3855 2726 3909 servitio
2750 3855 3134 3925 persolventes,
3162 3855 3398 3910 caelestis
3422 3855 3562 3910 dono

1988 3945 2374 4001 benedictionis
2416 3944 2648 4001 invisere
2674 3944 2946 4016 digneris;
2976 3952 3186 4000 tuorum
3221 3952 3443 4014 peccata
3469 3960 3564 4000 ex-

1990 4050 2201 4098 cusans,
2227 4044 2283 4090 et
2303 4035 2427 4091 vita:
2452 4045 2649 4093 nostrae
2672 4037 3016 4093 moderamen
3044 4036 3183 4107 apud
3209 4036 3383 4105 ipsum
3406 4035 3566 4090 mise-

1995 4128 2239 4183 ricordia:
2274 4127 2474 4184 fontem
2503 4129 2715 4185 assidua
2744 4128 3125 4185 intercessione
3150 4128 3453 4198 disponens.

330 4240 3558 4303 2W

865 4398 2107 4580 GARNEBIUS
2224 4437 2988 4581 ABBAS.

500 4808 1277 4951 “LEGATIO
1368 4823 1577 4951 AD
1671 4832 2215 4961 REGEM
2305 4834 3374 5011 AISTULPHUM.

715 5034 929 5106 (Morin,
957 5036 1189 5093 Histoire
1212 5039 1276 5093 de
1299 5040 1538 5111 l’origine
1563 5052 1613 5097 et
1635 5044 1723 5098 des
1751 5046 1961 5117 progrés
1988 5046 2055 5102 ile
2079 5047 2133 5103 la
2159 5052 2513 5106 souveraineté
2530 5051 2827 5123 temporelle
2853 5052 2944 5108 des
2965 5054 3174 5127 papas.)

394 5172 483 5254 Le.
518 5168 934 5256 papeLEtienpe
965 5167 1294 5256 Illl,_'pressé
1318 5170 1437 5256 plus
1473 5171 1753 5256 .vivement
1794 5188 1898 5256 qu'e
1934 5177 1978 5235 ο
2004 5177 2274 5256 troubles,_
2304 5193 2373 5256 au
2416 5179 2497 5234 roi
2536 5179 2804 5256 7_P_epin__et_
2823 5181 2855 5236 ὸ
2900 5197 2991 5256 ses
3034 5184 3268 5256 enfants,
3315 5200 3452 5256 pour
3497 5189 3575 5245 les

326 5238 639 5314 jamais'par
659 5240 714 5314 le_
740 5240 819 5293 roi
846 5240 939 5314 des
963 5238 1278 5314 Lombards,
1316 5238 1513 5314 n‘avait
1540 5242 1663 5314 plus
1699 5238 1901 5314 d’espé-

327 5308 490 5367 ianee
514 5308 670 5378 qu’en
702 5309 753 5363 la
795 5308 979 5364 valeur
1025 5317 1079 5363 et
1113 5324 1179 5363 en
1220 5310 1268 5364 la
1303 5310 1443 5380 piété
1485 5308 1579 5365 des
1623 5308 1900 5377 Francais.

328 5380 583 5440 Ilécrivit
623 5381 782 5446 done,
810 5394 878 5432 au
925 5390 1384 5435 commencement
1410 5381 1476 5436 de
1501 5395 1591 5436 ces
1618 5397 1901 5437 nouveaux

400 5545 429 5575 ι
450 5532 687 5588 Morinus
705 5532 1033 5589 Gallicanam
1055 5534 1352 5589 versionem
1392 5544 1598 5588 tantum
1620 5535 1772 5591 nobis
1797 5553 1909 5592 ser-

336 5604 1007 5675 vavitoratiouisGarnerii
1029 5603 1238 5657 abbatis
1257 5605 1323 5658 ad
1344 5620 1520 5672 regem
1541 5605 1901 5675 Aistulphum,

337 5688 436 5732 nec
456 5672 525 5729 de
555 5674 700 5729 fonte
726 5689 788 5729 ex
813 5689 920 5742 quo
948 5673 1084 5727 hanc
1126 5675 1423 5730 orationem
1450 5672 1730 5745 exceperat
1757 5692 1906 5729 tuen-

2003 5249 2204 5302 avertir
2243 5250 2308 5302 de
2337 5249 2399 5325 la
2432 5249 2651 5325 perﬁdia
2692 5251 3043 5325 d‘Aistulphe,
3088 5254 3206 5310 leur
3234 5249 3473 5325 exposer
3498 5258 3578 5314 les

2002 5326 2253 5392 outrages
2273 5319 2402 5388 qu‘il
2424 5319 2607 5392 faisait
2633 5330 2764 5392 tous
2790 5322 2870 5378 les
2894 5319 3049 5391 jours
3074 5340 3180 5379 aux
3222 5319 3496 5392 Rofnains,
3522 5339 3578 5383 ct

2003 5400 2140 5454 pour
2166 5390 2246 5443 les
2288 5388 2521 5459 supplier
2560 5388 3007 5460 principalenient
3034 5394 3101 5450 de
3139 5395 3191 5450 le
3233 5388 3579 5452 contraindre

2004 5546 2206 5627 tionem
2245 5545 2391 5627 fecit.
2416 5548 2561 5627 illam
2591 5550 2753 5627 igitur
2777 5551 2831 5605 in
2873 5551 3127 5610 idiomate
3164 5554 3350 5611 eodem
3377 5570 3436 5612 ac
3465 5555 3578 5612 Mo-

2009 5620 2160 5671 riuus
2188 5620 2541 5676 recudendam
2577 5622 2898 5691 putavimus.
