4004 6172
614 479 1665 648 ΑΝΟΝΥΜΙ
1786 481 2195 640 ΒΑΕ(

1786 479 2717 641 ΞλέΕΟΠΙλΙ
2847 482 3327 645 VIII.

718 1092 1202 1181 INCERTI
1257 1089 1415 1174 AD
1469 1088 2047 1173 PIPPINUM
2108 1089 2541 1173 REGEM
2619 1090 3209 1177 EPISTOLA.

1472 1286 1564 1341 'Ex
1582 1288 1852 1350 Duchesn.,
1875 1288 2004 1341 Hist.
2032 1288 2206 1341 Franc.
2228 1290 2435 1355 Script.)

1779 1443 2131 1459 ἠ

412 1577 638 1636 Domino
681 1570 1094 1629 clementissimo
1132 1575 1187 1623 et
1225 1583 1257 1622 a
1296 1567 1408 1623 Deo
1446 1566 1618 1621 electo
1652 1573 1707 1619 et
1744 1565 1911 1620 subli—
1934 1576 1983 1633 Α
2010 1582 2133 1623 sare
2165 1583 2347 1624 coram
2384 1569 2592 1624 cunctis
2625 1569 2989 1639 principibus,
3024 1570 3162 1625 idem
3199 1572 3312 1642 ipse
3344 1572 3581 1629 clemen-

341 1681 521 1735 mato,
571 1666 797 1737 Pippino
840 1663 950 1734 regi
994 1676 1155 1731 quam
1198 1658 1765 1729 magnificentissimo,
1814 1658 1905 1711 ille
2010 1660 2249 1715 tissimus
2276 1675 2370 1714 rex
2397 1660 2528 1714 mihi
2557 1659 2756 1716 famulo
2784 1677 2881 1716 suo
2905 1663 3153 1730 dignatus
3180 1670 3260 1717 est
3291 1663 3576 1719 clementer

345 1761 563 1818 humilis
592 1772 809 1821 servus,
843 1761 898 1809 et
929 1751 1215 1808 clientulus
1250 1758 1451 1814 vester,
1482 1758 1770 1818 oratorque
1810 1764 1910 1817 per
2011 1768 2263 1816 narrare,
2301 1753 2443 1823 quod
2463 1792 2479 1817 ,
2508 1761 2564 1807 et
2598 1752 2713 1807 hmc
2743 1754 2955 1818 omnia,
2984 1753 3239 1822 prmfatus
3274 1755 3361 1809 ille
3387 1757 3584 1811 vestris

341 1854 522 1911 omnia
559 1847 775 1908 sedulus
794 1888 809 1913 ,
834 1861 934 1916 per
963 1845 1103 1899 hanc
1129 1841 1411 1912 epistolam
1441 1850 1674 1896 vestram
1702 1840 1912 1910 magni-
2011 1846 2066 1900 in
2093 1846 2312 1900 auribus
2342 1846 2657 1915 prudentius
2690 1853 2867 1916 potest
2900 1844 3120 1899 referre.
3162 1845 3374 1900 Habere
3402 1854 3581 1900 autem

339 1945 581 1999 tudinem
620 1940 675 1997 in
714 1937 941 1994 Domino
980 1934 1316 1990 dominorum
1342 1941 1470 2002 opto
1498 1940 1553 1986 et
1584 1931 1740 1986 milio
1767 1944 1911 1984 58η]-
2011 1937 2162 1991 illum
2200 1952 2364 1990 unum
2396 1952 2462 1990 ex
2496 1936 2639 1991 veris
2667 1935 2887 1999 amicis,
2921 1943 2974 1988 et
3013 1933 3226 1988 fidelem
3276 1935 3577 1999 servulum,

339 2036 603 2106 piternam
634 2029 859 2085 salutem
879 2051 899 2069 ν
2009 2040 2115 2080 non
2139 2025 2413 2091 dubitetis,
2430 2026 2552 2094 quia
2581 2026 2634 2079 in
2656 2026 2912 2095 quantum
2937 2038 3088 2078 mens
3114 2024 3255 2079 illius
3278 2024 3577 2094 praevaluit,

410 2124 623 2181 Gratias
659 2122 839 2189 itaque
868 2132 969 2187 ago
996 2116 1348 2185 omnipotenti
1379 2116 1518 2179 Deo,
1549 2129 1757 2169 summa
1787 2128 1911 2168 cum
2011 2117 2076 2171 de
2105 2116 2343 2186 profectu
2374 2126 2554 2172 vestro
2591 2118 2642 2171 in
2678 2117 2900 2185 gloriam
2932 2132 3113 2171 coram
3140 2117 3355 2172 domino
3392 2126 3576 2173 nostro

339 2213 691 2284 prosperitate
729 2211 784 2264 in
820 2208 1044 2264 servitio
1085 2208 1285 2261 domini
1321 2208 1426 2261 mei
1461 2206 1717 2275 perveni,
1756 2220 1909 2260 reee-
2009 2207 2237 2261 viriliter
2262 2216 2470 2262 certare
2498 2208 2700 2261 studuit
2737 2207 2825 2261 ille
2861 2216 3061 2271 noster,
3094 2222 3254 2276 quem
3284 2207 3361 2260 uti
3392 2207 3573 2261 anima

340 2312 566 2372 ptusque
603 2300 671 2353 ab
708 2312 773 2352 eo
805 2296 960 2351 solita
993 2296 1323 2363 benignitate
1358 2295 1502 2349 illius
1537 2295 1590 2348 in
1625 2292 1912 2364 przesentia
2010 2312 2130 2351 mea
2168 2297 2223 2350 in
2270 2304 2450 2351 vestra
2485 2296 2762 2365 diligebam
2802 2312 3016 2359 amore,
3050 2312 3156 2349 non
3194 2296 3408 2351 erubuit
3443 2310 3578 2351 nece

340 2392 607 2461 gratiosus
629 2389 884 2445 consisto.
915 2388 1077 2442 Multa
1106 2402 1338 2457 namque
1363 2387 1432 2441 ab
1457 2387 1643 2442 eodem
1669 2385 1913 2455 piissimo
2011 2404 2130 2443 mea
2151 2403 2277 2444 suas
2301 2388 2608 2443 examinare
2634 2388 2887 2459 sagittas:
2915 2396 2967 2441 et
2992 2387 3167 2442 saltim
3189 2387 3255 2441 de
3280 2395 3431 2456 parte
3457 2400 3578 2441 mea

340 2498 466 2554 rege
503 2481 753 2537 mellitlua
790 2482 952 2536 verba
996 2481 1061 2535 de
1104 2481 1296 2536 vestris
1338 2480 1581 2550 partibus
1625 2480 1913 2549 inquisitos
2009 2480 2065 2536 in
2100 2482 2242 2551 regis
2274 2480 2555 2549 praesentia
2587 2481 2750 2534 verba
2786 2496 2893 2535 non
2921 2495 3046 2535 vera
3074 2478 3303 2547 jactare.
3345 2477 3451 2533 Sed
3489 2478 3580 2535 ille

339 2572 419 2628 fui
438 2613 455 2639 ,
484 2572 578 2628 sed
611 2573 666 2625 in
693 2572 899 2627 cunctis
925 2571 1372 2640 exquisitionibus
1400 2571 1699 2640 quibusque
1735 2569 1910 2625 liben-
2010 2570 2102 2640 qui
2126 2570 2292 2638 iniqui
2309 2568 2672 2639 Achitopbelis
2691 2570 2757 2624 ad
2785 2570 3011 2624 nihilum
3042 2569 3245 2639 redegit
3271 2567 3574 2634 consilium,

340 2670 430 2717 ter
452 2662 624 2715 audiri
656 2662 845 2716 merui.
875 2661 1094 2716 Talibus
1117 2662 1457 2731 omnipotens
1486 2662 1616 2716 mihi
1645 2661 1913 2715 ministra-
2010 2662 2179 2716 voluit
2206 2670 2261 2716 et
2289 2660 2404 2729 ejus
2431 2662 2608 2715 subito
2633 2668 2912 2716 conterere
2945 2660 3238 2730 nequitiam
3260 2700 3273 2725 ,
3310 2666 3365 2713 et
3401 2658 3573 2729 gratia

342 2749 424 2805 vit
458 2752 758 2821 responsis,
795 2766 914 2821 qua:
950 2751 1187 2805 animum
1225 2751 1368 2806 illius
1397 2751 1546 2805 velut
1590 2751 1909 2806 suavissima
2010 2751 2223 2806 Domini
2256 2752 2434 2822 potius
2462 2758 2521 2805 ut
2546 2749 2739 2822 dignus
2775 2765 2949 2805 essem
2983 2751 3116 2805 mihi
3149 2750 3413 2821 benignus
3449 2763 3580 2803 con-

343 2840 596 2909 melodia,
647 2857 712 2896 ac
757 2857 926 2896 saera:
965 2840 1315 2910 jucunditatis
1353 2843 1545 2911 gaudio
1591 2841 1905 2912 irrigarunt.
2011 2843 2193 2897 cessit.
2227 2843 2410 2897 Habeo
2445 2841 2588 2896 enim
2625 2855 2724 2910 ego
2756 2841 2999 2897 servulus
3026 2849 3201 2896 vester
3228 2840 3542 2911 dispositum
3563 2880 3579 2901 .

343 2936 411 2991 Et
443 2936 561 2991 ideo
589 2935 871 2990 inelTabilis
900 2936 1041 2990 illius
1066 2936 1350 2990 clementia
1380 2951 1506 3005 erga
1534 2934 1907 2990 excellentiam
1940 2919 1982 2977 Β
2009 2942 2070 2986 ut
2095 2933 2317 2988 missum
2345 2946 2521 2987 meum
2555 2932 2713 2986 citius
2741 2947 2861 2986 cum
2887 2939 3113 3001 potuero
3140 2931 3194 2985 in
3234 2939 3417 2986 vestro
3453 2929 3579 2985 diri-

338 3036 571 3083 vestram
592 3068 606 3091 ,
638 3029 775 3083 sicut
803 3028 1020 3099 dignum
1049 3036 1160 3093 est,
1189 3029 1443 3097 optimam
1473 3028 1633 3083 habet
1658 3029 1906 3083 volunta-
2012 3037 2133 3093 gain
2163 3022 2402 3078 servitio.
2436 3020 2540 3076 Sed
2569 3037 2711 3076 nunc
2738 3021 2804 3075 de
2832 3029 3095 3090 praesente
3129 3036 3229 3090 pro
3256 3020 3581 3075 benedictio-

337 3126 471 3174 tem.
508 3119 770 3186 Quoniam
805 3134 934 3174 vero
970 3120 1149 3175 omnia
1188 3134 1307 3188 quae
1344 3120 1486 3174 dicta
1518 3127 1644 3175 sunt
1676 3118 1767 3174 ille
1794 3134 1908 3174 ser-
2011 3113 2098 3166 nis
2129 3128 2291 3166 causa
2326 3126 2425 3181 per
2456 3112 2604 3165 illum
2639 3111 2810 3181 dirigo
2845 3112 2998 3165 vobis
3029 3110 3342 3166 munuscula
3379 3124 3581 3179 parva,

337 3210 495 3264 vulus
521 3218 697 3263 vester
722 3210 842 3263 viva
870 3225 1001 3265 voce
1026 3210 1178 3264 vobis
1206 3218 1383 3279 potest
1409 3225 1661 3275 narrare,
1690 3208 1908 3263 fuerunt
2010 3217 2117 3257 non
2155 3210 2334 3257 tamen
2370 3217 2535 3271 parvo
2571 3200 2861 3255 voluntatis
2893 3199 3084 3253 aﬂ'ectu
3106 3240 3121 3264 ,
3150 3200 3204 3253 id
3242 3208 3325 3253 est
3364 3199 3580 3255 cusinos

338 3301 557 3371 quidam
590 3316 849 3370 exparcs,
887 3317 1023 3370 quos
1058 3311 1115 3356 et
1146 3303 1346 3357 amicos
1380 3303 1580 3358 habere
1615 3303 1903 3373 putabam,
2012 3292 2099 3347 11.
2132 3330 2148 3346 .
2179 3332 2192 3345 .
2225 3331 2238 3344 .
2272 3331 2285 3344 .
2317 3330 2331 3345 .
2364 3330 2378 3344 .
2406 3306 2500 3345 eos
2531 3290 2678 3343 vultu
2712 3288 3058 3343 serenissimo
3088 3287 3356 3356 respicere
3390 3287 3579 3357 digne-

338 3398 556 3459 pectore
586 3406 852 3447 venenoso
899 3401 1209 3458 currentes,
1260 3403 1546 3462 antequam
1596 3394 1903 3459 venissem,

2007 3384 2102 3437 ris.
2134 3380 2459 3436 Commendo
2485 3394 2597 3442 me,
2628 3393 2920 3447 omnesque
2947 3393 3041 3431 rex
3079 3378 3248 3432 sancti
3286 3377 3341 3430 il.
3383 3392 3445 3431 ac
3482 3391 3579 3432 no-

338 3496 514 3536 meam
547 3482 723 3536 conati
760 3491 884 3537 sum
920 3499 1174 3539 accusare
1210 3485 1502 3539 miseriam,
1546 3483 1652 3537 sed
1690 3483 1776 3537 ille
1813 3484 1905 3552 qui
2007 3482 2182 3537 stras,
2212 3481 2267 3526 et
2292 3471 2500 3527 cunctis
2534 3470 2848 3539 parentibus
2885 3469 3087 3524 nostris
3122 3468 3349 3523 servulis
3381 3470 3577 3524 vestris

338 3581 651 3626 cunctorum
688 3574 836 3627 novit
871 3574 1106 3638 occulta,
1136 3574 1392 3628 misertus
1424 3581 1508 3645 est
1545 3571 1743 3626 famulo
1771 3587 1903 3637 suo,
2006 3562 2107 3620 sub
2148 3563 2455 3618 defensione
2497 3563 2725 3616 aliarum
2768 3572 3072 3643 vestrarum
3120 3560 3300 3616 multis
3348 3560 3577 3617 feliciter

337 3676 631 3731 eorumque
679 3665 1110 3719 machinamenta
1163 3664 1335 3735 magis
1384 3663 1573 3732 iuvare
1625 3669 1905 3732 coeperunt
2006 3655 2163 3709 anuis
2190 3669 2371 3724 quaaso
2402 3653 2533 3708 Deu.
2561 3692 2575 3705 .
2602 3693 2617 3706 .
2648 3692 2663 3706 .
2697 3692 2711 3706 .
2740 3653 3015 3708 serenitati
3042 3661 3252 3708 vestrm.
3283 3652 3576 3708 Confestim

337 3767 499 3821 quam
524 3752 755 3822 aliquem
779 3754 957 3809 dolum
984 3755 1279 3809 inurerent.
1309 3753 1512 3808 Cuncta
1537 3766 1666 3806 vero
1690 3767 1808 3821 qua:
1836 3752 1910 3805 la-
2007 3763 2130 3802 cum
2166 3747 2309 3800 hunc
2341 3745 2663 3800 recensitum
2693 3744 2989 3799 habueritis
3018 3743 3341 3811 indiculum,
3372 3744 3483 3814 igni
3510 3743 3576 3797 ad

338 3850 512 3896 tenter
536 3843 840 3897 mentiendo
866 3843 934 3898 ad
961 3859 1120 3899 aures
1147 3843 1435 3913 pmclaras
1462 3842 1564 3897 nisi
1591 3850 1717 3896 sunt
1743 3829 1904 3896 accu-
1932 3850 1979 3913 ο
2009 3835 2370 3894 devorandum
2400 3835 2705 3891 trademini.
2737 3836 2770 3871 ¥

959 4293 1519 4382 EPISTOLA
1577 4292 2134 4377 MONACHI
2200 4295 2351 4378 AD
2402 4297 2973 4381 ABBATEM.

409 4540 619 4598 Charus
654 4539 969 4594 cbarissimo
988 4580 1001 4605 ,
1030 4539 1253 4595 dilectus
1277 4541 1642 4609 dilectissimo,
1669 4542 1810 4597 ﬁlius
1850 4542 1904 4596 in
2010 4555 2097 4604 re,
2126 4552 2323 4606 easque
2348 4536 2665 4591 festinanter
2692 4536 2882 4592 deinde
2912 4538 3139 4596 Domino
3171 4543 3461 4600 auxiliante
3490 4563 3576 4603 sc-

340 4633 556 4689 Christo
588 4630 771 4696 Patri,
809 4630 866 4684 il.
898 4630 985 4685 ille
1014 4631 1228 4685 humilis
1260 4632 1332 4685 illi
1370 4632 1548 4687 abbati
1586 4632 1641 4686 in
1678 4632 1907 4687 Domino
2008 4631 2099 4700 qui
2126 4628 2369 4683 volumus
2398 4645 2412 4680 :
2450 4642 2514 4682 ea
2544 4626 2791 4682 videlicet
2820 4629 3056 4697 ratione,
3090 4641 3149 4686 ut
3177 4649 3310 4689 xvm
3345 4635 3569 4694 Kalend.

340 4725 720 4795 sempiternam
750 4722 990 4777 salutem.
2010 4719 2335 4789 Septembris
2382 4719 2449 4773 ad
2491 4718 2811 4789 Magantiam
2857 4735 2974 4775 esse
3019 4725 3302 4792 possimus.
3349 4726 3484 4782 Nam
3525 4728 3573 4785 si

413 4815 529 4869 Duo
564 4814 709 4867 enim
748 4813 905 4867 simul
939 4819 1121 4867 nostro
1153 4820 1435 4867 versantur
1468 4815 1521 4866 in
1560 4813 1773 4879 animo,
1809 4816 1906 4869 ad-
2008 4812 2159 4865 vobis
2203 4811 2498 4879 placuerit.
2550 4811 2690 4865 sicut
2731 4810 3050 4880 dispositum
3096 4816 3332 4882 habetis,
3378 4825 3440 4871 ut
3477 4834 3574 4888 per

339 4906 555 4962 miratio
583 4904 825 4959 videlicet
856 4912 910 4958 et
936 4902 1174 4957 tristitia.
1218 4902 1438 4969 Quare?
1463 4903 1589 4972 quia
1623 4912 1905 4974 postquam
2008 4916 2108 4956 nos
2156 4900 2413 4966 veniatis,
2462 4910 2590 4956 tunc
2635 4903 2929 4957 secundum
2973 4904 3297 4960 voluntatem
3340 4916 3574 4963 vestram

340 5011 370 5049 a
415 5002 593 5049 vestra
640 4993 922 5049 dilectione
964 5007 1218 5061 corpore,
1263 5008 1370 5047 non
1414 5003 1629 5058 mente,
1676 4995 1907 5064 separati
2010 4995 2114 5049 iter
2140 5001 2381 5048 nostrum
2406 4993 2687 5064 disponere
2717 4995 3028 5050 habeamus.
3058 4995 3211 5052 Nulla
3240 4998 3382 5053 enim
3412 5014 3573 5055 causa

339 5100 559 5149 sumus,
605 5096 779 5153 neque
827 5099 924 5153 per
971 5083 1227 5149 missum,
1274 5099 1447 5153 neque
1491 5099 1589 5154 per
1629 5086 1908 5142 melliﬂuos
2010 5092 2122 5147 est,
2157 5083 2396 5153 exceptis
2421 5084 2508 5138 his
2535 5099 2655 5153 quae
2689 5099 2787 5155 per
2817 5084 3022 5139 nullum
3056 5086 3326 5158 ingenium
3364 5098 3575 5147 mutare

340 5174 521 5245 apices
557 5183 798 5240 vestros,
828 5176 895 5230 de
934 5174 1269 5230 desiderabili
1311 5177 1668 5247 prosperitate
1696 5186 1901 5243 vestra,
2010 5188 2326 5243 possumus,
2372 5189 2492 5242 qua:
2533 5174 2863 5230 voluntatem
2906 5184 3172 5243 vestram,
3222 5177 3273 5232 in
3316 5188 3573 5248 quantum

339 5277 503 5334 quam
525 5266 634 5321 Deo
678 5273 812 5320 teste
855 5280 1067 5335 semper
1107 5268 1292 5323 audire
1337 5275 1390 5323 et
1428 5268 1611 5325 videre
1638 5268 1908 5324 desidera-
2009 5266 2225 5322 Christo
2274 5266 2489 5337 auspice
2536 5268 2775 5325 valemus
2800 5310 2817 5336 ,
2871 5270 3026 5326 nobis
3076 5272 3343 5328 dimittere
3389 5271 3573 5329 faciat.

341 5369 494 5421 mus,
524 5356 659 5409 certi
686 5354 821 5410 cllici
852 5357 1164 5411 meruimus.
1196 5358 1389 5415 Notum
1419 5359 1582 5429 igitur
1605 5361 1676 5415 sit
1701 5362 1911 5431 sapien-
1937 5362 1990 5425 ι)
2011 5356 2232 5412 Fuimus
2273 5372 2505 5426 namque
2542 5360 2612 5413 ad
2652 5358 2896 5414 locellum
2939 5369 3174 5417 vestrum
3224 5363 3279 5417 in
3324 5362 3442 5418 loco
3482 5362 3574 5433 qui

344 5444 424 5499 tia
475 5453 702 5512 vestrze,
748 5446 1001 5516 quoniam
1035 5465 1065 5501 ν
1103 5447 1326 5505 Kalend.
1377 5449 1648 5521 Augustas
1689 5467 1908 5508 saumas
2013 5447 2206 5502 dicitur
2240 5447 2326 5511 il.,
2365 5447 2538 5515 ipsum
2574 5463 2820 5503 mansum
2857 5451 3345 5518 consideravimus,
3393 5452 3573 5523 ibique

340 5544 555 5589 nostras
588 5536 831 5605 partibus
860 5539 1042 5609 palatii
1076 5538 1346 5596 dimittere
1377 5541 1694 5611 dispositum
1741 5542 1909 5597 habe-
2011 5546 2253 5592 nostrum
2283 5546 2552 5607 repastum
2581 5554 2643 5594 ex
2675 5548 2859 5595 nostro
2885 5542 3150 5598 adducere
3179 5542 3532 5614 prmccpimus
3555 5582 3571 5611 ι

341 5640 491 5695 Inus,
523 5636 578 5684 ct
607 5638 794 5699 postea
818 5639 1037 5704 propter
1063 5646 1199 5702 opus
1225 5632 1478 5688 Ecclesia:
1512 5641 1620 5687 tres
1649 5632 1763 5687 dies
1794 5641 1905 5688 sta-
2009 5634 2064 5681 ct
2108 5642 2212 5680 uua
2260 5642 2379 5681 cum
2426 5629 2624 5684 nostris
2669 5631 2969 5702 vestrisque
3016 5631 3260 5691 ﬁdelibus
3301 5636 3355 5690 in
3389 5648 3577 5691 amore
