4020 6170
376 442 388 526 l

420 231 582 329 -15r5

1663 267 1845 323 ANON
1857 268 1971 322 VIIII
2010 266 2278 323 S.—ECULI
2317 267 2446 323 VIII.

3537 266 3677 322 I576

444 391 621 437 vestro
665 379 773 433 illic
817 378 979 433 lmtati
1025 393 1227 434 sumus.
1276 379 1403 433 Inde
1446 379 1659 448 navigio
1703 380 1878 449 pisces
1921 395 2008 434 ca-
2038 384 2082 438 Λ
2110 378 2300 432 exinde
2330 393 2536 432 merces
2558 387 2848 433 accrescat.
2878 379 2953 434 De
2982 379 3201 449 plumbo
3229 386 3408 433 autem
3434 386 3487 434 et
3510 389 3679 438 mate-

443 472 666 541 piendo,
698 471 766 525 ad
792 469 973 525 villam
995 510 1010 525 .
1036 511 1049 524 .
1073 510 1089 525 .
1114 510 1128 524 .
1157 510 1172 525 .
1199 510 1213 524 .
1236 471 1596 540 pervenimus.
1630 468 1837 525 Tassnlo
1860 485 2009 535 vero,

445 571 505 618 ut
534 576 841 632 speramus,
874 560 1044 615 ﬁdelis
1070 569 1266 625 vester,
1296 561 1364 615 de
1396 560 1480 614 his
1506 575 1626 630 qua:
1663 560 1731 614 ab
1764 575 1829 613 eo
1865 573 2014 628 qua:-

389 645 392 648 ’
443 651 667 707 sivimus
702 651 991 720 prudenter
1021 651 1175 704 nobis
1212 650 1265 703 in
1299 650 1547 705 omnibus
1574 664 1888 718 responsum
1917 651 2012 705 dc-

444 740 541 795 dit.
578 740 645 798 Et
675 748 958 808 putamus,
989 739 1034 793 si
1062 753 1186 792 eum
1221 739 1605 809 probaveritis,
1637 748 1692 793 et
1720 739 2014 794 secundum

444 829 725 884 scientiam
758 828 842 883 vel
875 828 1173 882 doctrinam
1211 835 1444 882 vestram
1486 828 1701 897 aliquod
1730 829 2010 883 servitium

445 919 495 972 ei
535 917 906 986 injunxeritis,
941 919 1083 987 quod
1114 918 1268 973 vobis
1304 918 1496 973 exinde
1532 918 1744 987 placere
1779 918 2008 973 curabit.

445 1008 737 1064 Precamur
770 1009 1032 1078 denique,
1071 1018 1133 1063 ut
1169 1010 1259 1065 illo
1290 1010 1578 1080 praeposito
1610 1019 1790 1066 vestro
1824 1012 2014 1081 pacci-

445 1097 605 1167 piatis
624 1137 640 1163 ,
670 1107 730 1152 ut
758 1099 823 1154 de
853 1098 948 1153 illo
976 1114 1165 1155 manso
1202 1101 1344 1168 quod
1380 1108 1557 1155 vestra
1588 1102 1828 1156 cbaritas
1861 1102 2016 1156 nobis

446 1188 784 1247 beneficiavit
801 1231 817 1256 ,
844 1193 1044 1245 bonum
1073 1200 1348 1247 certamen
1375 1195 1667 1247 secundum
1694 1193 2012 1262 promissio-

448 1293 570 1332 nem
596 1288 830 1335 vestram
858 1280 1033 1336 facere
1059 1282 1300 1345 studeat,
1329 1283 1559 1351 qualiter
1582 1284 1737 1338 nobis
1763 1284 2017 1353 vobisque

2111 468 2339 523 riamine
2372 468 2621 523 similiter
2650 469 3000 537 demandate,
3032 471 3264 539 qualiter
3292 471 3506 540 navigio
3526 470 3679 539 juxta

2110 559 2440 614 voluntatem
2478 567 2713 614 vestram
2757 562 2823 615 de
2858 569 3045 616 sancto
3079 560 3171 616 illo
3204 576 3375 630 usque
3407 562 3473 616 ad
3507 562 3680 617 locum

2111 649 2205 705 ubi
2243 648 2405 719 Signa
2443 649 2662 704 confluit
2691 650 2746 704 in
2775 663 2924 705 mare
2942 691 2958 717 ,
2989 664 3087 705 nos
3114 652 3190 705 ita
3218 651 3484 705 adducere
3506 652 3681 720 possi-

2114 754 2254 802 mus,
2282 747 2547 807 quatenus
2573 739 2857 794 Dominum
2881 755 3057 794 meum
3085 748 3333 795 sanctum
3362 740 3509 793 illum
3536 756 3683 795 ama-

2115 835 2290 882 torem
2332 836 2570 881 vcstrum
2612 844 2716 882 una
2762 844 2885 883 cum
2924 829 3170 884 omnibus
3195 829 3431 895 sanctis,
3459 844 3685 898 quorum

2116 918 2371 989 reliquias
2396 920 2451 974 in
2478 921 2803 975 monasterio
2826 921 3104 985 habemus,
3132 921 3513 983 intercessores
3537 923 3690 976 exin~

2119 1014 2188 1069 de
2233 1013 2493 1068 habeatis.
2542 1013 2683 1067 Deus
2726 1013 3065 1082 omnipotens
3103 1011 3219 1081 ejus
3260 1014 3591 1082 temporibus
3631 1014 3689 1067 in

2117 1103 2368 1172 praesenti
2397 1101 2589 1156 smculo
2614 1117 2709 1157 vos
2737 1117 2927 1156 sanum
2954 1110 3009 1155 et
3038 1102 3357 1157 incolumem
3389 1104 3654 1158 custodiat
3671 1142 3689 1165 .

2118 1202 2173 1249 et
2200 1195 2253 1247 in
2279 1193 2458 1248 futuro
2482 1208 2604 1248 eum
2629 1192 2831 1248 sanctis
2853 1192 3056 1262 angelis
3083 1192 3443 1247 laetabundum
3468 1190 3691 1247 efficiat.

2119 1283 2317 1339 Amen.

1083 1698 1970 1811 COMMONITORIUM
2023 1729 2562 1832 CUJUSQUE.
2600 1732 3062 1811 EPISCOPI

423 1846 428 1848 ⁷
482 1882 580 1939 AD
615 1883 1064 1940 SACERDOTES
1103 1884 1437 1942 SUBDITOS
1476 1885 1603 1942 SIBI
1638 1884 2125 1952 C/ETEROSQUE
2162 1884 2530 1941 MINISTROS
2567 1884 3065 1954 CUJUSCUNQUE
3102 1885 3377 1943 ORDINIS
3412 1889 3663 1946 ECCLE-

1950 1975 2255 2033 SIASTICI.

1608 2109 1703 2173 (Ex
1727 2109 1956 2173 larten.,
1982 2108 2291 2173 Amplissima
2314 2108 2590 2174 Collectio.)

527 2327 745 2383 Fratres
793 2327 1100 2384 sacerdotes
1148 2328 1361 2384 Domini
1418 2336 1798 2399 cooperatores
1848 2328 2020 2384 nostri
2053 2328 2100 2392 Β
2125 2325 2262 2397 [ra].
2293 2325 2479 2381 Nullus
2503 2327 2560 2380 in
2590 2325 2766 2397 ligneo
2794 2333 2887 2379 aut
2926 2326 3095 2382 vitreo
3134 2326 3303 2382 calice
3342 2329 3533 2384 audeat
3564 2330 3702 2387 mis-

458 2421 665 2478 ordinis
691 2422 839 2487 estis,
865 2429 920 2476 et
941 2437 1038 2477 nos
1064 2422 1303 2491 quidem,
1325 2423 1572 2491 quamvis
1593 2421 1827 2490 indigni,
1849 2422 2027 2477 locum

458 2513 637 2568 Aaron
704 2523 981 2579 tenemus,
1022 2530 1117 2568 vos
1167 2514 1344 2569 locum
1400 2513 1640 2569 Eleazari
1690 2521 1746 2568 et
1788 2513 2026 2568 Itamari.

463 2602 573 2657 Nos
598 2603 714 2657 vice
752 2604 1031 2659 duodecim
1067 2603 1428 2672 apostolorum
1469 2603 1758 2674 fungimur,
1803 2618 1900 2658 vos
1939 2618 2028 2659 se—

459 2695 739 2765 ptuaginta
767 2696 993 2751 duorum
1022 2696 1424 2765 discipulorum.
1458 2696 1566 2751 Nos
1594 2704 1837 2765 pastores
1864 2696 2031 2750 vestri

461 2800 682 2852 sumus,
723 2801 821 2842 vos
862 2787 1034 2855 plebis
1060 2788 1212 2842 vobis
1257 2788 1581 2842 commissae.
1622 2786 1730 2842 Nos
1770 2788 1837 2842 de
1879 2787 2034 2842 vobis

460 2875 727 2929 rationem
770 2876 1032 2931 reddituri
1077 2892 1264 2931 sumus
1307 2892 1516 2932 summo
1560 2865 1765 2948 pastori
1806 2878 2032 2933 Domino

468 2969 654 3018 nostro
681 2961 808 3019 Jesu
837 2963 1084 3030 Christo,
1116 2980 1213 3020 vos
1239 2966 1305 3020 de
1332 2965 1489 3034 plebe
1531 2966 1684 3021 vobis
1725 2967 2030 3022 commissa.

463 3055 721 3124 Ideoque,
750 3054 1052 3110 charissimi
1070 3096 1085 3121 ,
1115 3064 1354 3110 vestrum
1382 3056 1557 3111 videte
1582 3056 1899 3125 periculum.
1927 3056 2036 3112 Ad-

463 3159 744 3199 monemus
785 3144 967 3214 itaque
1009 3153 1065 3206 et
1109 3146 1459 3201 obsecramus
1504 3146 1899 3202 fraternitatem
1944 3162 2036 3203 ve-

467 3242 671 3297 stram,
713 3242 773 3288 ut
808 3249 929 3304 qua:
970 3236 1123 3291 vobis
1159 3238 1528 3306 suggerimus,
1571 3240 1844 3293 memoria:
1885 3254 2034 3295 com-

465 3325 760 3391 mcndetis,
792 3335 847 3381 et
874 3341 1035 3396 opere
1065 3341 1320 3383 exercere
1347 3329 1625 3385 studeatis.

538 3438 578 3491 l.
615 3437 671 3491 In
719 3438 908 3506 primis
953 3440 1301 3497 admonemus
1347 3449 1406 3496 ut
1451 3439 1569 3496 vita
1602 3450 1657 3497 et
1704 3443 2038 3499 conversatio

467 3536 649 3580 vestra
687 3527 1176 3596 irreprehensibilis
1213 3531 1312 3596 sit,
1351 3532 1556 3588 scilicet
1593 3541 1653 3587 ut
1690 3533 1821 3588 cella
1862 3543 2038 3589 vestra

468 3614 537 3669 sit
558 3614 714 3684 juxta
743 3617 1058 3685 ecclesiam,
1092 3629 1146 3675 et
1179 3621 1232 3676 in
1264 3623 1424 3678 domo
1448 3632 1627 3679 vestra
1660 3624 1888 3682 feminas
1928 3642 2034 3683 non

467 3704 733 3760 habeatis.

537 3815 599 3867 Il.
634 3816 792 3872 Omni
834 3827 991 3874 nocte
1032 3819 1096 3873 ad
1142 3821 1351 3891 vigilias
1399 3824 1639 3894 surgite;
1684 3841 1899 3881 cursum
1944 3842 2038 3882 ve-

469 3913 638 3960 strum
665 3908 812 3961 horis
840 3910 1002 3963 certis
1030 3910 1328 3967 deeantate.

541 4014 627 4069 III.
670 4016 953 4073 Missarum
993 4020 1361 4078 solemnitates
1389 4025 1883 4097 eelebrationesqne
1912 4029 2041 4084 reli-

471 4112 618 4180 giose
660 4113 936 4183 peragite;
978 4129 1175 4183 corpus
1214 4124 1268 4170 et
1313 4117 1627 4187 sanguinem
1672 4119 1881 4174 Domini
1920 4137 2044 4177 eum

473 4203 663 4258 timore
708 4210 763 4257 et
810 4205 1107 4259 reverentia
1155 4206 1388 4275 sumite;
1438 4223 1568 4263 vasa
1610 4223 1764 4264 sacra
1810 4212 2045 4281 propriis

475 4295 722 4351 manibus
748 4295 947 4351 abluite
976 4302 1030 4350 et
1058 4296 1343 4365 extergite.

542 4406 630 4461 IV.
670 4407 856 4462 Nullus
883 4416 1063 4464 cantet
1088 4409 1189 4465 nisi
1223 4409 1482 4480 jejunus;
1527 4412 1704 4471 nullus
1740 4423 1921 4472 cantet
1949 4417 2042 4488 qui

478 4511 584 4551 non
611 4497 990 4554 communicet.

546 4585 612 4642 V.
652 4585 837 4643 Nullus
864 4597 1046 4645 cantet
1071 4590 1187 4646 sine
1213 4592 1413 4647 amictu
1430 4632 1444 4657 ,
1470 4593 1611 4659 alba,
1641 4595 1800 4661 stola,
1828 4596 2041 4665 fanone,

477 4676 680 4755 casula.
710 4677 779 4731 Et
804 4679 920 4735 haec
946 4681 1264 4736 vestimenta
1300 4681 1469 4736 nitida
1504 4683 1639 4750 sint,
1671 4692 1726 4739 et
1763 4686 1830 4742 ad
1870 4687 2045 4744 nullos

476 4766 610 4822 alios
635 4783 764 4823 usus
791 4769 919 4824 sint.

546 4861 632 4918 Vl.
671 4860 857 4916 Nullus
898 4877 1021 4916 cum
1064 4862 1214 4927 alba,
1259 4879 1365 4933 qua
1410 4866 1462 4919 in
1509 4881 1637 4922 suos
1683 4883 1813 4924 usus
1853 4871 2041 4939 utitur,

474 4959 764 5023 praesumat
790 4951 1008 5007 missam
1040 4952 1315 5009 celebrare
1344 4954 1475 5026 [.4I.,
1505 4965 1744 5022 cantare,
1779 4960 1862 5014 hic
1887 4972 1934 5015 et
1963 4963 2043 5016 in-

543 5135 569 5164 ι
596 5123 909 5199 _Plen_ari_um
935 5124 1102 5195 aliqui
1129 5141 1262 5199 cum
1282 5127 1493 5199 Missale
1521 5129 1892 5199 confundunt;
1941 5134 2040 5188 ali-

474 5206 563 5262 qui
596 5194 669 5248 ita
697 5193 1062 5264 distinguunt,
1111 5205 1170 5251 ut
1198 5197 1409 5253 Missale
1448 5199 1519 5254 sit
1548 5200 1684 5255 liber
1707 5193 2036 5258 ecclesiasti-

474 5278 570 5317 cus
613 5264 889 5318 continens
922 5264 1154 5320 cilicium
1193 5267 1510 5332 missarum,
1550 5268 1854 5326 Plenarium
1900 5273 2039 5328 liber

474 5332 835 5403 complectens
873 5334 1139 5403 Epistolas
1178 5343 1232 5390 et
1260 5337 1566 5403 Evangelia.
1599 5337 1929 5397 Crediderim
1956 5351 2037 5396 ta-

475 5416 596 5492 men:
643 5402 853 5457 Missale
898 5405 1198 5492 plenarium
1245 5422 1366 5492 esse
1412 5402 1636 5492 librum,
1684 5410 1738 5463 in
1779 5426 1888 5492 quo
1929 5428 2035 5467 non

476 5468 872 5549 modoeanon,
899 5468 1173 5549 orationes
1209 5485 1264 5549 e_t
1305 5468 1646 5549 prscfationes
1672 5468 2032 5542 continentur.

478 5537 775 5623 seductiam
816 5540 1066 5623 Epistolzn
1107 5553 1167 5623 et
1212 5537 1528 5618 Evangelia,
1579 5551 1760 5606 omnia
1805 5537 2035 5623 denique

484 5620 604 5674 qua:
630 5608 681 5658 in
711 5608 876 5663 choro
903 5621 1207 5667 cantantur.

2072 5034 2123 5096 D

2129 2432 2243 2473 sam
2272 2416 2567 2472 celebrare.
3272 2470 3279 2481 ,

2199 2507 2306 2562 VII.
2343 2506 2496 2561 Nulla
2528 2507 2726 2563 femina
2755 2506 2823 2562 ad
2851 2507 3019 2562 altare
3047 2508 3304 2574 accedat,
3336 2524 3435 2564 nec
3477 2510 3703 2567 calicem

2130 2596 2342 2652 Domini
2370 2604 2576 2667 tangat.

2202 2688 2331 2745 VIII.
2369 2688 2661 2758 Corporale
2700 2690 3111 2745 mundissimum
3150 2690 3238 2745 sit.
3278 2691 3467 2747 Altare
3503 2694 3573 2747 sit
3613 2711 3708 2749 co-

2131 2788 2379 2848 opertum
2405 2779 2471 2834 de
2495 2779 2708 2834 mundis
2736 2779 2937 2834 linteis.
2982 2779 3157 2849 Super
3179 2780 3349 2836 altare
3375 2783 3509 2836 nihil
3534 2797 3705 2852 pona-

2137 2876 2224 2923 tur
2248 2868 2353 2923 nisi
2383 2883 2558 2939 capsaa
2584 2876 2638 2923 et
2664 2869 2905 2940 reliquiae
2931 2877 2986 2923 et
3014 2869 3145 2942 [Αι.,
3168 2880 3261 2924 aut
3285 2870 3443 2943 forte]
3472 2883 3709 2943 quatuor

2134 2958 2424 3028 Evangelia
2450 2967 2506 3014 et
2531 2960 2688 3030 pyxis
2711 2975 2834 3015 cum
2862 2975 3087 3029 corpore
3116 2961 3327 3016 Domini
3356 2963 3424 3017 ad
3453 2965 3710 3018 viaticum

2138 3053 2396 3117 infirmis,
2428 3062 2622 3109 caetera
2644 3054 2706 3107 .in
2736 3053 2908 3108 nitido
2929 3054 3052 3109 loco
3080 3055 3455 3109 recondantur.

2204 3143 2298 3197 IX.
2338 3142 2569 3208 Missale,
2593 3155 2619 3183 α
2642 3142 2947 3198 Plenarium
2965 3183 2980 3209 ,
3001 3144 3418 3209 Lectionarium,
3446 3144 3710 3214 Antipho.

2139 3235 2384 3301 narium,
2426 3236 2455 3275 ιι
2495 3244 2782 3306 utrumque
2820 3236 3015 3292 librum
3057 3253 3125 3291 ιι,
3161 3236 3503 3292 homiliarum
3546 3253 3711 3292 unus-

2140 3329 2369 3398 quisque
2396 3327 2613 3382 habeat.

2208 3417 2278 3472 Χ.
2316 3417 2488 3473 Locus
2516 3418 2570 3473 in
2599 3419 2893 3475 secretario
2919 3419 3001 3473 vel
3024 3418 3179 3489 juxta
3208 3420 3379 3475 altare
3405 3420 3473 3474 sit
3501 3436 3712 3491 praepa-

2139 3516 2310 3574 ratus,
2327 3509 2420 3563 ubi
2442 3524 2579 3579 aqua
2602 3508 2905 3565 effundatur
2923 3511 3137 3581 quando
3159 3527 3311 3567 sacra
3338 3528 3465 3566 vasa
3488 3513 3714 3566 abluun—

2140 3607 2248 3664 tur,
2281 3599 2460 3670 ibique
2494 3615 2589 3655 vas
2629 3601 2855 3656 nitidum
2896 3617 3017 3657 cum
3040 3618 3178 3672 aqua
3216 3603 3469 3672 pendeat,
3513 3604 3603 3658 ubi
3628 3618 3715 3658 sa-

2063 3689 2118 3752 C
2139 3690 2329 3745 cerdos
2359 3705 2549 3746 manus
2575 3690 2715 3746 lavet
2743 3700 2864 3761 post
2893 3692 3346 3747 communionem.

2209 3779 2300 3833 XI.
2338 3779 2591 3836 Ecclesiae
2638 3781 2749 3836 sint
2794 3782 2932 3837 bene
2979 3790 3243 3851 cooperta:
3288 3789 3345 3837 et
3393 3793 3710 3847 cameratar,

2140 3870 2339 3926 atrium
2369 3871 2609 3927 ecclesia:
2636 3872 2872 3942 undique
2900 3881 3173 3927 moratum
3200 3884 3249 3926 ο.

2212 3961 2323 4016 XII.
2364 3961 2551 4019 Nullus
2570 3972 2721 4017 extra
2744 3964 3025 4020 ecclesiam
3046 3978 3145 4034 per
3164 3964 3367 4030 domos,
3394 3965 3478 4020 vel
3505 3965 3559 4019 in
3581 3966 3715 4020 locis

2140 4073 2247 4113 non
2272 4058 2617 4124 consecratis,
2644 4059 2862 4114 missam
2890 4066 3089 4124 cantet,
3118 4074 3218 4113 nec
3241 4058 3386 4113 solus
3411 4068 3591 4114 cantet
3613 4058 3664 4112 ά.

2210 4147 2345 4202 XIII.
2386 4147 2624 4218 Quisque
2651 4150 2935 4220 presbyter
2962 4149 3215 4204 clericum
3256 4150 3453 4204 habeat
3476 4151 3567 4221 qui
3599 4151 3710 4220 cpio

2142 4237 2335 4293 stolam
2357 4238 2445 4293 vel
2472 4239 2753 4294 lectionem
2780 4239 2953 4310 legat,
2975 4240 3131 4310 eique
3157 4240 3223 4295 ad
3251 4241 3471 4295 missam
3498 4256 3719 4310 respon-

2143 4327 2268 4382 deat
2293 4336 2348 4383 et
2372 4344 2495 4384 cum
2522 4344 2628 4398 quo
2653 4330 2888 4399 psalmos
2913 4339 3112 4387 cantet.

2218 4419 2353 4476 XIV.
2393 4421 2637 4477 lnﬁrmos
2675 4423 2917 4490 visitate,
2948 4438 3148 4493 eosque
3186 4424 3300 4479 Deo
3336 4425 3683 4480 reconciliate

2144 4512 2263 4567 oleo
2292 4522 2477 4585 sancto
2505 4516 2719 4584 ungite,
2749 4524 2804 4572 et
2841 4517 3057 4587 propria
3094 4533 3257 4572 manu
3296 4519 3717 4573 communicatc.

2144 4603 2332 4661 Nullus
2376 4616 2667 4677 prmsumat
2714 4610 2925 4666 tradere
2970 4613 3400 4668 communionem
3449 4613 3589 4669 laico
3631 4615 3723 4670 vel

2145 4694 2357 4751 feminae
2383 4697 2451 4751 ad
2477 4697 2754 4754 ferendum
2783 4700 3015 4757 infirmo.

2214 4785 2330 4840 XV.
2375 4797 2397 4825 θ
2428 4786 2614 4842 Nullus
2641 4805 2853 4845 sacrum
2881 4792 3118 4847 chrisma
3147 4794 3342 4849 vendat
3363 4836 3376 4857 ,
3411 4796 3590 4850 nullus
3614 4812 3719 4865 pro

2145 4876 2498 4945 baptizandis,
2525 4881 2610 4935 vel
2638 4896 2737 4951 pro
2765 4897 2990 4954 corpore
3017 4884 3262 4951 Domini,
3290 4888 3375 4942 vel
3400 4904 3500 4958 pro
3529 4904 3723 4943 recou-

2146 4964 2447 5033 ciliatione,
2478 4968 2560 5024 vel
2597 4984 2694 5040 pro
2733 4972 3033 5041 sepultura,
3075 4974 3160 5029 vel
3200 4990 3298 5044 pro
3335 4977 3724 5033 consecrandis

2206 5135 2249 5217 b.
2269 5135 2325 5190 In
2354 5136 2629 5217 Victorino
2656 5140 2839 5197 codice
2863 5142 3195 5199 desideratur
3221 5155 3495 5217 utrumque
3520 5148 3712 5204 librum

2137 5223 2205 5262 χι.
2229 5206 2585 5261 homiliarum.

2209 5289 2231 5349 ἦ
2275 5276 2471 5349 Victor.
2492 5316 2507 5340 ,
2533 5278 2655 5349 Sepi
2678 5281 2951 5334 munitum.

2207 5344 2232 5385 ά
2275 5345 2332 5399 In
2364 5347 2567 5401 Victor.
2603 5344 2752 5403 deest
2783 5366 2873 5403 nec
2902 5351 3041 5405 solus
3070 5362 3264 5407 cantet.

2209 5416 2337 5497 enln
2378 5416 2561 5497 codice
2607 5419 2881 5497 Victorino
2924 5421 3314 5497 hic__articulus
3361 5427 3439 5482 sic
3483 5428 3713 5497 legitur:

2137 5486 2188 5541 Ν
2196 5484 2333 5561 ullus
2363 5496 2585 5561 vestrum
2610 5504 2716 5561 pro
2743 5490 3069 5554 baptizandis
3101 5492 3415 5561 infantibus,
3447 5484 3719 5561 autvin/ir-

2135 5558 2234 5636 mis
2272 5557 2808 5636 reconciliandismmtt
2840 5561 3058 5636 mortuis
3080 5557 3382 5631 sepeliendis
3441 5557 3715 5636 parmam

2138 5625 2212 5679 re!
2245 5642 2433 5679 munus
2464 5628 2654 5695 exigat.
2688 5628 2913 5684 Omissis
2946 5625 3187 5699 reliquis.
