4020 6170
340 280 472 335 1577

1406 282 1971 339 COMMONITORIUM
2018 282 2447 339 I‘ZI‘ISCOPALE.

3417 279 3555 337 1578

335 392 576 448 ecclesiis
614 394 845 463 pretium
890 402 1127 464 qumrat,
1172 392 1253 447 vel
1298 392 1551 447 ecclesias
1595 392 1892 460 aliquorum
1921 396 1969 454 Α
2067 391 2235 445 XXX.
2277 390 2648 460 Unusquisque
2682 389 2857 444 fontes
2890 388 3116 450 habeat,
3158 387 3204 442 si
3239 402 3344 442 non
3378 395 3558 457 potest

334 482 459 538 data
488 485 712 552 pecunia
742 485 1025 555 subripiat.

404 570 543 628 XVI.
580 573 767 628 Videte
794 589 861 627 ne
886 588 981 643 per
1008 571 1381 643 negligentiam
1402 578 1635 626 vestram
1656 570 1796 626 ullus
1819 571 1894 625 in-

335 662 457 719 fans
483 665 598 719 sine
626 656 895 733 baptismo
921 664 1199 719 moriatur.

407 754 785 811 XVII.'Nullus
836 764 1074 811 vestrum
1134 757 1205 810 sit
1255 756 1536 821 ebriosus,
1589 756 1852 828 litigiosus
1876 797 1892 821 ,

340 861 366 890 ⁸
396 847 571 902 nullus
617 863 767 902 arma
813 848 868 902 in
916 847 1175 903 seditione
1222 848 1393 915 ferat,
1425 850 1453 889 ι)
1482 850 1660 904 nullus
1702 865 1895 903 canum

334 939 418 993 vel
447 939 619 992 avium
641 936 781 1006 jocis
806 938 1087 1003 inserviat,
1118 939 1294 994 nullus
1320 940 1375 994 in
1405 941 1641 995 tabernis
1667 940 1833 995 bibat.

406 1027 585 1081 XVIII.
618 1027 993 1097 Unusquisque
1012 1035 1270 1094 vestrum,
1294 1037 1551 1098 quantum
1576 1031 1730 1098 sapit,
1754 1029 1896 1098 plebi

338 1134 447 1172 suae
478 1130 498 1155 ε
533 1119 597 1173 de
621 1119 938 1188 Evangelio,
966 1120 1032 1174 de
1071 1120 1335 1189 Epistola,
1379 1121 1462 1176 vel
1501 1121 1677 1191 aliqua
1718 1122 1894 1177 divina

341 1207 615 1279 Scriptura
647 1208 921 1265 Dominico
951 1209 1035 1264 die
1059 1209 1144 1264 vel
1171 1209 1321 1265 festis
1349 1210 1537 1266 diebus
1562 1212 1860 1275 annuntiat.

408 1295 548 1350 XIX.
585 1296 779 1352 Curam
810 1312 1132 1367 pauperum,
1160 1299 1558 1369 peregrinorum
1578 1340 1593 1366 ,
1632 1302 1897 1370 orphano-

340 1401 460 1442 rum
485 1387 705 1453 habeat,
732 1402 929 1457 tuisque
954 1388 1020 1443 ad
1045 1388 1330 1457 prandium
1356 1389 1571 1454 invitet,
1595 1390 1623 1429 ἀ
1647 1399 1706 1445 ιιι
1734 1391 1787 1445 in
1813 1392 1898 1447 bis

338 1486 397 1533 et
422 1477 540 1531 aliis
568 1476 871 1545 hujusmodi
896 1492 925 1531 a
950 1477 1103 1531 vobis
1128 1477 1218 1552 alii
1248 1479 1549 1549 exemplum
1581 1481 1814 1549 capiant.

411 1565 528 1619 XX.
584 1566 740 1621 Omni
786 1566 873 1620 die
927 1565 1203 1621 Dominico
1258 1576 1380 1619 ante
1434 1567 1654 1621 missam
1704 1584 1897 1637 aquam

341 1655 674 1711 benedictam
719 1654 908 1721 facite,
954 1656 1095 1710 unde
1138 1656 1365 1726 populus
1405 1664 1458 1712 et
1500 1657 1615 1713 loca
1660 1659 1898 1715 ﬁdelium

342 1753 694 1816 aspergantur
726 1757 772 1798 θ.

408 1837 546 1891 XXI.
585 1836 747 1893 Sacra
777 1852 905 1892 vasa
931 1837 1015 1891 vel
1042 1838 1361 1893 vestimenta
1400 1841 1752 1896 sacerdotalia
1791 1857 1898 1897 non

342 1928 534 1982 dentur
574 1927 629 1981 in
665 1927 1024 1983 vadimonium
1072 1927 1091 1966 ί
1121 1930 1440 2001 negotiatori
1478 1930 1565 1986 vel
1602 1932 1761 1987 alicui
1803 1948 1902 1988 sae-

345 2020 533 2074 culari.

412 2112 572 2167 XXII.
612 2112 796 2168 Nullus
836 2121 1073 2168 vestrum
1121 2113 1298 2169 minus
1347 2114 1504 2183 digne
1553 2116 1901 2183 pmnitentem

343 2201 704 2273 cujuscunque
732 2205 811 2258 rei
836 2205 1005 2274 gratia
1032 2205 1098 2260 ad
1124 2205 1612 2260 reconciliationem
1639 2207 1901 2271 adducat,

344 2300 402 2350 et
422 2294 474 2349 ei
504 2294 946 2350 reconciliationis
972 2294 1334 2350 testimonium
1361 2295 1516 2350 ferat.

416 2382 600 2439 XXIII.
638 2384 823 2439 Nullus
858 2393 1098 2440 vestrum
1133 2400 1325 2441 usuras
1366 2387 1574 2457 exigat,
1615 2396 1669 2443 et
1700 2388 1904 2444 condu-

348 2481 468 2529 ctor
503 2474 587 2528 sui
624 2475 851 2530 senioris
895 2477 920 2515 ε
958 2475 1171 2530 existat.
1219 2476 1325 2532 Res
1363 2485 1419 2532 et
1458 2477 1735 2534 facultates
1773 2494 1906 2548 quas

350 2574 471 2634 post
498 2566 638 2621 diem
665 2567 1019 2622 ordinationis
1045 2575 1241 2624 vestra:
1280 2569 1588 2638 acquiritis,
1634 2570 1701 2625 ad
1736 2570 1908 2627 eccle-

349 2657 482 2711 siam
512 2658 598 2712 cui
626 2657 906 2712 deservitis
931 2657 1202 2727 pertinere
1227 2660 1429 2715 sciatis.

425 2751 606 2807 XXIV.
646 2749 832 2804 Nullus
878 2750 994 2804 sine
1042 2750 1264 2805 scientia
1309 2761 1363 2807 et
1410 2767 1672 2807 consensu
1722 2760 1907 2809 nostro

350 2842 628 2897 ecclesiam
666 2841 929 2910 acquirat.
961 2840 990 2879 h
1018 2839 1204 2896 Nullus
1244 2856 1342 2911 per
1380 2850 1698 2911 potestatem
1740 2858 1908 2898 saecu-

352 2932 545 2987 larium
600 2930 884 2987 ecclesiam
933 2930 1211 2998 obtineat;
1269 2932 1446 2987 nullus
1506 2934 1785 2989 ecclesiam
1841 2935 1907 2989 ad

1994 482 2192 536 habere
2221 480 2489 549 lapideos,
2523 479 2716 534 habeat
2757 479 2901 534 aliud
2938 492 3033 534 vas
3066 478 3135 532 ad
3173 478 3276 532 hoc
3314 485 3556 534 tantum-

1992 575 2151 631 modo
2177 582 2534 643 prtcparatum
2566 573 2614 625 ιι.

2062 666 2250 720 XXXI.
2288 665 2546 720 Omnibus
2578 664 2918 734 parochianis
2951 662 3148 718 vestris
3175 660 3475 732 symbolum
3501 668 3555 716 et

1992 755 2293 810 orationem
2321 756 2650 810 Dominicam
2678 755 2962 808 insinuate.

2063 846 2274 901 XXXII.
2310 845 2579 915 Jejunium
2607 854 2837 914 quatuor
2867 854 3163 915 temporum
3181 885 3195 910 ,
3227 844 3555 915 rogationes,

1993 939 2233 993 litaniam
2262 940 2519 1008 majorem
2551 938 2630 992 eis
2659 938 2879 993 indicite
2909 935 2953 989 ι.

2062 1031 2295 1086 XXXIII.
2333 1031 2489 1085 Feria
2513 1045 2564 1083 1v
2583 1037 2708 1083 ante
2732 1028 3199 1098 Quadragesimam
3225 1041 3317 1081 eos
3342 1025 3409 1079 ad
3432 1039 3559 1079 con-

1994 1125 2278 1180 fessionem
2327 1123 2578 1185 invitate.
2627 1123 2811 1190 eisque
2845 1121 2999 1190 juxta
3033 1119 3346 1188 qualitatem
3379 1117 3556 1172 delicti

1993 1216 2362 1285 paenitentiam
2408 1213 2699 1283 injungite,
2746 1227 2853 1266 non
2895 1227 2963 1265 ex
3006 1212 3167 1266 corde
3207 1217 3419 1270 vestro,
3465 1208 3560 1263 sed

1994 1303 2135 1360 sicut
2161 1305 2215 1358 in
2244 1301 2596 1373 pmnitentiali
2626 1300 2884 1369 scriptum
2911 1308 3011 1355 est.

2066 1396 2303 1451 XXXIV.
2346 1394 2541 1448 Tribus
2568 1392 2773 1446 vicibus
2804 1393 2856 1446 in
2897 1405 3071 1456 anno,
3113 1389 3316 1445 scilicet
3353 1388 3408 1442 in
3446 1386 3557 1441 Na-

1996 1489 2102 1544 tale
2136 1489 2379 1554 Domini,
2417 1487 2651 1553 Pascha,
2688 1486 3060 1548 Pentecosten,
3091 1495 3133 1523 In
3158 1498 3348 1539 omnes
3377 1480 3561 1537 ﬁdeles

1995 1580 2413 1635 communicent.

2068 1671 2282 1725 XXXV.
2319 1668 2494 1724 Certis
2534 1667 2862 1736 temporibus
2902 1662 3173 1733 conjugati
3214 1662 3282 1716 ab
3307 1659 3562 1715 uxoribus

2003 1763 2303 1817 abstineant
2329 1770 2379 1813 ιι.

2073 1852 2311 1907 XXXVI.
2350 1848 2598 1919 Eulogius
2623 1853 2745 1916 post
2770 1845 2963 1899 missas
2993 1844 3047 1897 in
3079 1842 3264 1897 diebus
3289 1838 3440 1893 festis
3468 1851 3561 1891 ac—

2005 1943 2226 2013 cipiant.
2628 1946 2653 1980 ⁸

2075 2032 2335 2088 XXXVII.
2378 2039 2402 2067 ο
2438 2029 2625 2085 Nullus
2660 2027 2941 2096 presbyter
2971 2025 3026 2078 in
3056 2022 3248 2076 itinere
3279 2019 3394 2075 sine
3431 2016 3568 2073 stola

2007 2126 2250 2190 incedat;
2279 2123 2455 2178 nullus
2480 2122 2730 2177 induatur
2754 2115 3087 2172 vestimentis
3113 2111 3420 2177 laicalibus;
3448 2109 3568 2165 nul-

2008 2218 2093 2272 lus
2139 2231 2253 2270 rem
2290 2223 2381 2269 aut
2415 2211 2804 2283 possessionem
2839 2216 2931 2262 aut
2967 2204 3293 2273 mancipium
3325 2203 3566 2258 ecclesia:

2008 2308 2237 2371 vendat,
2298 2312 2390 2358 aut
2452 2307 2776 2365 commutet,
2837 2297 2921 2352 vel
2975 2310 3295 2365 quocunque
3351 2293 3565 2362 ingenio

2010 2398 2226 2453 alienet.

2079 2486 2358 2543 XXXVIII.
2397 2483 2731 2540 Dominicum
2777 2482 2916 2537 diem
2968 2480 3204 2548 aliasque
3253 2476 3576 2532 festivitates

2011 2596 2043 2635 a
2063 2593 2285 2648 vespera
2311 2592 2477 2646 usque
2497 2576 2564 2629 ad
2585 2588 2861 2642 vesperam
2884 2571 3118 2625 celebret
3134 2568 3501 2636 unusquisque
3522 2576 3568 2618 Ρ.

2082 2670 2325 2728 XXXIX.
2363 2669 2562 2725 Cantus
2589 2674 2643 2720 et
2669 2668 2862 2721 choros
2890 2663 3173 2717 mulierum
3201 2660 3257 2714 in
3282 2657 3422 2712 atrio
3449 2671 3570 2710 om-

2012 2765 2141 2818 nino
2171 2760 2469 2831 prohibete.

2081 2852 2198 2906 XL.
2236 2849 2483 2904 Carmina
2528 2845 2787 2901 diabolica
2831 2858 2951 2912 quae
2994 2856 3155 2911 super
3194 2846 3435 2894 mortuos
3477 2849 3574 2889 no-

2015 2943 2218 2999 cturnis
2241 2940 2390 2996 boris
2412 2938 2600 3009 vulgus
2624 2944 2839 2991 cantare
2863 2934 3027 2999 solet,
3050 2942 3104 2988 et
3125 2930 3416 2987 cachinnos
3441 2942 3575 2995 quos

346 3038 511 3093 quam
539 3023 781 3078 titulatus
808 3030 890 3078 est
915 3021 1185 3089 dimittat,
1208 3031 1262 3079 et
1288 3025 1354 3079 ad
1393 3024 1552 3087 aliam
1577 3040 1737 3081 causa
1765 3041 1909 3096 quaa-

2016 3039 2303 3097 exercent,
2331 3029 2431 3084 sub
2473 3025 2858 3083 contestatione
2899 3021 3279 3093 omnipotentis
3315 3018 3411 3073 Dei
3451 3030 3576 3086 pro-

353 3123 469 3168 stus
496 3114 708 3185 migret.

422 3200 585 3257 XXV.
626 3200 813 3257 Nullus
838 3201 1017 3271 plures
1046 3209 1227 3257 teneat
1252 3203 1511 3258 ecclesias
1540 3204 1656 3259 sine
1685 3204 1914 3261 aliorum

350 3293 550 3351 auxilio
586 3292 1052 3363 presbyterorum,
1094 3293 1398 3349 nullatenus
1427 3309 1534 3349 una
1574 3294 1799 3350 ecclesia
1829 3296 1914 3350 in-

354 3391 439 3443 ter
459 3385 639 3455 plures
666 3383 949 3438 dividatur.

427 3475 610 3531 XXVI.
648 3474 835 3530 Nullus
874 3474 1093 3530 alterius
1126 3476 1543 3544 parochianum,
1586 3476 1692 3531 nisi
1732 3477 1787 3530 in
1828 3477 1918 3531 iti-

356 3581 509 3631 nere,
553 3574 645 3620 aut
682 3565 728 3620 si
766 3565 867 3620 sibi
907 3565 1157 3634 placitum
1195 3565 1391 3629 fuerit,
1421 3566 1487 3618 ad
1515 3566 1736 3619 missam
1775 3567 1942 3642 reci-g

356 3656 485 3725 piat.
518 3656 704 3710 Nullus
727 3655 782 3708 in
806 3654 1028 3708 alterius
1052 3655 1305 3723 parochia
1338 3656 1353 3694 ί
1390 3654 1506 3709 sine
1531 3654 1745 3709 licentia
1776 3656 1917 3712 illius

356 3755 554 3802 cantet.

426 3832 635 3889 XXVII.
689 3832 875 3887 Nullus
923 3832 1183 3888 decimam
1231 3832 1299 3888 ad
1350 3833 1512 3888 alium
1559 3834 1915 3905 pertinentem

360 3927 601 3996 recipiat.

426 4016 658 4073 XXVIII.
700 4014 886 4070 Nullus
914 4014 1260 4085 pmnitentem
1299 4015 1487 4072 invitet
1515 4033 1732 4073 carnem
1761 4034 1914 4073 man-

357 4111 552 4165 ducare
583 4107 667 4162 vel
703 4108 884 4162 vinum
917 4107 1132 4174 bibere,
1171 4108 1275 4163 nisi
1312 4123 1411 4178 pro
1459 4125 1523 4165 eo
1569 4111 1636 4165 ad
1679 4126 1916 4181 praesens

358 4202 750 4271 eleemosynam
780 4198 1003 4254 dederit.
1054 4199 1058 4202 ’

432 4290 617 4346 XXIX.
658 4288 672 4339 i
713 4288 899 4343 Nullus
927 4298 1213 4357 prmsumat
1238 4289 1540 4359 baptizare,
1566 4291 1670 4345 nisi
1699 4290 1753 4344 in
1780 4292 1915 4361 vigi-

2014 3125 2215 3181 bibete.

2082 3214 2215 3270 XLI.
2252 3206 2794 3267 (tExcommunicatis
2839 3204 3057 3258 missam
3102 3215 3169 3255 ne
3214 3199 3471 3259 cantetis,
3520 3205 3575 3249 et

2013 3307 2154 3376 plebi
2183 3306 2333 3361 vobis
2357 3301 2657 3360 eommissm
2683 3311 2750 3351 ne
2779 3296 2881 3349 hoc
2913 3293 3073 3347 faciat
3100 3290 3435 3345 interdicatis
3466 3288 3574 3342 em-

2013 3412 2139 3451 nmo
2150 3432 2165 3449 ο

2083 3505 2241 3561 XLII.
2280 3503 2467 3558 Nullus
2493 3500 2773 3570 presbyter
2800 3497 2868 3551 ad
2895 3495 3107 3564 nuptias
3136 3501 3241 3549 eat.

2082 3615 2260 3672 XLIII.
2305 3625 2327 3652 ι
2358 3612 2545 3667 Nullus
2590 3624 2842 3671 uxorem,
2893 3606 2996 3660 nisi
3040 3603 3253 3673 publice
3292 3599 3577 3655 celebratis

2012 3706 2212 3776 nuptiis
2231 3745 2246 3770 ,
2277 3701 2522 3771 accipiat.
2554 3699 2786 3767 Raptum
2816 3696 2995 3750 nullus
3023 3693 3201 3747 faciat.
3234 3690 3422 3744 Nullus
3446 3704 3576 3759 pro-

2013 3797 2210 3850 ximam
2231 3807 2382 3848 suam
2406 3790 2651 3859 accipiat.
2678 3786 2861 3841 Nullus
2883 3799 3133 3854 sponsam
3154 3781 3372 3836 alterius
3392 3781 3570 3834 ducat.

2081 3903 2264 3960 XLIV.
2299 3900 2675 3969 Unusquisque
2695 3896 2970 3967 porcarios
2990 3902 3044 3950 et
3077 3892 3211 3947 alios
3239 3905 3422 3945 servos
3452 3904 3577 3945 suos

2014 3994 2306 4052 Dominicis
2334 3992 2522 4049 diebus
2553 3991 2640 4046 vel
2665 3988 2870 4045 festivis
2914 3987 2981 4041 ad
3011 3986 3231 4040 missam
3277 3982 3479 4037 venire"
3498 3980 3578 4035 fa-

2015 4088 2138 4143 ciat.

2083 4195 2244 4251 XLV.
2285 4193 2488 4248 Patrini
2525 4208 2651 4247 suos
2670 4188 2977 4261 spirituales
3002 4187 3141 4241 ﬁlios
3181 4184 3480 4255 symbolum
3525 4188 3578 4236 et

2016 4290 2312 4345 orationem
2340 4284 2671 4340 Dominicam
2713 4282 2798 4336 vel
2827 4283 3052 4336 doceant
3072 4319 3087 4344 ,
3139 4277 3223 4331 vel
3250 4276 3443 4329 docere
3502 4270 3579 4325 fa-

361 4384 427 4438 lia
454 4382 669 4438 Pascha:
697 4388 753 4436 et
777 4380 1126 4435 Pentecosteu
1145 4420 1159 4445 ,
1189 4381 1292 4435 nisi
1318 4395 1415 4450 pro
1437 4382 1676 4452 pericqu
1705 4383 1912 4438 mortis.
1946 4383 1994 4443 D
2019 4381 2183 4437 ciant.

432 4547 458 4576 α
493 4535 671 4591 Codex
715 4533 1022 4589 Victorinus
1069 4533 1245 4599 addit,
1291 4534 1415 4604 quia
1454 4549 1658 4587 servum
1706 4533 1919 4589 Domini

434 4623 466 4655 η
494 4613 689 4655 onortet
715 4602 936 4655 litigare.

364 4623 466 4659 non
494 4613 689 4673 oportet
715 4613 936 4674 litigare.

366 4672 659 4792 mibriﬁdltll'i;
684 4672 1017 4737 Victorinus,
1047 4672 1171 4743 quia
1200 4688 1348 4725 arma
1382 4681 1557 4726 nostra
1592 4672 1776 4727 debent
1813 4689 1921 4727 esse

366 4751 1032 4892 TcﬂfVI'ifbltfgrinus‘codexJ
1061 4809 1133 4892 De
1159 4809 1439 4892 Evangelia
1468 4809 1817 4892 ΔυεΙ-ᾼριρεῑοιο
1836 4812 1924 4892 die

368 4879 632 4934 Dominico
665 4879 739 4933 vel
791 4880 932 4948 festis
974 4879 1153 4934 diebus
1209 4878 1499 4933 ann'untiet.
1561 4878 1776 4934 Verbum
1826 4879 1925 4934 Dei

363 4949 550 5018 debetis
574 4949 876 5018 prwdicare.

434 5016 459 5056 τι
498 5016 676 5072 Codex
703 5017 1008 5071 Victorinus
1044 5025 1213 5071 totum
1254 5017 1396 5073 hunc
1444 5019 1726 5075 articulum
1755 5022 1807 5075 in
1844 5037 1928 5077 se—

364 5086 538 5173 cunda
571 5100 799 5173 persona
837 5086 1253 5173 enuntiatitum
1300 5087 1415 5173 haec
1455 5089 1633 5173 subdit
1684 5108 1696 5142 :
1752 5091 1928 5145 Estote

365 5153 663 5237 hospitales,
702 5163 758 5208 ut
804 5173 835 5209 α
879 5154 1017 5208 vobis
1056 5153 1454 5233 aliiexemplum
1484 5157 1672 5210 bonum
1696 5170 1924 5213 sumant.

385 5237 466 5310 ,με
505 5225 667 5310 Vict:
698 5224 1357 5310 Aspergaturgomissotet
1401 5224 1514 5280 loca
1550 5226 1805 5295 ﬁdelium,
1836 5229 1928 5283 ad-

366 5297 561 5377 ditque.
577 5295 665 5349 :Et
691 5294 759 5347 ad
772 5291 876 5348 'Izoc
892 5291 1064 5375 solum
1096 5293 1403 5374 vasﬁabete.
1551 5291 1560 5295 ⁷
1792 5291 1800 5295 ⁷

430 5365 461 5445 ,ί
500 5364 727 5445 Victor.,
776 5363 954 5418 Nolite
995 5378 1050 5415 in
1081 5362 1287 5417 vadtum
1320 5364 1446 5419 dare
1493 5365 1801 5436 negotiatori
1838 5376 1928 5423 aut

367 5435 681 5492 tabernario.
1563 5435 1566 5436 ⁷
1729 5459 1732 5461 λ

439 5506 468 5546 ⁸
503 5503 665 5567 Vict.,
699 5502 833 5555 Novi
855 5501 1066 5571 fenoris.

437 5574 464 5614 ιι
492 5572 671 5628 Codex
694 5573 832 5645 Vict.
861 5571 1043 5625 addit:
1077 5572 1275 5627 Nullus
1309 5590 1399 5645 per
1418 5574 1687 5645 pecuniam
1717 5573 1932 5634 alterius

370 5644 635 5700 ecclesiam
669 5640 979 5713 supplantet.

2093 4539 2110 4578 ί
2158 4535 2316 4599 Vict.,
2343 4531 2531 4601 absque
2573 4527 2768 4599 proprii
2794 4524 3072 4597 presbyteri
3098 4522 3357 4578 voluntate
3393 4517 3471 4575 vel
3498 4532 3583 4574 ro-

2017 4617 2253 4729 ⁹⁰ξ²⁶ὶιίο
2282 4669 2537 4725 articulus
2565 4666 2897 4723 desideratur
2925 4665 2978 4718 in
3005 4663 3298 4717 Victorino.

2091 4747 2121 4786 ι
2160 4744 2299 4799 Vict.
2329 4740 2494 4799 addit,
2521 4740 2575 4792 in
2594 4754 2694 4808 quo
2720 4734 2848 4808 nillil
2878 4734 3023 4808 aliud
3045 4733 3159 4808 fiat.

2095 4815 2115 4854 1
2152 4816 2315 4875 Vict.,
2362 4798 2616 4882 plebibus'
2646 4807 2824 4861 vestris
2868 4798 3176 4858 omnimodis
3213 4798 3583 4855 observandum

2022 4893 2319 5016 ιωιῖιηῧῗέῗί,
2347 4965 2519 5036 omnes
2546 4946 2721 5015 ﬁdeles
2762 4946 2829 4999 ad
2851 4942 3258 4998 communionem
3285 4939 3513 5009 corporis
3536 4944 3585 4991 et

2024 5025 2292 5096 sanguinis
2318 5019 2557 5074 accedere
2577 5025 2880 5069 ammonete.
2899 5084 2911 5096 ⁸
2956 5084 2968 5096 .

2098 5107 2125 5134 ιι
2157 5094 2314 5155 Vict.,
2345 5088 2599 5141 abstinere
2624 5086 2988 5157 exhortamtni.
3168 5149 3180 5157 _
3328 5150 3340 5157 _

2098 5173 2123 5201 ο
2160 5148 2218 5216 In
2249 5148 2430 5215 codice
2463 5157 2600 5212 Vict.
2645 5155 2814 5219 deest,
2847 5152 3021 5207 nullus
3044 5149 3304 5222 presbyter
3322 5150 3376 5202 in
3409 5148 3591 5200 itinere

2026 5238 2136 5291 sine
2156 5230 2287 5287 stola
2310 5227 2535 5282 incedat.
3020 5290 3031 5295 _
3050 5291 3054 5295 ι

2100 5287 2315 5365 rVict.,
2347 5297 2536 5366 absque
2579 5309 2730 5365 opere
2758 5291 2929 5366 servili
2956 5289 3212 5366 celebrare
3250 5287 3447 5366 docete.

2096 5385 2124 5424 ιι
2160 5358 2318 5433 Vict.,
2348 5358 2465 5420 cum
2499 5358 2951 5419 excommunicatis
2990 5358 3145 5412 nolite
3192 5358 3588 5433 communica-re,

2029 5423 2519 5513 nullusiprtesumat
2535 5434 2640 5488 illis
2679 5434 2890 5513 missam
2911 5437 3141 5491 cantare,
3165 5425 3253 5480 sed
3278 5434 3326 5478 et
3365 5423 3592 5493 plebibus

2028 5513 2169 5568 vobis
2196 5506 2480 5564 commissis
2499 5506 2595 5559 hoc
2616 5506 2939 5558 annuntiate.

2104 5562 2136 5620 ἶ
2150 5562 2337 5636 Codex
2380 5578 2543 5642 Vict.,
2571 5573 2808 5630 omnibus
2853 5572 3119 5637 nuntiate,
3166 5577 3221 5621 ut
3258 5562 3451 5627 nullus,
3488 5567 3591 5614 etc.
