4020 6170
628 274 765 328 1579

695 385 878 444 XLVI.
917 385 1165 442 Cbrisma
1189 400 1401 458 semper
1424 387 1496 444 sit
1520 389 1574 443 in
1598 404 1717 445 sera
1746 403 1771 432 II
1800 403 2022 462 propter
2036 409 2197 464 quos-

630 472 752 527 dam
781 473 1043 529 inﬁdeles.

698 564 899 620 XLVII.
929 565 958 605 ι’
982 564 1217 636 Quisque
1243 569 1525 638 presbyter
1547 571 1939 638 expositionem
1964 571 2198 642 Symbo-

625 654 662 710 li
689 654 772 711 vel
800 654 1091 723 Dominicze
1111 657 1373 712 orationis
1401 658 1599 713 habeat
1623 661 1878 729 scriptam
1905 660 2060 729 juxta
2087 670 2197 716 tra-

624 743 882 799 ditionem
903 745 1321 801 orthodoxornm
1347 748 1567 802 Patrum
1585 789 1599 814 ,
1640 757 1694 803 et
1714 765 1835 804 eam
1874 751 2197 820 pleniterin-

626 836 829 904 telligat
849 876 863 901 ,
886 844 940 889 et
969 836 1091 890 inde
1116 838 1451 905 praedicando
1462 839 1717 908 populum
1730 841 1835 895 sibi
1848 843 2194 897 commissum

625 927 837 981 assidue
862 943 955 981 ore
980 927 1229 982 instruat.
1271 930 1553 985 Orationes
1586 932 1899 997 missarum,
1927 932 2193 1001 praefatio-

624 1032 744 1070 nem
769 1019 1013 1085 canonis,
1040 1020 1287 1074 eumdem
1325 1030 1587 1076 canonem
1618 1023 1848 1091 pleniter
1896 1024 2189 1096 intelligat,

624 1112 683 1158 ut
710 1107 1021 1162 memoriter
1044 1123 1109 1163 ac
1134 1109 1385 1164 distincte
1420 1110 1662 1180 proferre
1702 1112 1896 1167 valeat.
1944 1114 2192 1183 Epistolas

622 1202 677 1246 et
703 1194 971 1265 Evangelii
998 1212 1214 1252 sensum
1241 1199 1428 1254 saltem
1452 1199 1605 1268 juxta
1621 1201 1856 1256 iitteram
1871 1204 2026 1258 sciat.
2044 1204 2193 1263 Psal-

620 1299 829 1343 morum
858 1288 1021 1341 verba
1044 1296 1099 1343 et
1121 1288 1493 1345 distinctiones
1524 1292 1837 1346 memoriter
1866 1301 2064 1349 teneat.
2085 1295 2193 1348 Ex-

620 1372 881 1429 orcismos
916 1390 971 1430 et
1001 1379 1272 1435 orationes
1299 1380 1366 1435 ad
1391 1380 1833 1436 catechumenum
1853 1382 2183 1452 faciendum,

689 1513 718 1579 ξ
746 1502 885 1579 Vict.
916 1507 1080 1571 addit,
1112 1517 1202 1561 aut
1227 1510 1321 1563 sub
1355 1510 1550 1579 sigillo.

689 1571 718 1610 ιι
747 1571 877 1652 Qua:
905 1585 1200 1652 sequuntur
1223 1571 1425 1633 desunt
1436 1580 1488 1652 in
1510 1582 1696 1652 codice
1717 1582 2017 1652 Victorino,
2046 1598 2183 1652 quo-

618 1644 1033 1717 rum_locogh:ec
1058 1648 1344 1715 leguntur:
1385 1666 1405 1698 ι
1434 1650 1692 1707 Volumus
1725 1660 1905 1706 autem
1926 1693 1941 1717 ,
1983 1644 2184 1707 fra'tres

618 1710 920 1800 charissimi
948 1755 963 1778 ,
1014 1710 1279 1800 qua-tenus
1300 1733 1418 1786 quae
1444 1728 1626 1798 nostra
1650 1710 1972 1800 percepistis
2015 1721 2185 1800 tradi—

620 1779 781 1846 tione,
808 1779 1066 1852 quantum
1120 1779 1352 1843 humana
1403 1787 1605 1855 patitur
1648 1779 1974 1854 inﬁrmitas,
2033 1791 2191 1846 bonis

620 1920 1804 1956 “Wa-sem
1814 1936 1952 1958 Ν

1607 1945 1680 1955 ..δ’

1859 281 2167 338 ΑΝΟΝΥΜΙ
2206 285 2471 342 SxECULl
2516 289 2638 345 Vlll.

1954 1935 3581 1967 W

3684 308 3776 366 1580

2223 405 2273 461 Α
2301 401 2368 455 ad
2388 402 2709 470 baptismum
2733 408 3157 462 consecrandum
3175 449 3191 475 ,
3238 419 3295 464 et
3320 426 3498 481 preces
3524 430 3657 486 super
3675 437 3777 478 mas.

2296 490 2474 544 culum
2501 500 2553 545 et
2581 491 2832 548 feminam
2863 496 3211 567 singulariter
3238 510 3295 555 et
3326 503 3584 571 pluraliter

2296 582 2349 628 te
2372 574 2614 643 proferre
2638 578 2794 644 sciat,
2822 587 2877 634 et
2900 583 3145 637 ordinem
3192 584 3493 656 baptizandi
3521 593 3579 645 ad
3619 609 3774 652 succur-

2294 664 2516 718 rendum
2543 665 2791 733 inﬁrmis,
2817 677 2871 722 et
2901 672 3144 727 ordinem
3182 678 3771 744 reconciliandisecundum

2293 754 2667 808 auctoritatem
2699 772 2987 824 canonum,
3019 764 3328 818 etordinem
3352 770 3766 841 ungendiinﬁrmos,

2293 851 2347 897 et
2378 845 2621 900 ordinem
2672 848 2724 901 in
2773 852 3049 920 exsequiis
3101 854 3489 925 defunctorum,
3522 865 3767 922 exorcismos

2292 946 2504 1002 quoque
2544 941 2599 988 et
2633 950 2821 1004 preces
2863 954 3028 1008 super
3068 944 3233 999 salem
3278 954 3332 999 Cl.
3376 963 3568 1016 aquam,
3609 965 3765 1011 cantum

2289 1033 2609 1079 nocturnum
2637 1034 2692 1079 et
2718 1028 2994 1095 diurnum,
3035 1041 3342 1104 compotum
3369 1036 3412 1090 si
3436 1052 3531 1092 non
3558 1042 3763 1111 majorem,

2290 1112 2482 1167 saltem
2510 1115 2803 1181 minorem,
2844 1117 2898 1172 id
2935 1127 3036 1186 est,
3059 1130 3300 1188 epactas,
3330 1139 3680 1195 concurrentes,
3705 1150 3761 1187 re-

2289 1205 2610 1275 gularesque
2636 1208 2915 1272 terminos,
2943 1209 3760 1284 Martyrologium,Pmnitentialem

2287 1298 2656 1369 unusquisque
2682 1299 2901 1357 habeat.

2287 1518 2549 1590 studentis
2567 1520 2823 1590 operibus
2845 1520 3165 1590 adimplere,
3194 1532 3478 1590 prastante
3496 1527 3678 1584 Domino
3696 1546 3759 1583 no-

2287 1597 2399 1666 stro
2422 1588 2549 1644 Jesu
2592 1588 2829 1666 Christo,
2875 1591 2965 1659 qui
2992 1588 3155 1648 cum'
3177 1588 3339 1666 Patre
3365 1604 3418 1650 et
3439 1595 3613 1666 Spiritu
3628 1611 3759 1652 sancto

2284 1658 2419 1782 Xivit
2460 1666 2515 1713 et
2553 1666 2744 1733 regnat
2782 1658 2944 1725 Deus,
2975 1676 3073 1730 per
3091 1663 3274 1717 omnia
3299 1658 3755 1723 szecula's'eculontm.

2339 1742 2481 1783 men.
2516 1747 2535 1781 ι

2218 1796 2268 1855 B

2112 2049 2363 2159 ιτι

1756 2248 2691 2370 aTRACTATUS

619 2447 836 2510 Utrum
864 2466 1080 2511 ammte
1111 2449 1183 2511 de
1208 2450 1503 2511 humanis.
1528 2450 1911 2537 corporibus
1925 2456 2217 2537 exeuntes
2245 2468 2392 2537 (nam
2428 2449 2813 2537 deducuntur
2838 2453 2920 2513 ad
2949 2457 3223 2532 gloriam
3254 2457 3344 2518 vel
3368 2456 3442 2518 ad
3458 2476 3670 2537 penam,
3694 2474 3742 2515 an

1489 2527 1839 2609 exspectent
1870 2528 2027 2589 diem
2050 2527 2286 2617 iudicii
2308 2529 2440 2590 sine
2465 2528 2674 2608 gloria
2704 2539 2758 2591 et
2786 2527 2989 2612 ρωηᾱ.

1699 2672 1795 2731 (Ex
1819 2673 1969 2736 Maio,
1995 2674 2172 2736 Seript.
2197 2677 2315 2724 vett.
2339 2672 2474 2725 Nova
2495 2674 2772 2738 Collectio.)

685 2879 916 2949 Serpens
938 2878 1027 2934 ille
1054 2884 1392 2941 veternosus,
1424 2877 1515 2946 qui
1539 2878 1738 2933 dudum
1774 2888 1962 2950 contra
1992 2883 2180 2937 catho—

614 2969 771 3026 licam
795 2970 951 3024 ﬁdem
972 2968 1346 3023 haereticorum
1383 2968 1591 3037 linguas
1615 2970 1850 3038 exacuit,
1887 2988 2031 3029 nunc
2046 2989 2182 3043 quo-

616 3075 721 3129 que
739 3059 1014 3131 cujusdam
1037 3058 1066 3098 ιι
1103 3059 1403 3113 Arseniotis
1427 3058 1567 3114 labia
1596 3060 1798 3116 erroris
1843 3063 1925 3117 sui
1972 3080 2180 3121 veneno

619 3149 836 3215 infecta,
859 3157 980 3218 post
1001 3149 1214 3203 illorum
1234 3163 1472 3217 perenne
1492 3149 1783 3216 silentium,
1811 3153 1879 3208 ad
1910 3154 2181 3210 redivivas

613 3238 972 3307 blasphemiae
1024 3238 1234 3307 aperire
1286 3238 1499 3308 satagit.
1556 3238 1841 3295 Insibilans
1894 3243 2037 3296 enim
2083 3259 2181 3313 per

613 3330 859 3383 eumdem
889 3329 1291 3381 submurmurat
1322 3328 1515 3394 virum,
1549 3329 1593 3384 si
1645 3337 1821 3384 tamen
1866 3347 1954 3386 res
2001 3332 2075 3385 ita
2122 3348 2180 3388 se

615 3418 776 3471 habet
805 3424 864 3470 ut
891 3416 957 3469 de
984 3416 1075 3470 illo
1104 3414 1669 3488 famavulgavit,quod
1682 3426 1806 3473 ante
1822 3421 2178 3476 novissimum

612 3507 875 3561 examinis
900 3509 1038 3562 diem
1063 3507 1240 3562 nullus
1263 3507 1465 3563 electus
1494 3524 1658 3578 regna
1688 3511 1968 3575 malorum,
1997 3513 2176 3569 nullus

611 3600 874 3668 reprobus
902 3599 1018 3655 loca
1064 3608 1308 3668 penetret
1352 3600 1667 3657 inferorum.
1717 3601 1869 3668 Quod
1923 3602 2177 3659 nimirum

610 3702 792 3756 pravae
822 3690 1091 3744 haereseos
1117 3690 1305 3758 dogma
1350 3688 1396 3744 si
1430 3690 1513 3745 vel
1559 3689 1626 3743 ad
1663 3701 1993 3747 momentum
2036 3693 2175 3748 reci—

612 3778 814 3849 piatur,
840 3793 1094 3848 magnum
1129 3778 1376 3833 ﬁdelibus
1417 3778 1797 3835 detrimentum
1824 3780 2016 3837 afferre
2053 3798 2179 3852 pro-

608 3865 769 3921 batur
797 3884 809 3919 :
837 3864 967 3920 facit
990 3867 1131 3920 enim
1165 3882 1258 3921 eos
1284 3876 1339 3921 et
1384 3869 1451 3923 ad
1478 3869 1602 3923 vitae
1654 3871 1845 3940 gaudia
1890 3872 2177 3939 quaerenda

609 3954 952 4022 pigerrimos,
983 3963 1037 4008 et
1063 3955 1129 4008 ad
1154 3956 1412 4025 gehennae
1448 3957 1704 4027 supplicia
1746 3959 1966 4014 vitanda
2015 3961 2177 4017 nimis

608 4042 869 4097 incautos.
898 4042 1095 4097 Contra
1120 4057 1276 4111 quem
1322 4044 1506 4112 utique
1529 4044 1704 4100 facilis
1729 4053 1812 4100 est
1854 4047 1986 4101 mihi
2038 4063 2169 4103 con-

606 4147 843 4203 gressus,
870 4133 992 4202 quia
1024 4148 1212 4189 omnes
1234 4141 1396 4189 rectae
1435 4134 1560 4189 ﬁdei
1612 4143 1909 4193 assertores
1963 4153 2175 4194 mecum

605 4221 887 4275 destruunt
910 4220 1025 4292 ejus
1071 4227 1323 4286 conatus;
1356 4221 1536 4276 nullus
1561 4237 1793 4291 namque
1849 4223 1900 4278 ei
1943 4224 2175 4293 patriar-

608 4310 852 4373 charum.
878 4310 1053 4365 nullus
1075 4311 1479 4380 prophetarum,
1513 4311 1688 4366 nullus
1727 4314 1995 4369 consentit
2037 4329 2168 4383 apo-

608 4400 867 4455 stolorum
888 4418 900 4452 :
922 4416 1025 4454 non
1058 4399 1261 4455 scilicet
1288 4399 1516 4471 Moyses,
1539 4416 1646 4456 non
1672 4401 1861 4467 David,
1888 4418 1992 4457 non
2025 4402 2171 4458 Salo-

603 4504 761 4555 mon,
790 4505 896 4545 non
938 4489 1101 4544 Isaias
1127 4490 1409 4559 propheta,
1450 4506 1555 4547 non
1600 4491 1740 4546 ullus
1783 4499 1906 4561 post
1957 4493 2152 4549 Isaiam

602 4580 738 4637 alius
762 4582 1039 4650 propheta,
1092 4596 1200 4635 non
1228 4580 1420 4636 Petrus
1456 4582 1749 4652 apostolus,
1784 4597 1892 4637 non
1943 4582 2165 4652 Paulus,

601 4683 709 4721 non
736 4666 989 4730 Joannes,
1027 4684 1134 4724 non
1164 4668 1465 4736 Matthaeus,
1508 4685 1616 4725 non
1643 4668 1831 4737 Judas,
1863 4686 1971 4727 non
2013 4670 2169 4729 Jaco-

600 4756 723 4821 bus,
747 4772 853 4811 non
883 4757 1077 4823 Lucas,
1107 4773 1215 4814 non
1247 4758 1457 4814 Marcus
1488 4777 1500 4812 :
1530 4759 1625 4815 sed
1660 4774 1763 4815 nec
1784 4760 1926 4816 ullus
1947 4762 2167 4819 omnino

601 4847 880 4903 catholicae
906 4849 1027 4905 ﬁdei
1057 4858 1316 4906 tractator
1337 4858 1458 4919 post
1482 4850 1616 4906 istos
1639 4847 1801 4918 hujus
1827 4865 2066 4907 errorem
2091 4862 2169 4909 at-

602 4945 835 4993 tentasse
857 4940 1144 5010 aliquando
1167 4941 1269 4995 fuit
1295 4942 1561 4997 inventus.
1586 4942 1655 4998 Et
1682 4945 2000 5014 utegregios
2018 4960 2167 5001 com-

597 5045 889 5085 memorem
912 5033 976 5087 de
997 5034 1202 5100 multis,
1252 5048 1358 5088 non
1408 5032 1700 5104 Gregorius
1752 5033 2156 5100 Nazianzenus,

596 5134 703 5175 non
731 5118 963 5177 Joannes
982 5122 1620 5193 Constantinopolitanus,
1671 5140 1777 5179 non
1806 5124 2164 5183 Pictaviensis

595 5206 851 5276 Hilarius,
872 5227 979 5266 non
1004 5213 1413 5269 Mediolanensis
1439 5212 1775 5281 Ambrosius,
1821 5231 1930 5270 non
1962 5215 2166 5284 Hippo-

594 5296 831 5370 niregius
863 5299 1212 5372 Augustinus.
1242 5317 1349 5357 non
1378 5292 1853 5361 Bethlehemiticus
1888 5304 2160 5375 Hierony-

665 5440 691 5469 ι
715 5429 1026 5505 Tractatum
1079 5434 1239 5505 hunc
1269 5449 1336 5489 ex
1361 5436 1738 5505 antiquissimo
1772 5437 1960 5492 codice
1996 5438 2154 5493 Rom.

592 5496 957 5575 Qasanatensi,
982 5518 1122 5557 anno
1147 5503 1252 5560 812
1278 5496 1511 5575 scripto;
1530 5508 1825 5575 sumpsisse
1847 5522 1906 5562 se
1932 5508 2161 5564 adnota-

592 5566 865 5644 vi_t_Laur.
890 5571 1208 5644 zacagnius,
1242 5576 1330 5643 qui
1359 5566 1509 5644 prelo
1559 5566 1947 5633 commissurus
2003 5588 2154 5643 erat,

594 5637 692 5692 nisi
732 5648 903 5696 morte
934 5637 1119 5697 fuisset
1144 5637 1488 5714 interceptus.

2285 2898 2426 2946 mus,
2476 2897 2585 2937 non
2629 2880 3023 2939 Alexandrinus
3066 2883 3329 2956 Cyrillus,
3375 2902 3470 2941 non
3522 2887 3580 2940 ita
3616 2886 3737 2941 docuit

2288 2971 2581 3044 Gregorius
2608 2987 2744 3041 papa
2771 2972 3067 3029 Romanus.
3120 2975 3319 3033 Horum
3360 2986 3491 3032 certe
3524 2977 3639 3046 plura
3673 2991 3736 3046 ego

2204 3038 2252 3102 ε
2282 3062 2336 3116 in
2367 3038 2568 3117 sanctis
2601 3038 2918 3117 tractatibus
2966 3062 3095 3134 legi,
3126 3067 3219 3120 sed
3262 3067 3313 3120 in
3360 3067 3439 3121 his
3490 3038 3590 3121 huic
3619 3038 3735 3118 simile

2279 3166 2541 3220 nusquam
2564 3151 2763 3205 inveni.
2793 3150 2925 3218 Quis
2950 3162 3136 3209 autem
3160 3171 3263 3211 non
3296 3156 3466 3212 videat
3506 3163 3665 3226 quantm
3689 3152 3733 3206 sit

2278 3245 2614 3309 temeritatis,
2635 3253 2955 3315 quantasque
3000 3244 3316 3315 dementiae,
3340 3249 3586 3319 quemlibet
3621 3259 3731 3300 unum

2277 3333 2590 3388 mendacem
2616 3334 2995 3388 homunculum
3020 3347 3210 3392 contra
3234 3348 3309 3395 tot
3340 3340 3645 3396 veracissimos
3671 3337 3725 3390 in-

2278 3422 2552 3493 signisque
2577 3423 2793 3477 virtutis
2827 3432 3011 3490 testes,
3040 3427 3161 3483 sine
3202 3436 3334 3485 teste
3368 3430 3580 3498 congredi
3610 3425 3725 3481 velle?

2277 3513 2383 3568 Sed
2401 3527 2620 3567 necesse
2644 3520 2726 3567 est
2755 3521 2814 3566 ut
2836 3513 2936 3569 ho'c
2964 3516 3110 3585 quod
3134 3519 3370 3573 veritatis
3391 3518 3642 3574 defensione
3665 3530 3726 3568 nn-

2276 3604 2359 3658 dis
2394 3604 2574 3659 verbis
2598 3604 2911 3673 asserimus,
2934 3607 3149 3664 vestitis
3178 3610 3441 3665 sententiis
3456 3605 3728 3679 pleniusinda-

2276 3707 2479 3762 gemus.

2345 3781 2602 3836 Veritatis
2627 3781 2791 3852 igitur
2817 3783 3143 3853 scripturam
3164 3798 3447 3857 sequentes,
3472 3787 3720 3842 ostendamus

2273 3873 2468 3943 primo,
2490 3873 2532 3927 si
2557 3873 2752 3942 placet,
2775 3883 2899 3930 ante
2918 3874 3088 3932 adven
3098 3888 3207 3933 tum
3229 3880 3505 3935 Mediatoris
3520 3878 3564 3931 in
3578 3884 3722 3929 tamen

2274 3982 2458 4024 omnes
2487 3969 2742 4039 reprobos
2776 3985 3069 4041 omnesque
3108 3974 3301 4029 electos
3335 3973 3395 4028 ad
3426 3971 3636 4031 infernum
3659 3965 3719 4018 de-

2274 4059 2567 4124 scendisse,
2599 4075 2905 4130 quanquam
2933 4062 3074 4118 inter
3098 4065 3260 4121 hoset
3273 4064 3379 4120 illos
3399 4064 3572 4119 diversa
3592 4055 3719 4114 melii:

2273 4163 2523 4218 magnum
2548 4147 2877 4206 ﬁrmaverint
2892 4152 3143 4221 chasma;
3168 4171 3230 4210 ac
3251 4154 3426 4210 deinde
3441 4159 3541 4223 post
3555 4146 3716 4216 95W

2274 4237 2689 4293 sacratissimam
2710 4249 2937 4296 mortem
2958 4283 2973 4307 ,
2996 4250 3051 4298 et
3075 4244 3270 4299 electos
3293 4244 3355 4298 ad
3377 4256 3515 4310 regna
3536 4232 3714 4292 celestis.

2273 4335 2327 4380 et
2364 4329 2616 4396 reprobos
2651 4329 2714 4385 ad
2743 4330 2858 4386 loca
2886 4334 3191 4402 pervenisse
3217 4332 3446 4404 poenalia.
3480 4327 3597 4395 Quod
3619 4321 3714 4377 enim

2271 4426 2396 4471 ante
2420 4417 2750 4475 incarnatam
2780 4423 2873 4477 Dei
2900 4424 3214 4493 sapientiam
3238 4431 3510 4494 peccatores
3536 4416 3587 4470 ad
3607 4409 3714 4466 infer-

2270 4520 2337 4558 na
2378 4506 2779 4573 descenderint,
2821 4508 3051 4566 Mosaica
3096 4520 3314 4567 testatur
3346 4507 3599 4565 auctoritas,
3633 4509 3712 4566 qua

2269 4593 2477 4649 Dathan
2506 4605 2559 4650 et
2587 4595 2787 4651 Abiron
2819 4613 3113 4669 eorumque
3150 4601 3336 4665 socios,
3368 4606 3490 4653 terra
3519 4590 3711 4683 δοτῢεοιςι

2267 4684 2361 4749 ait,
2389 4684 2778 4740 descenderunt
2804 4686 2859 4741 in
2884 4688 3153 4744 infernum
3181 4691 3418 4745 viventes.
3454 4682 3708 4743 Ethaecqm‘

2265 4774 2388 4831 dem
2402 4775 2491 4830 illa
2505 4776 2805 4846 specialiter
2819 4778 2884 4834 de
2898 4780 3214 4848 quibusdam
3231 4797 3245 4844 ;
3274 4773 3549 4850 generaliter
3556 4780 3650 4821 vero
3665 4760 3707 4813 ἀι

2265 4865 2471 4919 cunctis
2489 4864 2738 4921 Davidica
2750 4868 3014 4936 promitur
3033 4885 3180 4940 aeque
3192 4866 3446 4929 sententia,
3457 4874 3539 4930 qua
3547 4852 3704 4910 dicitur:

2265 4950 2415 5008 Sicut
2447 4970 2561 5008 oves
2587 4955 2643 5009 in
2681 4956 2889 5026 inferno
2921 4961 3075 5029 positi
3101 4967 3239 5024 sunt,
3275 4965 3321 5011 et
3350 4968 3470 5009 mors
3499 4949 3701 5039 peste”?

2263 5043 2434 5115 (Psal.
2477 5063 2674 5113 xnvm,
2711 5048 2820 5120 15).
2861 5050 2918 5105 ιιι
2955 5051 3090 5108 libro
3121 5063 3345 5121 quoque,
3374 5044 3451 5114 qui
3484 5037 3701 5095 Salomonis

2263 5133 2536 5202 Sapientia
2567 5145 2919 5206 praenotatur,
2957 5140 3213 5195 enarratis
3247 5135 3410 5191 multis
3439 5123 3695 5209 reprobgrllf“

2260 5199 2512 5289 miseriis,
2554 5199 2668 5294 ipsa
2709 5199 2984 5295 Sapientia
3013 5229 3084 5282 ita
3119 5223 3367 5282 concludit
3400 5199 3696 5295 diceusin‘lf‘

2259 5286 2505 5367 dixerunt
2535 5286 2590 5367 in
2629 5286 2833 5385 inferno
2866 5317 2922 5371 hi
2958 5319 3049 5389 qui
3078 5318 3384 5389 peccauerunt
3407 5305 3533 5380 (Sep.
3560 5312 3601 5361 ν,
3620 5286 3692 5354 “l'

2327 5447 2356 5487 ι)
2388 5446 2608 5521 Arsenii
2627 5447 2918 5521 cujusdam,
2950 5467 3105 5521 quem
3133 5449 3341 5521 alterum
3365 5433 3688 5521 Ῑὲηωίηξῖλο·

2257 5525 2364 5580 cat,
2388 5498 3361 5584 magis:i‘ﬁaggssa'ussminzeam.
3374 5519 3549 5573 etsnns-
3563 5498 3686 5552 θοωη

2258 5588 2310 5640 in
2354 5588 2592 5657 prologo.
2625 5588 2937 5645 Zacaosws.
