4020 6170
359 308 385 362 1
396 306 493 364 581

1142 303 1230 358 DE
1266 304 1857 362 REMUNERATIONE
1895 306 2305 364 MERITORUM
2343 307 2483 364 NON
2520 307 2786 364 DILATA.

3469 320 3489 374 1
3500 322 3605 378 382

355 417 510 484 Quod
532 424 712 470 autem
742 415 906 471 etiam
938 414 1118 480 electi,
1144 423 1200 470 et
1223 416 1270 469 si
1298 415 1439 470 forte
1468 431 1574 470 non
1601 416 1929 483 omnimoda,
1959 419 2007 480 Α
2035 426 2256 486 paratus
2275 459 2290 484 ,
2338 419 2393 474 in
2443 421 2629 489 reQuie
2657 438 2781 478 cum
2814 422 3021 480 Lazaro
3043 434 3144 492 est,
3172 436 3227 485 ct
3252 444 3321 486 ne
3347 433 3416 487 ad
3443 449 3501 491 se
3520 436 3605 493 iu-

353 509 599 576 quaedam
620 515 798 562 tamen
822 504 1117 561 inferorum
1140 506 1372 561 adierint
1392 507 1531 572 loca,
1561 508 1701 562 idem
1729 509 1833 564 hoc
1859 509 1925 564 de

353 610 413 652 se
441 596 574 666 ipsis
606 602 948 650 attestantur.
996 594 1163 650 Jacoh
1201 595 1345 650 enim
1375 597 1682 666 patriarcha
1712 600 1922 666 beatus,

353 685 513 740 unius
534 685 731 740 sublati
753 684 849 739 ﬁlii
876 699 1109 740 maerore
1131 694 1463 750 contractus,
1494 687 1746 758 nullaque
1767 699 1925 745 aete-

355 791 538 831 rorum
574 775 939 830 consolatione
975 774 1225 830 delinitns
1261 778 1338 830 ait
1360 792 1375 829 :
1400 776 1723 831 Descendam
1752 779 1821 833 ad
1859 780 1923 848 ﬁ-

353 866 480 919 lium
509 880 680 918 meum
707 863 884 934 lugens
915 865 970 917 in
996 864 1255 933 infernum
1277 864 1429 937 (Gen.
1455 883 1660 932 xxxvii,
1685 869 1796 939 55).
1824 869 1923 926 Job

351 968 564 1021 quoque
592 967 751 1021 super
774 966 960 1005 omnes
971 951 1148 1020 justos
1180 954 1291 1008 suis
1332 957 1656 1025 temporibus
1690 974 1783 1013 ore
1820 961 1923 1016 Do-

351 1042 483 1095 mini
542 1040 911 1107 collaudatus,
967 1044 1033 1096 de
1088 1044 1375 1113 semetipso
1414 1044 1651 1113 loquitur
1694 1049 1919 1106 dicens:

352 1132 420 1185 In
457 1131 922 1202 profundissimam
963 1133 1226 1201 infernum
1259 1135 1565 1189 descendent
1603 1141 1776 1194 omnia
1808 1158 1923 1196 mea

352 1222 474 1294 (Job
493 1239 625 1288 xvn,
640 1222 747 1293 16).
771 1223 837 1276 Et
860 1239 1109 1279 rursum:
1135 1226 1195 1281 Si
1219 1228 1529 1287 sustinuero,
1553 1227 1743 1297 inquit,
1767 1232 1924 1301 infer-

348 1329 450 1365 nus
496 1312 680 1366 domus
727 1328 840 1366 mea
885 1322 959 1366 est
1008 1313 1203 1385 (Ibid.,
1246 1334 1375 1371 vers.
1423 1319 1533 1389 15).
1582 1316 1923 1392 Rursumque

352 1402 519 1456 Deum
545 1403 889 1471 expostulans
921 1404 1086 1459 dicit:
1112 1406 1239 1472 Quis
1267 1410 1394 1462 mihi
1422 1413 1616 1466 tribuat
1659 1422 1713 1466 ut
1749 1415 1803 1467 in
1838 1414 1922 1468 in-

351 1492 498 1560 ferno
535 1502 771 1562 protegas
795 1510 895 1559 me,
916 1503 964 1547 et
985 1494 1271 1551 abscondas
1292 1516 1394 1565 me,
1417 1501 1579 1557 donec
1598 1514 1919 1574 pertranseat

350 1582 501 1651 furor
540 1593 660 1639 tuus
686 1586 712 1638 ?
755 1586 876 1657 (Job
914 1603 1027 1654 xxv,
1069 1586 1180 1661 15.)
1219 1589 1389 1647 David
1428 1595 1589 1649 etiam
1627 1600 1918 1654 secundum

348 1692 566 1733 carnem
591 1678 791 1735 Christi
815 1690 970 1751 pater
992 1683 1214 1750 electus,
1246 1684 1313 1740 de
1337 1702 1395 1742 se
1425 1703 1490 1744 ac
1514 1689 1580 1744 de
1604 1694 1814 1748 cunctis
1841 1695 1919 1749 vi-

2025 509 2199 564 vicem
2247 510 2479 565 transire
2516 520 2764 579 possent,
2814 514 2956 569 inter
2990 515 3190 573 electos
3232 534 3298 575 ac
3343 527 3602 593 reprobos

2023 612 2278 668 magnum
2305 600 2524 655 chasma
2554 600 2869 656 ﬁrmatum?

2092 709 2177 762 An
2206 708 2347 764 forte
2373 711 2684 780 prtedictum
2710 713 2926 768 chasma
2962 715 3104 770 inter
3134 717 3304 775 bonos
3332 729 3387 777 et
3428 724 3599 783 malos

2022 797 2291 865 obiectum
2332 815 2436 854 non
2479 800 2717 855 locorum
2756 804 2947 873 spatia,
2991 806 3085 861 sed
3120 816 3361 865 actorum
3396 814 3601 871 dirimit

2022 889 2261 944 merita?
2303 889 2495 944 Mirum
2526 899 2703 945 autem
2735 902 2786 946 et
2814 894 2967 949 valde
2996 896 3212 964 mirum,
3246 899 3291 953 si
3323 909 3473 957 tenes
3500 904 3594 958 ita.

2022 976 2156 1031 Nam
2182 990 2236 1032 et
2261 978 2381 1043 Job,
2410 981 2496 1035 cui
2522 981 2714 1036 similis
2738 982 2791 1035 in
2821 991 2963 1037 terra
2989 1000 3095 1039 non
3127 996 3265 1052 erat,
3303 989 3371 1043 ad
3409 1006 3600 1059 pmna-

2021 1065 2090 1120 lia
2114 1067 2226 1121 loca
2253 1069 2450 1123 iturum
2475 1085 2533 1124 se
2559 1084 2679 1124 esse
2703 1072 2988 1138 clamabat,
3017 1091 3140 1129 cum
3168 1077 3406 1134 diceret:
3433 1080 3599 1136 Plan-

2020 1172 2140 1225 gam
2160 1156 2388 1211 dolorem
2410 1175 2579 1214 meum
2615 1170 2890 1231 antequam
2925 1164 3126 1230 cadam,
3150 1175 3198 1218 et
3222 1184 3324 1222 non
3344 1181 3593 1239 revertar,

2022 1248 2090 1300 ad
2114 1256 2306 1302 terram
2333 1251 2656 1303 tenebrosam
2684 1262 2731 1304 et
2757 1263 2983 1321 opertam
3009 1259 3191 1312 mortis
3216 1260 3455 1331 caligine,
3486 1274 3594 1318 ter-

2022 1354 2134 1391 ram
2170 1341 2395 1394 miseria:
2430 1350 2478 1393 et
2520 1343 2850 1428 tenebrarum
2895 1345 3036 1416 (Job,
3079 1364 3132 1412 x,
3174 1351 3398 1424 20-22).
3440 1354 3597 1410 Absit

2020 1436 2199 1481 autem
2222 1430 2399 1484 utillic
2411 1430 2679 1485 Abraham
2704 1440 2758 1486 et
2779 1432 2878 1488 Joh
2904 1434 3019 1490 loca
3047 1438 3431 1509 disjungerent,
3459 1459 3595 1513 quos

2018 1519 2109 1574 hic
2137 1520 2270 1575 ﬁdes
2303 1531 2358 1576 et
2394 1537 2557 1591 opera
2594 1524 3021 1593 inseparabiliter
3049 1530 3472 1601 conjunxerant;
3512 1545 3596 1590 at-

2019 1622 2126 1676 que
2153 1608 2342 1663 horum
2370 1610 2496 1664 illuc
2520 1627 2660 1665 unus
2687 1614 2754 1667 ad
2783 1616 3043 1683 requiem,
3071 1618 3209 1673 alter
3232 1620 3595 1680 destinaretur

2017 1698 2085 1751 ad
2108 1698 2417 1765 miseriam;
2461 1700 2761 1771 horumque
2799 1720 2937 1760 unus
2980 1708 3035 1761 in
3075 1709 3304 1778 lumine,
3344 1714 3481 1769 alter
3516 1716 3591 1772 ibi

346 1770 596 1871 ventibus
628 1771 847 1827 sciendo
871 1773 1182 1871 interrogat
1222 1776 1448 1833 dicens:
1475 1777 1604 1844 Quis
1646 1791 1719 1836 est
1760 1784 1913 1838 homo
1947 1759 1989 1819 Β
2015 1789 2224 1843 sederet
2250 1791 2302 1843 in
2327 1759 2516 1846 mortis
2544 1759 2789 1863 caligine.
2827 1796 3114 1854 Videamus
3135 1759 3316 1871 itaque
3337 1759 3590 1862 utrumne

344 1859 438 1930 qui
467 1860 608 1925 vivit,
635 1869 685 1914 et
710 1878 814 1916 non
835 1863 1022 1918 videbit
1054 1873 1270 1919 mortem
1289 1867 1315 1920 7
1352 1876 1445 1922 aut
1471 1870 1593 1938 quis
1621 1882 1764 1926 eruet
1801 1876 1917 1927 ani-

343 1963 486 2003 mam
522 1966 673 2004 suam
708 1951 772 2006 de
798 1968 956 2007 manu
979 1954 1135 2023 inferi
1154 1956 1179 2008 .9
1204 1955 1374 2026 (Psal.
1407 1975 1670 2026 LXXXVIII,
1696 1961 1810 2034 69.)
1838 1963 1918 2019 Ac

345 2039 389 2093 si
421 2049 605 2107 aperte
634 2041 799 2107 dicat,
829 2053 1089 2112 quantum
1123 2045 1191 2099 ad
1211 2060 1447 2114 prtesens
1468 2049 1659 2103 attinet
1685 2059 1911 2123 tempus,

343 2126 521 2181 nullus
547 2129 784 2183 omnino.

414 2239 497 2293 Ad
527 2239 817 2295 electorum
852 2242 1015 2312 igitur
1041 2243 1247 2298 animas
1276 2245 1341 2299 de
1374 2244 1584 2302 inferno
1612 2248 1915 2307 liberandas

343 2329 589 2385 Christus
614 2340 733 2385 erat
760 2334 1148 2401 exspectandus
1168 2375 1183 2399 ,
1220 2350 1377 2403 quem
1406 2338 1654 2393 videlicet
1679 2340 1914 2397 Joannes

342 2419 578 2490 Baptista
611 2423 663 2476 in
694 2438 911 2477 carcere
938 2425 1166 2492 positus,
1190 2426 1371 2480 missis
1399 2428 1672 2497 discipulis
1704 2432 1914 2501 rogavit

341 2510 525 2566 dicens
547 2526 560 2565 :
586 2510 663 2565 Tu
682 2529 738 2567 es
772 2513 860 2583 qui
889 2523 1130 2568 venturus
1153 2531 1204 2568 es
1223 2556 1237 2580 ,
1255 2531 1323 2568 an
1342 2514 1503 2568 alium
1523 2529 1874 2588 exspectamus
1888 2522 1914 2575 ?

342 2597 493 2670 (Luc.
523 2616 620 2664 vn,
650 2600 760 2671 19.)
789 2601 845 2654 In
870 2603 1063 2670 quibus
1088 2603 1273 2673 utique
1302 2605 1480 2659 verbis
1504 2616 1686 2675 aperte
1722 2618 1913 2664 notan—

338 2690 489 2754 dum,
520 2691 646 2759 quia
677 2691 896 2760 spiritus
922 2694 1246 2760 prophetica:
1272 2694 1514 2760 visionis,
1544 2697 1635 2765 qui
1663 2700 1910 2755 eumdem

339 2778 595 2835 Joannem
616 2781 681 2835 de
702 2782 972 2849 praeterito
988 2780 1100 2849 jam
1130 2783 1413 2849 docuerat,
1440 2785 1614 2840 adhuc
1641 2787 1706 2841 de
1731 2785 1909 2844 futuro

338 2877 544 2943 certum
567 2885 670 2923 non
691 2869 919 2935 fecerat;
945 2879 1103 2939 atque
1123 2871 1243 2926 ideo
1267 2886 1427 2940 quem
1442 2872 1554 2941 jam
1582 2876 1790 2931 venisse
1810 2894 1907 2948 pro

338 2968 486 3014 certo
505 2961 728 3025 sciebat,
752 2959 925 3015 adhuc
944 2967 1228 3014 venturum
1251 2963 1588 3032 ambigebat:
1612 2968 1736 3035 quia
1762 2968 1905 3024 enim

337 3052 520 3153 mundi
554 3051 1175 3153 iisdemptormasc-ende
1215 3054 1269 3108 in
1287 3054 1558 3153 .mundum
1593 3057 1903 3130 advenerat,
1929 3088 1977 3153 ο

336 3143 525 3199 beatus
561 3144 664 3199 hoc
710 3144 849 3197 idem
886 3144 1121 3212 Baptista
1153 3144 1265 3212 jam
1287 3145 1487 3213 liquido
1531 3158 1770 3216 noverat,
1814 3166 1903 3206 se-

337 3232 568 3287 cundum
610 3233 739 3287 illud
778 3233 919 3301 quod
960 3248 1295 3302 praecurrens
1333 3233 1401 3289 de
1445 3250 1510 3290 eo
1546 3237 1901 3295 clamaverat:

337 3322 449 3393 Ego
485 3323 591 3376 vidi
634 3332 682 3376 et
726 3324 1074 3377 testimonium
1119 3324 1355 3393 perhiberi
1405 3328 1652 3396 quoniam
1698 3329 1783 3382 hic
1828 3340 1902 3384 est

336 3411 509 3466 Filius
543 3412 635 3468 Dei
669 3412 846 3485 (Joan.
880 3430 918 3477 ι,
958 3413 1070 3485 54).
1105 3414 1174 3468 Et
1200 3415 1265 3470 ad
1296 3416 1584 3484 discipulos
1607 3435 1617 3469 :
1640 3418 1795 3483 Ecce,
1823 3421 1905 3472 in-

333 3503 466 3570 quit,
499 3504 674 3575 Agnus
708 3504 805 3558 Dei
847 3503 1036 3577 (Ibid.,
1073 3521 1203 3558 vers.
1241 3506 1352 3576 56).
1394 3506 1500 3560 Sed
1536 3508 1581 3560 si
1624 3508 1903 3563 moriendo

333 3592 401 3645 ad
436 3592 638 3647 inferos
663 3590 761 3662 per
797 3595 1141 3661 semetipsum
1178 3602 1321 3648 esset
1360 3602 1639 3658 venturus,
1682 3597 1902 3653 omnino

333 3682 562 3737 necdum
611 3689 933 3749 agnoverat;
981 3691 1035 3735 et
1083 3682 1206 3735 inde
1246 3689 1332 3735 est
1381 3682 1510 3736 illud
1543 3685 1896 3751 praemissum,

333 3786 441 3841 quo
476 3771 802 3839 requirebat,
837 3770 914 3823 Tu
945 3787 996 3823 es
1030 3772 1118 3841 qui
1152 3780 1395 3825 uenturus
1423 3788 1498 3837 es,
1531 3789 1599 3825 an
1629 3773 1791 3827 alium
1816 3792 1902 3829 ea:-

331 3873 619 3935 spectamus
633 3864 658 3915 ?
675 3862 752 3915 Ac
771 3862 814 3915 si
839 3862 889 3915 ei
913 3862 1133 3925 diceret,
1149 3861 1218 3915 ad
1239 3863 1506 3930 ergastula
1536 3870 1748 3916 tuorum
1776 3880 1896 3919 mox

333 3954 657 4007 descensuro
693 3959 939 4021 patenter
964 3949 1193 4015 insinua,
1220 3964 1379 4019 quem
1418 3950 1525 4005 illis
1558 3950 1896 4011 liberatorem

331 4051 615 4097 venturum
632 4056 753 4095 esse
772 4040 1098 4104 denuntiem,
1125 4050 1177 4094 te
1196 4054 1354 4109 quem
1369 4039 1479 4108 jam
1501 4041 1711 4096 venisse
1738 4058 1895 4097 mun-

332 4134 401 4189 do
426 4131 684 4196 nuntiavi,
709 4145 776 4185 an
798 4130 959 4184 alium
984 4145 1143 4199 quem
1171 4144 1270 4200 pro
1294 4137 1347 4185 te
1373 4131 1690 4185 mittendum
1718 4133 1897 4188 hacte-

331 4239 433 4279 nus
457 4221 731 4293 ignoravi?
761 4219 840 4273 ‘l‘u
880 4235 977 4274 nos
1010 4220 1133 4273 inde
1169 4221 1421 4275 extrabes
1453 4237 1551 4292 per
1584 4225 1895 4295 sanguinem

330 4313 706 4367 sacratissima:
733 4309 1018 4380 passionis,
1057 4325 1124 4363 an
1165 4308 1301 4364 alius
1337 4309 1534 4379 ignotae
1566 4310 1845 4382 legationis
1872 4312 1895 4364 ?

2014 1877 2175 1931 etiam
2198 1877 2298 1933 Job
2318 1882 2574 1949 prmfatus
2598 1884 2666 1938 ad
2690 1893 2888 1939 terram
2910 1890 3245 1945 tenebrosam
3270 1901 3325 1948 et
3347 1903 3591 1964 opertam

2015 1968 2203 2022 mortis
2232 1969 2475 2039 caligine,
2502 1972 2569 2025 ad
2601 1981 2798 2028 terram
2835 1991 3049 2046 quoque
3089 1968 3320 2037 miserita
3349 1992 3405 2038 et
3442 1994 3591 2041 tene-

2012 2059 2231 2113 brarum
2250 2062 2538 2129 perductus
2559 2063 2612 2116 in
2633 2063 2864 2119 Abrahae
2886 2066 3046 2121 fuerit
3068 2071 3252 2138 requie
3273 2072 3585 2130 collocatus.

2011 2147 2158 2202 idem
2184 2149 2433 2218 denique,
2457 2168 2579 2206 cum
2600 2153 2956 2223 lacrymosius
2981 2158 3083 2212 hoc
3110 2162 3252 2227 quod
3278 2176 3438 2231 supra
3464 2179 3590 2233 pro-

2011 2236 2253 2301 tulimus,
2297 2239 2521 2302 diceret,
2567 2243 2623 2294 in
2666 2243 3133 2311 profundissimum
3180 2249 3444 2317 infernum
3488 2253 3583 2306 de-

2010 2326 2255 2380 scetzdent
2290 2329 2465 2381 omnia
2494 2346 2631 2395 mea,
2671 2332 2924 2387 continuo
2958 2338 3338 2404 praasumptiva
3375 2339 3587 2395 dubita-

2011 2414 2157 2468 tione
2183 2414 2429 2483 subjecit,
2464 2424 2519 2470 et
2542 2418 2615 2470 ait
2642 2435 2655 2471 :
2686 2418 2918 2473 Putasne
2941 2421 3124 2476 saltem
3150 2424 3222 2476 ibi
3251 2427 3448 2495 requies
3487 2430 3585 2482 erit

2008 2505 2136 2558 mihi
2152 2506 2177 2559 ?
2196 2504 2339 2575 (Job,
2357 2521 2526 2571 xxvn,
2546 2506 2655 2576 16.)
2682 2507 2790 2562 Nos
2803 2518 2981 2565 autem
2997 2510 3098 2565 ista
3115 2512 3371 2579 dicentes,
3385 2530 3588 2586 nequa-

2008 2607 2168 2661 quam
2182 2601 2383 2646 temere
2392 2592 2718 2649 afﬁrmatnus
2730 2594 3002 2650 nonfuisse
3013 2600 3151 2666 apud
3168 2599 3367 2655 inferos
3379 2602 3497 2657 loca
3511 2605 3587 2659 di-

2005 2682 2120 2736 visa
2142 2682 2285 2736 inter
2294 2682 2492 2737 electos
2503 2691 2556 2736 ct
2571 2686 2847 2752 reprobos,
2861 2701 2983 2741 cum
2999 2695 3172 2742 tamen
3188 2691 3451 2757 potuisset
3464 2693 3580 2748 ﬁeri

2008 2782 2067 2827 ut
2088 2775 2166 2828 sic
2182 2774 2429 2829 interbos
2440 2783 2495 2829 et
2508 2775 2626 2830 illos
2642 2776 2755 2830 sola
2766 2778 2955 2831 merita
2969 2779 3285 2847 dividerent,
3300 2785 3585 2841 sicutinter

2006 2864 2150 2933 regis
2179 2864 2482 2935 Babyloniae
2506 2864 2810 2928 ministros,
2839 2874 2894 2920 ct
2918 2868 3156 2924 Danielis
3182 2872 3357 2927 socios
3367 2871 3579 2940 justitia

2003 2950 2115 3006 sola
2149 2952 2411 3016 distinxit,
2452 2968 2576 3006 nam
2611 2968 2717 3007 una
2770 2954 3064 3025 eademque
3105 2958 3339 3016 fornacis
3370 2960 3581 3019 flamma
3643 2992 3656 3004 ·

2005 3050 2060 3098 et
2103 3043 2224 3099 illos
2267 3046 2598 3114 consumpsit
2640 3054 2692 3100 et
2734 3047 2868 3102 istos
2912 3050 3166 3104 servavit.
3221 3051 3312 3107 Sic
3353 3055 3580 3125 denique

2005 3148 2144 3202 aqua
2170 3134 2338 3188 maris
2364 3134 2555 3198 Rubri,
2586 3142 2639 3188 et
2663 3134 2920 3190 lsraelitis
2941 3138 3008 3191 ad
3032 3153 3228 3193 manna
3258 3145 3577 3198 vescendum

2002 3224 2108 3279 iter
2145 3224 2394 3294 przebuit,
2424 3234 2479 3280 et
2506 3225 2775 3294 Egypliis
2815 3227 2881 3280 ad
2920 3229 3109 3283 mortis
3150 3232 3469 3299 supplicium
3504 3235 3580 3291 fo-

2000 3329 2154 3368 veam
2199 3314 2543 3367 ministravit.
2591 3313 2703 3367 Hoc
2739 3314 2919 3382 itaque
2959 3331 3080 3370 cum
3120 3335 3309 3390 magna
3347 3322 3577 3381 dicimus

2001 3402 2321 3456 auctoritate
2341 3401 2458 3456 loca
2480 3400 2642 3455 fuisse
2664 3402 2911 3470 poenalia,
2944 3419 3063 3472 quae
3087 3406 3335 3463 Christus
3354 3423 3575 3483 propter

2000 3506 2217 3544 suorum
2264 3490 2591 3558 ereptionem
2638 3505 2733 3558 per
2775 3493 3122 3562 semetipsum
3155 3495 3419 3564 judicavit
3458 3518 3575 3557 esse

1998 3580 2297 3645 lustranda,
2326 3579 2488 3633 Petro
2534 3587 2841 3647 attestante,
2889 3583 2978 3650 qui
3022 3585 3087 3637 de
3135 3586 3223 3640 illo
3268 3589 3379 3642 ait:
3410 3590 3574 3656 Quem

1997 3670 2138 3723 Deus
2182 3669 2446 3723 suscitavit
2483 3684 2514 3722 a
2555 3670 2804 3734 mortuis,
2843 3670 3025 3725 solutis
3060 3673 3324 3730 doloribus
3361 3680 3567 3748 inferni,

1988 3760 2149 3829 juxta
2171 3758 2309 3829 quod
2338 3758 2650 3829 impossibile
2690 3768 2801 3812 erat
2843 3761 3003 3813 teneri
3042 3760 3188 3814 illum
3223 3764 3287 3816 ab
3329 3783 3389 3820 eo
3432 3768 3569 3838 (Act.

1997 3869 2058 3918 ιι,
2091 3852 2202 3922 21).
2232 3852 2288 3906 In
2311 3852 2506 3921 quibus
2526 3850 2767 3921 profecto
2792 3853 2972 3907 verbis
3001 3854 3228 3909 solerter
3254 3860 3567 3928 notandum,

1995 3944 2248 4014 quoniam
2272 3959 2430 3999 nemo
2454 3944 2597 4014 apud
2616 3943 2815 3999 inferos
2835 3944 2969 3999 liber
2992 3960 3022 3998 a
3051 3946 3294 4002 dolorum
3317 3950 3567 4017 vinculis,

1993 4050 2189 4112 praeter
2208 4056 2329 4095 eum
2353 4040 2444 4110 qui
2470 4040 2615 4095 solus
2635 4039 2898 4095 veraciter
2917 4040 3052 4095 dixit
3073 4057 3086 4094 :
3113 4040 3310 4097 Factus
3328 4060 3443 4098 sum
3462 4046 3569 4100 sie--

1994 4139 2052 4183 ut
2094 4130 2246 4184 homo
2290 4130 2401 4184 sine
2439 4130 2735 4199 adjutorio,
2775 4130 2914 4183 inter
2953 4139 3183 4183 mortuos
3221 4131 3348 4187 liber
3394 4135 3565 4205 (Psal.

1992 4236 2234 4285 Lxxxvn,
2258 4219 2335 4291 5).
2366 4218 2542 4289 Atque
2563 4221 2683 4275 ideo
2712 4219 2858 4274 solus
2878 4234 2981 4273 non
3002 4221 3177 4288 potuit
3196 4229 3429 4277 tartarea
3450 4240 3567 4279 mas

1992 4329 2065 4367 nu
2097 4313 2309 4366 vinctus
2340 4313 2529 4376 teneri,
2559 4312 2683 4380 quia
2721 4311 2867 4365 solus
2905 4326 3011 4365 non
3051 4311 3240 4365 habuit
3286 4324 3563 4381 peccatum

329 4402 464 4469 Quia
494 4417 621 4456 vero
645 4415 751 4455 non
776 4413 875 4469 per
900 4398 1189 4467 quemlibet
1216 4398 1400 4464 alium,
1438 4401 1532 4455 sed
1567 4415 1663 4469 per
1698 4410 1893 4455 semet-
1919 4418 1972 4480 ι)
1993 4402 2134 4471 quod
2166 4400 2410 4456 dolorum
2438 4398 2556 4467 ejus
2590 4399 2818 4455 nexibus
2852 4408 3033 4467 posset
3070 4401 3289 4455 arctari.
3333 4402 3566 4472 Indeque

329 4495 503 4564 ipsum
542 4494 594 4548 id
633 4492 780 4557 fecit,
812 4491 1069 4560 ιη·ωάἰοιο
1102 4489 1294 4545 Joanni
1330 4506 1397 4545 ex
1429 4490 1646 4561 obliquo
1672 4492 1894 4545 manda-

328 4584 423 4635 vit.
455 4582 562 4637 Sed
593 4580 926 4636 manifestius
953 4580 1081 4635 illud
1107 4580 1395 4635 Zacharias
1416 4580 1642 4650 aperuit,
1671 4581 1763 4649 qui
1791 4580 1894 4635 hoc

328 4673 470 4741 quod
506 4673 804 4727 certissime
842 4672 1079 4725 futurum
1128 4686 1246 4726 esse
1285 4671 1547 4741 prteVidit,
1583 4670 1696 4738 jam
1736 4674 1891 4740 quasi

327 4761 526 4816 factum
554 4763 810 4815 narravit.
853 4761 945 4816 Sic
968 4762 1110 4816 enim
1135 4761 1203 4815 ad
1229 4776 1352 4814 eum
1377 4761 1468 4830 qui
1497 4759 1695 4815 inferos
1725 4761 1892 4829 capti-

326 4851 471 4904 vavit
496 4851 903 4919 praesentialiter
924 4851 1032 4904 ait:
1061 4850 1137 4903 Tu
1162 4865 1363 4920 quoque
1380 4849 1434 4903 in
1453 4850 1706 4918 sanguine
1734 4858 1890 4903 testa-

325 4941 485 4994 menti
525 4942 601 4992 tui
636 4941 849 4993 emisisti
891 4941 1081 4994 vinctos
1113 4948 1227 4993 tuos
1262 4939 1326 4992 de
1360 4938 1496 5001 lacu,
1534 4937 1620 4991 ubi
1671 4955 1772 4992 non
1814 4950 1887 4994 est

324 5045 462 5098 aqua
496 5025 679 5099 (Zach.
711 5045 785 5092 ιχ,
818 5028 924 5097 ll).
954 5029 1021 5080 Et
1058 5029 1150 5096 qui
1187 5035 1312 5082 sunt
1348 5028 1435 5082 isti
1464 5028 1629 5081 vincti
1668 5028 1790 5091 nisi,
1828 5036 1888 5082 ut

325 5116 681 5187 Hieronymus
715 5117 890 5181 docet,
918 5115 1049 5184 justi
1081 5116 1325 5184 antiqui?
1370 5116 1520 5173 Unde
1557 5126 1734 5172 autem
1770 5118 1887 5171 vin-

322 5211 416 5275 cti,
439 5209 543 5265 nisi
571 5223 636 5263 ex
662 5206 1098 5277 praevaricatione
1121 5214 1302 5260 reatus
1323 5206 1520 5277 primi?
1545 5206 1613 5260 Et
1635 5206 1756 5276 quis
1783 5206 1885 5261 iste

322 5301 473 5357 lacus
500 5300 554 5354 in
581 5315 688 5369 quo
711 5299 1027 5354 tenebantur
1049 5296 1266 5365 captivi,
1297 5297 1401 5351 nisi
1425 5297 1541 5351 loca
1571 5306 1695 5350 sunt
1725 5294 1883 5350 inferi

319 5391 410 5445 ubi
437 5405 540 5445 non
569 5397 671 5455 est,
699 5397 760 5443 ut
787 5389 1011 5452 dicitur,
1036 5401 1171 5456 aqua
1191 5426 1206 5453 ,
1235 5386 1480 5442 videlicet
1504 5387 1714 5456 requies
1737 5386 1883 5441 ulla?

320 5478 446 5536 Inde
473 5486 556 5533 est
581 5478 742 5532 etiam
772 5475 899 5530 illud
923 5475 1063 5545 quod
1091 5474 1241 5529 dives
1270 5474 1467 5529 ibidem
1502 5474 1877 5539 inﬂammatus,

319 5580 523 5640 guttam
561 5585 712 5640 aquae
743 5570 810 5625 ad
849 5569 1042 5640 lingua:
1076 5567 1413 5638 refrigerium
1450 5567 1659 5635 quzerit,
1691 5575 1744 5621 et
1771 5583 1878 5621 non

322 5660 538 5715 invenit.
570 5660 721 5722 Quod
741 5660 784 5716 si
808 5660 875 5714 ita
904 5667 1009 5725 est,
1035 5656 1300 5727 quomodo
1320 5656 1585 5711 Abraham
1615 5655 1680 5708 ab
1704 5669 1768 5709 co
1794 5670 1877 5710 sc-

1992 4492 2138 4547 solus
2167 4492 2235 4546 ab
2264 4489 2460 4545 inferni
2491 4488 2765 4544 doloribus
2794 4487 2927 4543 alios
2952 4489 3184 4545 liberare
3208 4491 3394 4557 valuit,
3422 4494 3564 4548 unde

1990 4581 2104 4649 ipse
2124 4581 2340 4635 eosdem
2366 4577 2579 4632 dolores
2605 4593 2713 4632 non
2744 4578 2931 4632 sensit.

2062 4669 2186 4725 Scio
2205 4678 2382 4725 autem
2400 4669 2685 4739 quemdam
2707 4667 2848 4721 inter
2867 4683 3088 4739 magnos
3109 4678 3424 4727 tractatorcs
3446 4673 3561 4729 bte'e

1988 4761 2150 4816 verba
2184 4760 2258 4814 ita
2287 4759 2541 4824 sensisse,
2576 4767 2637 4812 ut
2674 4773 2782 4813 non
2817 4759 2870 4812 in
2900 4760 3221 4828 patriarchis
3250 4769 3409 4831 atque
3435 4778 3561 4831 pro-

1986 4849 2191 4918 phetis,
2221 4850 2315 4903 sed
2342 4849 2395 4901 in
2425 4847 2546 4902 aliis
2567 4846 2723 4917 longe
2749 4848 2817 4901 ab
2841 4848 3068 4901 istorum
3094 4849 3311 4903 sedibus
3337 4851 3555 4918 positis,

1985 4941 2239 5010 praefatos
2260 4941 2472 4995 dolores
2497 4940 2717 4995 solverit
2736 4939 3012 5003 Christus;
3047 4948 3097 4993 et
3126 4947 3305 4993 tamen
3335 4955 3440 4993 non
3475 4951 3559 4995 est

1985 5045 2149 5083 ausus
2176 5028 2371 5092 dicere,
2402 5042 2495 5083 eos
2529 5043 2664 5097 quos
2690 5028 2880 5081 iisdem
2912 5026 3152 5081 dolorum
3185 5028 3410 5081 nexibus
3443 5028 3555 5083 sol-

1983 5118 2081 5182 vit,
2116 5132 2220 5170 non
2247 5115 2411 5170 fuisse
2438 5115 2665 5180 electos;
2699 5115 2840 5184 quod
2871 5116 3051 5185 utique
3080 5118 3124 5171 si
3153 5116 3373 5181 diceret,
3406 5132 3557 5171 men-

1983 5206 2087 5260 dax
2108 5203 2347 5275 profecto
2366 5212 2667 5275 appareret.
2694 5202 3063 5259 Concedamus
3085 5205 3263 5273 itaque
3278 5205 3416 5274 quod
3443 5220 3550 5260 non

1981 5291 2180 5347 fuerint
2215 5292 2534 5363 patriarchae
2574 5299 2733 5359 atque
2769 5290 3059 5359 propheta),
3101 5292 3192 5346 sed
3228 5293 3339 5357 alii,
3371 5300 3427 5347 et
3470 5301 3551 5346 ta-

1979 5397 2103 5437 men
2132 5382 2308 5446 electi,
2339 5380 2433 5451 qui
2469 5381 2645 5435 minus
2670 5380 2736 5435 de
2762 5383 3000 5449 perfecta
3028 5380 3234 5449 justitia
3266 5382 3544 5443 habentes,

1979 5476 2173 5531 inferni
2211 5474 2483 5530 doloribus
2524 5471 2724 5527 fuerint
2764 5473 3004 5543 obligati.
3056 5473 3161 5528 Sed
3209 5474 3251 5528 si
3285 5474 3442 5543 plena
3473 5472 3546 5529 ibi

1976 5563 2400 5632 patriarcharum
2430 5576 2494 5618 ac
2527 5563 2910 5632 prophetarum
2942 5563 3109 5631 quies,
3141 5562 3401 5632 plenaque
3429 5569 3548 5616 erat

1977 5654 2288 5721 consolatio,
2322 5668 2441 5722 qua:
2471 5654 2579 5710 illis
2605 5652 2907 5709 necessaria
2941 5651 3139 5708 Christi
3175 5651 3544 5724 exspectatio?
