4020 6170
596 281 735 337 1585

1739 266 1745 270 ’
1826 279 2133 335 ANONYM]
2173 279 2442 337 snacuu
2482 284 2611 338 vm.

3606 262 3747 361 usit

590 393 675 449 An
696 406 801 483 non
824 398 940 444 erat
963 389 1192 483 Joannes
1222 390 1478 460 propheta
1503 399 1565 483 et
1586 391 1704 459 plus
1729 406 1890 460 quam
1927 392 2155 461 prophe-
2180 396 2234 451 Α
2258 389 2472 458 fefellit,
2505 394 2669 447 talem
2705 394 2832 449 hinc
2865 397 3184 452 sententiam
3215 398 3473 469 ﬁrmavit,
3503 417 3556 461 ut
3577 410 3747 483 ilicem,

589 491 666 549 ta,
701 479 793 551 qui
827 496 893 534 ex
929 495 1022 534 sua
1058 479 1388 547 aliorumque
1418 481 1797 548 prophetarum
1818 495 2065 548 persona,
2099 488 2159 534 ut

592 588 752 642 supra
789 570 1148 633 meminimus,
1186 568 1597 637 Redemptorem
1634 568 1819 622 mundi
1852 568 2159 636 requirebat

590 664 775 717 dicens
803 679 810 687 '
838 660 914 713 'l'tt
936 675 989 713 es
1013 661 1101 729 qui
1124 668 1364 713 venturus
1384 675 1456 722 es,
1478 676 1548 712 an
1565 657 1728 711 alium
1756 668 2109 728 exspectamus
2132 656 2159 710 .9

592 752 741 823 (Luc.
774 766 870 815 vn,
904 751 1012 819 l9.)
1051 750 1208 803 Certe
1234 749 1617 817 exspectabant
1639 762 1763 802 eum
1792 748 1882 802 isti
1910 747 2073 801 vincti
2100 747 2155 799 in

589 842 742 905 lacu,
780 841 869 895 ubi
904 856 1007 895 non
1044 848 1128 894 est
1156 854 1331 907 aqua;
1374 846 1427 893 et
1465 839 1661 892 mirum
1696 839 1742 892 si
1775 838 1894 892 aliis
1928 835 2156 891 vinculis

587 932 810 992 astricti,
836 931 938 984 nisi
962 931 1046 984 his
1067 945 1185 999 qua:
1211 929 1401 983 Petrus
1426 944 1520 998 per
1542 927 1815 983 Christum
1838 928 2014 983 soluta
2033 942 2158 980 nar-

587 1021 746 1076 ravit.
777 1018 1026 1074 Coarctat
1047 1034 1145 1073 nos
1165 1034 1377 1073 rursum
1404 1019 1518 1073 haec
1548 1017 1791 1087 qumstio,
1822 1023 1883 1070 ut
1917 1016 2156 1070 dicamus

587 1111 853 1180 quomodo
882 1110 957 1163 ibi
989 1109 1224 1164 Lazarus
1252 1109 1305 1161 in
1342 1108 1462 1162 sinu
1498 1107 1728 1163 Abrahae
1755 1107 2151 1173 consolabatur,

586 1201 633 1255 si
661 1200 903 1255 dolorum
940 1199 1165 1254 vinculis
1197 1198 1450 1252 astrictus
1486 1197 1808 1251 tenebatur?
1849 1195 1955 1251 Sed
1990 1195 2156 1251 facia-

586 1305 705 1344 mus
728 1289 1120 1344 distinctionem
1144 1288 1286 1342 inter
1308 1287 1544 1341 dolorem
1564 1293 1617 1339 et
1636 1286 1893 1363 dolorem,
1917 1293 1972 1340 et
1991 1286 2149 1351 hanc,

585 1390 646 1436 ut
667 1381 922 1444 arbitror,
948 1378 1157 1433 facilius
1185 1378 1508 1432 absolvimus
1529 1376 1898 1445 quaestionem.
1930 1376 2150 1431 Crucia-

584 1471 783 1525 bantur
812 1470 991 1538 itaque
1023 1470 1161 1538 apud
1193 1467 1395 1522 inferos
1418 1468 1587 1536 iniqui
1614 1467 1771 1522 simul
1803 1476 1857 1521 et
1874 1466 2026 1535 justi,
2059 1469 2153 1523 sed

583 1581 689 1620 non
724 1564 839 1634 pari
877 1563 1037 1618 modo
1072 1564 1159 1618 isti
1195 1571 1250 1616 et
1276 1562 1370 1625 illi,
1398 1562 1524 1630 quia
1560 1561 1635 1615 illi
1672 1561 1977 1616 omnimoda
2015 1561 2153 1631 ignis

584 1660 846 1728 gehenna,
882 1657 971 1711 isti
998 1655 1109 1711 sola
1139 1655 1333 1709 mentis
1354 1654 1602 1717 tristitia;
1633 1652 1707 1706 illi
1737 1652 1863 1720 quia
1895 1650 2029 1706 foris
2062 1666 2154 1705 ar-

581 1748 801 1811 debant,
830 1747 919 1801 isti
946 1747 1070 1814 quia
1105 1747 1248 1799 intus
1273 1744 1602 1809 maerebant;
1640 1743 1716 1795 illi
1741 1742 2008 1798 consolari
2042 1758 2150 1797 non

579 1844 849 1906 poterant,
872 1837 996 1905 quia
1026 1836 1076 1888 in
1103 1834 1381 1890 tormentis
1409 1833 1746 1905 refrigerium
1766 1834 1969 1889 nullum
1994 1835 2151 1889 habe-

579 1925 730 1989 bant,
772 1926 861 1978 isti
899 1924 1142 1992 quamvis
1187 1924 1547 1989 tristarentur,
1588 1924 1713 1993 quia
1751 1924 1839 1978 diu
1872 1940 1903 1978 a
1945 1925 2151 1980 caelesti

578 2015 754 2085 patria
781 2016 1115 2077 exsulabant,
1155 2023 1332 2069 tamen
1370 2015 1801 2079 consolabantur,
1835 2016 1961 2085 quia
1995 2024 2147 2071 exte-

577 2108 690 2163 rior
722 2108 841 2163 illos
873 2108 1219 2177 reproborum
1256 2108 1522 2162 ambustio
1559 2122 1665 2162 non
1699 2107 1945 2161 vexabat.

647 2197 789 2266 Ergo
807 2197 951 2265 quod
974 2200 1038 2251 de
1064 2197 1183 2250 lacu
1207 2197 1420 2261 dicitur,
1446 2197 1571 2265 quia
1594 2212 1700 2250 non
1729 2205 1811 2251 est
1833 2196 1969 2261 ineo
1989 2211 2143 2266 aqua,

575 2300 684 2340 non
701 2284 768 2337 ad
786 2284 1079 2340 electorum
1104 2284 1297 2339 mentis
1316 2285 1573 2351 dolorem,
1596 2284 1690 2340 sed
1712 2284 1779 2339 ad
1801 2286 2147 2355 reproborum

573 2378 807 2446 pertinet
838 2378 1160 2432 exteriorem
1185 2377 1324 2445 ignis
1345 2378 1623 2443 ardorem;
1656 2378 1711 2432 in
1743 2392 1850 2447 quo
1880 2377 2144 2442 videlicet,

574 2468 702 2536 quia
732 2468 894 2521 ultrix
929 2476 1013 2521 est
1054 2466 1287 2532 ﬂamma,
1323 2483 1422 2523 nec
1453 2483 1558 2523 una
1595 2468 1783 2524 saltem
1820 2470 1887 2523 ad
1926 2467 2149 2539 refrige-

574 2558 714 2611 rium
741 2572 892 2627 aquie
915 2558 1149 2627 suppetit
1175 2566 1540 2628 gutta,_quam
1561 2558 1664 2613 nisi
1690 2573 1757 2613 ex
1784 2556 1999 2612 ﬂuentis
2039 2557 2148 2612 ele-

574 2656 783 2703 ctorum
810 2648 1013 2702 hauriri
1039 2663 1198 2717 posse
1222 2624 1588 2718 cognosceret,
1617 2649 1765 2703 dives
1785 2648 1851 2702 ad
1875 2646 2146 2702 Abraham

575 2740 795 2795 minime
834 2739 1071 2794 diceret:
1098 2738 1247 2792 Mitte
1288 2738 1572 2804 Lazarum,
1618 2747 1674 2791 ut
1712 2739 1938 2808 intingat
1978 2747 2147 2791 extre-

573 2847 715 2884 mum
745 2830 893 2900 digiti
924 2830 1005 2883 sui
1034 2830 1089 2883 in
1122 2845 1276 2899 aqua,
1314 2836 1361 2882 et
1401 2828 1665 2899 refrigeret
1692 2827 1924 2898 linguam
1951 2843 2139 2891 meam,

474 2931 488 2943 ‘
570 2920 694 2990 quia
722 2920 930 2998 crucior
955 2919 1011 2972 in
1039 2919 1137 2971 hac
1160 2919 1373 2986 ﬂamma
1412 2917 1562 2989 (Luc.
1592 2933 1701 2981 xvi,
1730 2917 1842 2989 24).
1881 2917 1957 2971 Ita
1984 2917 2143 2986 plane

2258 496 2291 535 a
2326 483 2514 549 diebus
2539 483 2760 540 Joannis
2792 487 3043 556 Baptista:
3072 487 3308 560 Regnum
3338 495 3561 551 emtorem
3585 502 3660 556 vim
3678 523 3748 574 pa-

2254 574 2401 638 titur,
2440 585 2487 628 et
2524 576 2729 629 violenti
2765 577 3017 647 diripiunt
3041 579 3172 633 iflud
3201 581 3413 652 (Matth.
3437 602 3508 651 xi,
3533 590 3624 660 l2).
3651 594 3684 648 0
3707 606 3744 650 tu

2258 662 2446 717 doctor
2482 664 2604 718 novi
2633 667 2853 729 erroris,
2897 670 3134 736 nunquid
3172 679 3381 727 tantum
3420 675 3471 728 in
3509 679 3583 732 die
3610 679 3743 747 judicii

2256 768 2480 822 regnum
2505 756 2763 810 caelorum
2787 758 3006 812 violenti
3032 760 3332 829 diripiunt?
3358 773 3414 816 ut
3449 766 3649 824 diabolus
3675 788 3742 841 per

2258 858 2320 897 os
2344 851 2494 897 tuum
2533 847 2872 913 construxit,
2903 854 2959 902 et
3001 864 3103 903 non
3127 850 3312 918 potius
3357 867 3389 907 a
3431 855 3596 912 diebus
3627 858 3741 916 Joan-

2256 934 2626 990 nis?......

2704 1027 2807 1082 Hic
2830 1029 2971 1083 deest
2991 1030 3173 1099 folium
3194 1051 3376 1088 unum.

2258 1151 2274 1165 .
2305 1151 2321 1166 .
2354 1153 2367 1165 .
2393 1113 2483 1168 illa
2510 1116 2557 1171 si
2585 1115 2779 1185 placet,
2819 1117 2887 1172 de
2941 1119 3121 1175 multis
3164 1121 3427 1179 suiliciant
3451 1122 3566 1194 ista;
3590 1126 3626 1183 si
3650 1146 3737 1187 vero

2254 1214 2474 1274 propter
2497 1209 2804 1276 exiguitatis
2825 1225 2957 1264 mere
2979 1226 3266 1279 personam
3288 1215 3342 1268 in
3366 1216 3561 1272 dubium
3579 1223 3738 1278 veniunt

2256 1302 2310 1348 et
2334 1295 2458 1360 ista,
2489 1298 2852 1352 necessarium
2881 1315 3006 1354 reor
3033 1305 3272 1371 generali
3295 1309 3633 1367 catholicon
3651 1331 3735 1371 sen-

2257 1387 2439 1450 tentia,
2471 1403 2658 1442 verum
2687 1404 2774 1443 me
2795 1390 2850 1443 in
2881 1390 2967 1444 his
2994 1404 3112 1459 qua:
3141 1393 3255 1447 dixi
3287 1403 3469 1453 testem
3491 1404 3732 1470 approbare.

2253 1476 2313 1530 ln
2342 1475 2827 1531 ecclesiasticorum
2859 1480 3058 1533 etenim
3096 1481 3346 1551 dogmate
3372 1485 3417 1549 ι’,
3453 1488 3574 1555 quod
3599 1490 3733 1546 distin-

2255 1567 2357 1622 ctis
2385 1568 2666 1623 sententiis
2698 1585 2808 1624 uno
2840 1571 3109 1627 volumine
3136 1579 3590 1647 comprehenditur,
3612 1586 3732 1653 quod.

2255 1673 2360 1727 que
2394 1673 2493 1728 per
2528 1660 2840 1717 universum
2878 1665 3065 1718 orbem
3098 1681 3131 1719 a
3166 1669 3375 1723 cunctis
3420 1672 3642 1741 recipitur,
3683 1677 3729 1730 ab

2253 1748 2503 1803 omnibus
2555 1748 2884 1817 defenditur,
2935 1768 3253 1824 summaque
3299 1758 3446 1812 laude
3483 1762 3726 1827 celebratur,

2251 1837 2407 1893 titulo
2435 1840 2848 1908 quadragesimo
2876 1843 3063 1910 quinto
3084 1844 3160 1898 ita
3182 1846 3461 1903 scribitur:
3486 1850 3627 1904 «Ante
3642 1867 3728 1921 pas-

2250 1931 2457 1986 sionem
2497 1932 2709 1989 Domini
2739 1949 2927 1990 omnes
2967 1937 3163 1993 animae
3195 1951 3487 1996 sanctorum
3510 1945 3555 1997 in
3576 1944 3727 2000 inferno

2250 2021 2350 2075 sub
2392 2020 2573 2076 debito
2610 2023 3066 2091 praevaricationis
3101 2026 3236 2083 Adae
3283 2031 3579 2090 tenebantur.
3608 2034 3725 2089 donec

2248 2109 2567 2173 auctoritate
2610 2110 2819 2165 Domini
2863 2127 2962 2181 per
3002 2114 3297 2172 indebitam
3339 2119 3445 2189 ejus
3481 2127 3723 2180 mortemde

2248 2200 2427 2255 servili
2450 2203 2757 2258 conditione
2783 2204 3168 2263 liberarentur.
3192 2230 3211 2262 ι
3244 2210 3303 2264 In
3327 2216 3541 2284 sequenti
3572 2232 3720 2286 quoque

2248 2289 2424 2355 titulo,
2465 2291 2569 2345 hoc
2604 2300 2687 2346 est
2724 2294 3139 2365 quadragesimo
3179 2310 3349 2367 sexto,
3378 2304 3488 2358 talis
3509 2307 3721 2360 auctoritas

2247 2379 2576 2448 continetur,
2610 2390 2668 2436 ut
2703 2383 2915 2439 dicatur
2942 2403 2954 2439 :
2991 2404 3009 2437 ι
3030 2387 3165 2443 Post
3206 2394 3541 2449 ascensionem
3572 2396 3718 2450 Domini

2246 2471 2315 2524 ad
2332 2469 2515 2535 ccelos,
2540 2486 2728 2527 omnes
2750 2484 3055 2531 sanctorum
3075 2481 3273 2554 animae
3296 2498 3408 2537 cum
3428 2484 3604 2539 Christo
3618 2495 3714 2549 Stlul,

2244 2568 2299 2616 et
2324 2570 2584 2616 exeuntes
2612 2563 2679 2616 de
2705 2577 2929 2633 corpore
2962 2568 3030 2623 ad
3054 2568 3333 2629 Christum
3368 2576 3555 2640 vadunt,
3588 2589 3718 2645 exspe-

2244 2656 2452 2705 ctantes
2484 2656 2930 2709 resurrectionem
2974 2661 3223 2727 corporis
3251 2664 3351 2728 sui,
3375 2675 3428 2719 ut
3453 2668 3510 2720 ad
3531 2667 3715 2736 integram

2242 2746 2298 2792 et
2322 2737 2617 2811 perfectam
2643 2741 3028 2801 beatitudinem
3063 2764 3192 2806 cum
3235 2754 3346 2823 ipso
3382 2756 3555 2825 pariter
3584 2757 3717 2809 immu-

2245 2838 2445 2887 tentur.
2496 2832 2647 2888 Sicut
2691 2843 2745 2890 et
2779 2848 3125 2907 peccatorum
3172 2846 3359 2900 anima:
3385 2847 3432 2900 in
3465 2845 3715 2900 infernosub

2242 2922 2438 2976 timore
2461 2923 2668 2991 positae,
2699 2934 3013 2994 exspectant
3041 2934 3475 2990 resurrectionem
3497 2936 3563 2989 sui
3585 2948 3717 3003 corpo-

572 3024 679 3064 non
717 3022 836 3063 esse
872 3007 1200 3063 contrarium
1240 3007 1466 3062 dicimus
1500 3007 1637 3076 apud
1670 3006 1871 3062 inferos
1895 3007 2140 3063 dolorum
2169 3042 2219 3107 c
2247 3009 2344 3074 ris,
2368 3018 2429 3063 ut
2456 3025 2577 3064 cum
2608 3011 2724 3080 ipso
2749 3014 2816 3068 ad
2841 3030 3058 3083 poenam
3081 3031 3453 3077 convertantur
3474 3033 3708 3078 aeternam.»

522 3163 527 3169 ι
572 3098 800 3152 vinculis
831 3097 1082 3167 religatos
1119 3094 1476 3164 fuissejustos
1513 3098 1779 3167 antiquos.
1830 3097 1936 3153 Sed
1972 3099 2144 3168 quid?

572 3187 698 3243 Sive
738 3196 977 3253 certam,
1020 3187 1131 3241 sive
1169 3187 1383 3245 dubiam
1422 3188 1488 3243 de
1522 3186 1730 3243 inferno
1761 3188 1816 3243 in
1854 3189 1957 3244 hac
1989 3197 2144 3260 parte

569 3279 950 3349 protulerimus
994 3279 1315 3334 sententiam
1355 3292 1416 3345 n;
1445 3281 1548 3334 hoc
1592 3287 1772 3334 tamen
1800 3281 2145 3336 veracissime

570 3370 817 3433 dicimus,
847 3370 973 3438 quia
998 3370 1090 3423 Dei
1118 3368 1285 3424 Filius
1303 3371 1594 3426 indebitam
1619 3386 1717 3440 pro
1740 3373 1893 3428 nobis
1915 3380 2144 3426 mortem

569 3461 868 3525 exsolvens,
898 3475 1112 3530 quoquo
1133 3469 1291 3530 pacto
1314 3461 1369 3514 in
1389 3462 1714 3530 quibuslibet
1735 3462 1892 3517 fuerit
1918 3461 2138 3528 factum,

568 3548 760 3602 solutis
787 3547 1058 3602 doloribus
1085 3547 1297 3611 inferni,
1333 3564 1458 3603 suos
1487 3549 1608 3605 inde
1638 3558 1846 3605 tantum
1886 3552 2136 3617 reduxit;

569 3638 711 3692 sicut
748 3637 862 3707 ipse
898 3652 995 3707 per
1031 3637 1168 3692 Osee
1205 3637 1361 3705 longe
1395 3646 1519 3693 ante
1551 3639 1799 3708 praedixit
1821 3654 1835 3693 :
1861 3640 1969 3694 Ero
2001 3657 2143 3695 mors

567 3738 679 3794 tua,
704 3745 734 3781 ο
754 3743 926 3792 mors;
949 3744 1036 3781 ero
1064 3744 1267 3781 morsus
1296 3738 1435 3792 tuus,
1462 3728 1662 3797 inferne
1690 3729 1858 3801 (0se.,
1882 3746 2002 3795 xui,
2029 3730 2138 3803 14).

564 3815 623 3871 1η
672 3818 866 3885 quibus
906 3816 1145 3884 profecto
1189 3817 1369 3871 verbis
1407 3817 1633 3872 solerter
1665 3822 1996 3889 pensandum
2036 3828 2139 3887 est,

566 3907 694 3975 quia
725 3907 1049 3975 Redemptor
1077 3915 1258 3963 noster
1284 3918 1513 3964 mortem
1540 3912 1753 3979 quidem
1785 3913 2025 3969 funditus
2052 3931 2143 3970 oc—

566 3994 716 4057 cidit,
754 3994 847 4048 sed
885 3994 1138 4048 nimirum
1165 3996 1217 4049 in
1246 4005 1400 4064 parte
1426 4014 1586 4066 quam
1620 4001 1734 4070 ipse
1765 4003 2005 4071 glutivit;
2038 4020 2143 4061 ca:-

566 4092 740 4136 tcrum
778 4097 923 4136 mors
960 4083 1013 4136 in
1049 4091 1200 4152 parte
1237 4099 1355 4153 quae
1391 4088 1664 4155 remansit,
1702 4092 2016 4159 permansit.
2055 4094 2143 4148 Di-

562 4179 719 4226 catur
741 4172 918 4241 igitur,
945 4188 1033 4225 ero
1053 4189 1192 4226 mors
1216 4182 1328 4239 tua,
1356 4191 1386 4228 ο
1411 4191 1572 4243 mors,
1603 4192 1667 4234 ac
1690 4178 1736 4234 si
1762 4180 2046 4249 diceretur,
2085 4186 2140 4239 in

561 4262 759 4330 prmda,
803 4277 964 4331 quam
990 4264 1170 4332 capio,
1205 4272 1257 4317 te
1284 4263 1525 4322 funditus
1554 4268 1824 4326 interimo.
1862 4271 1972 4326 Ero
1998 4291 2140 4330 mor-

2247 3101 2373 3157 Iizec
2414 3102 2655 3158 omnium
2699 3107 3116 3174 praecedentium
3168 3128 3231 3168 ac
3282 3114 3645 3183 subsequendam
3676 3118 3712 3165 et

2244 3208 2351 3247 una
2374 3204 2430 3247 et
2456 3194 2740 3264 singularis
2778 3206 2832 3250 et
2866 3198 3135 3267 generalis
3160 3214 3241 3257 est
3263 3203 3466 3259 Patrum
3486 3202 3705 3258 sententia:

2244 3282 2330 3337 cui
2376 3283 2571 3338 merito
2606 3287 2939 3343 concordans
2973 3289 3169 3347 beatus
3206 3293 3474 3365 Gregorius
3501 3308 3605 3363 papa
3637 3291 3707 3344 Ro-

2243 3388 2435 3428 manus
2457 3375 2653 3443 praesul
2679 3378 2986 3445 apostolica:
3026 3383 3191 3449 sedis,
3221 3391 3534 3439 traetatorum
3559 3381 3703 3451 quidem

2244 3463 2490 3529 ultimus,
2522 3467 2615 3521 sed
2641 3470 2782 3537 pene
2820 3471 3057 3525 omnium
3099 3477 3359 3545 egregius,
3386 3476 3435 3529 in
3460 3482 3609 3544 quarto
3624 3471 3703 3525 Dia-

2242 3555 2485 3624 logorum
2536 3557 2676 3614 libro
2722 3561 2791 3614 ad
2835 3561 3239 3631 inquisitionem
3265 3560 3702 3623 collocutorissuiita

2242 3646 2519 3715 respondit
2562 3647 2787 3704 dicens:
2818 3668 2836 3701 ‹
2857 3649 3079 3707 Constat
3111 3657 3235 3726 quia
3268 3652 3701 3726 perfectamij

2242 3748 2363 3787 rum
2397 3734 2608 3800 animm,
2638 3752 2764 3792 mox
2786 3746 2845 3792 ut
2872 3739 3031 3809 hujus
3054 3743 3235 3799 carnis
3259 3743 3471 3799 claustro
3488 3747 3648 3801 exeunt,
3665 3735 3699 3788 in

2242 3824 2550 3881 cmlestibus
2584 3828 2800 3883 sedibus
2844 3831 3193 3901 recipiuntur.
3230 3834 3373 3901 Quod
3399 3841 3447 3889 et
3470 3833 3562 3902 ipsa
3580 3838 3699 3897 ρεῐεθ

2244 3913 2455 3969 Veritas
2494 3924 2780 3972 attestatur
2820 3920 3040 3976 dicens:
3070 3923 3363 3995 Ubicunque
3391 3923 3524 3993 fuerit
3554 3930 3696 3986 corpu.

2242 4001 2367 4056 illuc
2404 4007 2854 4076 congregabantur
2872 4019 2920 4064 et
2946 4012 3140 4081 aquila:
3165 4013 3309 4084 (Luc.
3333 4028 3479 4077 xxvn,
3496 4010 3592 4078 57);
3614 4003 3695 4073 quia

2239 4093 2332 4147 ubi
2375 4094 2490 4163 ipse
2533 4095 2858 4168 Redemptor
2881 4113 3067 4156 noster
3091 4112 3174 4159 est
3201 4119 3424 4174 corpore,
3463 4101 3562 4155 illuc
3591 4093 3695 4150 colli-

2239 4194 2439 4253 guntur
2475 4193 2530 4241 et
2559 4187 2751 4242 anima:
2771 4187 3062 4257 justorum.
3097 4195 3165 4249 Et
3202 4195 3384 4250 Paulus
3417 4188 3585 4246 dissolvi
3601 4182 3695 4237 desi—

2238 4272 2409 4339 derat,
2440 4284 2487 4328 et
2520 4292 2638 4329 cum
2689 4275 2894 4334 Christo
2943 4298 3071 4338 esse.
3122 4285 3221 4351 Qui
3261 4300 3378 4355 ergo
3412 4280 3624 4340 Christum
3656 4271 3691 4323 in

560 4367 651 4405 sus
689 4361 837 4418 tuus,
876 4352 1110 4422 inferne,
1147 4354 1249 4408 hoc
1284 4362 1395 4421 est,
1435 4371 1542 4411 non
1575 4365 1628 4412 te
1660 4366 1831 4414 totum
1865 4360 2132 4431 deglutio,
2157 4375 2211 4437 ι)
2238 4365 2375 4421 caelo
2407 4382 2527 4422 esse
2570 4383 2677 4423 non
2723 4371 2953 4439 dubitat,
3003 4391 3105 4431 nec
3126 4377 3287 4431 'Pauli
3314 4352 3513 4430 animam
3537 4370 3579 4422 in
3596 4360 3690 4417 οωΙο

561 4444 656 4498 sed
697 4452 906 4512 partem
943 4459 1010 4498 ex
1049 4453 1102 4500 te
1139 4446 1388 4502 mordens
1432 4463 1708 4505 consumo.
1749 4450 1932 4521 Neque
1968 4454 2129 4521 enim,

560 4540 621 4584 ut
659 4531 920 4586 catholica
948 4533 1079 4588 fides
1104 4534 1363 4602 praeﬁxit,
1394 4536 1529 4591 alios
1560 4536 1682 4592 inde
1708 4554 1872 4608 quam
1901 4556 2027 4597 suos
2054 4543 2136 4597 in-

560 4626 804 4685 terventu
844 4624 1164 4679 beatissima:
1199 4627 1465 4694 passionis
1502 4630 1570 4683 ad
1604 4645 1827 4699 superos
1864 4633 2095 4688 reduxit.

631 4709 736 4763 Sed
755 4709 866 4778 jam
892 4712 1025 4766 ordo
1051 4714 1360 4781 praemissus
1390 4716 1645 4785 deposcit,
1673 4730 1733 4773 ut
1759 4730 1881 4788 post
1905 4723 2135 4791 ereptio-

558 4812 681 4849 nem
716 4799 783 4852 ab
821 4797 1005 4854 inferis
1045 4809 1286 4855 veterum
1319 4800 1616 4871 justorum,
1653 4808 1999 4865 ostendamus
2027 4827 2132 4881 quo

559 4887 663 4941 isto
705 4905 847 4944 nunc
886 4902 1126 4960 tempore
1162 4894 1488 4963 recipiantur
1524 4898 1717 4954 anima:
1746 4901 2126 4969 perfectorum.

557 4974 825 5033 leorum
890 4981 1087 5035 etenim
1144 4982 1418 5053 Magister,
1461 4987 1553 5054 qui
1598 4989 1804 5044 nullum
1845 4992 2130 5062 aliquando

620 5128 886 5218 sl‘lempe
910 5135 1052 5218 quod
1080 5137 1291 5218 attinet,
1315 5140 1398 5218 vel
1421 5141 1492 5218 ad
1513 5143 1750 5218 patiendi
1776 5146 2013 5212 modum,
2041 5150 2127 5204 vel

556 5199 950 5282 adlstatioiien‘i‘
968 5203 1194 5282 inferam
1227 5199 1390 5282 justis
1420 5199 2122 5282 injustisquecommurieni;

556 5335 589 5354 Si
615 5268 662 5354 Διί
686 5269 784 5325 Hic
804 5281 887 5354 est
912 5268 1315 5354 Cennadius'de
1342 5268 1722 5354 ecclesiasticis
1751 5268 2122 5353 Dogmatibiis,

555 5343 697 5423 inter
720 5343 891 5423 sancti
926 5343 1436 5423 AﬁugustiniHOpera,
1476 5343 1889 5423 euirperpera'ni
1935 5343 2128 5411 tribui;

555 5413 672 5488 tur_,_
705 5411 904 5488 editus.
927 5411 1349 5488 _Exstat_adhue
1390 5411 1442 5472 in
1475 5411 1746 5478 Vaticana:
1788 5424 2126 5482 bibliotheca:

554 5476 905 5558 codice__5845
926 5483 1164 5558 Dionysii
1187 5476 1646 5558 Exiguicollectio
1679 5476 1971 5557 canonum,
1981 5476 2123 5552 ’δυ-ὦ

553 5548 839 5634 appendice
871 5548 1089 5634 antiqua
1134 5548 1663 5634 usquevadtempora
1702 5562 1879 5617 Caroli
1922 5548 2119 5633 Magni,

553 5626 840 5703 enjuszevo
864 5626 1093 5693 scriptus
1123 5627 1285 5681 etiam
1308 5637 1389 5683 est
1413 5630 1501 5685 ille
1524 5626 1691 5687 codex
1719 5650 1731 5685 :
1764 5634 1819 5688 in
1849 5649 1910 5690 ca
1937 5626 2115 5691 autem

2232 4471 2352 4511 esse
2394 4459 2612 4528 negabit
2643 4478 2655 4512 :
2690 4461 2783 4529 qui
2809 4464 2970 4518 etiam
2995 4465 3063 4520 de
3090 4468 3323 4537 cerporis
3341 4465 3414 4520 sui
3434 4454 3690 4517 dissolutione

2232 4554 2394 4615 atque
2414 4548 2744 4604 habitatione
2764 4553 2952 4619 patria:
2980 4555 3210 4611 caelestis
3237 4554 3387 4609 dicit:
3416 4550 3579 4607 Scimus
3600 4552 3689 4609 4'0'

2233 4637 2374 4690 niam
2403 4638 2449 4691 si
2484 4640 2739 4693 terrestris
2766 4641 2949 4695 domus
2979 4659 3084 4698 non
3114 4646 3308 4700 habens
3333 4640 3617 4697 habitatorem
3635 4625 3688 4680 dl‘

2230 4723 2449 4790 labitur,
2476 4726 2615 4796 quod
2637 4728 3041 4796 wdiﬁcationem
3067 4733 3303 4786 habemus
3328 4746 3384 4784 ex
3402 4728 3510 4787 Deo,
3536 4721 3685 4773 dom“

2231 4836 2335 4874 non
2381 4838 2541 4876 manu
2580 4822 2796 4891 factam,
2835 4825 2925 4878 sed
2955 4836 3196 4881 mternam
3224 4829 3275 4880 in
3313 4821 3486 4878 εωΙίε.»
3516 4810 3583 4885 (Π
3600 4807 3682 4860 Co"

2230 4925 2281 4973 v,
2318 4910 2393 4980 ι.)

2207 5086 2218 5127 ι
2299 5000 2424 5056 "me
2466 5001 2554 5057 me
2599 5003 2665 5059 de
2699 5002 2863 5073 iustis
2903 5014 3065 5076 atque
3095 5005 3360 5077 perfectis.
3388 4996 3503 5066 Quid
3524 4981 3682 5043 verode

2228 5159 2517 5233 appendice
2541 5161 2735 5233 legitur
2758 5162 2898 5233 inter
2921 5163 3024 5218 alia
3046 5161 3338 5233 Gennadius
3363 5157 3421 5211 de
3438 5147 3679 5233 ecclesias};

2228 5205 2805 5298 eierogmatili’ususub
2840 5205 3253 5288 nomiﬁJQJiCn
3279 5220 3516 5298 Augustini
3541 5205 3677 5298 ξλιξὲ

2227 5273 2610 5375 ςριιίεἰυροιθει
2641 5301 2867 5375 ουνωὴὶο
2909 5273 3673 5375 ευξῶτωίιῃνοηγωξῖξν,εξ-9³22

2227 5354 2415 5441 Magno
2434 5354 2671 5441 coaevus,
2706 5354 2938 5429 afﬁrmet
2953 5354 2961 5356 ⁷
2979 5354 3118 5426 hunc
3140 5354 3392 5441 Vcennadii
3413 5354 3418 5357 ⁷
3428 5354 3675 5441 ρίὺτξιξξζῇ

2225 5422 2412 5514 orbein
2452 5422 2764 5514 universum
2788 5422 3127 5497 εἰῇ-ὀὴ]ιῖίῖὐέ
3153 5422 3341 5514 recipi,
3362 5422 3673 5514 (ιιιὶἢξξξηξξξξξξ

2225 5506 2278 5580 in
2315 5491 3169 5580 collectionibuﬁsﬁcaiionuirirqum
3190 5491 3538 5580 ζῇἧόιεῖηροτίδ
3556 5491 3654 5557 Pons

2225 5576 2419 5632 simum
2446 5578 2711 5648 vigebant,
2743 5578 2976 5636 insertus
3000 5576 3169 5637 fuerit.
3193 5577 3467 5633 ZACAGNIUS-

3342 5654 3381 5677 σο
