4020 6170
326 343 461 400 1585

1628 345 1789 412 QUID
1830 347 1933 402 SIT
1972 348 2267 404 CEROMA.

3424 358 3559 412 1536

323 457 552 527 iniquis?
590 473 607 506 ι
632 454 766 522 Quia
809 470 946 520 esse,
998 456 1241 525 inquiens
1276 458 1345 512 ad
1376 459 1690 527 prmdictum
1721 461 1883 514 collo-
1911 468 1959 522 Λ
1991 446 2279 515 thalamum
2310 462 2363 517 in
2400 462 2658 518 columba:
2699 465 2877 532 specie
2918 462 3197 531 perducta.
3240 465 3381 521 Idem
3416 474 3558 537 quod

322 556 561 602 cutorem
586 559 763 608 suum,
791 553 1099 599 sanctorum
1127 546 1334 601 animas
1361 547 1415 601 in
1442 548 1580 603 coelo
1606 550 1746 605 sacri
1780 550 1890 604 elo—

320 635 431 706 quii
474 633 839 690 satisfactione
872 636 1172 709 credidisti,
1218 647 1428 709 oportet
1470 649 1532 695 ut
1574 657 1670 712 per
1710 645 1890 697 omnia

320 741 438 782 esse
459 727 646 781 credas
671 734 727 779 et
754 726 1057 795 iniquorum
1079 729 1286 785 animas
1314 731 1368 784 in
1393 731 1636 799 inferno;
1673 735 1798 804 quia
1823 752 1890 791 ex

323 815 678 871 retributione
723 818 947 871 internae
989 818 1232 889 justitize,
1264 834 1328 875 ex
1353 836 1460 891 qua
1481 822 1617 891 justi
1651 825 1887 895 glorian-

324 915 428 970 tur,
464 921 687 962 necesse
715 916 799 963 est
821 923 918 978 per
944 909 1123 963 omnia
1150 919 1209 964 ut
1251 917 1306 965 et
1349 909 1533 980 injusti
1560 914 1886 969 crucientur.

322 993 458 1048 Nam
488 995 627 1049 sicut
667 994 867 1050 electos
890 996 1163 1052 beatitudo
1206 997 1457 1062 laetiﬁcat,
1504 1000 1575 1053 ita
1616 1002 1760 1055 credi
1791 1018 1886 1056 ne-

324 1101 475 1142 cesse
516 1092 598 1141 est
637 1084 778 1155 quod
812 1102 843 1140 a
875 1085 963 1141 die
997 1087 1175 1142 exitus
1207 1089 1288 1143 sui
1317 1089 1454 1159 ignis
1479 1092 1735 1160 reprobos
1757 1104 1890 1145 exu-

323 1187 426 1233 rat.
456 1199 474 1231 ι
516 1179 646 1244 Quae
688 1174 942 1233 nimirum
986 1187 1178 1235 cuncta
1213 1181 1351 1235 idem
1387 1183 1765 1238 veracissimus
1790 1186 1887 1238 do—

322 1279 440 1325 ctor
463 1285 569 1323 non
610 1269 784 1324 solum
826 1271 1115 1324 verborum
1154 1273 1451 1335 sententiis,
1500 1289 1684 1329 verum
1728 1276 1888 1329 etiam

322 1375 503 1413 rerum
527 1359 758 1414 ostendit
781 1359 1057 1428 exemplis.
1084 1359 1227 1415 Idem
1253 1371 1401 1416 certe
1427 1363 1481 1416 in
1508 1363 1729 1432 praefato
1753 1365 1891 1420 libro

326 1448 581 1511 narravit,
629 1448 771 1517 quod
818 1449 995 1502 anima
1035 1447 1285 1504 Germani
1325 1451 1557 1521 episcopi
1596 1452 1650 1506 in
1679 1454 1889 1522 sphzera

326 1539 480 1610 ignea
502 1539 570 1593 ab
595 1539 798 1610 angelis
827 1539 988 1593 fuerit
1016 1539 1069 1593 in
1096 1540 1289 1595 cmlum
1315 1541 1541 1595 sublata.
1574 1542 1714 1596 Idem
1750 1543 1890 1611 quod

326 1627 494 1683 sancti
524 1627 793 1682 Benedicti
830 1642 927 1696 per
956 1629 1097 1682 viam
1137 1628 1314 1697 palliis
1357 1637 1579 1684 stratam
1607 1630 1674 1683 ad
1701 1645 1888 1699 supcr-

326 1733 451 1770 nam
495 1717 764 1788 regionem
804 1718 1081 1787 perducta.
1126 1719 1269 1774 Idem
1313 1720 1455 1788 quod
1483 1720 1679 1774 servuli
1712 1720 1893 1789 hospi-

1991 551 2313 605 venerabilis
2358 551 2597 607 Romulae
2644 554 2710 608 ad
2742 567 3029 623 perennem
3057 556 3222 611 vitam
3255 559 3563 618 cmlestibus

1988 642 2257 711 exsequiis
2281 652 2577 712 assumpta.
2606 643 2749 698 Idem
2780 659 2995 714 quoque
3019 645 3153 700 dixit
3177 649 3320 715 quod
3340 650 3562 719 spiritus

1989 730 2273 787 Gordianu:
2306 733 2483 787 amita:
2504 732 2619 801 ejus
2644 734 2904 803 gehenme
2932 734 3194 805 incendiis
3226 735 3388 792 fuerit
3412 753 3563 795 man-

1989 821 2216 889 cipatus.
2264 820 2416 887 Quod
2459 821 2828 876 Hilliricianus
2851 823 3149 878 monachus
3171 824 3240 879 ad
3269 824 3561 881 inferorum

1989 912 2103 965 loca
2146 912 2420 974 deductus,
2468 910 2627 979 hujus
2668 911 2847 966 saeculi
2878 920 3126 980 potentes
3166 927 3231 967 ac
3266 914 3460 970 divites
3506 916 3561 970 in

1991 1002 2165 1055 medio
2190 1001 2528 1054 flammarum
2572 1001 2767 1054 viderit
2811 1016 3120 1071 suspensos.
3167 1000 3393 1070 Sufﬁcit,
3434 1006 3565 1060 satis

1990 1095 2091 1143 est.
2128 1088 2259 1155 Quis
2298 1088 2536 1141 ﬁdelium
2576 1088 2640 1141 de
2683 1088 2785 1142 hac
2829 1103 2890 1142 re
2922 1088 3059 1142 ultra
3090 1089 3335 1143 dubitare
3355 1094 3563 1159 potest?

1992 1179 2216 1231 Multum
2262 1178 2486 1232 idoneus
2517 1187 2572 1231 et
2607 1178 2707 1231 iste
2735 1178 2885 1232 testis
2914 1186 3016 1243 est,
3048 1187 3234 1233 contra
3261 1179 3415 1248 cujus
3442 1196 3564 1235 sen-

1992 1268 2189 1322 tentias
2210 1268 2290 1321 ire
2324 1266 2477 1322 nefas
2505 1275 2608 1321 est.
2635 1266 2976 1337 Quapropter
2999 1267 3302 1323 admonitos
3329 1285 3424 1323 vos
3445 1284 3564 1325 esse

1992 1357 2133 1422 volo,
2169 1372 2518 1428 quoscunque
2564 1357 2997 1426 imperitissimus
3038 1357 3127 1412 ille
3168 1360 3568 1415 mendaciorum

1994 1448 2326 1504 anfractibus
2353 1465 2385 1503 a
2409 1450 2617 1504 caelesti
2646 1449 2910 1519 sapientia
2956 1449 3173 1504 deviare
3211 1458 3437 1507 conatus
3462 1460 3567 1518 est,

1995 1549 2053 1593 ut
2074 1540 2143 1594 ad
2162 1541 2497 1611 procinctum
2528 1540 2653 1595 fidei
2690 1540 2970 1595 tendentes
3002 1554 3109 1595 non
3147 1555 3344 1608 quasso
3372 1556 3570 1595 ranun-

1993 1632 2099 1687 culi
2128 1632 2359 1688 stridore
2386 1649 2416 1686 a
2442 1641 2621 1701 empto
2666 1631 2859 1686 itinere
2903 1629 3211 1695 deviemini,
3258 1631 3351 1686 sed
3378 1631 3558 1686 claris.

1994 1723 2129 1778 sime
2168 1731 2509 1778 resonantem
2548 1736 2794 1791 supernae
2827 1722 3063 1777 civitatis
3096 1725 3236 1779 tubae
3265 1722 3569 1792 clangorem

328 1808 449 1862 talis
483 1807 764 1879 paralytici
816 1809 885 1863 ab
938 1808 1164 1863 internis
1206 1808 1463 1865 cmlorum
1509 1809 1755 1864 laudibus
1796 1823 1890 1862 su-
1921 1795 1969 1855 Β
1999 1814 2317 1883 sequamini.
2368 1813 2493 1868 Haec
2540 1822 2625 1868 est
2674 1827 2790 1866 mea
2838 1828 2935 1882 pro
2962 1814 3113 1868 vobis
3165 1813 3231 1866 ad
3273 1811 3439 1865 Deum
3481 1811 3573 1865 de-

328 1906 528 1967 srcpta,
548 1912 610 1952 ac
635 1911 796 1966 super
834 1897 1126 1953 altissimos
1165 1911 1351 1952 eorum
1391 1898 1637 1953 cardines
1681 1906 1886 1953 evecta.

330 1987 471 2041 Idem
499 1988 638 2057 quod
664 2002 829 2042 sacra:
868 1988 1090 2059 virginis
1123 1986 1468 2045 Scholastica:
1503 1989 1569 2044 ad
1594 1990 1888 2044 mtliereum

2000 1904 2259 1973 precatio,
2286 1903 2400 1958 hmo
2432 1902 2594 1957 etiam
2632 1902 2699 1956 ad
2727 1917 2823 1957 vos
2848 1917 2966 1957 mea
2995 1901 3267 1957 salutatio.
3298 1900 3488 1955 Amen.

1829 2256 2017 2364 ν.

1409 2454 1905 2533 EPISTOLA
1955 2448 2511 2535 CUJUSDAM.

1630 2602 1793 2670 QL'ID
1828 2600 1933 2655 SIT
1970 2598 2271 2657 CEROMA.

1461 2736 1555 2799 (lix
1582 2736 1711 2786 libro
1740 2748 1785 2785 iv
1810 2734 2233 2787 Hiscellaneorum
2251 2737 2467 2801 Baluzii.)

1775 2870 1825 2883 -.

408 2979 857 3053 Qumsliunculam
906 2976 1035 3031 mihi
1072 2976 1250 3031 datam
1299 2992 1328 3029 a
1381 2985 1559 3031 vestra
1610 2977 1907 3032 reverentia

1832 2870 2101 2883 ———

2014 2978 2128 3033 beri
2154 2992 2184 3031 a
2209 2976 2544 3039 mortalibus,
2579 2982 2638 3028 ut
2667 2973 2766 3027 sub
2787 2972 3023 3055 .olutcntu
3052 2972 3268 3042 pietatis
3293 2982 3346 3027 et
3372 2973 3580 3046 religio-

341 3076 427 3130 his
462 3074 649 3127 diebus
690 3068 866 3123 attulit
906 3065 1192 3121 familiaris
1235 3075 1419 3121 noster
1457 3066 1686 3131 Fredilo,
1716 3067 1770 3122 in
1805 3083 1910 3137 qua
1941 3056 1983 3115 C
2014 3068 2099 3123 nis
2142 3068 2459 3122 miserorum
2503 3065 2710 3119 animas
2743 3062 2796 3117 in
2833 3079 2987 3118 suum
3037 3061 3128 3131 jus
3164 3064 3579 3122 transfunderet.

341 3165 715 3236 requirebatur
738 3161 867 3231 quid
886 3159 1102 3231 proprie
1125 3159 1227 3214 viri
1251 3175 1358 3215 non
1387 3160 1684 3216 incelebres
1710 3160 1913 3217 intelle-

344 3259 520 3313 xerint
551 3270 672 3311 esse
694 3269 930 3309 ceroma.
966 3252 1025 3307 Id
1048 3253 1270 3315 verbum
1303 3250 1475 3307 fertur
1511 3254 1566 3308 in
1605 3254 1916 3310 auctoribus

346 3351 696 3421 ingenuarum
735 3345 931 3400 artium
971 3344 1265 3415 disciplinae
1289 3358 1629 3415 summopere
1652 3345 1912 3414 praeditis,

348 3452 555 3495 necnon
578 3444 635 3491 et
657 3435 797 3505 apud
833 3442 1049 3490 nostros
1079 3434 1171 3505 qui
1193 3435 1425 3504 palmam
1455 3434 1685 3490 Romani
1715 3433 1913 3503 eloquii

350 3544 448 3584 suo
474 3526 669 3583 saeculo
696 3530 1028 3580 meruerunt.
1053 3522 1306 3590 Quamvis
1326 3523 1487 3593 igitur
1511 3536 1708 3590 pueros
1735 3529 1791 3575 et
1816 3522 1915 3574 im-

347 3620 565 3676 becilles
602 3633 702 3674 nos
729 3616 971 3685 judicent
1010 3614 1087 3669 illi
1121 3614 1212 3682 qui
1248 3627 1443 3667 nervos
1464 3620 1520 3665 et
1544 3611 1803 3666 medullas
1839 3611 1916 3679 ip-

348 3723 595 3777 sumque,
616 3714 676 3760 ut
697 3705 910 3768 dicitur,
951 3703 1265 3773 sanguinem
1295 3715 1361 3755 ex
1392 3701 1546 3757 libris
1570 3699 1913 3769 antiquorum

348 3798 588 3861 eliciunt,
613 3792 1001 3849 sententiarum
1036 3790 1213 3860 potius
1246 3789 1580 3845 altitudinem
1608 3803 1767 3858 quam
1794 3804 1915 3842 ver-

347 3891 539 3946 borum
569 3885 926 3942 humilitatem
956 3890 1357 3953 persequentes,
1387 3880 1542 3935 nobis
1568 3888 1746 3934 tamen
1769 3894 1916 3933 com-

348 3988 538 4048 petens
577 3975 750 4045 magis
791 3973 1005 4027 videtur
1025 3987 1053 4025 a
1075 3970 1262 4041 primis
1289 3970 1355 4025 ad
1383 3969 1615 4025 secunda
1653 3984 1914 4024 conscen-

352 4071 478 4126 dere
499 4084 681 4139 quam,
707 4065 897 4136 primis
920 4063 1196 4135 neglectis,
1224 4071 1426 4117 temere
1448 4062 1515 4116 ad
1536 4060 1768 4116 secunda
1791 4074 1916 4128 pro.

349 4163 546 4231 ripere.
575 4159 709 4215 Cum
729 4157 871 4213 enim
895 4155 1066 4210 virtus
1088 4153 1407 4223 eloquentiae
1428 4153 1711 4207 verborum
1739 4151 1918 4220 splen-

352 4254 480 4308 dore
514 4259 568 4307 et
602 4249 987 4306 sententiarum
1029 4245 1289 4317 gravitate
1319 4242 1598 4307 formetur,
1628 4240 1914 4295 verborum

351 4342 513 4398 decor
538 4342 769 4411 primum
796 4346 879 4394 est
905 4335 1252 4407 appetendus,
1298 4342 1412 4389 tum
1442 4335 1656 4389 demum
1702 4342 1915 4388 senten-

2010 3156 2151 3227 Ergo
2198 3154 2508 3225 principalis
2557 3153 2751 3216 ludus,
2796 3167 2954 3211 quem
2997 3152 3301 3221 gymnicum
3351 3154 3582 3211 diximus

2011 3245 2195 3310 fuisse,
2220 3243 2520 3300 velocitatis
2542 3257 2605 3296 ac
2626 3241 2817 3295 virium
2847 3239 3011 3310 gloria
3037 3241 3336 3295 constabat.
3362 3242 3411 3296 Is
3434 3238 3583 3298 locu‘s

2012 3337 2103 3390 ubi
2125 3336 2536 3396 exercebantur,
2568 3329 2921 3402 gymnasium,
2957 3336 3011 3383 et
3033 3328 3088 3382 hi
3117 3329 3209 3397 qui
3234 3331 3578 3395 exercebant,

2012 3423 2224 3477 athleta:
2250 3422 2595 3476 vocabantur.
2630 3417 2839 3473 Genera
2879 3425 3058 3472 autem
3097 3419 3329 3488 gymnici
3358 3421 3465 3476 ludi
3490 3434 3583 3476 ex-

2012 3513 2213 3568 stitisse
2250 3512 2553 3575 traduntur,
2596 3524 2810 3573 cursus,
2853 3509 3040 3573 saltus,
3073 3508 3271 3578 jactus,
3304 3512 3496 3578 virtus,
3530 3522 3584 3568 et

2012 3604 2253 3659 luctatio.
2311 3603 2416 3657 Sed
2466 3602 2592 3670 quia
2636 3601 2819 3671 priore
2866 3609 3108 3670 tempore
3167 3602 3325 3657 cincti
3373 3605 3586 3661 athletae

2012 3693 2421 3755 exercebantur,
2458 3706 2558 3745 nec
2598 3690 2933 3745 nudarentur
2959 3705 3237 3760 quousque
3262 3693 3479 3760 quidam
3502 3710 3587 3750 rcu-

2014 3782 2178 3837 misso
2234 3780 2446 3851 cingulo
2503 3786 2808 3849 prostratus
2856 3780 3305 3847 exanimatusque
3356 3781 3409 3834 in
3461 3781 3587 3838 ludo

2014 3869 2282 3937 apparuit,
2330 3868 2454 3922 inde
2497 3876 2622 3921 nata
2659 3867 2855 3922 dicitur
2882 3868 3211 3923 consuetudo
3247 3877 3305 3922 ut
3338 3870 3588 3941 deinceps

2005 3956 2233 4025 juvenes
2272 3957 2399 4011 nudi
2443 3966 2828 4012 exercerentur
2870 3957 3193 4026 eapistribus
3233 3957 3285 4011 in
3318 3969 3473 4028 parte
3501 3979 3589 4015 cc-

2017 4048 2172 4101 landa
2207 4048 2447 4117 corporis
2478 4047 2754 4102 succincti.
2796 4047 3041 4110 Atliletze.
3065 4056 3240 4102 autem
3283 4048 3468 4105 Grmca
3497 4066 3589 4119 ap-

2014 4138 2300 4207 pellatione
2339 4154 2368 4192 a
2411 4138 2638 4193 laterum
2686 4138 2965 4207 complexu
3000 4147 3054 4192 et
3100 4140 3478 4195 commissione
3511 4141 3589 4194 di-

2015 4240 2228 4294 cuntur,
2257 4231 2348 4299 qui
2381 4231 2625 4286 cominus
2661 4231 2998 4285 decertantes
3045 4230 3224 4284 adnixi
3272 4230 3585 4298 persistunt,

2016 4336 2084 4375 ne
2113 4321 2249 4375 alter
2272 4321 2502 4374 alterum
2542 4334 2862 4389 quocunque
2902 4334 3033 4373 casu
3079 4319 3288 4373 falleret
3326 4328 3418 4372 aut
3464 4325 3584 4371 astu

353 4433 548 4486 tiarum
579 4432 743 4487 robur
774 4439 829 4485 et
861 4428 951 4481 lux
989 4427 1176 4481 intima
1217 4433 1299 4480 est
1336 4424 1674 4493 requirenda.
1711 4422 1906 4490 Quam-

2019 4409 2317 4481 impediret,
2351 4419 2612 4477 peruncto
2645 4421 2871 4475 corpore
2907 4405 3009 4461 olei
3036 4403 3354 4474 liquamine;
3384 4404 3586 4459 exerci-

354 4526 537 4580 obrem
566 4525 744 4579 lumen
775 4531 830 4578 et
859 4536 1047 4577 sensus
1077 4520 1300 4576 dilectus
1332 4520 1617 4575 verborum
1645 4532 1856 4587 semper
1883 4532 1915 4570 a

353 4614 609 4669 studiosis
643 4623 725 4669 est
766 4612 1059 4676 habendus,
1090 4625 1157 4665 ne
1185 4609 1378 4665 violata
1417 4609 1796 4679 magistrorum
1833 4622 1917 4663 re-

357 4703 476 4774 gula
499 4705 718 4759 confusa
739 4714 793 4759 et
813 4704 1110 4759 inordinata
1133 4701 1450 4757 eommentia
1472 4716 1591 4769 qua:
1613 4700 1775 4755 tradit
1794 4714 1919 4769 pro-

356 4800 584 4859 rumpat.
608 4792 733 4847 Haec
752 4793 967 4860 quidem
986 4790 1303 4862 generaliter
1331 4790 1536 4859 prolata
1564 4788 1918 4844 inconsultam

357 4881 943 4950 extraordinariamque
961 4880 1426 4950 praesumptionem
1447 4877 1744 4933 confutant.
1768 4876 1920 4932 Nunc

357 4970 640 5041 specialem
658 4955 985 5038 hujus‘verbi
1013 4971 1304 5025 habeamus
1323 4966 1823 5023 considerationem.
1852 4967 1922 5022 Et

357 5070 416 5117 ut
437 5060 735 5117 evidentior
755 5061 841 5114 via
864 5075 922 5114 se
943 5060 1012 5114 ad
1032 5061 1134 5113 hoc
1153 5057 1498 5113 astruendum
1510 5056 1736 5125 aperiat,
1760 5055 1922 5110 altius

359 5151 612 5222 quiddam
639 5163 833 5205 censeo
862 5148 1230 5218 repetendum.

425 5241 561 5297 Ludi
607 5241 699 5310 qui
747 5239 934 5294 diebus
983 5237 1136 5293 festis
1179 5252 1341 5292 causa
1379 5235 1655 5307 religionis
1688 5237 1756 5292 ad
1783 5237 1925 5292 dele-

357 5332 608 5389 ctandum
630 5329 883 5400 populum
911 5344 941 5383 a
961 5326 1246 5396 juvenibus
1271 5328 1583 5397 agebantur,
1619 5332 1674 5381 et
1694 5341 1924 5395 quorum

357 5436 521 5478 causa
564 5419 871 5490 spectacula
898 5416 1048 5471 vario
1072 5431 1265 5484 genere
1302 5416 1498 5486 popqu
1540 5415 1926 5484 permitteban-

359 5522 466 5579 tur,
498 5517 590 5566 aut
612 5508 866 5581 gymnici,
894 5514 988 5561 aut
1012 5492 1336 5575 gladiatorii,
1374 5514 1467 5560 aut
1513 5504 1802 5569 circenses,
1832 5513 1926 5560 aut

360 5602 571 5658 semuici
620 5600 1071 5663 nominabantur;
1118 5612 1255 5665 quos
1308 5604 1490 5652 tamen
1536 5597 1637 5651 sibi
1682 5596 1928 5651 diabolus

362 5696 457 5749 sub
480 5694 816 5750 invocatione
842 5693 1083 5754 deorum,
1120 5690 1226 5744 imo
1260 5689 1558 5743 daemonum
1584 5688 1753 5742 voluit
1777 5688 1927 5741 exhi-

755 5803 1020 5862 Ριτιιοι..
1067 5796 1289 5859 XCVI.

2017 4500 2148 4555 tatio
2193 4513 2313 4567 quae
2350 4497 2609 4568 agebatur
2643 4495 2859 4566 proprie
2886 4509 3100 4549 ceroma
3134 4502 3376 4549 vocatur.
3413 4493 3589 4549 Locus

2017 4579 2195 4645 autem
2223 4590 2520 4644 destinatus
2553 4587 2831 4642 luctationi
2854 4586 3102 4655 palaestra
3129 4588 3451 4651 vocabatur;
3494 4586 3586 4656 qui

2019 4678 2142 4732 inde
2170 4678 2334 4732 trahit
2362 4677 2763 4747 etymologiam,
2786 4676 2921 4730 vela
2950 4676 3254 4738 luctatione,
3283 4676 3414 4731 vela
3438 4689 3583 4732 metu

2018 4784 2183 4833 urnae,
2217 4768 2271 4823 id
2297 4776 2399 4833 est,
2425 4768 2608 4832 sortis,
2650 4782 2715 4822 eo
2755 4767 2898 4836 quod
2944 4766 3011 4821 ad
3054 4766 3352 4836 palmstram
3397 4769 3588 4823 sortito

2019 4859 2348 4930 digerentur.
2401 4858 2495 4912 Est
2546 4872 2676 4927 ergo
2725 4871 2913 4912 sensus
2963 4857 3270 4926 proverbii:
3298 4856 3485 4912 Oleum
3533 4864 3587 4910 et

2020 4953 2288 5022 impensas
2326 4951 2501 5019 perdit
2542 4949 2633 5019 qui
2668 4948 2831 5002 mittit
2863 4948 3026 5002 boves
3065 4948 3130 5001 ad
3165 4961 3406 5013 ceroma;
3444 4946 3587 5015 quod

2022 5045 2161 5100 sicut
2186 5043 2435 5098 stolidum
2472 5049 2525 5096 et
2565 5042 2784 5096 brutum
2821 5039 3036 5103 animal,
3072 5053 3375 5107 quanquam
3421 5038 3586 5091 robu-

2023 5144 2165 5192 stum
2193 5144 2247 5190 et
2275 5140 2540 5203 vegetum,
2578 5139 2759 5185 tamen
2787 5129 3065 5199 exquisitae
3108 5128 3213 5181 arti
3247 5136 3330 5181 est
3360 5125 3587 5192 inutilis,

2023 5242 2142 5297 qua:
2169 5242 2275 5283 non
2304 5233 2507 5279 tantum
2545 5222 2764 5286 viribus,
2798 5221 2892 5275 sed
2919 5221 3081 5274 etiam
3112 5218 3406 5274 subtilitate
3429 5224 3483 5271 et
3510 5217 3590 5271 in-

2024 5318 2180 5389 genio
2207 5324 2423 5387 propter
2464 5314 2786 5368 lacertorum
2826 5311 3287 5381 complicationem
3328 5306 3587 5363 multifor-

2025 5424 2166 5463 mem
2198 5407 2393 5477 agitur.
2429 5404 2636 5473 Quippe
2665 5418 2787 5458 cum
2816 5403 2925 5456 sint
2949 5402 3135 5456 eadem
3168 5398 3418 5453 animalia
3451 5396 3587 5452 vasti

2027 5500 2291 5570 corporis,
2318 5514 2381 5553 ac
2402 5507 2686 5566 propterea
2719 5509 3058 5564 nequaquam
3090 5492 3332 5549 scaenicis
3355 5491 3590 5547 motibus

2026 5592 2236 5650 idonea,
2268 5587 2478 5643 etiamsi
2504 5600 2652 5641 more
2678 5585 2998 5640 athletarum
3035 5584 3114 5638 eis
3146 5581 3454 5652 perfricatio
3493 5579 3588 5632 ad-

2028 5685 2266 5745 deretur,
2290 5680 2360 5733 ita
2389 5678 2463 5733 illi
2500 5679 2700 5733 inertes
2726 5675 3033 5745 iudicantur
3060 5675 3150 5743 qni
3179 5690 3207 5727 a
3237 5674 3423 5743 primis
3454 5684 3583 5740 pue-

3073 5784 3144 5842 (ιῶ
