4004 6172
381 309 512 363 ίῦἒὋ

1212 293 1572 351 APPARITIO
1610 293 1667 345 S.
1710 285 2072 345 MICIIAELIS
2111 284 2176 338 IN
2217 283 2448 337 MONTE
2486 282 2738 337 TUMBA.

3466 277 3599 333 1590

370 422 511 474 istuc
544 398 925 469 inducerentur
973 410 1255 471 monachi,
1287 410 1388 462 hoc
1438 414 1522 460 est
1568 412 1690 457 ante
1737 415 1936 474 annum
1965 406 2012 462 Α
2040 395 2441 466 plenitudinem.
2465 407 2587 446 cum
2614 389 3064 460 appropinquaret
3093 397 3302 456 tempus
3325 387 3603 443 desolatio-

371 469 506 543 ὦῶ.-
536 487 602 540 Ει
634 486 849 553 quidem
895 483 1060 553 codex
1112 469 1319 553 noster;
1342 476 1525 553 Sancti
1555 469 1934 553 Cermanensis

371 542 593 631 quousi
617 542 839 631 sumus.
887 552 1118 631 scriptus
1152 547 1278 631 fuit"
1294 547 1447 614 jussu
1478 542 1758 631 .A'tlra‘ldi,'
1793 554 1935 631 anno

375 610 511 681 I060
548 625 757 678 abbatis
782 610 1013 676 etrnobii
1043 617 1212 673 sancti
1240 610 1492 669 Germani
1523 613 1587 666 de
1616 610 1819 681 Pratis,
1856 610 1934 660 uti

375 680 577 749 faciunt
617 694 771 746 tidem
805 691 858 744 hi
905 704 1091 743 versus
1133 688 1201 741 ab
1236 684 1511 755 Ingelardo
1549 680 1810 735 monacho
1841 692 1934 729 ex-

372 768 634 831 scriptore
660 760 862 815 exarati
888 773 903 812 :

490 869 695 919 Abhatis
710 866 866 915 domni
890 871 1009 914 nutu
1036 863 1276 925 probitate
1301 861 1466 909 decori

491 917 708 988 Adraldi,
736 928 998 977 metuebas
1014 917 1208 986 quidam
1236 925 1366 983 prior
1388 928 1493 970 arte
1516 917 1784 971 modestus.

492 990 652 1038 Libris
685 992 916 1047 intentus,
944 989 1113 1035 horum
1137 991 1387 1044 reparator
1412 991 1633 1047 amrenus

491 1052 751 1109 Sigwinus,
775 1043 918 1097 scribi
943 1048 1118 1095 librum
1141 1043 1441 1109 princeperat
1466 1043 1632 1109 istum_._
1657 1101 1685 1109 _4
1712 1052 1717 1057 '

493 1101 649 1171 056m
669 1112 711 1158 si
733 1101 844 1171 quis
866 1109 1056 1171 tulerit,
1082 1101 1366 1171 malelfictus
1391 1102 1487 1171 line
1512 1101 1713 1171 peribit.

492 1164 631 1222 ﬁunc
652 1164 936 1234 lagelardus
957 1164 1204 1218 decoravit
1226 1167 1430 1227 scriptor
1448 1164 1698 1211 honestus.

371 1280 570 1333 Przeter
620 1276 759 1330 hanc
807 1270 1059 1342 anonymi
1088 1269 1554 1342 lucubrationem,
1604 1269 1685 1318 est
1733 1270 1787 1315 et

370 1330 602 1415 ejusdem
652 1330 980 1415 argumenti"
990 1340 1216 1415 scriptio
1241 1338 1301 1415 _in
1327 1330 1674 1415 bibliotheca
1701 1330 1932 1387 C(BllOblI

370 1356 602 1415 ejusdem
652 1356 952 1414 argumenti
995 1356 1099 1394 SCl‘l
1145 1356 1216 1392 tto
1248 1356 1301 1390 tn
1348 1356 1669 1391 ntuuotneca
1701 1356 1727 1385 c

369 1417 538 1473 sancti
566 1414 858 1478 Michaelis,
895 1356 1213 1481 quibuscfam
1240 1407 1371 1460 locis
1397 1403 1730 1473 interpolata.

1040 1537 1284 1595 INCIPIT

498 1660 605 1719 DE
649 1650 1186 1717 APPARITIONE
1234 1649 1297 1708 S.
1345 1642 1801 1706 MICHAELIS.

879 1771 1105 1830 CAPUT
1142 1766 1432 1824 PRIMUM.

370 1893 635 1953 Regnante
661 1886 984 1942 Childeberto
1015 1900 1129 1953 rege
1155 1889 1367 1953 apparet
1391 1886 1604 1953 sanctus
1632 1871 1859 1953 icbael
1880 1872 1936 1925 in

438 1910 445 1941 9
480 1910 635 1945 name
661 1910 984 1942 unuaeoerw
1015 1910 1128 1953 rege
1155 1910 1184 1935 α
1223 1910 1366 1952 putet
1391 1910 1601 1933 οιυιιιαο
1632 1910 1858 1929 mnuum
1880 1910 1936 1925 ...

438 1910 632 2024 gallie,
682 1957 975 2027 Synagogw
1023 1910 1306 2023 quoniam,
1363 1963 1502 2005 nunc
1557 1944 1807 1999 Ecclesia:
1844 1959 1936 2012 pa-

436 2042 454 2084 8
462 2045 637 2085 roum.

436 2119 723 2187 Postquam
745 2130 876 2187 gens
901 2114 1233 2168 Francorum
1257 2106 1461 2166 Christi
1487 2105 1659 2177 gratia
1684 2102 1938 2173 insignita

365 2211 520 2278 longe
564 2207 777 2274 lateque
822 2204 1056 2272 undique
1101 2216 1202 2270 per
1232 2196 1540 2269 provincias
1585 2193 1939 2263 superborum

364 2299 500 2354 colla
548 2295 960 2367 perdomuisset,
1006 2290 1352 2347 Childeberto
1400 2300 1528 2356 rege
1568 2281 1937 2339 monarchiam

366 2390 532 2446 totius
573 2386 809 2444 occidua:
836 2393 890 2439 et
928 2380 1331 2453 septentrionis,
1365 2391 1573 2433 necnon
1613 2383 1669 2429 et
1694 2372 1938 2428 meridiei

363 2482 536 2553 partis
583 2486 802 2535 strenue
848 2466 1201 2548 gubernante,
1238 2471 1363 2541 quia
1407 2468 1749 2536 omnipotens
1797 2464 1941 2518 Deus

368 2587 474 2625 non
514 2569 684 2625 solum
732 2568 787 2623 in
832 2566 1083 2621 omnibus
1123 2562 1395 2634 gentibus,
1432 2574 1620 2613 verum
1672 2556 1833 2611 etiam
1885 2554 1940 2609 in

366 2663 617 2716 omnibus
664 2658 847 2714 mundi
894 2671 1056 2727 quem
1080 2655 1194 2724 ipse
1225 2653 1350 2708 fecit
1390 2649 1752 2717 subiectorum
1777 2646 1937 2716 spiri-

368 2765 519 2809 tuum
540 2752 786 2823 partibus
812 2750 1176 2820 principatur;
1204 2747 1396 2801 beatus
1422 2740 1776 2811 archangelus
1803 2753 1941 2792 unus

366 2862 434 2902 ex
458 2855 661 2916 septem
684 2843 735 2897 in
758 2848 1049 2910 conspectu
1076 2835 1287 2892 Domini
1315 2848 1528 2903 semper
1546 2830 1937 2891 assistentibus,

368 2940 460 3009 qui
491 2939 653 2992 etiam
680 2943 734 2992 et
761 2934 999 3005 paradisi
1033 2930 1348 3003 prmpositus
1375 2929 1700 2983 salvatorum
1732 2926 1941 2979 animas

368 3031 422 3084 in
445 3028 594 3100 pacis
619 3027 835 3097 regione
860 3024 1218 3079 collocaturus
1241 3020 1457 3090 legitur,
1485 3026 1608 3088 post
1631 3031 1750 3071 eam
1773 3015 1941 3069 mani-

370 3119 707 3175 festationem
757 3131 860 3185 qua
888 3130 946 3170 se
970 3116 1023 3168 in
1053 3126 1078 3154 ιι
1113 3119 1297 3166 monte
1322 3110 1573 3180 Gargano
1612 3107 1680 3161 ad
1707 3108 1938 3161 adoran-

368 3210 499 3264 dum
527 3222 591 3261 ac
636 3204 1043 3276 gloriﬁcandum
1085 3199 1355 3271 quomodo
1395 3206 1448 3253 et
1475 3197 1707 3267 qualiter
1750 3195 1937 3259 voluit,

368 3297 510 3352 sicut
536 3295 591 3349 in
619 3294 836 3363 scriptis
865 3293 1111 3357 habetur,
1141 3288 1410 3353 ostendit;
1443 3287 1551 3351 his,
1591 3292 1651 3339 ut
1691 3297 1938 3351 compre-

369 3388 597 3442 hensum
639 3394 743 3450 est,
776 3399 873 3454 per
896 3384 1109 3438 beatum
1142 3366 1523 3449 archangelum
1550 3374 1796 3445 patratis,
1822 3372 1942 3426 illu-

371 3477 590 3532 minatis
613 3475 814 3531 Christi
845 3474 1017 3546 gratia
1045 3472 1254 3528 cunctis
1281 3471 1560 3540 gentibus,
1589 3468 1643 3521 in
1668 3462 1943 3519 orientali-

371 3568 470 3623 bus
512 3565 789 3621 Romaniae
839 3564 1083 3634 partibus
1124 3561 1306 3631 accipe
1346 3559 1540 3628 quibus
1568 3572 1688 3612 sese
1732 3554 1943 3609 indiciis

370 3658 721 3714 manifestare
757 3657 897 3711 idem
912 3653 1257 3710 beatissimus
1269 3651 1517 3720 princeps
1531 3648 1727 3703 civium
1755 3659 1944 3715 super-

370 3762 563 3805 norum
588 3746 818 3803 voluerit
842 3744 1123 3816 prresulem
1153 3740 1563 3798 occidentalium
1584 3736 1902 3807 populorum
1926 3750 1940 3789 :

372 3849 431 3895 ut
451 3840 541 3909 qni
583 3838 853 3908 quondam
880 3836 1166 3892 benedicto
1206 3835 1258 3888 in
1284 3830 1608 3902 patriarchis
1631 3828 1828 3899 populo
1868 3829 1942 3882 ls-

372 3931 620 3985 raelitico
653 3927 979 3984 defensionis
1027 3925 1346 3981 attribuerat
1387 3937 1564 3993 opem,
1615 3921 1729 3990 ipse
1766 3927 1945 3974 custos

371 4020 629 4075 existeret
673 4034 735 4073 ac
762 4017 995 4087 pratvius
1030 4014 1237 4070 vocatis
1270 4012 1392 4067 liliis
1428 4026 1529 4081 per
1577 4010 1940 4079 adoptionem.

372 4110 618 4179 Namque
643 4108 840 4177 legitur
867 4108 920 4161 in
947 4106 1152 4162 visione
1179 4103 1413 4159 Danielis
1436 4102 1710 4171 propheta:
1738 4099 1945 4153 dicente

373 4200 549 4255 eidem
589 4199 780 4269 angelo
823 4216 837 4251 :
880 4198 1048 4251 Nemo
1084 4196 1158 4249 est
1184 4194 1399 4264 adjutor
1423 4208 1567 4245 meus
1608 4192 1664 4243 in
1709 4186 1945 4241 omnibus

374 4290 479 4353 his,
507 4290 607 4342 nisi
634 4287 857 4341 Micharl
879 4284 1219 4355 archangelus
1243 4285 1479 4354 princeps
1506 4289 1669 4335 vester
1692 4278 1850 4351 (Dan.
1882 4292 1943 4347 ,x,

1966 3077 2016 3141 Ο

2038 484 2122 538 nis
2146 482 2378 538 civitatis
2394 490 2448 535 et
2468 480 2647 548 templi
2675 494 2836 547 quam
2868 477 3116 531 Salvator
3138 491 3293 531 sacro
3317 485 3602 532 venturum

2035 573 2487 641 praenuntiaverat
2501 569 2715 637 eloquio
2736 582 2859 622 cum
2886 566 3012 619 lletu
3035 566 3401 631 humanitatis,
3425 567 3606 624 Eccle.

2035 663 2113 716 sia
2139 662 2280 731 apud
2304 659 2731 728 Hierosolymam
2776 655 2982 710 monitu
3006 654 3314 709 Divinitatis
3338 669 3436 724 per
3474 672 3602 710 eun-

2035 761 2183 806 ctum
2231 750 2417 805 orbem
2481 745 2732 816 gentibus
2782 743 3211 813 evangelizatura
3268 743 3602 798 diffunditur.

2035 843 2277 912 Cumque
2323 848 2679 909 congregatus
2703 836 2938 904 undique
2975 849 3041 888 ex
3072 834 3322 889 omnibus
3348 834 3479 889 locis
3510 851 3606 905 po-

2036 931 2194 1001 pulus
2233 928 2511 983 Paschalis
2554 924 2863 980 festivitatis
2901 922 3304 992 przestolaretur
3327 925 3488 989 diem,
3529 914 3633 979 sa-'

2039 1019 2346 1074 cerdotibus
2386 1016 2578 1071 'solitas
2629 1013 2885 1069 excubias
2936 1013 3349 1067 observantibus
3377 1053 3391 1077 ,
3446 1028 3605 1069 voces

2038 1107 2246 1161 subitas
2305 1104 2492 1174 vigiles
2548 1101 2753 1156 audivit
2807 1101 3047 1155 dicentes
3100 1119 3112 1153 :
3185 1101 3473 1170 Migremus
3538 1117 3607 1157 ex

2042 1197 2128 1251 his
2177 1195 2414 1250 sedibus.
2450 1194 2624 1248 Voces
2672 1206 2803 1245 vero
2840 1192 3016 1246 subito
3060 1206 3158 1261 per
3205 1192 3422 1261 angelos
3448 1192 3609 1247 emis-

2039 1303 2148 1353 sae,
2207 1300 2328 1354 qua:
2366 1284 2784 1339 cnuntiaverunt
2830 1282 3111 1337 beatorum
3173 1282 3459 1351 spirituum
3516 1282 3608 1337 de-

2038 1372 2456 1448 migrationem,
2513 1374 2815 1445 angelicum
2864 1373 3222 1427 ministerium
3271 1374 3611 1427 insinuarunt

2039 1472 2106 1526 ad
2135 1469 2430 1525 Ecclesiam
2456 1467 2694 1537 gentium
2721 1463 3172 1519 transferendum.
3200 1464 3278 1517 Ex
3308 1465 3500 1533 quibus
3523 1480 3612 1533 pa-

2038 1567 2214 1613 tenter
2254 1557 2560 1611 insinuatur
2600 1555 2743 1624 quod
2773 1555 2960 1608 beatus
3008 1551 3233 1606 Michael
3259 1554 3612 1623 archangelus

2039 1646 2401 1701 ministerium
2435 1643 2581 1714 quod
2609 1648 2926 1697 exercuerat
2949 1641 3002 1694 in
3032 1640 3128 1694 Dei
3153 1642 3423 1709 quondam
3448 1657 3613 1710 popu-

1968 1734 2013 1796 li
2046 1737 2175 1802 lum,
2210 1734 2458 1791 eumdem
2488 1733 2712 1788 sortitus
2740 1732 2810 1786 sit
2842 1729 2982 1801 apud
3009 1731 3249 1802 gentium
3274 1731 3609 1787 electionem.

2036 1826 2164 1881 Haec
2191 1827 2265 1880 ita
2292 1840 2411 1880 esse
2451 1824 2666 1880 devotio
2707 1823 2881 1878 credit
2915 1821 3151 1877 ﬁdelium
3187 1831 3406 1892 propter
3432 1833 3615 1878 osten—

2036 1920 2243 1975 sionem
2272 1919 2571 1990 signorum.
2605 1916 2803 1971 Notum
2825 1916 2967 1971 enim
2992 1930 3051 1969 se
3073 1914 3189 1969 ﬁeri
3219 1915 3387 1969 voluit
3413 1925 3616 1971 morta-

2038 2012 2177 2067 libus
2218 2011 2395 2065 retatis
2444 2018 2644 2065 nostra:
2690 2008 3044 2077 temporibus,
3074 2022 3182 2076 quo
3225 2022 3283 2061 se
3320 2008 3614 2063 humanum

2037 2117 2204 2172 genus
2231 2103 2287 2156 in
2317 2102 2613 2157 electorum
2642 2099 2925 2168 spirituum
2967 2098 3226 2154 societate
3265 2108 3616 2170 cognosceret

2038 2192 2376 2247 devocatum.
2403 2191 2648 2260 Denique
2695 2188 3082 2244 advertendum
3110 2197 3195 2245 est
3222 2205 3329 2260 quo
3357 2192 3615 2262 mysterio

2040 2282 2215 2337 locum
2256 2281 2577 2336 mortalibus
2612 2280 2921 2350 praevidcrit
2959 2279 3011 2333 in
3053 2281 3299 2349 partibus
3336 2281 3573 2336 occiduis
3598 2322 3615 2348 ,

2040 2374 2132 2429 ubi
2160 2390 2227 2429 ex
2253 2372 2401 2427 omni
2425 2372 2558 2427 orbe
2595 2370 2817 2426 conﬂuit
2845 2378 3167 2425 veneranter
3196 2371 3494 2441 angelicum
3516 2372 3618 2426 im-

2040 2471 2327 2533 precatura
2352 2462 2653 2518 subsidium
2680 2461 2930 2532 religiosa
2954 2460 3240 2515 multitudo
3269 2461 3522 2516 ﬁdelium.

2657 2574 2884 2630 CAPUT
2921 2573 2985 2627 Il.

2608 2666 2681 2720 De
2738 2668 2840 2720 situ
2898 2665 3018 2719 loci.

2110 2761 2209 2816 llic
2236 2754 2398 2832 igitur
2423 2752 2620 2815 locqu
2651 2757 2856 2812 Tumba
2884 2758 3149 2811 vocitatur
3174 2759 3241 2811 ab
3271 2757 3478 2823 incolis,
3502 2756 3621 2813 ideo

2042 2853 2186 2922 quod
2211 2851 2264 2905 in
2292 2848 2493 2905 morem
2527 2847 2713 2903 tumuli
2741 2847 2899 2918 quasi
2926 2848 2993 2902 ab
3040 2847 3220 2901 arenis
3250 2861 3527 2918 emergens
3563 2846 3615 2901 in

2043 2942 2230 3009 altum,
2272 2942 2325 2995 in
2354 2940 2527 3010 spatio
2568 2942 2921 2994 ducentorum
2967 2938 3271 2991 cubitorum
3299 2938 3612 3007 porrigitur,

2045 3031 2258 3086 Oceano
2281 3029 2516 3100 undique
2545 3029 2683 3083 mari
2708 3028 2917 3083 cinctus
2945 3027 3109 3091 locus,
3136 3037 3425 3097 angustum
3449 3029 3622 3082 admi-

2048 3121 2233 3175 rabilis
2259 3120 2446 3173 insulre
2472 3120 2676 3189 praebet
2715 3118 2947 3187 spatium
2983 3118 3123 3171 inter
3146 3117 3283 3171 ostia
3327 3118 3497 3182 situs,
3531 3119 3622 3171 ubi

2046 3210 2371 3278 immergunt
2412 3222 2470 3261 se.
2515 3207 2649 3261 mari
2679 3205 2899 3260 ﬂumina
2945 3204 3105 3274 Segia
3145 3204 3276 3276 [Αι.,
3313 3204 3432 3270 Sci;
3467 3204 3618 3275 vulgo

2046 3300 2192 3371 Sée],
2227 3315 2435 3353 necnon
2463 3307 2517 3350 et
2544 3297 2758 3351 Senuna
2795 3295 3070 3369 (Seiane);
3126 3296 3372 3364 praebens
3410 3310 3622 3365 quoque

2044 3387 2412 3442 habitantibus
2452 3385 2577 3439 hinc
2609 3386 2731 3439 inde
2776 3400 2880 3438 non
2926 3384 3086 3439 breve
3112 3384 3336 3438 nimium
3365 3384 3618 3454 spatium.

2044 3476 2401 3546 Longitudine
2425 3489 2553 3529 vero
2576 3490 2638 3529 ac
2661 3474 2942 3529 latitudine
2962 3490 2993 3527 a
3020 3473 3200 3529 radice
3222 3489 3325 3544 qua
3353 3475 3623 3544 prominet

2045 3584 2151 3622 non
2195 3567 2420 3620 multum
2450 3566 2614 3620 distat
2660 3563 2740 3637 (ut
2768 3563 3075 3635 conjicitur)
3114 3565 3181 3619 ab
3205 3580 3268 3619 eo
3305 3579 3469 3633 opere
3513 3579 3621 3635 quo

2046 3658 2331 3722 salvatum,
2375 3657 2483 3711 imo
2507 3663 2781 3711 servatum
2811 3663 2894 3710 est
2934 3654 3154 3709 humani
3198 3656 3411 3725 generis
3446 3654 3622 3710 incre-

2046 3756 2281 3802 mentum
2297 3745 2384 3818 (Μ
2397 3755 2491 3813 est,
2511 3763 2636 3801 arca
2651 3745 2882 3816 Noemi).
2900 3744 2999 3813 Qui
3014 3743 3468 3802 abAbrincatensi
3484 3746 3615 3800 urbe

2048 3840 2064 3908 (
2072 3837 2385 3907 Avrauches)
2403 3852 2496 3891 sex
2509 3836 2711 3892 distans
2724 3837 3109 3901 millibus,occa
3117 3853 3234 3892 sum
3249 3846 3620 3908 prospectans,

2002 3972 2005 3979 .
2045 3929 2486 3983 Abrincatensetn
2522 3944 2717 4000 pagum
2744 3928 2948 3983 dirimit
2973 3944 3003 3982 a
3042 3929 3340 3982 Britannia.
3368 3928 3525 3985 Nulla
3547 3930 3619 3985 ibi

2046 4018 2288 4073 exerceri
2310 4018 2454 4071 valet
2479 4019 2620 4072 actio
2655 4018 2950 4084 mundalis;
2982 4019 3065 4073 bis
3096 4018 3224 4074 solis
3249 4034 3518 4090 congruus
3537 4037 3625 4074 ex-

2047 4116 2153 4162 stat
2182 4108 2349 4174 locus,
2378 4108 2467 4176 qui
2498 4106 2771 4162 Christum
2801 4108 2985 4161 sedule
3007 4109 3251 4162 venerari
3289 4108 3578 4179 disponunt
3605 4126 3619 4163 :

2046 4206 2101 4252 et
2141 4198 2239 4251 hos
2281 4197 2524 4265 suscipit,
2578 4212 2713 4265 quos
2760 4196 2825 4249 ad
2867 4198 3068 4251 aethera
3118 4200 3315 4251 ardens
3361 4201 3618 4253 virtutum

2048 4302 2200 4341 amor
2240 4287 2437 4340 evehit.
2476 4286 2639 4353 Copia
2666 4293 2813 4338 tanta
2851 4286 3076 4354 piscium
3108 4286 3307 4340 ibidem
3333 4287 3621 4356 reperitur,

375 4379 488 4449 2t).
518 4377 793 4479 Princeps,
820 4376 1011 4446 inquit,
1042 4384 1242 4440 vester,
1266 4373 1444 4444 populi
1465 4369 1947 4475 videlicetdudteo-
1974 4418 2028 4479 Β
2050 4391 2169 4445 quae
2195 4375 2507 4445 plerumque
2537 4374 2814 4428 [luminum
2843 4374 3113 4441 marisque
3140 4373 3402 4429 inlusione
3429 4392 3624 4448 conge-

377 4486 518 4527 rum.
546 4469 762 4535 Christo
780 4484 908 4523 vero
934 4468 1159 4523 Domino
1180 4467 1232 4519 in
1260 4466 1471 4536 propria
1500 4462 1755 4528 venienti,
1788 4471 1950 4529 atque

379 4576 408 4614 a
441 4562 554 4615 suis
576 4575 684 4615 non
714 4566 953 4626 recepto,
986 4557 1115 4627 quin
1144 4556 1318 4625 potius
1341 4554 1587 4623 prodito,
1618 4553 1734 4621 ipso
1756 4552 1822 4604 ad
1854 4548 1948 4603 Pa-

380 4661 517 4707 trem
548 4659 852 4715 remeaute,
883 4649 1010 4704 dum
1041 4646 1287 4701 aboletur
1312 4643 1615 4698 observatio
1648 4642 1839 4710 priscae
1870 4640 1947 4695 le-

379 4745 461 4814 gis
477 4783 491 4806 ,
520 4741 897 4796 constabilitur
918 4735 1343 4792 annuntiationis
1369 4732 1693 4801 evangelica:
1717 4731 1953 4785 admira—

381 4834 484 4890 bile
510 4838 930 4895 sacramentum,
966 4829 1092 4882 dum
1131 4832 1360 4880 exeunte
1383 4837 1480 4893 per
1506 4837 1720 4875 omnem
1750 4828 1951 4874 terram

378 4938 514 4981 sono
551 4920 933 4992 apostolorum,
973 4916 1309 4974 cazrcmoniae
1346 4913 1747 4968 transferuntur
1772 4927 1953 4967 saero-

381 5032 503 5072 rum
528 5032 625 5086 per
650 5014 946 5069 ministeria
990 5010 1322 5081 angelorum.
1369 5007 1533 5060 Aiunt
1558 5005 1759 5059 etenim
1786 5007 1955 5061 histo-

381 5108 476 5162 ria:
503 5105 884 5161 ecclesiasticte
904 5101 1045 5171 quod
1064 5099 1497 5170 postpassionem
1515 5104 1569 5149 et
1584 5096 1951 5151 ascensionem

382 5195 597 5250 Domini
624 5194 689 5248 ad
715 5193 900 5257 cmlos,
931 5199 1053 5260 post
1078 5190 1168 5244 diu
1193 5193 1556 5257 exspectatam
1586 5184 1953 5241 lsraelitarum

455 5338 483 5366 α
515 5326 663 5380 Mons
707 5324 995 5395 Garganus
1028 5330 1181 5395 sexto
1210 5320 1433 5395 Amilliari
1456 5320 1617 5395 distat
1639 5336 1689 5395 _a
1733 5319 1956 5395 Siponto

382 5411 525 5452 novo
551 5412 644 5450 seu
674 5391 1057 5457 Manfi-edonia,
1090 5391 1294 5462 Apuliae
1317 5393 1448 5445 urbe
1476 5391 1766 5462 maritima,
1794 5392 1952 5445 Gela—

385 5467 468 5521 sio
515 5465 777 5520 lsummo
807 5465 1058 5533 pontiﬁce
1108 5461 1278 5516 sancti
1328 5461 1600 5515 Michaelis
1648 5462 1953 5532 archangeli

387 5536 720 5588 apparitione
748 5543 802 5587 et
829 5534 972 5588 cultu
998 5544 1357 5586 consecratus.

387 5550 720 5605 apparitione
748 5550 802 5587 et
829 5550 972 5588 cuitu
998 5550 1357 5586 consecrams.

461 5608 487 5644 ιι
519 5605 749 5658 Montem
794 5604 862 5657 ad
909 5604 1041 5655 duas
1086 5600 1309 5653 Tumbas
1338 5598 1601 5666 appellant
1637 5597 1752 5653 Odo
1791 5600 1956 5653 abbas

389 5673 839 5730 Glanuafoliensis
884 5675 937 5728 in
981 5670 1204 5738 epistola
1248 5669 1315 5722 ad
1356 5667 1723 5731 Adelmodum,
1767 5673 1823 5721 et
1866 5668 1955 5721 alii

2052 4470 2206 4523 ritur.
2236 4468 2427 4523 Procul
2450 4484 2576 4522 vero
2601 4467 2948 4522 cernentibus
2976 4466 3106 4520 nihil
3133 4466 3278 4521 aliud
3314 4466 3427 4521 fore
3461 4485 3620 4540 quam

2052 4559 2283 4627 spatiosa
2308 4559 2575 4627 quaedam,
2603 4558 2710 4611 imo
2743 4557 2984 4627 speciosa
3013 4557 3178 4611 turris
3192 4558 3420 4613 videtur.
3437 4558 3541 4613 Sed
3569 4570 3623 4614 et

2051 4665 2201 4703 mare
2220 4665 2431 4704 recessu
2449 4665 2547 4704 suo
2564 4649 2770 4704 devotis
2798 4648 3008 4718 populis
3020 4648 3102 4702 his
3116 4649 3235 4704 inde
3262 4650 3623 4707 desideratum

2053 4741 2155 4794 iter
2167 4741 2523 4809 prtebctbeati
2539 4739 3039 4811 petentibuslimina
3069 4739 3622 4808 archangeliMichae-

2053 4831 2134 4895 iis,
2152 4831 2241 4900 qui
2256 4832 2486 4901 primum
2501 4830 2669 4893 locus,
2685 4829 2824 4884 sicut
2839 4845 2870 4881 a
2889 4829 3169 4884 veraeibus
3195 4844 3517 4898 cognoscere
3535 4845 3625 4899 po-

2053 4907 2254 4978 tuimus
2299 4924 2685 4986 narratoribus,
2736 4922 3058 4993 opacissima
3102 4922 3236 4976 silva
3278 4922 3626 4976 claudebatur

2055 5017 2214 5086 longe
2241 5027 2262 5054 ο
2297 5017 2364 5069 ab
2391 5015 2591 5069 Oceani
2630 5013 2711 5085 (ut
2748 5013 3066 5084 azstimatur)
3097 5021 3230 5067 testu
3275 5011 3510 5066 millibus
3538 5008 3626 5066 idi-

2054 5112 2203 5157 stans
2243 5119 2356 5166 sex,
2400 5103 2662 5157 altissima
2706 5103 2953 5172 prtebens
2996 5101 3213 5156 latibula
3254 5099 3513 5155 ferarum.
3558 5100 3623 5154 Et

2055 5195 2180 5262 quia
2207 5194 2496 5249 secretiora
2541 5192 2661 5248 cosli
2690 5208 2786 5261 per
2813 5174 3322 5260 contemplationem
3358 5190 3626 5245 subtilita-

2055 5328 2294 5398 quidatn,
2330 5327 2412 5398 ob
2424 5327 2562 5398 duas
2583 5324 2826 5398 videlicet
2851 5325 3054 5398 montis
3068 5323 3388 5398 crepidines,
3416 5323 3481 5398 de
3498 5324 3620 5393 qui-

2056 5392 2156 5451 bus
2179 5395 2337 5450 infra.
2374 5396 2470 5449 llic
2496 5396 2678 5448 mirari
2703 5396 2845 5448 subit
2871 5394 3148 5448 audaciam
3176 5392 3625 5462 pseudo-chrono-

1990 5532 1999 5539 .
2057 5467 2159 5539 logi
2188 5467 2531 5539 subpominc
2559 5474 2611 5518 et
2630 5464 2788 5539 larva
2817 5463 2966 5518 Lucii
2988 5463 3202 5539 Dextri,
3231 5463 3321 5539 qui
3362 5463 3474 5539 haec
3511 5479 3624 5539 om-

2060 5532 2145 5590 nia
2175 5535 2243 5587 ad
2274 5534 2583 5602 Hispaniam
2613 5534 2911 5602 detorquet,
2937 5534 3003 5588 ad
3033 5549 3233 5587 annum
3263 5532 3461 5588 Christi
3498 5533 3621 5588 526.

2130 5614 2153 5675 ἐ
2183 5601 2721 5675 Codex’Chesnianus
2744 5601 2905 5675 habet
2929 5622 2940 5655 :
2974 5603 3037 5657 ab
3060 5601 3267 5659 Oceano
3295 5604 3370 5675 (ut
3398 5606 3628 5658 aestima-

2058 5674 2165 5741 tur)
2194 5683 2306 5727 octo
2336 5673 2560 5728 milh’bas
2583 5674 2911 5735 distantibus.
2937 5684 3040 5729 ctc.
