4020 6170
568 321 693 376 139!

1790 317 2095 374 ΑΧΟΝΥΜΙ
2137 318 2407 378 S:ECUl.l
2456 322 2583 376 Vill.

3637 329 3748 388 1592

563 440 632 492 tis
677 435 861 488 rimari
906 433 1204 487 volentibus
1250 432 1551 502 gratissima
1595 445 1712 485 esse
1747 432 1919 486 solent
1957 445 2123 484 remo-
2151 433 2197 487 Α
2236 433 2377 486 ditus
2400 443 2455 487 et
2495 433 2764 503 religatus.
2793 434 3032 504 Cumque
3070 434 3134 488 de
3160 435 3263 489 loci
3291 435 3574 505 requireret
3598 444 3746 512 ampli-

563 531 700 583 tiora
741 526 906 580 eremi
955 525 1096 586 loca,
1128 525 1257 578 inibi
1303 523 1430 578 olim
1486 523 1816 577 inhabitasse
1858 523 2126 590 comperi-

562 635 681 674 mus
710 615 1017 678 monachos,
1062 614 1153 667 ubi
1193 613 1357 667 etiam
1403 627 1573 681 usque
1601 627 1744 666 nunc
1773 613 1890 667 duae
1914 618 2130 665 exstant

559 707 850 764 ecclesiaea
903 705 1204 774 priscorum
1255 718 1416 756 manu
1455 710 1794 756 constructze.
1846 700 1980 754 Nam
2027 700 2128 768 ipsi

560 798 811 855 monachi
869 797 1062 851 ibidem
1110 796 1335 851 Domino
1379 795 1677 850 servientes
1728 793 2129 862 dispensatione

561 895 754 944 cuncta
791 884 1022 954 regentis
1051 883 1144 938 Dei
1176 884 1629 946 sustentabantur,
1660 883 1982 952 presbytero
2003 895 2133 950 quo-

561 978 685 1031 dam
712 977 778 1030 de
803 975 926 1027 villa
965 989 1084 1042 qua:
1123 973 1318 1027 dicitur
1351 973 1660 1027 Asteriacus
1709 970 2010 1042 (Beauvoir)
2052 979 2131 1024 ta-

561 1068 683 1122 liter
707 1067 785 1121 eis
813 1065 1017 1120 ferente
1062 1065 1278 1118 auxilio.
1321 1064 1455 1117 Nam
1493 1073 1555 1118 ut
1593 1063 1699 1117 illis
1729 1064 1844 1118 sine
1883 1078 1990 1131 quo
2031 1063 2131 1116 htt-

559 1173 719 1212 mana
745 1172 849 1209 non
874 1163 1052 1224 potest
1075 1154 1213 1223 exigi
1239 1155 1367 1219 vita,
1409 1149 1596 1208 deerat
1631 1154 1827 1218 victus,
1879 1153 2024 1207 fumo
2057 1153 2130 1206 si—

559 1247 768 1317 gnifero
799 1247 1133 1301 discurrente
1183 1245 1396 1313 altaque
1438 1243 1559 1299 coeli
1603 1251 1838 1312 petente,
1869 1242 2132 1298 onerabat

559 1338 784 1392 asellum
839 1337 1062 1404 dapibus
1109 1335 1393 1388 dilectione
1441 1349 1568 1388 vera
1614 1332 1823 1388 farcitis
1871 1350 1884 1386 :
1939 1332 2129 1400 sicque

561 1430 697 1483 duce
720 1426 969 1480 invisibili
994 1425 1207 1494 praevio,
1239 1439 1334 1492 per
1358 1423 1475 1478 loca
1498 1423 1610 1478 ibat
1634 1423 1798 1488 invia,
1831 1437 1896 1476 ac
1921 1422 2131 1476 redibat

563 1513 740 1568 ferens
777 1513 984 1567 Domini
1017 1513 1167 1581 jussa
1208 1512 1417 1580 illisque
1469 1511 1792 1567 necessaria.
1852 1509 1958 1565 Sed
2003 1510 2130 1578 quia

562 1606 650 1660 hic
667 1606 814 1659 locus
829 1605 921 1658 Dei
940 1612 1068 1657 nutu
1083 1603 1260 1656 futuro
1276 1603 1565 1671 parabatur
1575 1600 1832 1656 miraculo
1856 1599 2134 1668 sanctique

562 1697 646 1751 sui
673 1693 976 1762 archangeli
1003 1692 1358 1755 venerationi,
1394 1705 1543 1744 mare
1591 1689 1734 1758 quod
1771 1689 1926 1758 longe
1970 1688 2133 1743 dista-

2234 523 2416 576 tudine
2462 524 2543 576 vel
2589 523 2906 591 quantitate,
2970 525 3172 578 eisdem
3219 527 3470 594 cognovit
3501 535 3745 599 'responsis

2230 610 2566 664 azdiﬁcationi
2591 626 2713 664 eum
2753 611 2948 666 debere
2982 621 3217 668 statuere
3245 615 3483 680 modum,
3512 631 3650 684 quem
3681 624 3743 674 vi-

2230 699 2379 752 deret
2395 697 2684 766 juvencum
2710 699 2765 754 in
2789 699 3016 754 circuitu
3042 701 3378 769 protrivisse.
3408 701 3527 756 Post
3549 703 3742 772 δεκίης-

2231 801 2347 842 sum
2409 796 2491 842 est
2527 796 2587 842 ut
2628 805 2727 844 suo
2785 799 3084 859 praereptus
3153 791 3375 846 domino
3430 795 3747 850 restitueretur

2231 888 2438 934 taurus.
2485 881 2818 936 Venerabilis
2841 897 2971 951 ergo
3011 882 3316 951 episcopus,
3365 884 3430 938 de
3457 885 3640 940 visione
3662 903 3746 942 cer-

2230 967 2490 1032 tissimus,
2516 983 2637 1022 eum
2672 969 2885 1038 hymnis
2926 979 2981 1024 et
3009 969 3254 1025 laudibus
3281 971 3576 1041 praedictum
3611 975 3747 1030 locum

2232 1057 2522 1126 ingressus,
2569 1073 2822 1114 exercere
2847 1060 3169 1129 imperatum
3192 1077 3334 1131 opus
3363 1078 3625 1133 aggressus
3650 1077 3745 1120 est:

2231 1159 2660 1219 congregataque
2687 1153 3018 1206 rusticorum
3063 1153 3297 1207 maxima
3343 1157 3653 1212 multitudine
3691 1159 3748 1213 lo-

2232 1253 2352 1291 cum
2378 1240 2642 1308 purgavit,
2680 1241 2916 1309 atquein
2947 1243 3178 1310 spatium
3207 1244 3588 1312 complanavit:
3612 1248 3655 1301 iu
3678 1264 3748 1304 cuv

2224 1325 2314 1394 jus
2359 1329 2534 1382 medio
2561 1329 2678 1384 dum
2719 1331 3143 1399 praeeminebant
3173 1349 3357 1402 rupes,
3406 1351 3530 1405 quas
3567 1353 3746 1406 operan-

2233 1417 2365 1470 tium
2409 1415 2698 1472 multorum
2726 1435 2941 1477 movere
2984 1435 3088 1474 non
3116 1432 3370 1490 poterant
3396 1440 3593 1487 manus,
3626 1441 3702 1480 nec
3721 1443 3744 1480 a

2233 1518 2330 1558 suo
2365 1504 2618 1559 divellere
2646 1514 2809 1560 statu.
2837 1506 2941 1574 Qui
2979 1523 3100 1562 cum
3133 1509 3226 1562 diu
3252 1509 3527 1576 haererent,
3558 1528 3640 1567 nec
3655 1529 3742 1568 om-

2233 1592 2361 1645 nino
2394 1592 2520 1660 quid
2562 1591 2804 1649 facerent
2831 1596 3154 1662 invenirent,
3197 1609 3356 1652 nocte
3401 1600 3610 1654 insecuta
3641 1604 3742 1656 visio

2235 1683 2480 1752 apparuit
2503 1685 2718 1739 cuidam
2747 1686 2951 1740 homini
2988 1689 3207 1743 nomine
3252 1689 3415 1744 Baino
3447 1690 3496 1744 in
3520 1691 3626 1744 villa
3651 1707 3740 1760 quae

561 1787 653 1841 bat
678 1784 930 1856 paulatim
959 1797 1262 1851 assurgens,
1294 1795 1509 1834 omnem
1538 1778 1685 1833 silva:
1707 1777 2127 1848 magnitudinem
2160 1765 2204 1825 Β
2232 1774 2429 1828 dicitur
2453 1775 2592 1833 lcius
2617 1775 2898 1848 (Huynes),
2931 1778 3023 1847 qui
3050 1779 3335 1834 duodecim
3375 1780 3492 1836 ﬁliis
3513 1782 3741 1850 ampliatus

563 1891 660 1930 sua
686 1877 885 1928 virtute
914 1873 1293 1941 complanavit,
1341 1881 1395 1925 et
1425 1873 1476 1926 in
1525 1885 1704 1926 arenae
1747 1886 1858 1925 suae
1901 1871 2130 1925 formam

562 1975 755 2022 cuncta
781 1966 1002 2034 redegit,
1029 1965 1275 2033 praebens
1297 1964 1399 2017 iter
1419 1963 1610 2032 populo
1631 1971 1790 2017 terra:
1802 1971 1859 2016 ut
1883 1975 2135 2016 enarren-

568 2067 656 2114 tur
679 2057 944 2112 mirabilia
968 2056 1082 2110 Dei.
1115 2053 1233 2108 Jam
1261 2069 1388 2109 vero
1417 2055 1484 2108 ad
1519 2053 1646 2109 illud
1681 2053 2002 2108 veniendum
2028 2057 2132 2115 est,

563 2149 798 2219 qualiter
822 2148 961 2201 idem
990 2147 1272 2201 beatorum
1298 2146 1550 2216 princeps
1580 2145 1864 2214 spirituum
1894 2141 2135 2213 angelica

564 2237 890 2293 revelatione
912 2232 1239 2290 dedicaverit
1265 2234 1581 2302 praedictum
1620 2231 1819 2287 locum.

1156 2344 1382 2400 CAPUT
1420 2344 1504 2399 Ill.

608 2419 684 2474 De
712 2418 1090 2473 constructione
1117 2416 1217 2470 loci
1254 2432 1346 2484 per
1384 2413 1670 2485 angelicam
1704 2410 2080 2467 reuelationem.

634 2509 877 2576 Quodam
909 2517 1146 2576 tempore
1174 2521 1295 2560 cum
1328 2503 1761 2572 religiosissimus
1783 2510 1837 2558 et
1863 2501 1972 2556 Deo
1997 2515 2140 2554 ama-

560 2601 687 2656 bilis
720 2597 954 2670 praefatae
983 2598 1134 2651 urbis
1156 2597 1183 2635 b
1214 2597 1438 2650 antistes
1483 2596 1778 2649 Anthertus
1802 2593 2017 2648 nomine
2047 2606 2138 2646 so-

563 2689 682 2759 pori
727 2703 846 2742 sese
873 2687 1127 2750 dedisset,
1175 2685 1482 2738 admonitus
1523 2691 1607 2739 est
1642 2681 1884 2753 angelica
1935 2680 2140 2734 revela-

567 2780 730 2843 tione,
777 2784 836 2830 ttt
865 2777 918 2830 in
953 2773 1065 2843 jam
1117 2774 1247 2828 dicti
1294 2773 1603 2828 summitate
1640 2772 1744 2826 loci
1797 2770 1968 2825 sancti
2011 2784 2141 2824 con-

565 2875 800 2922 strueret
836 2867 889 2921 in
919 2866 1122 2919 honore
1151 2864 1456 2934 archangeli
1481 2863 1652 2917 tndem
1678 2876 1693 2915 :
1725 2870 1785 2916 ut
1809 2861 1964 2930 cujus
2002 2860 2140 2914 cele-

563 2955 823 3010 brabatur
863 2952 1164 3007 veneranda
1211 2951 1649 3006 commemoratio
1677 2950 1728 3003 in
1775 2958 1956 3003 monte
1996 2947 2136 3003 Gar-

565 3059 725 3117 gano,
762 3058 868 3098 non
897 3042 1092 3097 minori
1117 3041 1350 3112 tripudio
1376 3040 1736 3120 celebraretur
1762 3039 1815 3093 in
1843 3039 2049 3109 pelago.
2067 3039 2136 3093 At

566 3102 818 3189 sacerdos
845 3133 971 3188 dum
1000 3102 1226 3187 revolvit
1254 3130 1382 3185 illud
1406 3129 1654 3201 apostoli,
1679 3102 1903 3184 Proba-te
1923 3102 2135 3202 spiritus
2164 3102 2210 3165 Ο

565 3225 610 3279 si
647 3241 711 3278 ex
738 3224 846 3278 Deo
881 3232 999 3276 sunt
1031 3221 1084 3294 (Ι
1109 3221 1269 3276 Joan.
1302 3237 1378 3287 tv,
1409 3221 1480 3291 1),
1513 3221 1704 3276 iterata
1730 3229 1813 3274 est
1837 3221 2139 3275 admonitus

570 3316 795 3380 visione,
824 3330 930 3384 quo
967 3315 1251 3384 perliceret
1277 3313 1418 3383 quod
1439 3311 1746 3381 jubebatur.
1783 3310 1850 3364 Et
1875 3311 2000 3380 quia
2028 3310 2140 3380 spi-

570 3405 708 3460 ritus
739 3405 1119 3475 prophetarum
1163 3418 1270 3457 non
1301 3417 1515 3472 semper
1546 3409 1629 3458 est
1662 3402 1934 3472 prophetis
1963 3401 2140 3471 subje-

567 3507 706 3560 ctus,
736 3495 944 3550 distulit
971 3495 1146 3549 adhuc
1173 3494 1369 3565 prtnsul
1396 3495 1869 3560 constructionem,
1908 3495 2002 3549 sed
2045 3495 2140 3549 ad-

568 3586 740 3640 hibuit
769 3585 1232 3650 intercessionem,
1257 3592 1520 3653 quatenus
1545 3583 1844 3639 istiusmodi
1867 3584 2138 3652 negotium

567 3675 780 3728 Domini
829 3675 998 3729 nostri
1025 3672 1154 3730 Jesu
1195 3673 1393 3730 Christi
1421 3674 1684 3743 simulque
1728 3674 2024 3730 beatissimi
2053 3690 2140 3727 ar-

565 3766 807 3834 changeli
855 3781 1146 3835 agnoscere
1173 3765 1374 3821 valeret
1403 3765 1861 3821 deliberationem.
1903 3765 2139 3837 Contigit

564 3870 661 3923 per
687 3855 826 3908 idem
855 3863 1064 3923 tempus
1091 3862 1150 3907 ut
1184 3862 1396 3908 taurum
1421 3855 1719 3923 cujusdam,
1755 3871 1916 3924 quem
1951 3854 2137 3910 furtim

566 3945 784 4015 quidam
813 3944 1071 3998 instinctu
1101 3944 1382 4013 pravitatis
1425 3946 1785 4008 subtraxerat,
1816 3944 1870 3998 iu
1899 3944 2138 4013 ejusdem

566 4035 856 4103 deponeret
886 4032 1000 4086 saxi
1026 4047 1306 4095 cacumen,
1336 4041 1396 4085 ut
1423 4034 1549 4086 dum
1577 4033 1623 4086 is
1652 4032 1742 4100 qui
1770 4033 2025 4086 amiserat
2049 4031 2137 4102 ju-

565 4137 810 4184 vencum,
841 4120 1142 4190 reperiendi
1171 4122 1439 4176 amitteret
1464 4136 1636 4190 spem,
1659 4130 1816 4191 turpe
1862 4121 2137 4178 latruncu-

567 4212 647 4265 lu°
681 4211 888 4266 lucrum
912 4210 1148 4265 ediceret
1174 4226 1239 4264 ex
1264 4210 1472 4265 eodem.
1507 4209 1715 4265 Interea
1747 4211 1904 4265 tertia
1949 4213 2134 4267 admo-

565 4303 768 4356 nitione
794 4301 1128 4356 venerandus
1153 4299 1396 4370 pulsatur
1412 4300 1694 4370 episcopus
1713 4301 1980 4356 austerius
2003 4313 2050 4368 ο,
2079 4311 2137 4356 ut

565 4391 657 4462 qui
684 4405 790 4445 non
819 4391 1160 4460 acquieverat
1184 4389 1266 4444 bis
1293 4389 1619 4456 admonitus,
1645 4390 1820 4446 locum
1855 4393 2029 4447 adiret
2051 4408 2137 4448 ce-

566 4482 750 4546 lerius,
768 4496 798 4534 a
817 4496 922 4551 quo
949 4488 1128 4534 tamen
1149 4495 1206 4534 se
1230 4480 1392 4535 sciret
1413 4481 1790 4550 egrediendum
1813 4481 2135 4551 nullatenus,

566 4571 880 4643 priusquam
926 4570 1208 4640 perliceret
1246 4573 1389 4640 quod
1416 4571 1591 4626 fuerat
1631 4569 1830 4640 jussus.
1867 4573 1949 4628 Ad
1988 4573 2140 4643 cujus

567 4661 692 4718 lidei
719 4655 1557 4716 conﬁrmationem'monstratur
1599 4661 1761 4715 etiam
1801 4663 2000 4717 ibidem
2043 4679 2136 4718 us-

568 4764 673 4818 que
697 4749 750 4803 in
778 4762 1014 4819 praesens
1041 4756 1191 4818 petra
1219 4749 1372 4819 quasi
1399 4750 1564 4818 digito
1586 4750 1818 4806 hominis
1855 4752 2134 4822 inscripta,

569 4855 730 4909 super
764 4854 922 4908 quam
955 4847 1283 4893 memoratus
1307 4840 1586 4909 cpiscopus
1614 4841 1828 4905 resedit,
1861 4858 2138 4911 quousque

567 4942 705 4997 opus
733 4928 800 4982 ad
827 4927 985 4981 tinem
1028 4928 1264 4981 adduxit.
1291 4927 1666 4983 Percunctanti
1698 4930 1858 4999 igitur
1883 4932 2136 5002 episcopo

569 5018 663 5088 qui
693 5016 1036 5073 aedificationi
1064 5031 1330 5087 congruus
1354 5025 1535 5087 posset
1577 5018 1747 5073 videri
1776 5019 1945 5086 locus,
1977 5035 2137 5092 ange-

569 5108 673 5163 lica
711 5108 765 5162 in
795 5108 937 5163 hunc
981 5107 1197 5161 modum
1242 5115 1326 5161 est
1370 5107 1716 5177 responsione
1761 5107 2040 5176 dictatum,
2077 5119 2138 5164 ut

571 5199 688 5256 loco
712 5215 776 5256 eo
805 5198 1165 5255 aedificaretur
1185 5198 1342 5264 mdes,
1368 5214 1474 5268 quo
1503 5200 1676 5254 inerat
1707 5208 1891 5255 taurus
1911 5202 2136 5256 abscon-

649 5333 895 5404 aNempe
918 5350 1023 5388 una
1053 5334 1107 5388 in
1135 5335 1393 5388 honorem
1434 5333 1604 5404 sancti
1651 5333 1909 5404 Stephani
1940 5343 2135 5404 proto-

574 5403 842 5484 martyris,
873 5405 976 5458 alia
999 5405 1338 5484 injhonorem
1367 5405 1538 5458 sancti
1573 5403 1969 5473 Symphoriani,
2016 5419 2134 5472 quze

573 5475 800 5542 amplius
828 5490 933 5528 non
961 5482 1192 5528 exstant.

645 5541 678 5584 Β
702 5541 816 5596 Non
847 5544 1146 5608 Camaraci,
1176 5553 1235 5597 ut
1263 5544 1466 5612 putavit
1495 5543 1776 5608 Baronius,
1803 5545 2134 5612 cognominis

573 5613 815 5667 Autberti
845 5613 998 5681 longe
1023 5623 1146 5668 ante
1169 5613 1573 5670 Camaracensis
1601 5613 1836 5682 episcopi
1877 5613 2134 5668 vocabulo

574 5687 848 5747 deceptus.

2233 1879 2482 1933 magnam
2524 1865 2663 1920 inter
2707 1882 2834 1922 suos
2862 1871 3076 1923 tenebat
3106 1869 3381 1940 dignitatis
3420 1872 3630 1939 gloriam.
3667 1872 3739 1926 llic

2232 1969 2360 2026 ergo
2388 1970 2483 2024 per
2503 1957 2676 2011 visum
2706 1959 2940 2014 monitus
2965 1969 3024 2013 ut
3049 1975 3174 2015 cum
3206 1961 3559 2017 laborantibus
3580 1971 3624 2016 et
3655 1963 3739 2031 ipse

2235 2045 2405 2100 labori
2440 2047 2732 2113 insisteret,
2758 2047 2988 2105 festinus
3009 2052 3074 2106 ad
3119 2052 3302 2107 locum
3333 2069 3448 2108 cum
3470 2053 3578 2108 filiis
3602 2054 3734 2116 venit,

2235 2137 2551 2207 impleturus
2581 2140 2721 2208 quod
2747 2139 2922 2196 fuerat
2935 2141 3137 2211 jussus.
3168 2142 3286 2210 Quo
3311 2161 3427 2200 cum
3449 2144 3734 2215 pervenisset,

2236 2227 2404 2284 fretus
2432 2230 2630 2285 auxilio
2655 2233 2824 2286 sancti
2853 2232 3127 2289 Michaelis
3154 2237 3475 2308 archangeli,
3501 2237 3624 2305 quod
3662 2235 3734 2288 ltu-

2236 2335 2393 2374 tnana
2425 2336 2529 2376 non
2555 2329 2766 2390 poterat
2788 2323 2975 2388 virtus,
3006 2326 3209 2379 mirum
3239 2327 3292 2380 in
3319 2328 3519 2381 modum
3550 2336 3638 2380 tam
3675 2324 3732 2378 fa-

2236 2409 2337 2464 cile
2365 2411 2557 2466 molem
2587 2420 2745 2466 tanta:
2774 2415 3160 2484 magnitudinis
3187 2417 3410 2470 removit
3435 2415 3483 2480 δ,
3511 2423 3559 2469 ιιι
3582 2414 3731 2468 nullum

2236 2499 2442 2567 pondus
2477 2499 2606 2554 inibi
2644 2515 2764 2556 esse
2789 2502 3082 2557 videretur.
3121 2503 3202 2558 At
3237 2520 3418 2559 omnes
3442 2505 3490 2559 in
3513 2517 3731 2560 commune

2236 2588 2512 2643 laudantes
2580 2589 2746 2644 Deum
2777 2600 3127 2662 sanctumque
3170 2595 3528 2665 archangelum
3559 2593 3733 2647 Michae-

2237 2679 2359 2742 lem,
2388 2689 2563 2750 coepto
2589 2682 2846 2737 attentius
2887 2684 3213 2740 insistebant
3241 2688 3407 2757 operi.
3433 2687 3634 2755 Cumque
3648 2683 3728 2750 jam

2237 2773 2410 2826 dictus
2450 2773 2732 2842 episcopus
2785 2773 2853 2830 de
2891 2776 3263 2845 magnitudine
3322 2775 3642 2833 construenda:
3676 2772 3732 2825 la.

2238 2863 2402 2918 bricze
2445 2863 2620 2918 adhuc
2651 2864 2844 2919 dubius
2872 2866 3164 2936 cogitaret,
3205 2880 3357 2924 nocte
3395 2867 3579 2930 media,
3617 2863 3729 2917 sicuti

2237 2953 2505 3024 quondam
2554 2953 2790 3009 Gedeoni
2839 2955 2892 3010 in
2940 2955 3156 3025 signum
3200 2957 3447 3021 victorize,
3501 2970 3576 3008 ros
3607 2950 3732 3020 jacuit

2239 3057 2399 3112 super
2443 3043 2698 3098 verticem
2743 3045 2969 3110 montis;
3004 3045 3094 3098 ubi
3119 3054 3307 3100 autem
3353 3043 3646 3099 fundamenta
3680 3038 3731 3091 lo

2239 3134 2407 3188 canda
2430 3143 2604 3200 erant,
2635 3134 2852 3190 siccitas
2894 3135 3015 3199 fuit,
3053 3136 3367 3206 dictumque
3398 3144 3474 3191 est
3501 3134 3727 3202 episcopo:

2240 3224 2403 3288 Vade,
2447 3233 2502 3278 et
2545 3225 2686 3280 sicut
2735 3227 3004 3297 signatum
3043 3228 3275 3296 videris,
3305 3227 3607 3282 fundamenta
3624 3221 3727 3289 jace.

2237 3313 2339 3381 Qui
2379 3315 2559 3370 statim
2597 3316 2947 3387 omnipotenti
2981 3318 3089 3373 Deo
3132 3321 3336 3390 gratias
3370 3332 3544 3388 agens,
3580 3310 3727 3368 sancti-

2237 3419 2341 3473 que
2374 3403 2667 3473 implorans
2696 3405 3002 3478 archangeli
3039 3407 3317 3463 Michaelis
3368 3405 3610 3468 auxilium,
3659 3413 3726 3453 et-

2237 3507 2461 3564 surgens
2491 3494 2728 3564 gaudens
2750 3501 2805 3548 et
2829 3493 2982 3550 lattus
3007 3510 3148 3565 opus
3174 3496 3300 3551 illud
3328 3507 3584 3566 aggressus
3604 3496 3680 3542 est.

2307 3587 2585 3643 Exstruxit
2615 3587 2799 3657 itaque
2835 3586 3096 3644 fabricam
3124 3606 3231 3645 non
3257 3589 3471 3645 culmine
3497 3581 3725 3640 sublimita-

2239 3678 2306 3734 tis
2333 3678 2548 3743 celsam,
2579 3678 2672 3733 sed
2698 3678 2753 3732 in
2781 3678 2997 3733 modum
3021 3688 3228 3750 cryptae
3252 3678 3540 3740 rotundam,
3563 3679 3724 3727 centum

2239 3770 2321 3840 (ut
2352 3768 2671 3840 aestimatur)
2704 3767 2983 3824 hominum
3029 3783 3306 3839 eupacem,
3355 3767 3485 3822 illius
3511 3765 3556 3818 in
3590 3765 3724 3815 monte

2237 3857 2470 3929 Gargani
2502 3856 2686 3912 volens
2709 3871 2990 3927 exaequare
3027 3856 3278 3921 formam,
3319 3857 3371 3910 in
3410 3851 3597 3908 modum
3625 3860 3723 3915 prit-

2239 3951 2382 4021 rupti
2427 3949 2594 4006 silicis
2639 3949 2879 4020 angelico
2924 3959 3188 4020 apparatu
3235 3949 3372 4004 facta
3399 3940 3640 4011 terrigenis
3678 3935 3724 3988 ad

2238 4041 2446 4097 laudem
2475 4049 2528 4095 et
2576 4040 2798 4112 gloriam
2837 4041 2931 4096 Dei
2966 4041 3336 4095 habitatione:
3374 4034 3616 4092 manifeste
3654 4028 3722 4080 do—

2237 4147 2364 4188 cens
2390 4147 2601 4201 semper
2627 4131 2682 4185 in
2702 4131 3011 4187 ctelcstibus
3041 4131 3206 4184 divini
3235 4127 3457 4185 muneris
3476 4135 3603 4193 opem
3637 4127 3722 4168 9559

2235 4223 2578 4292 poscendam,
2592 4221 2804 4292 altoque
2821 4221 3286 4290 contemplationis
3308 4219 3484 4278 intuitu
3504 4216 3721 4283 penetrare

2235 4311 2451 4367 aetheris
2471 4322 2640 4379 astra,
2680 4327 2789 4366 non
2813 4312 3041 4368 terrenis
3067 4311 3372 4379 limosisque
3393 4302 3631 4378 paludibus
3654 4309 3718 4343 r0-

2241 4397 2408 4455 tantia
2441 4402 2717 4456 hominum
2757 4413 2957 4471 ponere
2996 4401 3180 4456 corda.
3214 4399 3360 4466 Quod
3380 4409 3490 4451 cum
3513 4395 3612 4459 post
3644 4395 3718 4434 που

2243 4491 2467 4546 multum
2493 4499 2700 4561 tempus
2725 4500 2869 4547 esset
2892 4505 3047 4560 opem
3079 4490 3284 4547 ferente
3311 4490 3414 4542 Deo
3438 4480 3716 4561 :editicatunt.

2243 4583 2358 4636 viro
2379 4581 2473 4636 Dei
2501 4558 2761 4636 Autberto
2786 4558 3036 4650 episcopo
3073 4589 3322 4635 manente
3354 4573 3511 4634 anxio,
3547 4558 3716 4636 proinde

2242 4670 2368 4739 quia
2395 4671 2649 4725 cernebat
2672 4669 2774 4725 sibi
2800 4669 2987 4724 deesse
3012 4670 3183 4724 sancti
3207 4661 3492 4735 archangeli
3527 4657 3712 4746 pignora,

2241 4763 2431 4817 beatus
2473 4759 2718 4816 eumdem
2747 4763 3079 4816 sacerdotem
3124 4757 3345 4816 Michael
3377 4748 3628 4811 admonuit,
3658 4747 3714 4791 ιιιι

2239 4850 2434 4906 fratres
2461 4851 2742 4906 celerrime
2767 4866 2936 4920 usque
2983 4851 3050 4905 ad
3076 4851 3247 4905 locum
3273 4862 3375 4918 quo
3413 4834 3628 4897 memoria
3649 4840 3716 4881 te-

2239 4941 2554 4996 nerabiliter
2594 4941 2788 4995 colitur
2821 4941 3142 4996 sanctissimi
3177 4933 3484 5005 archangeli,
3516 4922 3712 4992 dirigere‘

2240 5031 2294 5085 in
2323 5029 2589 5100 Gargano,
2619 5039 2672 5085 et
2697 5045 2817 5084 eam
2847 5045 3006 5100 quam
3035 5029 3218 5099 angelo
3241 5024 3572 5098 patrocinante
3591 5007 3712 5066 reler-

2239 5129 2360 5174 rent
2405 5119 2833 5174 benedictionem
2876 5119 2966 5192 (Id
3005 5129 3101 5189 est,
3145 5115 3373 5189 munus),
3407 5124 3516 5168 cum
3549 5106 3706 5160 summ

2237 5213 2509 5280 exciperet
2543 5211 2918 5282 gratulatione.

2312 5355 2333 5382 ε
2365 5343 2643 5414 iliccerte
2673 5342 2821 5414 locus
2849 5350 2964 5414 erat
2991 5343 3177 5414 agendi
3207 5342 3269 5414 de
3290 5318 3698 5414 impressi“!

2236 5427 2339 5482 qua
2373 5412 2596 5466 Michael
2619 5412 2865 5466 Autberti
2893 5398 3246 5467 cunctabundi
3273 5398 3418 5478 caput
3443 5402 3500 5458 ad
3519 5398 3700 5468 μυοίη·

2236 5487 2434 5537 tionem
2461 5495 2628 5549 usque
2656 5483 2982 5549 percussisse
3009 5483 3219 5536 dicitur.

2304 5534 2620 5640 :‘l‘i'eit'ét'l
2651 5534 3697 5640 Ραὲηιεέέάέηίάίιοάθείπηέἐξὲῖς..ε.ξιέῗὲἓ³ξ3

2235 5601 2376 5688 vulgi
2401 5601 2624 5699 .traditio
2651 5601 3261 5684 infantem—unum
3285 5613 3486 5683 impulsu
3510 5601 3626 5673 pedis
3657 5605 3669 5642 '

2234 5697 2567 5758 prmstitissc.
