4020 6170
384 336 517 392 1593

987 440 1211 497 CAPUT
1249 441 1337 495 ιν.

444 535 685 602 Qualiter
722 553 754 589 a
782 534 1025 606 Gargano
1051 535 1117 589 sit
1140 544 1378 588 sanctum
1404 534 1633 589 delatum
1660 535 1867 604 pignus.

442 624 653 679 interea
669 625 818 680 missi
839 625 1013 679 nuntii
1026 624 1411 680 adeuntlocum
1430 641 1442 677 :
1459 625 1546 693 qui
1559 624 1943 694 benignissime

372 713 442 769 ab
464 713 658 768 abbate
679 713 782 769 loci
809 713 953 768 illius
978 714 1213 783 suscepti
1236 714 1582 783 vestibusque
1609 714 1836 781 mutati,
1877 728 1943 769 ac

373 801 510 856 tanti
537 801 745 856 itineris
770 800 1082 872 fatigatione
1108 801 1387 867 sublevati,
1438 809 1630 857 cuncta
1671 819 1792 872 quae
1833 818 1944 859 suae

372 890 709 961 contigerant
737 892 961 962 regioni,
992 892 1255 963 simulque
1276 894 1343 948 ad
1367 894 1509 964 quod
1533 902 1792 950 venerant
1813 910 1944 965 pan-

371 980 525 1034 dunt.
553 978 684 1046 Quae
725 981 889 1035 verba
915 996 1037 1036 cum
1066 981 1235 1051 ipsius
1263 982 1368 1036 loci
1393 995 1420 1023 ι
1449 983 1614 1038 abbas
1657 998 1755 1038 suo
1798 991 1945 1037 retu-

372 1069 521 1125 lisset
560 1070 818 1137 antistiti,
865 1071 1165 1126 uberrimas
1213 1072 1564 1141 omnipotenti
1605 1072 1716 1126 Deo
1755 1071 1945 1127 laudes

372 1167 600 1229 uterque
628 1160 826 1225 retulit,
854 1162 944 1230 qui
969 1176 1068 1230 pro
1096 1161 1262 1231 lapsis
1286 1171 1494 1218 natura;
1516 1161 1812 1231 fragilitate
1834 1170 1945 1217 ter-

374 1246 577 1318 rigenis
605 1248 971 1303 assistentium
1001 1249 1101 1303 sibi
1131 1249 1502 1305 ministrorum
1529 1251 1781 1321 dignatur
1813 1266 1948 1321 prm-

373 1336 503 1390 bere
532 1335 863 1419 suffragium.
894 1336 1031 1392 Hinc
1055 1352 1178 1392 cum
1204 1353 1310 1407 qua
1352 1339 1576 1394 decebat
1599 1341 1946 1396 veneratione

372 1427 599 1494 sumptis
612 1440 643 1479 a
657 1425 774 1480 loco
793 1425 1125 1496 pignoribus,
1153 1441 1258 1495 quo
1278 1427 1470 1482 beatus
1484 1428 1839 1499 archangelus
1862 1429 1944 1483 sui

371 1512 687 1566 memoriam
710 1512 954 1567 ﬁdelibus
978 1515 1466 1580 commendaverat,
1502 1523 1712 1586 partem
1741 1517 1947 1571 scilicet

372 1603 524 1657 rubei
568 1602 768 1672 pallioli
808 1604 952 1674 quod
998 1605 1114 1674 ipse
1158 1607 1538 1662 memorandus
1591 1608 1946 1680 archangelus

373 1695 427 1749 in
455 1702 632 1750 monte
656 1695 906 1766 Gargano
945 1712 1106 1767 supra
1137 1697 1308 1753 altare
1334 1699 1477 1768 quod
1505 1698 1618 1769 ipse
1646 1715 1807 1766 manu
1848 1716 1945 1755 sua

371 1795 764 1853 construxerat,
812 1790 1011 1859 posuit,
1064 1798 1119 1845 et
1147 1798 1357 1860 partem
1402 1792 1610 1847 scilicet
1656 1794 1941 1849 marmoris

372 1884 531 1945 supra
562 1876 706 1945 quod
749 1878 917 1944 stetit,
950 1878 1106 1949 cujus
1137 1880 1335 1936 ibidem
1364 1896 1534 1951 usque
1571 1898 1715 1938 nunc
1756 1898 1943 1953 super—

373 1974 586 2022 exslaut
609 1967 664 2021 in
690 1968 877 2022 eodem
906 1969 1131 2040 vestigia
1150 2010 1164 2035 ,
1184 1968 1297 2038 jam
1320 1970 1477 2026 dictis
1499 1970 1757 2027 fratribus
1776 1987 1947 2042 usque

375 2055 443 2111 ad
469 2072 681 2112 sacmm
727 2057 902 2113 locum
933 2059 1213 2115 referenda
1258 2061 1598 2126 contradidit,
1642 2063 1947 2119 conditione

373 2142 709 2214 interposita,
739 2147 987 2203 videlicet
1014 2156 1075 2203 ut
1095 2165 1231 2219 quos
1258 2167 1363 2205 una
1389 2152 1644 2222 angelica:
1670 2154 1947 2209 revelatio-

372 2234 458 2289 nis
482 2234 782 2290 sociaverat
817 2252 1002 2304 causa,
1030 2255 1137 2294 una
1164 2256 1378 2312 quoque
1410 2243 1736 2299 aeternaliter
1765 2253 1948 2300 necte-

373 2334 457 2380 ret
495 2326 757 2382 connexio
782 2328 1080 2385 charitatis.

1002 2417 1229 2476 CAPUT
1264 2421 1328 2478 ν.

412 2498 487 2557 De
516 2501 739 2583 adventu
768 2504 1104 2585 reliquiarum
1137 2508 1396 2585 [Al_.,_D_e
1438 2513 1736 2582 exceptione
1758 2530 1913 2585 ange-

935 2575 1024 2630 lici
1052 2575 1347 2648 patrocinii.
1368 2580 1386 2653 ]

442 2660 650 2717 Summi
672 2664 875 2720 interea
900 2668 1075 2723 nuntii
1100 2673 1437 2739 repedantes,
1460 2680 1581 2742 post
1601 2673 1769 2728 multa
1791 2674 1947 2730 itine-

375 2750 450 2806 ris
487 2752 679 2821 spatia,
722 2755 789 2810 ad
824 2755 1000 2810 locum
1040 2773 1148 2827 quo
1186 2760 1411 2831 digressi
1437 2761 1667 2826 fuerant,
1716 2764 1833 2832 ipso
1859 2762 1946 2819 die

372 2853 480 2908 quo
506 2839 710 2896 fabrica
747 2844 1011 2913 completa
1036 2853 1120 2900 est
1146 2847 1200 2900 in
1227 2855 1408 2902 monte
1428 2847 1543 2917 jam
1571 2850 1716 2905 dicto
1761 2851 1815 2905 in
1848 2865 1942 2906 oc-

372 2933 546 2988 ciduis
572 2934 833 3004 partibus,
875 2936 1030 3005 quasi
1069 2952 1267 2992 novum
1311 2939 1540 3009 ingressi
1569 2949 1696 2995 sunt
1733 2943 1940 3007 orbem,

372 3038 533 3093 quem
583 3027 817 3095 primum
864 3027 1109 3097 veprium
1156 3030 1420 3086 densitate
1457 3031 1786 3101 reliquerant
1829 3033 1946 3104 ple-

372 3128 523 3167 num.
572 3113 688 3180 Quo
746 3116 874 3171 dum
921 3118 1350 3189 appropinquant
1376 3161 1390 3184 ,
1443 3122 1694 3178 sacerdos
1733 3123 1945 3179 Domini

372 3204 663 3262 Autbertus
687 3221 978 3264 occurrens
1000 3224 1123 3265 cum
1148 3211 1331 3266 multis
1361 3212 1633 3280 laudibus,
1665 3228 1786 3268 cum
1812 3231 1945 3269 can.-

374 3296 498 3353 ticis
542 3298 893 3367 spiritalibus,
922 3316 1044 3355 cum
1094 3301 1345 3358 ineffabili
1390 3305 1585 3375 gaudio
1607 3306 1846 3360 omnium
1888 3307 1942 3360 in
1969 3287 2017 3350 (ἶ

373 3404 531 3446 sacro
573 3400 756 3447 monte
794 3394 1034 3464 angelica
1064 3396 1382 3451 mortalibus
1420 3398 1632 3452 devehit
1666 3397 1943 3466 profutura

373 3483 642 3552 priesidia.
673 3484 788 3539 Dici
819 3499 949 3541 vero
993 3501 1099 3541 non
1130 3495 1307 3555 potest
1334 3496 1594 3556 quantum
1626 3487 1679 3539 in
1712 3487 1945 3541 adventu

375 3570 458 3642 (ut
489 3572 563 3627 ita
593 3572 790 3645 dicam)
821 3575 996 3645 angeli
1038 3575 1486 3644 cireumjacentes
1526 3575 1818 3644 provinciae
1848 3590 1944 3645 ga-

375 3662 505 3717 visa:
537 3672 664 3718 sunt
696 3664 881 3718 lxetitia
905 3672 961 3718 et
983 3665 1179 3735 gaudio
1208 3680 1223 3719 :
1264 3665 1459 3734 quippe
1493 3665 1619 3734 quia
1658 3664 1760 3719 sibi
1806 3666 1943 3720 divi-

374 3750 522 3806 nitus
546 3753 897 3821 providebant
923 3754 1297 3810 inaestimabile
1322 3770 1611 3824 supernum
1651 3756 1815 3811 tribui
1856 3756 1948 3811 do-

376 3856 535 3908 num,
582 3842 636 3897 in
663 3844 766 3899 hoc
790 3845 933 3914 quod
959 3845 1177 3900 beatum
1217 3845 1528 3901 Michaelem
1567 3847 1946 3918 archangelum

376 3932 611 3988 caelestis
638 3934 842 3990 militiae
882 3935 1179 4006 principem
1226 3938 1570 3992 merebantur
1596 3937 1839 3993 obtinere
1873 3939 1948 3993 si-

376 4021 676 4092 gniferum;
733 4032 1116 4095 cognoscentes
1176 4026 1340 4081 etiam
1384 4027 1535 4096 signa
1584 4035 1637 4080 et
1680 4027 1947 4084 mirabilia

374 4129 497 4184 quae
537 4115 788 4171 Dominus
816 4132 913 4186 per
942 4117 1246 4172 ministrum
1276 4133 1431 4172 suum
1464 4126 1719 4191 operatur
1742 4128 1946 4175 morta-

376 4202 538 4269 libus,
571 4205 644 4259 ita
674 4212 732 4259 ut
764 4222 861 4276 per
886 4206 1045 4275 hujus
1079 4208 1287 4264 itineris
1312 4210 1484 4279 spatia
1513 4211 1792 4268 duodecim
1819 4212 1947 4270 caeci

375 4292 680 4359 illuminati,
711 4295 997 4365 pluresque
1023 4297 1250 4353 diversis
1277 4298 1677 4357 inﬁrmitatibus
1704 4302 1809 4358 acti
1834 4303 1946 4374 pri-

376 4380 529 4435 stinae
560 4391 683 4435 sunt
702 4383 891 4437 redditi
919 4384 1155 4439 sanitati.
1169 4385 1237 4440 Et
1250 4388 1391 4456 quod
1411 4388 1496 4443 his
1515 4389 1816 4445 addendum
1843 4398 1945 4457 est,

376 4470 569 4525 mulier
597 4473 839 4541 quaedam
867 4476 1055 4531 orbata
1083 4477 1391 4544 luminibus,
1417 4480 1483 4535 de
1505 4480 1632 4534 villa
1654 4496 1774 4550 quae
1816 4483 1949 4538 dici-

377 4563 466 4609 tur
490 4558 817 4627 Asteriacus,
851 4563 977 4617 dum
1018 4567 1359 4636 prosequitur
1394 4569 1782 4638 pretiosissima
1831 4587 1947 4625 niu-

1221 331 1580 388 APPARITIO
1619 329 1676 386 S.
1720 328 2079 386 MlCllAELIS
2112 329 2182 385 IN
2222 330 2456 386 MONTE
2497 328 2754 387 TUMBA.

3473 332 3603 385 13M

1967 447 2017 503 Α
2047 450 2325 496 mutatam.
2358 441 2465 497 Sed
2501 451 2556 497 et
2588 457 2761 511 usque
2810 442 2969 497 hodie
3007 458 3104 513 per
3138 459 3406 498 summum
3455 444 3609 498 mini-

2044 542 2213 587 strum
2235 536 2391 587 suum
2421 534 2536 588 haee
2557 534 2744 587 eadem
2770 534 3025 588 Dominus
3047 535 3283 603 quotidie
3307 535 3373 589 ad
3400 535 3610 590 laudem

2043 629 2099 676 et
2138 621 2361 691 gloriam
2403 622 2639 677 nominis
2681 622 2764 678 sui
2792 622 2849 677 in
2883 637 2950 678 eo
2991 622 3108 678 loco
3143 624 3353 693 operari
3392 639 3496 678 non
3523 624 3613 679 de-

2043 711 2191 767 sinit.

2113 799 2283 870 lgitur
2323 813 2389 856 eo
2418 799 2525 865 die,
2555 800 2698 870 quod
2734 807 2816 855 est
2858 817 2970 855 xvn
3006 800 3232 856 Kalend.
3262 800 3611 867 Novembris,

2043 890 2347 944 veneranda
2371 890 2635 958 completa
2657 890 2839 959 templi
2861 889 3193 946 dedicatione
3217 902 3260 955 ο,
3286 892 3370 946 vir
3393 892 3605 948 Domini

2042 978 2335 1034 Autbertus
2358 987 2649 1049 postquam
2684 980 2952 1050 sagaciter
2975 981 3154 1036 omnia
3176 982 3275 1036 sub
3299 982 3488 1037 ordine
3514 983 3615 1038 dis-

2044 1070 2242 1138 posuit,
2269 1068 2443 1124 oﬁicia
2466 1084 2680 1139 quoque
2701 1071 3045 1126 servientium
3077 1071 3398 1127 clericorum
3423 1071 3451 1112 ἀ
3478 1088 3610 1127 eon—

2046 1158 2250 1224 stituit,
2296 1159 2558 1227 deputans
2588 1159 2686 1214 hos
2730 1160 2861 1215 inibi
2906 1162 3006 1216 sub
3049 1176 3275 1215 numero
3318 1162 3615 1217 consistere

2047 1247 2347 1316 duodecim,
2383 1251 2475 1319 qui
2498 1251 2754 1322 legitimis
2786 1252 3253 1307 observationibus
3298 1251 3617 1322 perpetuali-

2049 1347 2131 1395 ter
2181 1340 2234 1394 in
2261 1330 2560 1396 beatissimi
2609 1340 2885 1397 Michaelis
2933 1342 3236 1412 archangeli
3267 1344 3617 1412 persisterent

2048 1428 2322 1495 famulatu,
2373 1432 2621 1500 quamvis
2665 1446 2771 1486 non
2812 1429 3050 1500 ejusdem
3085 1432 3294 1487 numeri
3341 1432 3395 1486 in
3426 1433 3613 1487 eodem

2047 1519 2165 1575 loco
2185 1536 2215 1574 a
2252 1521 2656 1577 successoribus
2682 1522 2828 1578 beati
2853 1522 2955 1577 viri
2980 1522 3092 1577 sint
3114 1522 3295 1578 clerici
3317 1520 3612 1576 constituti.

2050 1610 2221 1665 Simul
2243 1613 2406 1668 etiam
2433 1613 2499 1669 de
2537 1614 2808 1685 episcopio
2841 1630 2939 1671 suo
2966 1615 3143 1670 eidem
3171 1630 3289 1670 .uco
3315 1631 3345 1669 a
3373 1631 3426 1670 se
3437 1615 3611 1668 rvicn-

2049 1702 2193 1757 tibus
2219 1704 2371 1759 villas
2398 1706 2749 1769 contradidit,
2777 1707 3027 1761 videlicet
3063 1705 3177 1774 jam
3208 1707 3407 1761 dictam
3435 1705 3613 1760 villam

2047 1792 2210 1848 lcium
2239 1792 2472 1867 (Huyne)
2497 1804 2551 1850 et
2580 1793 2851 1851 Genitium
2875 1794 3101 1867 (Genet).

2658 1901 2882 1959 CAPUT
2920 1903 3006 1959 VI.

2152 1990 2231 2044 De
2258 1991 2463 2046 obtenta
2498 2008 2633 2063 aqua
2671 2007 2764 2061 per
2794 1991 3080 2062 angelicam
3120 1991 3496 2047 revelationem.

2117 2080 2324 2135 Interea
2371 2081 2512 2135 idem
2565 2080 2761 2150 prazsul
2802 2087 2993 2136 cuncta
3044 2081 3331 2151 pervidens
3375 2095 3613 2151 congruo
3649 2104 3659 2113 ι

2046 2180 2256 2241 patrata
2288 2172 2495 2237 ordine,
2529 2172 2630 2227 hoc
2655 2187 2822 2226 unum
2858 2172 2998 2240 quod
3026 2179 3237 2241 poterat
3268 2170 3422 2226 valde
3443 2171 3614 2226 videri

2046 2260 2280 2326 dillicile,
2326 2275 2357 2314 a
2383 2268 2571 2315 sancto
2616 2259 2825 2316 censuit
2859 2261 3215 2329 expetendum
3252 2258 3572 2329 archangelo
3593 2299 3612 2324 ,

2047 2366 2199 2421 aqua:
2223 2351 2429 2406 scilicet
2477 2351 2823 2417 elementum,
2865 2350 2981 2405 sine
3022 2364 3129 2419 quo
3156 2356 3405 2403 constare
3426 2349 3614 2417 nequit

2045 2443 2155 2497 vita
2185 2442 2511 2497 mortalium.
2552 2441 2726 2512 Super
2755 2442 2859 2497 hoc
2882 2456 3012 2510 ergo
3031 2439 3240 2495 Domini
3279 2438 3450 2494 nostri
3487 2437 3613 2493 Jesu

2045 2532 2245 2588 Christi
2295 2532 2559 2602 simulque
2591 2531 2763 2588 sancti
2801 2530 3110 2601 archangeli
3153 2531 3277 2585 dum
3308 2529 3513 2599 expetit
3543 2530 3614 2584 si-

2045 2624 2155 2678 mul
2182 2639 2302 2678 cum
2333 2638 2490 2695 grege
2518 2623 2620 2678 sibi
2642 2623 2928 2678 commisso
2948 2621 3227 2688 auxilium,
3245 2629 3305 2676 ut
3329 2622 3421 2691 qui
3444 2636 3615 2690 quon—

2045 2715 2167 2770 dam
2210 2714 2540 2784 produxerat
2586 2713 2791 2768 sitienti
2832 2713 3028 2783 populo
3050 2713 3117 2766 de
3155 2720 3308 2782 petra
3336 2712 3610 2782 poculum,

2045 2807 2160 2877 ipse
2199 2821 2231 2861 a
2272 2806 2441 2861 servis
2478 2806 2591 2862 suis
2634 2821 2883 2861 amovere
2922 2806 3232 2877 dignaretur
3256 2820 3409 2875 aqua}
3445 2821 3615 2876 penu-

2045 2897 2215 2963 riam;
2245 2896 2459 2951 tandem
2491 2896 2732 2968 angelica
2753 2896 3061 2953 ostensione
3082 2896 3261 2952 locum
3288 2896 3496 2962 didicit,
3525 2896 3617 2951 ubi

2045 2989 2099 3043 in
2124 2997 2393 3059 praarupto
2415 2989 2566 3044 silice
2589 2988 2717 3043 dum
2739 3003 3031 3044 concavum
3054 2986 3296 3042 foramen
3327 2987 3614 3052 exciditur,

2045 3079 2243 3133 mirum
2270 3079 2323 3133 in
2354 3079 2571 3134 modum
2607 3092 2868 3148 aquarum
2900 3092 3027 3132 mox
3061 3076 3388 3131 abundantia
3419 3076 3617 3144 reperi-

2044 3177 2155 3235 tur,
2180 3184 2299 3238 quze
2342 3170 2513 3240 possit
2560 3169 2922 3224 habitantibus
2936 3174 3339 3235 'competentem
3368 3167 3613 3235 prmbere

2046 3279 2222 3318 usum.
2266 3262 2462 3317 Eadem
2491 3276 2619 3316 vero
2654 3276 2792 3329 aqua
2825 3257 3094 3329 profluens
3127 3257 3270 3328 quod
3305 3257 3376 3312 sit
3416 3258 3613 3312 haustu

2049 3353 2299 3417 salubris,
2330 3353 2512 3407 multis
2541 3359 2623 3406 est
2649 3360 2923 3406 ostensum
2960 3350 3150 3406 modis.
3182 3348 3425 3405 Celerem
3459 3364 3613 3403 nam-

2047 3457 2153 3512 que
2197 3439 2302 3495 fert
2350 3440 2776 3495 febricitantibus
2822 3454 3000 3509 opem,
3046 3438 3257 3510 quoties
3289 3438 3613 3495 desiderium

2044 3532 2351 3603 provenerit
2377 3530 2620 3586 sumendi
2645 3542 2691 3585 ε.

2645 3640 2870 3698 CAPUT
2897 3639 3017 3698 Vll'.

2294 3730 2373 3786 De
2397 3731 2663 3787 miraculis
2688 3733 2745 3787 in
2766 3732 2945 3787 eodem
2975 3732 3087 3786 loco
3111 3735 3351 3803 patratis:

2116 3844 2272 3914 Apud
2301 3845 2443 3899 beati
2468 3858 2596 3899 vero
2620 3844 2898 3900 basilicam
2923 3842 3249 3914 archangeli,
3288 3843 3405 3912 ipso
3431 3842 3611 3911 opituo-

2048 3932 2191 3988 [ante
2205 3933 2431 3989 virtutes
2441 3931 2743 3989 efﬁciuntur
2758 3934 3049 3988 innumera:
3063 3948 3077 3986 :
3092 3932 3613 3988 illuminanturnam—

2047 4041 2152 4097 que
2169 4025 2362 4081 ibidem
2385 4026 2533 4092 (περὶ,
2557 4040 2801 4097 gressum
2823 4025 3088 4097 recipiunt
3117 4023 3323 4089 claudi,
3341 4030 3618 4078 merentur

2047 4118 2286 4174 auditum
2297 4118 2463 4182 surdi,
2479 4115 2731 4188 fugantur
2743 4131 2809 4172 ex
2829 4115 3062 4171 obsessis
3074 4114 3385 4184 corporibus
3399 4113 3619 4184 spiritus

2046 4209 2328 4276 immundi,
2366 4209 2591 4263 Domino
2606 4208 2716 4263 Deo
2748 4214 2932 4262 nostro
2948 4207 3219 4274 praebente
3244 4204 3496 4259 auxilium
3519 4215 3619 4270 per

2047 4299 2406 4354 ministerium
2458 4298 2792 4368 angelorum.
2852 4296 3146 4351 Autbertus
3193 4301 3373 4349 autem
3422 4289 3615 4362 praasul

2046 4387 2370 4442 venerabilis
2394 4387 2520 4456 quia
2547 4394 2902 4440 memoratum
2930 4384 3106 4440 locum
3136 4384 3235 4439 sub
3266 4384 3469 4437 honore
3490 4396 3615 4435 san-

2048 4475 2274 4529 ctissimi
2305 4474 2646 4529 dedicaverat
2671 4472 2980 4543 archangeli
3003 4470 3275 4526 Michaelis
3297 4485 3311 4523 :
3330 4470 3466 4524 alias
3487 4483 3617 4523 vero

2049 4584 2168 4637 quae
2211 4583 2355 4622 nunc
2382 4568 2631 4623 videntur
2666 4566 2721 4620 in
2752 4565 3106 4620 undenarium
3155 4565 3391 4621 crevisse
3428 4577 3617 4619 nume-

376 4659 503 4698 nera
552 4650 745 4703 summi
792 4630 1101 4726 archangeli
1148 4630 1456 4722 Michaelis,
1509 4673 1635 4712 mox
1667 4666 1728 4713 ut
1771 4660 1947 4729 attigit
1979 4630 2190 4724 l)r-um,
2228 4665 2506 4714 crescente
2538 4656 2821 4711 devotione
2867 4663 2922 4710 et
2968 4666 3185 4721 amore,
3241 4655 3475 4711 ﬁdelium
3521 4669 3617 4708 ex-

377 4734 657 4802 planiticm
690 4755 866 4796 arente
912 4746 1077 4799 maris
1119 4746 1147 4785 δ
1193 4747 1449 4803 divinitus
1493 4748 1691 4804 factum
1743 4753 1946 4821 recepit

376 4821 567 4891 visum,
606 4827 876 4886 admirans
931 4849 991 4889 se
1022 4835 1089 4889 de
1136 4837 1370 4892 tenebris
1419 4839 1596 4895 subito
1650 4840 1704 4894 in
1756 4840 1930 4896 lucem

445 4999 470 5028 α
494 4985 645 5044 Nune
667 4988 840 5067 lgcum
867 5005 1130 5067 occupant
1154 4998 1423 5053 sexdecim
1449 5000 1695 5057 canonici
1721 4999 1941 5056 smcula-

377 5072 482 5135 res,
505 5072 642 5135 quos
666 5059 1239 5135 Carganicos'vocant.

446 5127 475 5167 ιι
503 5127 657 5184 Nunc
698 5127 849 5188 locus
890 5136 1153 5189 alumine
1197 5136 1409 5192 femina:
1449 5140 1694 5194 restituto
1722 5147 1951 5194 vocatur

375 5194 650 5278 θεαιεξιιείε»
689 5201 780 5278 ςιμί
809 5202 936 5278 olim
962 5204 1296 5278 Aseraeus:

447 5277 469 5305 ο
497 5266 637 5345 Nihil
689 5266 776 5345 hic
821 5272 887 5345 de
932 5274 1037 5327 ritu
1067 5275 1418 5345 dedicationis
1464 5277 1532 5330 ab
1561 5277 1675 5345 ipso
1723 5277 1942 5331 Christo

377 5332 686 5415 Servatore,
716 5341 797 5412 (ut
821 5341 1018 5415 ferunt)
1049 5343 1344 5415 celebrato,
1373 5346 1479 5407 imo
1520 5332 1810 5403 Autbcrtus
1831 5347 1943 5415 ipse

376 5402 549 5461 locum
570 5402 845 5468 dedicasse
867 5402 1064 5468 dicitur
1088 5413 1226 5468 infra
1257 5402 1375 5484 cap.
1414 5402 1465 5469 7.

2051 4750 2249 4806 struxit
2274 4764 2482 4814 manus,
2497 4748 2589 4803 ubi
2609 4747 2786 4802 divina
2808 4756 3134 4816 praestantur
3151 4747 3432 4813 beneﬁcia,
3458 4744 3614 4814 adju-

2036 4851 2195 4897 vante
2223 4838 2449 4895 Domino
2472 4843 2655 4894 nostro
2683 4834 2810 4893 Jesu
2846 4835 3080 4893 Christo.

2119 4995 2492 5074 dAOdo_abbas
2534 4994 2982 5074 Glannafoliensis
3008 4995 3062 5049 in
3088 4991 3312 5074 epistola
3334 5069 3343 5074 Δ
3354 4994 3428 5073 ad
3452 4991 3613 5074 Agel-

2047 5070 2263 5123 modum
2284 5067 2737 5126 Cenomannicum
2760 5068 3066 5136 episcopum
3082 5065 3147 5136 de
3169 5064 3473 5136 inventione
3492 5064 3616 5116 vita:

2044 5138 2214 5192 sancti
2239 5136 2426 5197 Mauri,
2458 5136 2702 5192 meminit
2729 5155 2747 5186 ι
2785 5132 3061 5204 cujusdam
3087 5132 3387 5204 clericiqui
3411 5132 3615 5204 Petrus

2045 5207 2356 5270 vocabatur,
2393 5205 2485 5275 qui
2512 5205 2733 5260 Romam
2757 5220 2823 5261 ex
2844 5201 2985 5275 pago
3014 5202 3456 5275 Abrincatinode
3497 5201 3615 5255 loco

2046 5276 2218 5330 sancti
2268 5270 2541 5330 Michaelis
2568 5276 2660 5344 qui
2704 5276 2773 5331 ad
2816 5270 2950 5331 duas
2977 5281 3198 5329 vocatur
3238 5270 3474 5327 Tumhas
3500 5285 3626 5341 pcr-

2045 5352 2277 5399 rexerat.
2315 5366 2332 5397 ι

2128 5427 2150 5454 ε
2178 5415 2447 5470 Hactenus
2473 5415 2641 5470 codex
2676 5421 2877 5470 noster.

1538 5675 2419 5709 ---—-—-=>o—-——-————
