4020 6170
477 312 613 367 i505

1699 308 1883 363 ANON
1896 308 2005 361 YMI
2047 306 2315 361 SJECULl
2358 307 2482 361 Vill.

3560 307 3677 359 1596

489 447 3676 472 *α-,ἡ-ΨΜ-Μ--σ-ο-ῇ--ῂ-ῄῄ

1920 553 2236 663 VII.

1051 771 1560 900 GESTA
1654 740 2148 899 DOMNI
2243 766 3139 896 DAGOBERTI

1429 984 1632 1041 REGIS
1668 982 2115 1048 FRANCORUM,
2155 982 2318 1038 FILll
2352 979 2667 1038 CLOTARII
2699 980 2762 1036 ll.

598 1145 603 1148 ‘
668 1125 922 1205 Scripta
955 1145 993 1185 a
1026 1121 1320 1183 monacho
1356 1119 1613 1182 ccenobii
1644 1118 1845 1179 sancti
1872 1117 2187 1196 Dionysii,
2223 1133 2530 1195 anonymo
2567 1114 2832 1195 quidem,
2866 1114 2972 1176 sed
3015 1123 3541 1195 contemporaneo.

1628 1258 1722 1321 (Ex
1748 1256 2013 1316 Ducbesn.,
2038 1254 2167 1304 Hist.
2189 1254 2360 1305 Franc.
2389 1253 2594 1317 Script.)

569 1480 697 1536 CAP.
740 1491 963 1533 ramum.
986 1505 1056 1515 —-
1081 1473 1158 1528 De
1192 1471 1423 1527 Clotario
1467 1481 1611 1541 patre
1655 1470 1949 1540 Dagoberti.

544 1572 778 1640 Quartus
803 1569 871 1623 ab
903 1566 1201 1629 Clodoveo,
1240 1563 1328 1633 qui
1358 1563 1565 1632 primus
1599 1576 1782 1631 regum
1810 1561 2045 1616 Franco-

478 1678 598 1717 rum
626 1661 693 1715 ad
721 1658 923 1715 cultum
949 1656 1065 1722 Dei,
1084 1657 1309 1710 docente
1333 1654 1488 1707 beato
1514 1653 1758 1721 Remigio
1783 1651 2047 1706 libemen-

478 1754 524 1808 si
548 1754 815 1823 episcopo,
843 1762 1136 1804 conversus
1156 1754 1260 1809 est,
1274 1744 1561 1807 Clotarius,
1576 1743 1718 1797 illius
1738 1742 2048 1811 Cbilperici,

481 1858 704 1914 regnum
738 1841 961 1896 sortitus
982 1844 1080 1893 est.
1139 1835 1240 1902 Qui
1270 1834 1544 1889 elaborata
1583 1848 1613 1886 a
1642 1833 1937 1902 majoribus
1964 1833 2049 1887 di-

479 1935 684 2004 gnitate
721 1930 953 2001 potitus,
1008 1942 1130 1981 cum
1162 1933 1219 1981 ct
1262 1924 1491 1993 plurima
1536 1931 1753 1978 strenue
1799 1921 2047 1995 gesserit,

480 2035 594 2080 tum
627 2022 893 2093 praecipue
918 2018 1050 2073 illud
1077 2015 1422 2071 memorabile
1451 2030 1561 2069 sum
1589 2016 1842 2083 potentiae
1866 2023 2050 2084 poste-

480 2117 558 2171 ris
584 2114 802 2184 reliquit
823 2111 1103 2175 indicium,
1130 2124 1237 2178 quo
1266 2107 1651 2162 rebellantibus
1686 2109 1967 2162 adversum
1992 2122 2050 2162 se

482 2204 803 2269 Saxonibus,
842 2203 917 2256 ita
943 2217 1036 2257 eos
1056 2199 1221 2255 armis
1250 2198 1583 2267 perdomuit,
1616 2206 1676 2252 ut
1702 2213 1889 2252 omnes
1917 2199 2049 2251 viri-

480 2300 546 2354 lis
596 2311 758 2353 sexus
805 2293 1041 2364 ejusdem
1084 2303 1240 2348 terra:
1289 2292 1531 2357 incolas,
1575 2291 1665 2361 qui
1702 2290 1862 2361 gladii
1891 2303 2050 2359 quem

483 2399 596 2443 tum
636 2387 775 2443 forte
817 2386 1035 2456 gerebat
1073 2382 1455 2453 longitudinem
1492 2380 1853 2444 excesserint,
1890 2393 2049 2448 pere-

482 2482 659 2537 merit.
700 2480 905 2549 Quippe
926 2486 986 2533 ut
1004 2476 1309 2546 junioribus
1332 2474 1558 2529 tumoris
1585 2487 1775 2528 ausum
1803 2470 2051 2526 recorda-

480 2571 557 2625 tio
580 2571 721 2625 illius
744 2569 923 2623 vitalis
945 2583 1037 2622 seu
1055 2565 1319 2622 mortiferi
1338 2566 1499 2637 gladii
1522 2570 1843 2634 amputaret.
1877 2562 2049 2616 Tanta

481 2670 595 2716 tum
631 2660 962 2715 Francorum
1008 2659 1279 2729 potentia,
1327 2664 1476 2710 tanta
1514 2671 1699 2726 regum
1738 2653 2052 2709 animositas

483 2758 617 2806 erat.
657 2749 935 2816 Quomodo
960 2756 1138 2803 autem
1163 2754 1256 2802 aut
1282 2747 1512 2816 qualiter
1540 2748 1641 2801 hoc
1654 2745 1927 2815 peregerit
1946 2784 1960 2808 ,
1997 2744 2049 2797 in

483 2840 932 2909 subsequentibus
954 2853 1053 2894 suo
1076 2838 1265 2893 ordine
1288 2837 1497 2905 plenius
1522 2836 1875 2890 intimabitur.
1930 2833 2053 2887 Fuit

482 2946 677 3000 nempe
700 2930 838 2984 idem
867 2944 961 2984 rex
988 2926 1255 2982 Clotarius
1278 2925 1549 2996 patientia:
1580 2925 1810 2990 deditus,
1854 2923 2051 2977 litteris

448 3023 452 3026 ’
483 3019 747 3084 eruditus,
779 3018 973 3072 timens
1004 3016 1171 3070 Deum
1195 3056 1209 3080 ,
1256 3014 1604 3070 ecclesiarum
1626 3020 1680 3067 et
1707 3012 2046 3067 sacerdotum
2076 3052 2119 3111 C

483 3126 709 3182 magnus
734 3110 960 3174 ditator,
994 3107 1319 3178 pauperibus
1353 3104 1746 3176 eleemosyuam
1784 3104 2046 3168 tribuens,

483 3203 774 3272 benignum
806 3216 863 3255 se
888 3199 1137 3255 omnibus
1175 3206 1228 3252 et
1272 3197 1472 3267 pietate
1504 3196 1719 3266 plenum
1744 3193 2047 3255 ostendens,

483 3292 827 3363 belligeralor
856 3290 1080 3361 insignis
1104 3330 1117 3354 ,
1160 3286 1534 3343 venationibus
1561 3284 1797 3340 ferarum
1830 3282 2052 3338 nimium

484 3382 697 3437 assidue
724 3388 899 3435 utens.

757 3470 886 3526 Car.
911 3468 974 3523 ll.
1005 3500 1076 3509 —-
1107 3468 1184 3522 De
1219 3468 1445 3537 infantia
1480 3466 1776 3536 Dagoberti.

553 3560 689 3616 Huic
722 3560 822 3615 fuit
847 3559 988 3614 filius
1015 3560 1229 3614 nomine
1259 3558 1616 3627 Dagobertus,
1644 3571 1801 3625 quem
1826 3570 1891 3609 ex
1927 3554 2054 3608 Ber-

484 3655 708 3710 tedrude
732 3653 915 3724 regina
949 3659 1301 3723 susceperat,
1346 3650 1439 3719 qui
1478 3648 1617 3719 patri
1663 3648 1972 3702 succederet
2000 3653 2054 3700 et

484 3746 746 3801 industria
773 3744 962 3813 dignus
989 3784 1005 3809 ,
1061 3751 1116 3797 et
1142 3742 1365 3796 viribus.
1420 3739 1520 3795 llic
1548 3738 1778 3807 denique
1812 3737 1865 3790 in
1900 3735 2055 3789 anuis

484 3836 777 3904 puerilibus
800 3834 1028 3903 positus,
1057 3832 1289 3886 traditus
1320 3838 1404 3885 est
1430 3845 1461 3883 a
1488 3829 1729 3898 genitore
1763 3825 2053 3881 venerabili

485 3941 549 3981 ac
571 3925 910 3980 sanctissimo
952 3920 1175 3975 Arnulfo
1218 3919 1535 3974 Metensium
1584 3917 1733 3972 urbis
1782 3917 2050 3985 episcopo,

486 4023 547 4070 ut
573 4029 696 4069 eum
720 4010 1010 4067 secundum
1041 4026 1191 4065 suam
1219 4008 1537 4077 sapientiam
1571 4005 1862 4069 enutriret,
1899 4004 2054 4072 eique

485 4107 757 4162 tramitem
793 4103 1111 4159 Christiana:
1148 4098 1419 4170 religionis
1449 4096 1773 4161 ostenderet,
1815 4102 1975 4162 atque
2003 4094 2053 4146 ei

485 4203 668 4253 custos
706 4204 760 4252 et
808 4192 1017 4263 bajulus
1055 4199 1215 4247 esset.
1290 4188 1422 4245 Cum
1457 4196 1637 4242 autem
1684 4181 2055 4239 adolescentia;

484 4298 724 4355 aetatem,
752 4294 811 4342 ut
835 4286 983 4359 genti
1008 4285 1339 4340 Francorum
1360 4281 1527 4337 moris
1548 4288 1649 4346 est,
1679 4277 2053 4332 venationibus

2149 1485 2297 1524 mum
2321 1479 2630 1527 memorata:
2658 1472 2806 1527 urbis
2834 1473 3143 1545 episcopum
3183 1478 3540 1537 beatissimum
3576 1484 3678 1540 Bio-

2149 1561 2384 1630 nysium,
2413 1576 2644 1630 cumque
2670 1576 2735 1617 eo
2763 1562 3042 1619 Rusticum
3062 1574 3116 1621 et
3141 1567 3502 1625 Eleutherium
3523 1613 3537 1637 ,
3572 1590 3678 1643 quo-

2152 1667 2270 1705 rum
2299 1652 2435 1706 alter
2455 1654 2756 1724 presbyter,
2779 1656 2913 1709 alter
2938 1657 3200 1714 diaconus
3231 1671 3371 1727 erat,
3393 1678 3486 1732 pro
3515 1665 3676 1721 Christi

2153 1743 2369 1797 nomine
2419 1743 2473 1796 in
2527 1753 2810 1814 prospectu
2861 1746 3030 1816 ipsius
3099 1749 3340 1805 civitatis
3381 1752 3677 1822 interemptos

2151 1838 2395 1905 qumdam
2440 1840 2845 1896 materfamilias
2885 1844 3147 1900 vocabulo
3191 1845 3426 1910 Catulla,
3473 1863 3501 1901 a
3527 1859 3677 1918 quaet

2150 1928 2270 1982 vico
2294 1928 2578 1983 deductum
2606 1945 2801 1986 nomen
2831 1933 3032 1999 dicunt,
3060 1936 3194 2003 quia
3219 1932 3393 2004 p'alam
3414 1954 3509 1993 non
3543 1938 3675 1993 aude-

2150 2020 2265 2087 bat,
2297 2021 2433 2075 clam
2462 2021 2748 2090 sepulturae
2771 2025 3061 2079 mandavit.
3107 2025 3355 2097 Signavit
3379 2036 3540 2082 tamen
3562 2028 3677 2083 locu»

2152 2112 2284 2178 lum,
2317 2120 2377 2167 ut
2407 2114 2484 2168 rei
2523 2121 2690 2183 gestae
2721 2112 3029 2182 junioribus
3070 2125 3347 2173 constaret
3388 2119 3572 2173 notitia.
3606 2118 3675 2173 Sic

2151 2202 2586 2273 incomparabilis
2636 2204 2919 2260 thesaurus
2945 2207 3036 2262 diu
3076 2206 3259 2275 latuit,
3304 2225 3401 2264 nec
3432 2219 3601 2280 praeter
3619 2208 3678 2261 fa-

2150 2308 2296 2347 mam
2343 2294 2491 2349 locus
2533 2294 2621 2349 ille
2651 2295 2944 2365 quidquam
2982 2298 3226 2355 habebat
3261 2302 3593 2370 conspicuum.
3627 2299 3677 2353 Et

2151 2384 2398 2452 quamvis
2458 2384 2703 2454 quaedam
2779 2386 2910 2441 inibi
2969 2388 3038 2442 ab
3096 2391 3455 2447 anterioribus
3504 2392 3676 2461 regibus

2150 2482 2370 2545 propter
2393 2475 2607 2530 assidua
2637 2491 2756 2544 qua:
2779 2477 2974 2533 ibidem
2999 2480 3307 2549 agebantur
3329 2482 3561 2536 miracula
3585 2481 3671 2535 col-

2151 2564 2258 2618 lata
2282 2564 2530 2630 fuissent,
2566 2573 2746 2620 tamen
2775 2568 2901 2637 quia
2930 2568 3078 2624 locus
3129 2572 3250 2640 ipse
3278 2587 3340 2626 eo
3370 2581 3581 2642 tempore
3599 2573 3675 2625 sub

2151 2662 2414 2723 potestate
2441 2653 2700 2710 Parisiaci
2729 2658 2986 2713 antistitis
3011 2661 3342 2715 constitutus
3366 2669 3489 2724 erat.
3535 2669 3578 2714 et
3606 2661 3672 2714 cui

2152 2745 2309 2800 vellet
2350 2746 2668 2801 clericorum
2700 2762 2824 2801 eum
2867 2746 2991 2816 jure
3014 2750 3265 2805 beneﬁcii
3314 2751 3562 2805 tradebat:
3587 2750 3674 2803 ille-

2151 2849 2256 2904 que
2277 2835 2361 2890 cui
2394 2835 2788 2890 concedebatur
2824 2853 2929 2890 non
2966 2838 3308 2893 honestatem
3338 2839 3460 2903 loci,
3485 2838 3562 2893 sed
3588 2846 3671 2891 ter-

2152 2940 2340 2979 renum
2366 2925 2612 2990 lucrum,
2658 2928 3106 2995 quemadmodum
3166 2932 3219 2985 in
3266 2931 3554 3001 quibusdam
3572 2928 3675 2982 locis

2152 3014 2416 3097 hodieque
2445 3016 2702 3081 cernitur,
2753 3017 2855 3071 sibi
2902 3018 3024 3072 inde
3070 3019 3127 3072 in
3158 3023 3397 3091 proprios
3424 3035 3534 3075 usus
3551 3033 3671 3072 accu-

2153 3102 2347 3156 mulari
2389 3104 2671 3159 videbatur
2716 3123 2727 3157 :
2778 3107 2847 3161 ob
2894 3108 3029 3172 hoc,
3065 3117 3132 3162 ut
3166 3111 3422 3175 diximus,
3462 3107 3672 3164 locusille

2152 3193 2376 3248 nimium
2410 3196 2795 3265 negligebatur.
2856 3196 2990 3252 Vilis
3024 3199 3227 3269 quippe
3258 3208 3451 3254 tantum
3473 3195 3666 3259 (rdicula,

2151 3296 2342 3350 quam,
2382 3292 2443 3337 ut
2483 3284 2779 3351 ferebatur,
2830 3286 2990 3341 beata
3021 3286 3297 3344 Genovefa
3330 3304 3477 3359 super
3501 3294 3667 3343 sanctos

2151 3385 2417 3446 martyres
2464 3378 2654 3432 (Ιρνοιθ
2697 3388 3101 3447 construxerat,
3132 3392 3401 3438 tantorum
3425 3389 3666 3450 martyrum

2152 3480 2377 3535 corpora
2413 3482 2519 3520 non
2550 3469 2851 3533 ambiebat,
2880 3471 3078 3539 quoad,
3111 3473 3255 3527 sicut
3274 3473 3324 3526 in
3353 3484 3574 3542 processu
3592 3479 3665 3520 ex-

2150 3555 2362 3624 pediam
2382 3596 2396 3620 ,
2420 3556 2759 3626 profuturum
2791 3560 2910 3614 orbi
2951 3574 3144 3615 eorum
3182 3577 3373 3616 nomen
3411 3558 3603 3621 enituit;
3629 3561 3668 3609 et

2151 3656 2475 3715 procurante
2502 3648 2630 3714 Deo,
2677 3650 2746 3703 ad
2784 3651 3111 3721 singularem
3150 3653 3500 3708 excellentiam
3532 3648 3665 3708 locus,

2153 3740 2242 3809 qui
2270 3747 2382 3793 tam
2426 3742 2667 3810 magnis,
2715 3749 2827 3796 tam
2865 3744 3064 3809 certis,
3098 3753 3208 3799 tam
3237 3745 3454 3812 denique
3482 3736 3668 3806 antiquis

2154 3830 2550 3895 illustrabatur,
2594 3832 2840 3899 quamvis
2865 3833 3107 3902 occulte,
3143 3835 3406 3904 patronis,
3436 3837 3666 3903 provectus

2153 3928 2258 3975 est.

2152 4033 2279 4089 CAP.
2312 4034 2402 4089 IV.
2433 4033 2620 4108 ——_De
2657 4051 2834 4100 cervo,
2883 4036 2980 4108 qui
3014 4037 3313 4108 insequente
3352 4033 3603 4104 Dagoberta
3625 4028 3664 4079 in

2448 4104 2609 4158 a’dem
2633 4104 2923 4174 martyrum
2954 4104 3076 4173 fecit
3104 4104 3416 4177 confugium.

2223 4215 2329 4269 Sed
2350 4222 2411 4268 ut
2433 4216 2500 4271 ad
2524 4214 2870 4285 propositum
2913 4220 3130 4274 redeam
3149 4259 3164 4285 ,
3203 4233 3387 4273 cervus
3411 4216 3490 4271 diu
3509 4213 3592 4266 buc
3614 4184 3662 4261 il—

2153 4308 2345 4378 lucque
2370 4321 2466 4377 per
2488 4308 2664 4364 vicum
2690 4312 2977 4378 oberrans,
3009 4315 3181 4369 aedem
3207 4315 3470 4368 beatorum
3503 4312 3662 4371 marty'

483 4394 796 4452 exerceret,
827 4399 985 4456 agere
1025 4397 1241 4474 cervum
1279 4380 1512 4474 quadam
1543 4378 1628 4432 die
1662 4374 1923 4474 instituit:
1950 4370 2049 4438 Qui
2083 4408 2130 4467 υ
2155 4370 2275 4453 mn;
2299 4370 2627 4470 miramur,
2670 4419 2835 4473 seque
2868 4404 2941 4459 ibi
2966 4370 3275 4474 'componiL
3342 4370 3661 4456 lnsmhanm-

483 4477 641 4535 facile
680 4485 960 4547 repertus,
1005 4471 1396 4530 oblatrantibus
1426 4478 1587 4536 atque
1623 4464 1871 4522 certatim
1910 4463 2050 4517 inse—

484 4568 774 4638 quentibus
801 4581 997 4621 canum
1019 4562 1341 4635 agminibus,
1365 4575 1428 4614 ea
1446 4558 1765 4629 pernicitate
1792 4570 1897 4623 qua
1921 4551 2052 4606 illud

484 4659 683 4714 animal
707 4657 894 4722 fertur,
934 4655 1094 4710 silvas
1118 4661 1462 4721 montesque,
1505 4657 1559 4704 et
1598 4648 1642 4702 si
1676 4661 1781 4716 qua
1802 4657 2052 4699 occurre-

484 4765 544 4805 re
570 4748 810 4812 ﬂumina,
838 4756 1231 4808 transcurrens,
1257 4756 1451 4797 canum
1477 4738 1792 4795 industriam
1820 4733 2052 4804 effugere

485 4842 799 4895 conabatur.
837 4838 1072 4892 Tandem
1097 4851 1226 4906 ergo
1250 4834 1424 4888 victus
1450 4833 1518 4887 ad
1542 4831 1718 4886 vicum
1756 4829 1848 4899 qui
1873 4825 2052 4883 Catul-

408 4913 415 4919 ’
486 4932 654 4986 liacus
686 4929 904 4993 dicitur,
935 4943 992 4981 se
1021 4925 1262 4982 contulit.
1317 4922 1416 4977 liic
1439 4924 1507 4976 ab
1535 4923 1668 4975 urbe
1694 4935 1811 4988 quae
1842 4917 2052 4972 Lutetia

484 5022 597 5075 sive
632 5019 867 5076 Parisius
906 5025 1146 5080 vocatur,
1172 5016 1407 5084 quinque
1427 5013 1596 5067 ferme
1624 5011 1856 5064 millibus
1880 5010 2049 5062 abest.

487 5110 760 5181 Siquidem
818 5111 873 5164 in
930 5123 992 5163 ea
1057 5109 1189 5163 urbe
1249 5121 1401 5175 reges
1456 5104 1782 5158 Francorum
1819 5101 2054 5157 maxime

485 5211 696 5272 sceptra
722 5208 953 5257 tractare
983 5208 1392 5255 οοιιειιθγθῐωη.

487 5315 612 5369 αλιι.
636 5314 720 5369 III.
744 5345 815 5355 —
840 5313 918 5367 De
939 5313 1083 5367 beato
1106 5310 1354 5381 Dionysio
1387 5320 1638 5379 martyre,
1669 5318 1715 5362 et
1740 5309 1892 5362 sociis
1919 5308 2051 5376 ejus,

555 5395 601 5437 et
635 5383 849 5438 ecclesia
891 5400 1048 5453 quam
1093 5383 1241 5435 beata
1288 5381 1546 5450 Genovefa
1587 5396 1738 5449 super
1768 5381 1906 5449 ipsos
1934 5394 2055 5429 coa-

557 5462 840 5507 struxerat.

556 5564 615 5618 ln
641 5578 705 5618 eo
735 5578 864 5617 sane
892 5565 1008 5617 vico
1042 5565 1370 5632 temporibus
1399 5565 1716 5628 Domitiani,
1747 5564 1838 5633 qui
1865 5579 2054 5619 secun-

492 5656 591 5717 dus
639 5654 706 5707 ab
746 5652 953 5707 Nerone
982 5655 1034 5707 in
1059 5654 1392 5713 Christianos
1429 5670 1576 5709 arma
1606 5656 1895 5723 corripuit,
1940 5657 2051 5724 pri-

2152 4506 2266 4555 nes,
2295 4500 2349 4546 et
2373 4493 2499 4548 licet
2521 4494 2662 4549 idem
2701 4494 2781 4549 eis
2827 4495 2970 4563 quod
3014 4502 3069 4549 et
3093 4510 3253 4550 cervo
3272 4498 3463 4562 pateret
3485 4485 3659 4541 ostium,

2152 4592 2206 4638 et
2226 4585 2314 4653 qui
2346 4599 2439 4640 eos
2462 4585 2703 4661 abigeret
2739 4600 2896 4640 nemo
2931 4586 3219 4639 visibilium
3253 4579 3509 4638 custodum
3542 4571 3660 4626 ades-

2153 4683 2255 4741 set,
2279 4683 2513 4730 attamen
2545 4676 2715 4731 sancti
2759 4684 3024 4746 martyres
3059 4691 3212 4729 suum
3256 4668 3548 4727 domicilium
3578 4671 3659 4712 non

2152 4766 2495 4834 patiebantur
2527 4765 2924 4821 immundorum
2958 4765 3143 4820 violari
3191 4765 3436 4833 ingressu.
3483 4752 3658 4809 Videres

2153 4855 2278 4933 hinc
2307 4870 2524 4910 cervum
2558 4864 2730 4909 tutum
2758 4856 3023 4924 reperisse
3048 4854 3342 4924 perfugium
3361 4890 3375 4914 ,
3400 4846 3507 4902 inde
3531 4848 3657 4894 canes

2153 4928 2269 5012 ejus
2295 4944 2636 5012 praesentiam
2684 4944 2968 4999 latratibus
3015 4943 3267 5002 indicare,
3315 4949 3463 5005 seque
3500 4929 3555 4983 ab
3590 4925 3653 4977 in-

2155 5036 2318 5089 troitu
2353 5036 2482 5090 aedis
2504 5036 2680 5089 divina
2723 5036 2919 5089 virtute
2957 5035 3147 5090 arceri.
3207 5030 3510 5101 Dagobcrtus
3528 5017 3656 5072 citato

2154 5144 2315 5183 cursu
2343 5128 2607 5198 pervenit,
2654 5144 2768 5183 rem
2816 5128 3117 5197 spectaculo
3143 5125 3347 5194 dignam
3367 5114 3613 5198 admiratur
3639 5117 3649 5151 ε

2155 5226 2350 5285 stupet,
2381 5218 2737 5286 amplectitur.
2779 5217 3059 5271 Finitimos
3083 5222 3192 5268 tum
3227 5222 3397 5265 rumor
3426 5204 3512 5256 isua
3531 5191 3651 5286 νιξξο

2155 5308 2443 5372 sollicitat,
2492 5318 2547 5364 et
2586 5325 2706 5364 cum
2744 5308 2977 5362 maxime
3004 5305 3370 5376 Dagobertum.
3408 5285 3648 5376 tumcum

2155 5416 2249 5454 eos
2274 5401 2341 5454 ad
2382 5415 2622 5454 amorem
2652 5409 2705 5454 et
2727 5400 3124 5454 venerationem
3148 5399 3434 5449 sanctorum
3461 5375 3644 5466 insting

2156 5491 2223 5544 Et
2262 5500 2321 5544 ut
2348 5505 2472 5545 vere
2513 5490 2700 5552 fatear,
2748 5499 2808 5544 ut
2853 5505 2917 5544 ex
2955 5489 3116 5559 gestis
3140 5478 3452 5553 postmodum
3480 5463 3642 5559 dar-uit:

2155 5582 2330 5637 nullus
2377 5582 2676 5651 Dagobcrto
2721 5581 2869 5637 locus
2921 5547 3014 5634 aut
3057 5547 3272 5635 dulcior,
3308 5570 3391 5620 aut
3417 5547 3643 5628 jucundior

2157 5675 2275 5725 fuit.
