4020 6170
186 661 213 673 δ

393 251 532 305 1597

596 363 724 420 CAP.
758 367 818 421 γ.
851 367 1004 422 ——-De
1032 379 1194 423 morte
1218 373 1399 426 matris
1439 372 1738 443 Dag‘oberti.

454 452 621 522 lgitur
646 470 786 511 anno
818 456 888 512 56
928 460 1075 529 regni
1112 460 1350 525 Clotarii,
1398 463 1738 519 Bcrtedrudis
1772 464 1955 534 regina

384 554 559 601 mater
598 546 883 617 Dagoberti
928 552 1176 618 moritur,
1224 568 1383 622 quam
1414 555 1571 609 unico
1585 570 1795 610 amore
1829 554 1952 610 Clo-

384 634 555 691 tarius
589 637 871 705 dilexerat,
896 649 950 695 et
976 657 1162 697 omnes
1183 644 1344 700 duces
1362 645 1656 699 bonitatem
1684 644 1800 714 ejus
1824 661 1952 716 pro-

380 724 573 780 bantes
608 727 953 784 vehementer
993 740 1324 787 amaverant.
1387 734 1516 789 Post
1549 733 1702 803 cujus
1747 735 1988 790 obitum'

380 814 651 871 Clotarius
692 834 789 873 rex
826 820 987 875 aliam
1022 824 1228 892 accepit
1270 840 1494 879 uxorem
1521 826 1736 880 nomine
1759 826 1952 882 Sichil-

381 906 524 973 dem,
548 908 614 962 de
632 923 736 978 qua
759 909 945 965 habuit
969 911 1137 966 ﬁlium
1156 915 1373 970 nomine
1404 914 1771 971 llairbertum.

380 997 509 1053 Car.
534 999 620 1055 VI.
638 1031 710 1040 —
727 1000 806 1055 De
833 1000 1162 1078 Sadregiselo
1177 1005 1323 1068 duce,
1352 1007 1610 1076 quomodo
1633 1024 1751 1061 eum
1776 1006 1953 1078 Dago-

853 1072 1025 1127 bertus
1067 1072 1493 1130 dehonestaeerit.

447 1158 633 1228 Itaque
665 1160 1000 1230 Dagobertus
1045 1165 1126 1220 sic
1168 1166 1437 1237 probitate
1478 1174 1540 1221 ut
1564 1175 1723 1221 aetate
1755 1166 1809 1221 in
1839 1165 1951 1222 dies

377 1250 689 1316 crescebat,
734 1265 989 1321 spemque
1028 1251 1195 1308 futuri
1236 1255 1376 1323 regis
1418 1255 1676 1324 optimam
1726 1257 1952 1311 subinde

378 1338 588 1393 indiciis
611 1353 832 1409 operum
865 1341 1161 1411 ingerebat.
1203 1342 1269 1397 Et
1289 1352 1443 1413 pater
1469 1344 1738 1401 Clotarius
1765 1361 1951 1415 quem-

376 1429 519 1493 dam,
551 1436 611 1484 ut
634 1433 886 1501 putabat,
937 1440 1189 1501 spectata:
1211 1432 1333 1488 ﬁdei
1363 1432 1747 1505 Sadregisilum
1789 1437 1951 1491 rebus

375 1520 474 1575 sub
498 1535 556 1575 se
579 1522 874 1577 tractandis
902 1521 1234 1593 praefecerat,
1280 1523 1582 1594 Aquitaniae
1606 1524 1802 1581 ducatu
1832 1542 1951 1597 spc-

373 1611 584 1666 cialiter
614 1612 663 1667 ei
687 1612 993 1668 commisso.
1050 1613 1150 1669 Hic
1175 1620 1327 1669 tanto
1357 1615 1633 1685 dignitatis
1674 1616 1815 1671 fastu
1842 1617 1949 1671 ela-

1542 261 1767 317 GESTA
1802 261 2013 318 DOMNI
2052 263 2464 325 DAGOBER'I'I.

3496 276 3629 333 1.398

1982 374 2033 431 Δ
2060 388 2159 429 nec
2202 374 2283 431 fas
2313 393 2411 433 nec
2437 378 2688 448 possibile
2715 388 2858 443 erat,
2911 380 2963 433 in
2989 394 3053 434 eo
3080 394 3137 435 se
3172 378 3245 433 illi
3278 380 3448 435 obnitl
3474 397 3628 450 posse

2050 464 2196 533 juste
2216 469 2459 537 credidit,
2479 471 2522 525 si
2551 470 2605 525 in
2628 472 2800 525 sedem
2818 471 3096 539 praefatam
3124 471 3401 525 beatorum
3433 481 3626 542 marty-

2055 574 2175 613 rum
2221 562 2355 616 iram
2397 562 2568 631 patris
2612 564 2878 619 inclinans
2912 565 3251 619 concederet.
3293 565 3415 619 Iniit
3448 564 3629 636 itaque

2055 650 2374 711 tutissimam
2401 651 2579 723 fugam
2598 693 2612 718 ,
2638 661 2692 708 et
2716 669 2823 723 quo
2856 668 2915 709 se
2949 654 3269 723 insequente
3298 664 3516 710 cervum
3545 657 3627 710 vi-

2054 740 2221 805 derat,
2246 741 2359 811 ipse
2380 758 2591 812 quoque
2613 755 2768 815 patre
2792 755 3147 815 persequente
3170 762 3229 802 se
3251 746 3478 802 confert.
3502 747 3626 802 Pcr-

2053 844 2268 885 suasum
2290 832 2392 886 sibi
2418 834 2520 887 hoc
2541 832 2682 889 facto
2715 833 3120 901 demonstrans,
3163 844 3225 889 ut
3259 836 3350 905 qui
3377 850 3539 892 canes
3560 838 3627 892 ab

2053 919 2297 989 ingressu
2345 935 2456 976 sua:
2497 923 2627 978 redis
2676 930 3035 992 removerant,
3086 940 3146 981 se
3186 942 3399 995 quoque
3430 941 3460 981 a
3487 928 3627 997 regis

2051 1010 2404 1069 insectatione
2434 1023 2717 1084 protegere
2760 1024 2998 1086 possent.
3062 1016 3173 1073 Nec
3207 1033 3358 1087 spem
3402 1028 3627 1074 eventus

2050 1102 2229 1158 elusit.

2050 1190 2178 1247 Car.
2207 1194 2338 1249 Vlll.
2375 1196 3064 1276 —_Q_uou_zodo_Clotarius
3108 1204 3328 1276 missos,
3372 1206 3463 1276 qui
3506 1222 3625 1260 eum

2445 1268 2567 1321 inde
2592 1269 2965 1335 abstraherent,
2992 1274 3210 1327 miserit.

2120 1349 2325 1421 Quippe
2350 1353 2617 1411 Clotarius
2637 1396 2652 1421 ,
2703 1364 2764 1411 ut
2803 1374 2925 1413 eum
2955 1369 3262 1417 sanctorum
3286 1364 3506 1419 tutelam
3531 1382 3623 1420 ex-

2049 1440 2249 1507 petisse
2293 1443 2532 1510 audivit,
2585 1447 2761 1502 adhuc
2803 1448 2857 1502 in
2896 1449 3154 1518 majorem
3195 1453 3400 1509 tollitur
3447 1456 3620 1521 iram,

2048 1529 2320 1599 mittitque
2379 1534 2635 1590 satellites
2682 1537 2773 1606 qui
2831 1539 2956 1593 inde
3002 1556 3125 1594 eum
3175 1542 3466 1598 abductum
3516 1546 3619 1601 sibi

2049 1619 2299 1675 ocissime
2323 1631 2734 1690 przesentarent.
2799 1628 3138 1686 Maturabant
3169 1633 3242 1688 illi
3274 1636 3417 1705 quod
3448 1636 3623 1693 fuerat

375 1713 479 1767 tus,
504 1702 645 1772 regis
665 1702 832 1758 ﬁlium
869 1704 1230 1774 Dagobertum
1255 1698 1453 1775 partim
1476 1705 1684 1761 collata:
1708 1716 1947 1776 potesta-
1976 1715 2023 1776 Β
2039 1705 2251 1775 jussum
2286 1712 2526 1782 implere.
2566 1714 2807 1787 Cumque
2835 1720 2901 1774 ad
2927 1729 3171 1777 sanctum
3194 1698 3368 1779 locum
3404 1728 3624 1783 tenden-

374 1793 441 1849 tis
465 1794 751 1863 superbia,
792 1795 989 1865 partim
1025 1811 1119 1866 spe
1150 1797 1300 1868 regni
1336 1796 1613 1862 laborans,
1652 1814 1759 1852 non
1789 1814 1944 1868 aequo

368 1884 551 1938 animo
574 1883 883 1954 prosperius
918 1898 1077 1954 agere
1110 1884 1335 1941 ferebat.
1376 1884 1486 1941 Nec
1511 1885 1636 1955 quid
1666 1886 1945 1941 moliretur

368 1975 620 2030 simulato
649 1975 841 2031 saltem
869 1991 1052 2031 amore
1078 1977 1332 2046 obtegere
1362 1978 1451 2033 diu
1482 1978 1667 2033 valuit.
1693 1977 1799 2034 Sed
1817 1982 1943 2048 quia

366 2076 516 2124 metu
547 2069 717 2139 patris
742 2068 1060 2124 manifestus
1086 2084 1192 2125 non
1222 2078 1470 2140 poterat,
1507 2070 1777 2125 occultum
1811 2083 1868 2123 se
1893 2069 1943 2123 ei

367 2157 643 2212 inimicum
674 2159 867 2212 crebro
892 2166 1199 2229 contemptu
1223 2159 1454 2228 aperuit.
1496 2157 1790 2212 Excusatio
1812 2173 1943 2213 sane

359 2247 611 2317 juvenilis
642 2256 762 2305 erat
801 2250 1006 2313 astatis,
1040 2265 1108 2305 ne
1153 2251 1302 2305 rudis
1331 2250 1505 2306 adhuc
1526 2251 1737 2305 animus
1769 2258 1941 2305 tumo-

365 2356 480 2394 rem
499 2355 564 2395 ex
589 2338 921 2408 subiectione
949 2341 1250 2411 principum
1276 2342 1649 2406 contraheret,
1678 2358 1746 2397 ne
1771 2340 1942 2396 domi-

364 2431 579 2486 natione
601 2431 885 2487 immature
911 2434 1101 2502 adepta
1140 2433 1352 2505 fastigia
1397 2434 1667 2504 impubem
1693 2434 1760 2489 ab
1780 2449 1942 2489 exer-

362 2523 634 2579 citationis
653 2525 830 2580 studio
851 2535 1185 2582 revocarent.
1211 2527 1299 2581 Fit
1320 2527 1481 2596 igitur
1500 2525 1566 2581 ad
1579 2527 1940 2595 Dagobertum

363 2621 474 2668 tam
502 2614 762 2670 invidiosa
788 2616 992 2671 relatio.
1050 2618 1118 2672 Et
1142 2618 1386 2688 quamvis
1412 2634 1505 2673 sua
1533 2619 1646 2688 ipse
1672 2619 1940 2673 industria

364 2702 419 2755 id
458 2702 573 2773 jam
599 2703 1077 2774 deprehendisset,
1135 2707 1364 2762 aliorum
1407 2707 1676 2761 sententia
1727 2708 1781 2760 in
1824 2722 1939 2761 rem

360 2790 570 2861 plenius
594 2792 881 2848 inducitur.
922 2794 1143 2859 Verum,
1170 2795 1294 2864 quia
1313 2795 1506 2848 eumin
1530 2795 1774 2850 ordinem
1801 2795 1941 2849 redi-

363 2895 489 2950 gere
508 2898 612 2937 non
633 2883 917 2951 sufﬁceret,
943 2884 1097 2939 duxit
1118 2885 1279 2940 latius
1306 2884 1758 2955 Opportunitatem
1779 2900 1942 2957 oppe-

363 2974 596 3044 riri,qua
607 2985 888 3032 etcausam
900 2976 1168 3032 efﬁcacius
1195 2978 1517 3048 exploraret,
1541 2987 1594 3033 et
1613 2979 1664 3032 in
1687 2980 1938 3033 :emulum

2050 1807 2130 1854 tes
2169 1810 2273 1855 non
2303 1802 2422 1872 plus
2458 1816 2564 1860 uno
2611 1807 2862 1863 milliario
2890 1810 3168 1878 abessent,
3222 1814 3361 1869 ultra
3384 1817 3624 1885 aspirare

2045 1888 2187 1943 viam
2235 1893 2513 1948 tendentes
2557 1894 2739 1952 divino
2778 1905 2913 1952 nutu
2947 1900 3317 1968 prohibentur.
3379 1904 3623 1961 Redeunt
3718 1902 3721 1903 ⁷

2045 1977 2113 2031 ad
2135 1978 2428 2047 dominum,
2461 1984 2658 2052 etquid
2686 1986 2829 2053 passi
2851 1985 3065 2042 fuerant
3090 1990 3348 2058 pandunt.
3383 1993 3622 2060 Quorum

2045 2067 2167 2123 ﬁdei
2195 2070 2477 2141 derogans,
2522 2074 2718 2144 quippe
2744 2076 2835 2145 qui
2866 2092 2965 2132 suo
2999 2079 3223 2148 imperio
3246 2096 3483 2137 amorem
3528 2084 3621 2139 ﬁlii

2043 2166 2442 2235 praetulissent,
2489 2168 2684 2238 delegit
2725 2170 2858 2224 alios
2887 2171 2978 2241 qui
3004 2174 3146 2241 quod
3189 2172 3244 2227 hi
3275 2174 3622 2244 neglexerant

2043 2257 2312 2326 sagaciter
2339 2256 2640 2327 implerent.
2708 2259 2943 2315 Rursum
2978 2261 3052 2315 illi
3089 2263 3283 2316 similia
3320 2264 3618 2334 patiuntur,

2043 2352 2098 2399 et
2125 2347 2354 2415 regressi
2380 2348 2624 2403 eamdem
2647 2364 2760 2404 rem
2783 2350 2977 2406 iterato
3005 2353 3351 2422 ingeminant.
3392 2355 3498 2409 Sed
3521 2373 3619 2412 nec

2042 2434 2121 2489 sic
2148 2436 2462 2492 animositas
2489 2438 2633 2509 regis
2663 2439 2945 2505 deferbuit,
2978 2449 3032 2495 et
3057 2443 3199 2511 quod
3220 2456 3320 2513 per
3341 2445 3620 2501 ministros

2041 2526 2378 2595 nequiverat,
2413 2540 2513 2598 per
2540 2544 2598 2583 se
2627 2529 2848 2600 implere
2868 2533 3167 2588 contendit.

2040 2614 2167 2670 CAP.
2194 2616 2285 2670 IX.
2312 2647 2383 2656 —
2411 2615 2690 2683 Quomodo
2729 2620 3022 2705 Dagoberto
3048 2625 3105 2678 in
3140 2627 3335 2681 somnis
3365 2610 3618 2699 martyres

2631 2702 3005 2760 apparuerunt.

2109 2773 2318 2829 Interea
2345 2775 2471 2830 dum
2496 2776 2610 2832 haec
2648 2786 2907 2848 aguntur,
2954 2780 3317 2852 Dagobertum
3360 2786 3615 2855 martyri-

2040 2864 2141 2919 bus
2161 2865 2349 2919 humili
2387 2867 2548 2922 corde
2582 2876 2911 2937 prostratum
2951 2886 3171 2927 somnus
3207 2882 3428 2943 repente
3449 2875 3619 2930 corri-

2038 2951 2134 3020 pit.
2172 2953 2343 3023 Eique
2370 2971 2540 3024 prono
2574 2956 2648 3011 ita
2684 2956 2981 3026 conjacenti
3018 2969 3197 3016 astant
3241 2971 3350 3017 tres
3391 2964 3516 3029 viri,
3562 2975 3619 3019 et

362 3067 503 3134 quod
526 3067 810 3122 meruisset
836 3074 1085 3123 tentaret.
1128 3045 1392 3125 Clotarius
1416 3070 1578 3139 igitur
1600 3070 1828 3139 quadam
1850 3069 1936 3126 die

2040 3058 2327 3114 corporum
2366 3045 2739 3115 lineamentis,
2779 3057 2836 3102 et
2869 3050 3098 3105 vestium
3124 3051 3300 3106 nitore
3319 3053 3614 3122 conspicui.

359 3163 610 3211 venatum
636 3157 717 3223 iit,
745 3157 1058 3228 longiusque
1094 3158 1233 3213 forte
1270 3161 1513 3215 recessit.
1574 3158 1807 3230 Contigit
1835 3176 1933 3214 au-

362 3254 469 3300 tem
507 3253 562 3301 et
604 3246 1002 3317 Dagobertum,
1051 3256 1105 3304 et
1147 3257 1504 3305 memoratum
1550 3250 1739 3305 ducem
1791 3251 1934 3306 domi

359 3334 642 3390 resedisse.
675 3335 810 3390 Tum
840 3337 1173 3408 Dagobertus
1189 3340 1549 3412 exoptabilem
1572 3341 1807 3396 oblatam
1831 3342 1934 3396 sibi

363 3433 552 3482 nactus
586 3428 925 3483 occasionem
945 3470 960 3495 ,
1003 3430 1194 3486 ducem
1217 3431 1285 3486 ad
1322 3446 1381 3486 se
1408 3439 1628 3496 evocat,
1676 3429 1935 3499 iubetque

360 3531 541 3572 secum
585 3520 868 3589 prandere.
926 3520 1017 3575 Ille
1062 3522 1195 3575 nihil
1221 3523 1399 3576 minus
1430 3537 1591 3591 quam
1626 3521 1765 3590 quod
1793 3522 1934 3577 futu-

358 3621 478 3660 rum
512 3618 628 3661 erat
648 3609 909 3677 cogitans,
942 3610 1219 3664 remissius
1246 3611 1480 3677 habere,
1504 3618 1560 3664 et
1582 3611 1784 3677 futuro,
1824 3613 1934 3668 imo

354 3697 467 3767 jam
487 3698 721 3763 domino,
748 3700 986 3759 debitum
1014 3700 1268 3756 honorem
1296 3716 1400 3756 non
1427 3702 1713 3769 exhibere;
1748 3712 1934 3773 terque

358 3790 426 3843 ab
448 3803 513 3843 eo
550 3796 796 3858 porrecta
844 3788 948 3843 sibi
994 3790 1207 3859 poeula,
1259 3789 1451 3860 dignus
1481 3792 1535 3845 in
1556 3808 1716 3862 quem
1737 3793 1934 3863 prioris
1968 3842 1970 3845 ,

357 3877 709 3934 contumacia:
732 3877 967 3932 vindicta
993 3879 1271 3945 recideret,
1304 3896 1411 3935 non
1451 3881 1591 3936 sicut
1631 3897 1662 3935 a
1694 3883 1932 3948 domino,

358 3968 453 4023 scd
478 3966 623 4022 velut
669 3982 698 4021 a
744 3967 891 4023 socio
919 3968 1151 4024 infauste
1174 3970 1353 4025 oblata
1384 3972 1681 4041 praesumit.
1730 3971 1933 4029 Deinde

360 4058 705 4129 Dagobertus,
739 4067 796 4113 ut
821 4060 960 4129 patri
983 4060 1232 4126 inﬁdelis,
1260 4069 1318 4115 ut
1345 4061 1444 4117 sibi
1470 4062 1727 4128 aemulus,
1767 4070 1933 4132 utque

358 4151 520 4205 sociis
546 4150 748 4205 invisus
771 4149 931 4215 foret,
958 4166 1113 4206 orsus
1140 4160 1223 4206 est
1270 4167 1573 4222 exponere;
1623 4169 1730 4209 non
1772 4168 1931 4223 opor-

359 4249 474 4296 tere
503 4241 723 4295 serviles
752 4240 968 4311 quidem
1011 4241 1284 4297 molestias
1325 4243 1415 4298 diu
1455 4241 1678 4308 differri,
1705 4254 1760 4299 ct
1782 4259 1849 4299 nc
1875 4246 1930 4299 in

360 4334 677 4388 immensum
708 4342 970 4387 tumorem
998 4334 1129 4387 tanti
1169 4332 1338 4388 fastus
1378 4335 1764 4403 procederent,
1804 4353 1927 4393 suas

2039 3135 2281 3207 Cumque
2304 3138 2357 3192 in
2389 3154 2482 3194 eos
2504 3140 2830 3210 stupefactus
2856 3141 3191 3206 intenderet,
3235 3159 3374 3197 unus
3402 3159 3612 3211 eorum,

2038 3226 2126 3295 qui
2158 3228 2331 3282 socios
2354 3237 2614 3299 praestare
2645 3231 2947 3285 veneranda
2971 3232 3176 3286 canicie
3202 3241 3257 3287 et
3292 3234 3616 3288 auctoritate

2037 3319 2339 3383 videbatur,
2365 3320 2444 3374 sic
2466 3335 2589 3374 eum
2620 3320 2814 3375 affatus
2843 3330 2963 3375 est:
2996 3321 3171 3388 Scias,
3200 3339 3234 3378 ο
3256 3322 3488 3392 juvenis,
3515 3341 3614 3381 nos

2036 3425 2155 3464 esse
2179 3449 2193 3474 ,
2268 3425 2405 3479 quos
2447 3426 2547 3479 pro
2597 3409 2813 3466 Christo
2852 3426 3040 3481 passos
3083 3412 3224 3467 fama
3268 3423 3611 3469 asseverante

2036 3498 2251 3564 audisti,
2301 3500 2613 3571 Dionysium
2642 3541 2657 3569 ,
2702 3501 2983 3556 Rusticum
3027 3510 3082 3558 et
3127 3504 3527 3569 Eleutheriurn,
3557 3514 3614 3560 et

2035 3599 2219 3646 nostra
2247 3590 2335 3645 hic
2377 3606 2605 3661 corpora
2653 3592 2780 3662 tegi.
2841 3592 2947 3647 Sed
2970 3594 3097 3663 quia
3136 3593 3333 3651 famam
3370 3604 3610 3650 nostram

2034 3680 2320 3751 sepultura:
2354 3696 2515 3749 quam
2536 3681 2687 3737 vides
2725 3690 2779 3736 et
2808 3681 2999 3738 domus
3023 3680 3181 3751 hujus
3214 3683 3390 3739 vilitas
3424 3685 3614 3739 obscu-

2036 3772 2175 3825 ravit
2202 3788 2214 3824 :
2241 3770 2285 3825 si
2312 3772 2626 3827 memoriam
2653 3774 2823 3829 nostri
2855 3783 2909 3829 te
2936 3784 3186 3830 ornatum
3216 3776 3294 3830 ire
3316 3778 3607 3847 promittis,

2035 3862 2137 3917 hac
2161 3870 2214 3917 te
2238 3878 2524 3932 possumus
2565 3879 2727 3933 quam
2761 3865 2962 3936 pateris
2998 3866 3230 3922 liberare
3260 3868 3527 3939 angustia,
3555 3875 3611 3923 et

2034 3952 2088 4008 in
2119 3954 2325 4009 cunctis
2350 3953 2642 4009 auxiliante
2663 3956 2771 4010 Deo
2798 3965 3056 4025 pratstare
3084 3955 3419 4026 suffragium.
3454 3958 3518 4014 Et
3544 3976 3611 4014 ne

2033 4050 2191 4112 putes
2226 4043 2421 4098 somnii
2470 4050 2522 4099 te
2563 4044 2778 4100 illusum
2823 4045 3128 4115 phantasia,
3175 4046 3358 4116 accipe
3395 4049 3604 4119 signum

2033 4134 2257 4189 veritate
2288 4135 2596 4189 subnixum.
2659 4136 2855 4207 Egesta
2886 4137 3070 4203 humo,
3118 4152 3224 4206 qua
3265 4149 3611 4196 monumenta

2033 4233 2215 4279 nostra
2268 4233 2540 4296 teguntur,
2595 4242 2754 4296 quem
2784 4227 2929 4295 quod
2970 4227 3273 4296 sepulcrum
3314 4231 3607 4295 contineat,

2032 4313 2224 4366 littera:
2250 4312 2304 4365 in
2345 4312 2570 4383 singulis
2595 4327 2865 4382 expressa:
2892 4313 3179 4367 docebunt.
3245 4312 3387 4367 lllico
3421 4329 3612 4383 exper-

359 4421 581 4490 injurias
614 4437 721 4477 non
751 4422 954 4478 ulcisci.
994 4421 1246 4493 Flagellis
1274 4395 1404 4494 ergo
1430 4438 1552 4478 cum
1579 4423 1717 4479 allici
1754 4395 1929 4495 impe—
1959 4395 2010 4454 θ
2032 4402 2512 4495 εθΐιιειυεξιοωξηέ
2536 4418 2656 4471 quin
2684 4402 2931 4495 fmdierf“
2961 4402 3236 4495 describi},
3286 4412 3342 4495 ξι
3372 4417 3438 4456 εκ
3464 4420 3607 4457 mm“

359 4520 460 4566 rat.
498 4513 627 4568 Post
654 4529 781 4568 vero
807 4514 987 4569 barba:
1014 4515 1222 4593 rasione
1244 4515 1328 4584 (ea
1351 4516 1496 4568 enim
1524 4522 1637 4569 tum
1665 4516 1932 4585 praecipua

356 4614 474 4658 erat
502 4606 716 4677 injuria)
742 4608 1005 4678 deturpat.
1070 4608 1161 4662 Sic
1183 4624 1247 4662 ex
1272 4608 1587 4678 improviso,
1617 4608 1708 4676 qui
1735 4622 1930 4662 secun-

358 4697 545 4750 darum
583 4714 761 4753 rerum
809 4716 1063 4755 successu
1106 4698 1346 4754 futurum
1383 4713 1441 4753 se
1471 4714 1652 4771 regem
1680 4700 1930 4770 auspica-

358 4792 534 4855 batur,
583 4807 741 4862 quam
778 4795 929 4865 longe
972 4797 1040 4849 ab
1070 4794 1157 4849 illa
1197 4795 1457 4866 dignitate
1500 4795 1713 4850 abesset
1754 4795 1934 4848 admo-

359 4884 505 4938 nitus
533 4884 813 4940 intellexit.

357 4976 485 5032 CAP.
528 4975 632 5031 VII.
659 5004 730 5015 —-
745 4976 1015 5046 Quomodo
1038 4974 1398 5046 Sadregiselus
1420 4975 1781 5029 dehonestatus
1804 4972 1895 5046 Cglo
1913 5002 1927 5011 α

426 5050 561 5101 tario
609 5063 664 5099 se
690 5046 893 5110 obtulit,
936 5044 999 5099 et"
1025 5044 1282 5116 quomodo
1333 5046 1652 5114 Dagobertus
1682 5046 1735 5098 in
1768 5044 1929 5098 cedem

426 5117 729 5187 pra’dictam
758 5126 1046 5186 martyrum
1080 5116 1380 5185 confugium
1411 5116 1549 5184 fecit.

426 5209 736 5264 Revertenti
774 5208 938 5279 igitur
980 5207 1215 5263 Clotario
1250 5208 1334 5263 his
1375 5208 1712 5263 contumeliis
1768 5208 1931 5263 deho-

353 5306 596 5355 nestatus
639 5298 1012 5368 Sadrcgiselus
1063 5312 1121 5352 se
1160 5297 1343 5363 oﬂ‘ert,
1392 5305 1448 5353 et
1478 5297 1605 5367 quid
1645 5305 1924 5366 prmterea,

353 5404 473 5460 quae
498 5387 673 5458 palam
696 5397 813 5443 erat
839 5403 1049 5459 passus,
1065 5388 1147 5441 vel
1177 5403 1206 5442 a
1232 5403 1339 5457 quo
1371 5388 1561 5450 fuerat,
1590 5387 1931 5457 illacrymans

355 5480 571 5535 indicat.
613 5480 727 5535 Re’x
755 5481 935 5551 itaque
959 5481 1111 5535 ducis
1135 5481 1217 5536 sui
1253 5488 1429 5535 motus
1452 5480 1680 5549 injuriis,
1715 5480 1929 5549 filioque

355 5573 515 5627 undta
570 5570 854 5627 furibunde
901 5571 1287 5632 interminans,
1347 5572 1595 5625 accersiri
1645 5586 1766 5624 eum
1808 5586 1836 5622 a
1871 5585 1927 5624 se

349 5663 513 5733 jubet.
556 5666 672 5733 Quo
697 5664 1043 5737 przccoguito,
1085 5663 1449 5734 Dagobertus,
1500 5662 1624 5731 quia
1676 5661 1929 5717 resistere

2033 4503 2210 4564 tyrum
2245 4492 2478 4560 alloquio
2499 4492 2703 4561 ingenti
2737 4492 3097 4546 exsultatione
3130 4492 3449 4561 tripudians,
3482 4500 3609 4546 voto

2030 4601 2109 4649 sc,
2137 4583 2280 4653 quod
2302 4590 2488 4652 postea
2515 4580 2908 4637 studiosissime
2928 4580 3181 4646 reddidit,
3218 4580 3443 4649 obligat.

2031 4675 2157 4731 CAP.
2184 4674 2253 4728 Χ.
2280 4706 2353 4716 -
2380 4672 2651 4738 Quomodo
2672 4671 2936 4726 Clotarius
2960 4688 3052 4742 per
3070 4672 3398 4741 semetipsum
3424 4671 3609 4726 exinde

2246 4744 2544 4798 abstrahere
2574 4742 2811 4806 voluerit,
2839 4751 2887 4795 et
2913 4742 3124 4795 minime
3144 4743 3387 4811 potuerit.

2098 4837 2228 4893 Post
2254 4837 2369 4891 haec
2397 4833 2664 4891 Clotarius
2686 4833 2872 4899 ﬁlium,
2901 4843 2962 4887 ut
2981 4833 3209 4903 praetuli,
3238 4848 3272 4909 ξι
3296 4841 3609 4887 sanctorum

2030 4927 2289 4982 memoria
2318 4940 2416 4996 per
2443 4940 2502 4979 se
2528 4923 2757 4978 avellere
2780 4923 3002 4992 cupiens
3020 4963 3034 4987 ,
3082 4922 3464 4977 comitantibus
3490 4920 3608 4991 plu-

2032 5017 2183 5071 rimis
2205 5014 2684 5087 appropinquabat.
2752 5012 2858 5067 Sed
2886 5013 3011 5082 quia
3038 5028 3144 5066 non
3171 5011 3348 5066 minus
3374 5011 3428 5065 in
3455 5026 3610 5081 reges
3649 5078 3656 5088 ,

2029 5124 2191 5178 quam
2218 5108 2271 5161 in
2298 5106 2431 5161 alios
2456 5105 2701 5160 homines
2737 5104 2914 5158 divina
2940 5102 3083 5172 quod
3114 5102 3225 5156 vult
3253 5110 3467 5157 exercet
3506 5118 3607 5172 po-

2030 5201 2213 5264 tentia,
2241 5200 2331 5269 qui
2374 5200 2578 5254 inertes
2606 5197 2740 5251 alios
2768 5205 3042 5266 arguerat,
3099 5196 3160 5250 ﬁt
3186 5196 3299 5267 ipse
3325 5197 3506 5261 iners;
3549 5204 3608 5250 ut

2031 5290 2313 5347 manifeste
2360 5290 2711 5359 intelligeret,
2760 5288 3005 5358 quamvis
3050 5290 3163 5358 ipse
3211 5298 3356 5345 esset
3392 5298 3603 5359 potens,

2030 5382 2425 5453 potentioribus
2457 5380 2876 5437 concedendum.
2938 5378 3143 5450 Quippe
3169 5389 3434 5451 martyres
3463 5378 3604 5450 fugi-

2032 5479 2197 5532 tivum
2227 5476 2537 5539 tuebantur,
2567 5481 2622 5527 et
2644 5487 2675 5525 e
2696 5481 2883 5529 contra
2909 5472 3091 5528 hostes
3133 5472 3290 5543 longe
3312 5487 3343 5525 a
3382 5469 3494 5526 suis
3515 5484 3606 5540 pe-

2032 5570 2325 5627 netralibus
2350 5568 2624 5624 arcebant.
