4020 6170
555 257 577 310 I
587 255 690 314 599

1775 257 2075 314 ANONYNI
2114 254 2381 313 S/ECULI
2425 262 2549 317 VIII.

3602 283 3622 335 I
3630 284 3705 337 .590

550 376 807 458 (3.“).th
843 409 912 418 —
942 377 1212 458 Quomodo
1236 378 1640 458 Clotariusjilio
1679 380 1885 458 culpam
1907 381 2112 458 igaove-
2139 379 2191 438 Δ
2216 385 2301 433 tro
2326 389 2474 436 stans
2494 384 2707 455 collegit
2743 401 2882 440 eam.
2941 389 3010 441 At
3044 389 3132 443 ille
3152 391 3331 446 laesum
3370 408 3569 454 cernens
3588 415 3705 458 exer-

640 452 729 514 rit,
758 456 806 500 et
827 448 1062 502 eumdem
1089 448 1260 503 locum
1287 449 1645 504 venerabiliter
1669 448 2022 504 honoraveri't.

618 538 806 594 Victus
828 553 957 608 ergo
985 536 1276 601 Clotarius,
1305 546 1361 594 et
1391 540 1470 594 rei
1490 539 1857 610 magnitudine
1882 538 2117 607 stupefa-

549 636 687 694 ctus,
715 629 868 699 ponit
887 627 1120 684 furorem
1139 670 1154 694 ,
1185 629 1404 698 ﬁlioque
1429 630 1568 685 redit
1602 629 1657 684 in
1686 637 1932 705 patrem:
1968 630 2117 700 igno-

550 718 651 772 scit
689 718 933 788 culpam,
981 719 1046 774 de
1098 721 1389 775 securitate
1432 720 1735 790 pollicetur.
1775 721 1855 775 Ita
1895 720 2114 775 demunt
2193 742 2197 747 τ

547 808 778 862 abeundi
816 808 973 877 capia
1018 823 1271 864 concessa
1295 850 1310 874 ,
1346 810 1449 865 aedi
1481 810 1774 865 beatorum
1818 817 2114 881 martyrum

546 899 819 965 succedit,
880 914 1079 969 eosque
1133 908 1388 970 patronos
1439 902 1629 957 humili
1670 916 1831 971 prece
1875 902 2112 966 asciseit,

545 1004 775 1059 quorum
824 999 1077 1060 expertus
1117 989 1292 1045 fuerat
1338 990 1680 1046 manifestum
1728 991 1944 1046 virtutis
1977 992 2114 1047 indi-

543 1082 705 1136 cium.
765 1080 941 1151 thue
972 1097 1132 1151 quam
1170 1083 1391 1151 probata
1442 1083 1553 1137 sibi
1588 1096 1775 1137 eorum
1816 1083 2008 1137 merita
2029 1098 2112 1139 es-

541 1178 663 1227 sent
683 1171 922 1242 agnovit,
968 1171 1257 1240 plurimum
1294 1172 1410 1226 auri
1433 1180 1489 1227 et
1515 1172 1723 1243 argenti
1751 1174 1817 1227 ad
1845 1187 2113 1227 exornan-

541 1264 637 1319 das
678 1278 865 1318 eorum
900 1264 1188 1317 memorias
1211 1262 1439 1328 obtulit,
1472 1270 1527 1317 et
1548 1263 1617 1318 ad
1638 1262 1979 1317 exaltandam
2005 1262 2108 1318 loci

541 1356 990 1427 magnificentiam
1019 1370 1305 1410 numerosa
1330 1366 1385 1410 et
1404 1355 1603 1424 optima
1628 1354 1824 1424 przedia
1849 1353 2015 1409 dedit.

539 1449 666 1504 ΟΜ).
692 1449 802 1503 ΧΠ.
831 1456 899 1490 -—'—
925 1446 1197 1513 Quomodo
1233 1446 1496 1501 Clotarius
1519 1445 1868 1516 Dagobertum
1896 1461 2109 1500 consor-

1081 1527 1182 1571 tem
1209 1518 1351 1587 regni
1377 1517 1574 1586 fecerit.

607 1614 760 1669 Anno
808 1628 937 1668 vero
984 1613 1053 1668 59
1100 1612 1249 1683 regni
1301 1612 1383 1666 sui
1429 1611 1698 1666 Clotarius
1743 1610 2104 1681 Dagobertum

2219 471 2383 525 citum
2406 488 2580 540 suum,
2615 477 2752 531 dixit
2778 479 2848 534 ad
2884 481 3061 548 ipsum
3088 480 3335 549 juvenem
3365 503 3377 537 :
3405 484 3554 555 Perge
3593 491 3702 546 velo-

2217 563 2356 618 citer
2393 564 2620 623 festinus
2657 569 2903 627 deferens
2954 575 3133 628 crines
3181 576 3366 644 capitis
3409 579 3536 642 mei;
3563 584 3703 637 nuntia

2215 655 2354 723 patri
2382 671 2524 722 meo,
2554 666 2816 728 quatenus
2862 665 3081 719 veniens
3122 675 3394 721 succurrat
3425 670 3559 724 nobis
3588 682 3702 725 aute-

2214 760 2377 815 quam
2401 755 2625 804 cunctus
2644 761 2862 824 corruat
2891 755 3176 810 exercitus.
3215 756 3317 822 Qui
3346 760 3510 813 statim
3538 776 3702 817 cursum

2213 836 2478 907 arripiens
2517 840 2764 896 Rhenum
2812 844 3054 911 transiit,
3091 854 3250 916 atque
3281 848 3335 901 in
3352 848 3619 904 Ardennam
3637 853 3704 907 sil-

2212 942 2356 995 vam,
2381 944 2446 984 eo
2474 932 2616 1001 quod
2646 947 2742 987 rex
2778 932 3044 991 Clotarius
3068 950 3133 992 eo
3160 945 3398 1007 tempore
3432 939 3547 994 inibi
3571 957 3704 996 mora-

2212 1026 2383 1085 retur,
2426 1020 2806 1093 Longolarium
2849 1040 3020 1095 usque
3064 1028 3327 1095 pervenit.
3372 1026 3585 1098 Cumque
3604 1047 3705 1085 nuu-

2212 1111 2396 1167 tiasset
2419 1126 2482 1166 ea
2505 1126 2623 1181 qum
2644 1115 2992 1184 contigerant,
3022 1123 3078 1169 et
3104 1115 3348 1171 deferens
3373 1118 3474 1189 regi
3498 1120 3704 1174 abscisam

2209 1201 2527 1270 particulam
2549 1202 2614 1256 de
2636 1203 2808 1273 capite
2837 1203 2929 1257 filii
2954 1205 3399 1274 adpraesentasset
3418 1246 3432 1270 ,
3474 1220 3554 1261 res
3577 1208 3702 1261 nimio

2207 1290 2391 1346 dolore
2432 1301 2730 1348 commotus
2774 1308 2896 1347 cum
2916 1294 3141 1362 strepitu
3181 1295 3427 1350 tubarum
3449 1303 3498 1350 et
3518 1296 3703 1352 exercitu

2206 1380 2537 1437 Francorum
2583 1382 2725 1438 illico
2781 1384 2846 1438 de
2906 1391 3062 1439 nocte
3111 1400 3465 1454 consurgens,
3505 1386 3705 1441 velociter

2208 1472 2454 1527 Rhenum
2477 1474 2708 1537 transiit,
2737 1481 2897 1543 atque
2922 1475 2976 1529 in
2998 1474 3256 1528 auxilium
3290 1475 3380 1530 filii
3400 1475 3473 1529 sui
3485 1474 3703 1530 celerrime

2205 1566 2470 1634 pervenit.
2527 1564 2768 1636 Cumque
2801 1565 2961 1621 simul
2998 1565 3271 1636 conjuncti
3315 1567 3368 1620 in
3407 1582 3551 1620 unum
3582 1566 3704 1620 hilari

2206 1656 2370 1710 corde
2394 1655 2638 1711 manibus
2661 1653 3047 1723 jucundissime
3084 1656 3428 1726 plauderent,
3466 1671 3596 1726 supra
3618 1653 3702 1709 Wi-

540 1706 702 1801 eum
746 1721 901 1801 suum
937 1711 1243 1801 causam}
1277 1703 1437 1801 τθαηί.
1474 1701 1604 1757 facit
1689 1717 1923 1801 emes
1943 1717 2106 1801 ειτνετ
2136 1720 2180 1781 ιι
2206 1701 3428 1801 έέέεῑνηδιξῑιξι“ῑε;,ῑιῑε;ίε;ξῑιῑετέῑξιῑιξτῖ;ξ’
3450 1701 3701 1799 mm.

537 1796 843 1852 Austrasios
865 1809 1046 1863 regem
1072 1792 1292 1858 statuit,
1338 1792 1576 1847 retinens
1605 1792 1707 1847 sibi
1730 1792 1872 1861 quod
1896 1791 2106 1846 Arden-

535 1904 602 1942 na
655 1895 711 1942 et
771 1886 1013 1955 Vosagus
1063 1897 1251 1938 versus
1300 1880 1606 1938 Neustriam
1646 1890 1702 1937 et
1739 1881 2102 1953 Burgundiam

533 1979 904 2035 excludebant.

532 2092 659 2148 Car.
688 2091 823 2146 XIII.
848 2121 920 2131 —
945 2089 1217 2156 Quomodo
1260 2087 1582 2158 Dagobertus
1629 2086 2001 2143 Comatrudem
2046 2087 2103 2141 in

602 2163 903 2233 conjugium
926 2161 1206 2233 acceperit,
1244 2168 1309 2233 et_
1328 2158 1554 2229 qualiter
1575 2159 1711 2212 inter
1743 2160 1911 2227 ipsum
1936 2167 1983 2210 et
2008 2174 2104 2227 pa-

601 2229 731 2287 trem
751 2229 867 2285 orta
892 2230 1149 2285 contentio
1175 2229 1351 2297 fuerit.

598 2324 767 2395 Igitur
808 2336 948 2376 anno
991 2319 1061 2374 42
1112 2319 1263 2389 regni
1306 2318 1528 2374 Clotarii
1583 2318 1916 2389 Dagobertus
1957 2315 2102 2370 cultu

531 2414 678 2484 regio
705 2428 773 2468 ex
794 2410 947 2481 jussu
974 2409 1142 2479 patris
1163 2410 1387 2464 honeste
1416 2424 1539 2463 cum
1563 2409 1789 2463 ducibus
1829 2406 2103 2477 Clippiaco

530 2503 716 2575 procul
754 2500 964 2575 [prope]
1017 2500 1255 2556 Parisius
1311 2501 1476 2554 venit.
1551 2500 1736 2569 ibique
1787 2512 2101 2567 germanam

531 2590 785 2651 Sichildis
817 2593 1015 2663 regina:
1048 2591 1265 2646 nomine
1294 2590 1677 2646 Gomatrudem
1704 2591 1756 2644 in
1793 2588 2100 2658 conjugium

529 2687 754 2757 accepit.
794 2683 1107 2739 Transactis
1155 2682 1335 2751 itaque
1377 2683 1610 2752 nuptiis,
1656 2682 1742 2737 die
1770 2680 1929 2735 tertia
1960 2680 2103 2733 inter

528 2775 821 2834 Clotarium
847 2781 901 2828 et
927 2772 1091 2826 ﬁlium
1119 2769 1234 2839 ejus
1266 2771 1629 2842 Dagobertum
1654 2772 1833 2840 gravis
1856 2779 1975 2826 orta
2001 2768 2103 2824 fuit

529 2870 773 2927 intentio.
811 2870 1139 2941 Petebatq'e
1164 2870 1497 2940 Dagobertus
1541 2877 1602 2924 ut
1644 2874 1837 2924 cuncta
1877 2881 1996 2936 quae
2034 2865 2102 2919 ad

529 2976 754 3032 regnum
796 2960 1196 3016 Austrasiorum
1233 2958 1571 3030 pertinebant
1614 2973 1725 3013 sua:
1751 2956 1937 3011 ditioni
1965 2954 2102 3009 reci-

527 3060 699 3126 peret.
758 3053 865 3109 Sed
906 3051 1172 3108 Clotarius
1195 3052 1540 3106 vehementer
1564 3048 1884 3116 denegabat,
1923 3045 2096 3101 eidem
2125 3048 2172 3112 C

526 3160 592 3200 ex
614 3144 718 3201 hoc
749 3144 879 3200 nihil
906 3144 1091 3199 volens
1116 3143 1426 3199 concedere.
1468 3141 1664 3197 Electis
1704 3139 1870 3211 igitur
1907 3141 1975 3197 ab
2016 3142 2101 3199 his

527 3236 737 3291 duobus
763 3235 980 3307 regibus
1020 3234 1298 3290 duodecim
1332 3232 1576 3297 Francis,
1604 3241 1663 3288 ut
1706 3248 1894 3288 eorum
1926 3233 2101 3289 disce-

527 3324 766 3396 ptatione
792 3324 908 3379 haec
928 3324 1176 3380 finiretur
1203 3323 1449 3389 intentio,
1474 3323 1616 3378 inter
1641 3338 1777 3393 quos
1799 3330 1854 3397 et
1871 3323 2100 3378 domnus

526 3414 782 3470 Arnulfus
820 3413 1062 3484 pontifex
1106 3415 1355 3473 Meteusis
1401 3429 1523 3470 cum
1573 3413 1793 3484 reliquis
1832 3414 2100 3484 episcopis

525 3506 759 3576 cligitur,
807 3511 868 3560 ut
906 3505 1322 3575 benignissime,
1352 3506 1493 3563 sicut
1531 3520 1627 3560 sua
1669 3512 1786 3559 erat
1820 3506 2097 3568 sanctitas,

529 3599 667 3654 inter
696 3608 905 3668 patrem
946 3605 1001 3652 et
1039 3597 1206 3653 tilium
1233 3613 1332 3668 pro
1353 3597 1503 3669 pacis
1529 3597 1839 3668 loqueretur
1875 3612 2099 3652 concor-

525 3688 650 3742 dia:
700 3687 914 3742 tandem
959 3702 990 3743 a
1033 3686 1376 3758 pontificibus
1410 3687 1496 3743 vel
1524 3686 1936 3758 sapientissimis
1969 3687 2100 3741 viris

524 3778 840 3849 proceribus
880 3786 1034 3847 pater
1075 3778 1390 3847 pacificatur
1429 3792 1551 3833 cum
1590 3776 1719 3832 tilio.
1747 3777 2100 3846 Reddensque

524 3868 575 3923 ei
601 3867 916 3932 solidatam,
958 3867 1099 3935 quod
1125 3868 1423 3937 aspiciebat
1448 3868 1513 3922 ad
1546 3883 1769 3938 regnum
1794 3868 2101 3922 Austrasio—

524 3972 680 4023 rum,
733 3958 838 4013 hoc
883 3964 1092 4012 tantum
1131 3958 1326 4013 exinde
1366 3958 1507 4026 quod
1560 3959 1695 4013 citra
1737 3959 1970 4029 Ligerim
2015 3958 2099 4012 vel

524 4045 820 4103 Provinciae
844 4045 1089 4115 partibus
1113 4044 1277 4100 situm
1308 4055 1585 4113 erat,.sure
1624 4045 1818 4101 ditioni
1849 4046 2093 4101 retinuit.

524 4157 653 4215 CAP.
678 4156 817 4214 XIV.
841 4188 912 4200 —
937 4156 1207 4229 Quomodo
1234 4157 1556 4229 Dagobertus
1579 4177 1610 4212 a
1633 4168 1780 4229 patre
1805 4160 1860 4213 in
1885 4160 2099 4214 Austria

593 4230 819 4301 directus
841 4238 1021 4301 contra
1064 4226 1400 4301 Bertoaldum
1422 4226 1733 4301 pugnaverit
1750 4239 1841 4301 ,get
1874 4231 2099 4301 qualiter

594 4297 857 4370 Clotarius
875 4299 933 4370 ei
960 4299 1014 4353 in
1034 4297 1291 4352 auxilium
1320 4297 1523 4353 veniens
1549 4300 1719 4370 ipsum
1758 4297 2096 4355 Bertoaldum

591 4367 928 4437 interfecerit.

591 4477 922 4548 Dagobertus
962 4478 1139 4547 itaque
1173 4479 1570 4549 pulcherrimus
1608 4478 1821 4546 juvenis
1847 4520 1861 4543 ,
1902 4478 2089 4534 eﬂicax

522 4575 684 4635 atque
708 4573 979 4633 strenuus,
998 4568 1051 4622 in
1065 4569 1311 4622 omnibus
1324 4568 1548 4622 solerter
1569 4570 1799 4639 ingeniis
1817 4570 2087 4639 probatis-

521 4656 708 4719 simus,
738 4670 859 4710 cum
878 4655 937 4710 Pi
944 4656 1103 4727 ppino
1128 4657 1263 4712 duce
1287 4657 1339 4711 in
1363 4657 1526 4712 Hoste
1549 4656 1695 4728 [Leg.
1721 4658 1824 4712 vid.
1847 4658 2087 4732 Austria]

523 4754 842 4816 regnaturus
876 4761 904 4799 a
931 4755 1084 4816 patre
1107 4746 1371 4816 dirigitur.
1434 4746 1697 4802 Austrasii
1731 4761 1861 4801 vero
1895 4747 2090 4803 Franci

520 4837 827 4905 superiores
851 4837 1157 4907 congregati
1178 4838 1232 4891 in
1260 4852 1448 4902 unum,
1474 4838 1834 4907 Dagobertum
1855 4853 2017 4907 super
2033 4853 2090 4894 se

523 4941 700 4998 regem
721 4934 978 4982 statuunt.
1016 4927 1076 4981 In
1098 4927 1203 4981 illis
1223 4942 1436 4997 quoque
1463 4928 1651 4982 diebus
1673 4968 1687 4991 ,
1728 4927 1971 4984 Saxones
2008 4929 2090 4983 ni-

521 5018 689 5072 mium
732 5016 957 5073 rebelles
1008 5032 1131 5072 cum
1171 5016 1455 5072 Bertoaldo
1504 5018 1638 5072 duce
1683 5029 2090 5074 commoverunt

520 5106 817 5162 exercitum
840 5107 1078 5177 gentium
1112 5106 1460 5176 plurimarum
1495 5114 1679 5160 contra
1730 5107 2089 5178 Dagobertum

522 5209 701 5265 regem
720 5194 1140 5250 Austrasiorum.
1201 5194 1535 5266 Dagobertus
1557 5210 1684 5250 vero
1708 5203 1763 5251 et
1784 5197 1899 5267 ipse
1923 5197 2086 5253 colle-

519 5296 607 5341 cto
642 5288 797 5342 hoste
828 5287 1060 5358 plurimo
1084 5288 1329 5342 Rhenum
1359 5287 1588 5352 transit,
1621 5295 1811 5342 contra
1847 5287 2089 5345 Saxones

520 5381 585 5434 ad
612 5395 847 5451 pugnam
863 5382 1010 5436 exire
1033 5396 1140 5436 non
1172 5380 1398 5436 dubitat.
1428 5380 1642 5450 Illisque
1661 5380 1818 5435 valde
1847 5396 2089 5452 pugnan-

522 5470 665 5525 tibus
687 5511 702 5533 ,
751 5471 1081 5541 Dagobertus
1106 5487 1264 5541 super
1291 5471 1441 5542 galea
1470 5470 1663 5541 capitis
1685 5472 1768 5527 sui
1805 5486 2090 5541 percussus

444 5617 450 5624 ,
519 5566 623 5624 est,
664 5567 827 5629 atque
870 5563 1105 5616 abscissa
1148 5561 1409 5630 particula
1438 5560 1505 5615 de
1525 5562 1701 5632 capite
1725 5577 1846 5617 cum
1883 5563 2090 5634 capillis

522 5652 586 5706 ad
614 5660 814 5705 terram
840 5651 1054 5705 decidit.
1095 5651 1280 5704 Adtira
1311 5661 1489 5706 autem
1534 5652 1766 5724 armiger
1787 5652 1902 5722 ejus
1931 5670 1960 5708 a
2001 5670 2086 5709 re—

2206 1851 2331 1891 vero
2360 1836 2468 1890 dux
2496 1835 2767 1891 Saxonum
2790 1850 2857 1890 ex
2881 1835 2983 1890 alia
3008 1843 3167 1907 parte
3188 1836 3318 1906 ripa:
3345 1833 3553 1889 fluminis
3571 1842 3699 1899 stans,

2202 1936 2421 2000 paratus
2444 1936 2504 1983 ut
2528 1927 2603 1983 ad
2623 1943 2853 1999 pugnam
2875 1929 3213 1999 procederet,
3247 1928 3458 1984 audiens
3481 1926 3700 1982 tumultum

2201 2020 2530 2075 Francorum
2555 2020 2921 2091 interrogabat
2947 2020 3075 2090 quid
3118 2020 3227 2075 hoc
3254 2028 3410 2076 esset.
3451 2019 3513 2073 At
3546 2018 3607 2073 illi
3639 2031 3700 2070 re-

2202 2112 2552 2182 sponderunt,
2582 2111 2822 2166 dicentes
2854 2128 2867 2163 :
2899 2110 3161 2166 Dominus
3187 2109 3445 2166 Clotarius
3470 2124 3548 2164 rex
3580 2108 3697 2162 adve-

2200 2202 2299 2267 nit,
2322 2210 2375 2257 et
2397 2201 2465 2256 ob
2491 2202 2593 2256 hoc
2612 2200 2860 2257 laetantur
2885 2200 3099 2256 Franci.
3127 2199 3334 2267 Quibus
3353 2199 3590 2271 respondit
3609 2212 3697 2252 cum

2200 2292 2462 2348 cachinno
2499 2291 2683 2347 dicens
2714 2310 2726 2345 :
2757 2291 3135 2347 Formidantes
3164 2308 3261 2347 vos
3287 2292 3512 2355 nimium,
3554 2287 3698 2344 mentio

2201 2384 2331 2437 mini
2376 2380 2683 2437 delirantes.
2738 2380 3033 2436 Clotarium
3073 2381 3246 2445 enim,
3294 2395 3444 2451 quem
3486 2377 3696 2432 vobiscum

2200 2472 2400 2527 habere
2429 2470 2627 2535 dicitis,
2649 2485 2749 2526 nos
2776 2477 3046 2526 mortuum
3067 2484 3195 2525 esse
3227 2469 3454 2524 auditum
3476 2467 3693 2522 habemus.

2201 2565 2315 2619 Rex
2343 2570 2521 2617 autem
2561 2577 2721 2632 super
2749 2562 2918 2633 ripam
2945 2560 3189 2617 fluminis
3214 2569 3377 2625 stans,
3405 2559 3537 2630 galea
3559 2556 3695 2612 induto

2200 2655 2394 2725 capite,
2418 2651 2853 2723 crinesque‘cum
2889 2652 3094 2708 canicie
3142 2653 3342 2708 variata
3370 2649 3606 2706 obvolutus
3627 2647 3694 2699 ba-

2200 2747 2350 2810 bens,
2378 2753 2433 2801 et
2460 2747 2575 2801 lucc
2605 2744 2843 2807 audiens,
2873 2744 3080 2815 galeam
3100 2744 3382 2800 celerrime
3406 2758 3434 2797 a
3459 2757 3541 2802 suo
3565 2738 3695 2807 capite

2199 2836 2464 2908 deposuit.
2493 2834 2627 2890 Cum
2654 2835 2909 2889 nudatum
2928 2850 2957 2889 a
2973 2835 3128 2905 galea
3150 2834 3470 2905 apparuisset
3488 2835 3617 2900 caput
3636 2842 3695 2881 rc-

2199 2927 2299 2997 gis,
2330 2925 2546 2997 agnovit
2566 2940 2691 2981 eum
2726 2924 3038 2981 Bertoaldus
3066 2940 3258 2996 regem
3283 2938 3415 2988 esse,
3442 2929 3491 2977 et
3522 2918 3695 2974 irridens

2201 3018 2276 3072 ait
2309 3035 2321 3071 :
2347 3016 2425 3071 Tu
2452 3017 2539 3072 hic
2564 3030 2705 3081 eras,
2735 3014 2856 3070 bale
2875 3014 3223 3085 jumentum?
3247 3014 3354 3071 Rex
3379 3028 3494 3068 vero
3516 3011 3608 3066 hac
3627 3022 3695 3060 au-

2200 3107 2372 3172 diens,
2416 3105 2570 3161 valde
2618 3106 2943 3176 indignatus,
2974 3106 3167 3161 ethoc
3205 3106 3487 3161 convicium
3517 3099 3694 3171 graviter

2199 3194 2398 3261 ferens,
2441 3193 2654 3250 Wisera
2700 3194 2917 3250 ﬂuvium
2947 3194 3297 3266 impatienter
3323 3195 3578 3263 ingressus,
3600 3200 3689 3242 cum

2198 3298 2338 3354 equo
2375 3282 2711 3338 velocissimo
2747 3283 3124 3347 transnatavit,
3176 3292 3333 3354 atque
3380 3281 3509 3336 ferus
3540 3285 3585 3331 ut
3605 3280 3689 3329 erat

2200 3376 2361 3431 corde
2388 3374 2759 3445 |Bertoaldum
2809 3375 3241 3446 persequebatur
3265 3417 3279 3442 ,
3334 3375 3690 3437 Francorumqne

2198 3468 2469 3524 exercitus
2487 3476 2774 3538 sequentes
2798 3483 2997 3539 regem,
3029 3470 3268 3523 natando
3291 3468 3374 3522 vix
3398 3464 3580 3519 fluvium
3601 3471 3688 3512 cum

2197 3563 2500 3635 Dagoberto
2553 3562 2857 3617 transibant
2882 3577 2980 3632 per
3030 3561 3271 3632 gurgites
3315 3560 3584 3614 immensos.
3608 3549 3687 3603 Re!

2198 3655 2380 3725 itaque
2429 3653 2697 3709 Clotarius
2741 3660 3056 3722 persecutus
3102 3650 3432 3707 Bertoaldum
3454 3687 3467 3708 ,
3506 3640 3689 3698 certabat

2198 3747 2353 3801 valde
2378 3761 2497 3802 cum
2527 3759 2613 3800 eo.
2639 3744 2890 3813 Dixitque
2914 3743 2964 3798 ei
2986 3742 3331 3797 Bertoaldus;
3357 3738 3397 3795 Ο
3424 3752 3525 3799 rex,
3547 3727 3689 3786 recede

2198 3853 2229 3892 a
2258 3853 2364 3903 me,
2391 3851 2458 3891 ne
2486 3836 2624 3891 forte
2653 3833 2973 3889 interﬁciam
2997 3842 3073 3888 te.
3100 3832 3204 3899 Qui
3230 3834 3275 3887 si
3301 3823 3603 3901 prmvalueris
3623 3816 3690 3870 ad-

2198 3944 2414 3983 versum
2440 3942 2547 3992 me,
2575 3925 2648 3981 ita
2673 3939 2860 3980 omnes
2888 3924 3138 3980 homines
3165 3924 3356 3985 dicent,
3377 3917 3504 3990 quod
3528 3919 3686 3969 sermm

2198 4028 2349 4073 tuum
2395 4015 2733 4073 Bertoaldum
2784 4014 3036 4086 gentilem
3079 4011 3442 4073 interemeris;
3477 4005 3516 4060 si
3554 4006 3688 4054 autem

2198 4124 2297 4178 ego
2317 4107 2635 4163 interfecero
2656 4112 2727 4170 te,
2742 4113 2869 4159 tunc
2891 4119 3076 4158 rumor
3094 4116 3318 4173 magnus
3339 4100 3389 4153 in
3404 4092 3581 4152 cunctis
3595 4100 3688 4158 gen-

2199 4200 2343 4254 tibus
2379 4197 2644 4261 audietur,
2672 4196 2814 4265 quod
2865 4193 3193 4250 fortissimus
3236 4207 3325 4247 rex
3374 4188 3687 4243 Francorum:

2201 4309 2358 4350 servo
2384 4293 2455 4347 sit
2478 4289 2813 4346 interfectus.
2834 4288 2950 4343 Rex
2978 4304 3109 4344 vero
3134 4297 3455 4356 nequaquam
3481 4267 3688 4344 acquievi!

2116 4386 2170 4449 D
2195 4387 2353 4443 dictis
2378 4384 2512 4453 ejus,
2539 4383 2635 4438 sed
2661 4380 2895 4436 fremens
2941 4381 3040 4443 ira,
3072 4379 3246 4447 magis
3285 4375 3535 4444 magisque
3558 4366 3688 4418 insur-

2191 4475 2347 4546 gebat
2361 4488 2522 4542 super
2540 4484 2681 4527 eum.
2710 4470 2930 4540 Equites
2957 4470 3140 4538 itaque
3155 4466 3350 4535 alonge
3375 4464 3614 4546 sequentes
3627 4464 3689 4502 re-

2189 4544 2329 4638 gem,
2360 4566 2664 4620 clamabant
2690 4563 2963 4618 dicentes:
2996 4560 3312 4617 Coufortare
3339 4561 3506 4610 contra
3538 4544 3687 4641 adverv

2188 4659 2390 4714 sarium
2435 4666 2608 4722 tuum,
2638 4655 2852 4711 domine
2908 4670 3024 4709 rex.
3082 4653 3351 4719 Erantque
3393 4655 3557 4700 manus
3581 4644 3687 4700 ι’θὲεε

2188 4749 2343 4803 valde
2367 4762 2578 4818 graves.
2609 4745 2741 4800 Erat
2767 4744 2909 4799 enim
2932 4760 3027 4798 rex
3048 4743 3321 4803 loricatus,
3343 4745 3525 4803 etaqua
3551 4726 3686 4779 sinum

2186 4839 2302 4909 ejus
2329 4839 2454 4894 dum
2506 4843 2870 4891 transnataret
2917 4834 3136 4888 ﬂuvium
3190 4831 3395 4900 replens
3437 4820 3684 4877 indumenta

2187 4933 2365 4988 omnia
2408 4931 2634 4986 nimium
2683 4935 3084 5000 aggravaverat.
3140 4923 3247 4978 Sed
3294 4922 3377 4976 diu
3413 4912 3682 5000 multum?e

2188 5022 2542 5083 decertantes,
2590 5018 2806 5072 tandem
2836 5017 3119 5086 insurgens
3165 5027 3262 5065 rex
3309 5020 3457 5077 super
3496 4986 3682 5052 Berml‘

2188 5114 2334 5177 dum,
2365 5110 2633 5166 interfecit
2657 5124 2799 5163 eum.
2824 5107 3144 5176 Tollensque
3176 5108 3333 5172 caput
3353 5096 3457 5166 ejus
3475 5093 3518 5146 in
3541 5088 3676 5177 conto?

2187 5173 2438 5257 reversus
2456 5209 2541 5259 est
2567 5201 2634 5255 ad
2659 5200 2917 5254 Francos.
2948 5173 3133 5267 Illique
3158 5195 3392 5263 lugenteS
3414 5173 3679 5268 (neSCive‘

2187 5294 2332 5348 enim
2366 5293 2494 5363 quid
2519 5291 2633 5362 regi
2654 5287 2989 5360 contigisset)
3010 5259 3124 5341 viso
3143 5259 3389 5354 eo'gavisi
3411 5279 3517 5330 sunt
3532 5259 3677 5363 gaudio

2186 5361 2400 5453 magno:
2427 5382 2540 5435 Rex
2566 5361 2695 5435 vero
2722 5388 2889 5434 totam
2910 5388 3110 5434 terram
3152 5374 3410 5429 Saxonum
3436 5361 3672 5456 devastati.

2187 5480 2242 5527 et
2267 5448 2481 5527 omnem
2507 5471 2759 5541 populum
2783 5468 3128 5526 interﬁciens.
3151 5478 3256 5518 non
3276 5458 3454 5515 ibidem
3476 5448 3672 5541 ωδὶίξτεξξξ

2190 5526 2458 5619 hominem
2487 5526 2751 5615 viventem
2803 5559 3040 5628 reliquit,
3069 5570 3231 5626 quam
3277 5542 3523 5618 longitudo
3551 5526 3670 5628 [didii

2191 5655 2291 5717 δυῖν
2323 5670 2483 5723 quem
2511 5659 2718 5720 simam
2766 5618 2994 5715 vocant,
3046 5648 3241 5702 habere
3283 5639 3545 5697 videbatur.
3588 5618 3668 5674 Hoc
