4020 6170
395 292 515 347 MOI

1528 275 1750 333 GESTA
1787 273 2001 332 DOMNI
2036 272 2448 330 DAGOBERTI.

3486 280 3622 335 1402

390 412 567 479 itaque
595 408 808 478 signum
843 403 900 459 in
919 401 1192 472 regionem
1232 397 1379 452 illam
1405 395 1610 459 statuit,
1640 393 1847 449 scilicet
1890 398 1950 446 ut
1978 393 2027 453 Α
2052 391 2339 447 memorias
2368 405 2499 445 auro
2534 403 2669 460 puro
2697 396 2750 444 et
2777 389 3080 459 purissimis
3120 394 3347 464 gemmis
3394 411 3623 454 exorna-

386 499 587 572 posteri
605 498 872 553 discerent
889 498 1089 564 quanta
1127 489 1401 545 Saxonum
1424 485 1649 557 perﬁdia
1668 482 1954 547 exstiterit,

386 600 441 645 et
480 598 680 660 quanta
720 586 1049 640 Francorum
1097 580 1320 650 polleret
1351 577 1620 648 potentia,
1651 581 1959 644 quantaque

388 694 574 749 regum
598 683 885 748 provocata
912 670 1229 744 praevaleret
1255 667 1588 723 animositas.

388 772 517 827 CAP.
552 770 668 825 XV.
693 800 765 809 —-
790 768 867 821 De
908 774 1072 820 morte
1097 761 1315 817 Clotarii
1347 760 1479 829 regis
1498 798 1513 823 ,
1549 767 1597 811 et
1626 755 1864 829 qualiter
1910 754 1959 808 ei

681 839 1004 908 Dagobertus
1046 834 1102 887 in
1148 846 1360 902 regnum
1405 828 1676 883 successit.

459 929 616 984 Anno
642 928 807 997 igitur
834 923 903 978 45
944 922 1096 991 regni
1149 921 1232 974 sui
1272 916 1540 973 Clotarius
1585 926 1811 983 magnus
1864 925 1960 965 rex

392 1020 639 1083 moritur,
670 1023 724 1072 et
762 1013 1071 1070 suburbano
1098 1008 1341 1063 Parisius
1384 1007 1439 1060 in
1490 1003 1732 1059 Ecclesia
1778 1000 1960 1055 sancti

396 1106 657 1166 Vincentii
685 1104 959 1175 sepelitur.
1002 1100 1334 1170 Dagohertus
1373 1108 1504 1165 ergo
1552 1092 1777 1146 audiens
1820 1089 1965 1160 geni-

394 1206 565 1254 torem
590 1210 745 1250 suum
763 1191 1092 1256 defunctum,
1122 1185 1388 1242 universis
1415 1182 1746 1254 principibus
1767 1179 1963 1249 quibus

390 1287 693 1359 imperabat
722 1285 778 1339 in
806 1282 1020 1337 Austria
1038 1321 1053 1347 ,
1097 1278 1251 1347 jubet
1279 1275 1576 1331 exercitum
1624 1285 1961 1342 promovere,

394 1380 693 1447 missosque
741 1375 797 1430 in
839 1371 1202 1443 Burgundiam
1230 1376 1285 1423 et
1310 1365 1614 1421 Neustriam
1642 1362 1856 1433 dirigit,
1908 1367 1966 1414 ut

395 1467 544 1539 regni
597 1466 648 1521 ei
700 1464 940 1533 regimen
986 1458 1348 1514 indubitanter
1390 1455 1649 1509 deberent
1702 1460 1960 1507 statuere.

392 1560 635 1629 Cumque
666 1555 890 1612 Rhemis
914 1552 1263 1623 pervenisset,
1287 1546 1557 1618 suggestio
1583 1544 1963 1616 peracceilens,

394 1664 583 1704 omnes
606 1645 886 1718 pontiﬁces
912 1651 967 1698 et
989 1643 1153 1697 duces
1185 1641 1249 1695 de
1278 1653 1444 1708 regno
1485 1635 1807 1706 Burgundiae
1832 1631 1963 1686 inibi

2056 483 2152 537 vit.
2193 482 2261 537 Et
2288 481 2536 551 quamvis
2562 481 2865 547 ecclesiam,
2898 497 3061 551 quam
3106 484 3273 554 ipsea
3314 486 3624 547 fundamine

2058 579 2465 637 construxerat,
2508 572 2831 627 intrinsecus
2858 574 2996 630 miro
3030 576 3221 630 decore
3261 576 3622 645 fabricaverit,

2058 660 2192 718 foris
2217 678 2429 733 quoque
2477 662 2708 733 desuper
2744 664 3007 719 absidiam
3049 666 3230 731 illam,
3279 667 3420 723 infra
3464 685 3625 739 quam

2056 755 2361 809 veneranda
2384 763 2680 825 martyrum
2704 770 2928 825 corpora
2956 758 3331 824 tumulaverat,
3347 761 3626 831 utplenius

2061 843 2236 897 devoti
2262 844 2427 897 animi
2455 845 2695 914 expleret
2721 845 3072 912 desiderium,
3100 863 3168 903 ex
3196 859 3416 920 argento
3452 852 3639 921 puris--

2061 933 2198 988 simo
2218 933 2442 988 miriﬁce
2468 937 2761 1005 cooperuit.

2061 1025 2189 1080 CAP.
2209 1026 2472 1081 —XVIll.
2506 1027 2776 1092 Quomodo
2797 1029 2861 1083 de
2888 1030 3087 1084 teloneo
3115 1048 3179 1085 ea:
3222 1031 3462 1086 Massilia
3508 1052 3628 1091 cen-

2131 1104 2241 1148 tum
2265 1096 2457 1179 solidos
2474 1097 2528 1150 in
2543 1096 2889 1154 luminaribus
2914 1101 3076 1171 ipsius
3103 1100 3329 1155 ecclesia:
3357 1105 3627 1159 annuatim

2132 1178 2456 1219 οοηεεεδεηι.

2132 1254 2267 1309 Nam
2289 1264 2344 1310 et
2364 1257 2431 1311 de
2460 1259 2678 1327 proprio
2704 1259 2933 1326 teloneo,
2965 1262 3107 1331 quod
3131 1262 3181 1316 ei
3224 1262 3379 1318 annis
3406 1261 3630 1335 singulis

2064 1361 2131 1401 ex
2156 1345 2388 1401 Massilia
2420 1348 2748 1415 solvebatur,
2799 1359 3013 1405 centum
3040 1352 3238 1407 solidos
3267 1353 3321 1407 in
3353 1353 3630 1408 luminari-

2064 1435 2167 1490 bus
2203 1434 2702 1504 ejusdemecelesia:
2727 1454 2791 1495 eo
2819 1449 3002 1496 tenore
3029 1443 3321 1506 concessit,
3368 1450 3428 1497 ut
3451 1443 3627 1497 oleum

2064 1524 2258 1579 exinde
2285 1535 2494 1581 actores
2527 1527 2679 1596 regii,
2714 1530 3006 1584 secundum
3040 1530 3181 1600 quod
3232 1532 3364 1587 ordo
3399 1531 3630 1587 cataboli

2064 1624 2226 1680 esset,
2256 1617 2407 1685 quasi
2441 1617 2509 1671 ad
2535 1633 2669 1687 opus
2706 1619 2845 1688 regis
2873 1618 3107 1675 studiose
3155 1630 3424 1687 emerent,
3454 1630 3510 1677 et
3551 1623 3630 1677 sic

396 1756 454 1795 se
482 1704 765 1793 tradidisse
790 1741 1100 1790 noscuntur.
1150 1730 1257 1785 Sed
1280 1704 1655 1783 et'Neustrasii
1682 1722 1963 1795 pontiﬁces
1990 1725 2040 1788 Β
2065 1704 2280 1760 demum
2304 1706 2484 1760 miSSiS
2509 1706 2676 1775 ίρδίυε
2704 1706 2805 1762 Ιοοί
2832 1710 3106 1764 annuatim
3156 1712 3450 1766 traderem-
3485 1711 3631 1768 Ρΐω-

394 1839 448 1886 et
467 1843 734 1900 proceres,
763 1826 1100 1896 plurimaque
1120 1837 1246 1893 pars
1273 1820 1443 1892 regni,
1476 1819 1836 1891 Dagobertum
1858 1816 1964 1872 nisi

395 1928 523 1977 sunt
547 1919 832 1990 expetisse.

395 2030 829 2089 CAP.XVl.—De
844 2028 1121 2082 Hairberto
1146 2027 1311 2097 fratre
1336 2025 1639 2097 Dagoberti,
1668 2033 1727 2097 et;
1738 2022 1965 2094 qualiter

588 2102 635 2155 ei
670 2099 990 2170 Dagobertus
1028 2095 1227 2168 partem
1264 2095 1771 2167 regni‘concesserit.

465 2191 782 2246 Hairbertus
824 2195 1002 2243 autem
1047 2186 1215 2241 frater
1250 2184 1365 2254 ejus
1392 2184 1664 2239 nitebatur
1701 2182 1746 2237 si
1786 2187 1967 2252 posset

395 2293 958 2354 regnum‘assumere.
990 2277 1096 2332 Sed
1120 2276 1263 2331 illius
1286 2275 1532 2330 voluntas
1560 2289 1658 2344 pro
1705 2271 1963 2341 simplici-

395 2382 507 2429 tate
532 2387 722 2443 parum
768 2371 995 2426 sortitur
1035 2368 1301 2424 effectum.
1348 2365 1637 2421 Brunulfus
1675 2380 1824 2430 vero,
1872 2364 1965 2433 qui

393 2462 563 2517 frater
594 2461 769 2517 fuerat
791 2460 1040 2516 Siehildis
1067 2459 1284 2529 regium,
1313 2457 1498 2512 volens
1526 2463 1773 2527 nepotem
1808 2470 1965 2510 suum

394 2553 736 2608 Hairbertum
774 2549 1015 2606 stabilire
1041 2549 1094 2603 in
1128 2564 1374 2618 regnum,
1405 2549 1661 2603 adversus
1701 2546 1969 2614 Dagol2er-

396 2654 509 2699 tum
539 2642 897 2713 muscipulare
919 2648 1175 2711 coeperat.
1207 2640 1313 2695 Sed
1342 2638 1499 2707 hujus
1536 2639 1614 2693 rei
1641 2636 1968 2692 vicissitudi-

395 2749 518 2788 nem
545 2740 729 2803 postea
755 2732 1001 2803 probavit
1038 2739 1278 2785 eventus.
1325 2729 1566 2799 Cumque
1593 2743 1814 2798 regnum
1838 2727 1967 2784 Clo—

399 2822 541 2886 tarii,
574 2830 682 2876 tam
709 2822 1021 2892 Neptrieum
1061 2836 1223 2890 quam
1248 2819 1572 2889 Burgundia,
1605 2835 1636 2872 a
1665 2818 1965 2888 Dagoherto

395 2914 583 2970 fuisset
614 2920 930 2983 occupatum
954 2952 969 2978 ,
1009 2911 1179 2981 captis
1224 2910 1492 2965 thesauris
1538 2916 1592 2963 et
1637 2925 1747 2964 sua:
1775 2909 1965 2964 ditioni

396 3003 647 3067 redactis,
678 3002 889 3056 tandem
908 2999 1276 3055 misericordia
1301 3006 1355 3052 et
1374 2998 1572 3068 pietate
1591 3006 1767 3051 motus
1784 3037 1798 3062 ,
1827 3012 1960 3052 con-

397 3094 517 3149 silio
563 3092 790 3163 sapienti
822 3107 967 3156 usus,
995 3091 1129 3146 citra
1173 3089 1408 3159 Ligerim
1455 3095 1511 3144 et
1560 3087 1781 3142 limitem
1822 3088 1966 3158 quod
1991 3075 2037 3138 C

398 3183 634 3238 tenditur
683 3181 925 3252 partibus
970 3178 1307 3244 Wasconite,
1357 3192 1450 3233 seu
1504 3183 1559 3232 ct
1601 3185 1810 3232 montes
1857 3178 1963 3247 Py-

397 3286 644 3336 renmos,
686 3286 852 3341 pagos
899 3278 954 3325 et
983 3269 1250 3332 civitates,
1288 3267 1428 3337 quod
1475 3265 1630 3321 fratri
1667 3282 1764 3322 suo
1810 3266 1968 3321 Hair-

396 3365 552 3419 berto
607 3362 676 3416 ad
722 3369 874 3416 trans
934 3359 1240 3432 agendum,
1293 3368 1348 3414 et
1409 3359 1477 3413 ad
1532 3359 1705 3413 instar
1754 3358 1967 3427 privato

400 3453 584 3509 habitu
633 3452 1024 3509 convivendum
1058 3458 1237 3522 posset
1274 3450 1552 3514 sufﬁcere,
1592 3449 1794 3519 placuit
1840 3462 1969 3502 con-

398 3546 644 3601 cessisse.
695 3544 894 3614 Pagum
943 3544 1146 3600 scilicet
1191 3543 1531 3605 Tolosanum,
1578 3539 1965 3604 Caturcinum,

398 3634 789 3704 Agennensem,
843 3634 1273 3701 Petrogoricum,
1324 3638 1378 3685 et
1428 3629 1828 3692 Sanctonicum,
1884 3627 1969 3681 vel

400 3724 541 3791 quod
570 3724 637 3776 ab
666 3722 749 3776 his
778 3736 964 3776 versus
982 3721 1268 3791 Pyrenaeos
1291 3727 1501 3773 montes
1521 3717 1841 3782 excluditur,
1865 3717 1970 3772 hoc

403 3820 608 3865 tantum
652 3809 934 3865 Hairberto
976 3809 1129 3864 fratri
1172 3825 1269 3864 suo
1316 3808 1606 3879 regendum
1661 3807 1964 3863 concessit:

402 3902 545 3971 quod
572 3910 626 3955 et
657 3915 753 3971 per
791 3900 1051 3971 pactionis
1074 3899 1345 3954 vinculum
1372 3898 1626 3965 ﬁrmavit,
1656 3905 1717 3953 ut
1742 3898 1970 3968 amplius

402 3993 720 4047 Hairbertus
763 3990 908 4045 nullo
954 3999 1192 4061 tempore
1232 3989 1488 4044 adversus
1517 3988 1872 4059 Dagobertum
1905 3987 1971 4043 de

404 4097 571 4154 regno
597 4082 766 4151 patris
806 4090 1049 4151 repetere
1084 4089 1452 4150 praesumeret.
1482 4080 1795 4136 Hairbertus
1818 4094 1967 4144 vero,

405 4175 583 4228 sedem
606 4173 923 4227 Tolosanum
951 4172 1171 4241 eligens,
1196 4172 1451 4242 regnabat
1477 4170 1532 4224 in
1572 4170 1813 4239 partibus
1847 4184 1972 4239 pro-

403 4262 593 4318 vincia:
617 4262 932 4332 Aquitaniae.
965 4261 1065 4328 Qui
1093 4269 1214 4331 post
1244 4276 1412 4315 annos
1441 4268 1551 4315 tres
1576 4275 1697 4315 cum
1741 4274 1970 4329 regnare

405 4357 675 4425 cmpisset,
710 4364 875 4411 totam
897 4354 1238 4409 Waseoniam
1258 4370 1389 4433 cum
1424 4355 1662 4410 exercitu
1709 4368 1969 4423 superans

405 4463 516 4502 suae
537 4448 720 4503 ditioni
747 4446 969 4517 redegit,
985 4446 1434 4517 ctaliquantulum
1460 4446 1609 4517 regni
1630 4444 1713 4500 sui
1739 4445 1969 4516 spatium

406 4537 695 4608 largiorem
722 4536 866 4593 fecit.

407 4650 534 4704 (ΖΜ).
564 4651 724 4706 XV'll.
750 4682 822 4691 —
850 4650 1120 4717 Quomodo
1164 4651 1488 4721 Dagobertus
1534 4666 1625 4704 rea:
1668 4658 1970 4704 sanctorum

476 4731 765 4791 martyrum
811 4721 1048 4791 Dionysii
1084 4722 1442 4791 sociorumque
1482 4722 1597 4790 ejus
1624 4734 1843 4791 corpora
1884 4734 1969 4791 τεξ-

476 4786 711 4859 quisierit
732 4829 747 4854 ,
792 4786 969 4859 atque'
991 4789 1259 4843 ecclesiam
1305 4786 1583 4859 ornaverit,
1613 4798 1676 4859 et
1700 4786 1764 4840 de
1789 4786 1972 4841 absida

474 4856 617 4924 infra
642 4874 797 4927 quam
827 4856 1168 4928 requiescunt,
1217 4858 1442 4929 qualiter
1482 4874 1598 4914 eum
1642 4857 1860 4927 desuper
1907 4871 1972 4910 ea:

477 4936 689 4995 argento
713 4930 1054 4996 cooperuerit.

476 5017 807 5085 Dagobertus
833 5019 1060 5088 denique
1086 5020 1196 5073 Deo
1237 5026 1502 5072 annuente
1544 5032 1767 5086 regnum
1796 5023 1974 5087 pater—

408 5121 537 5160 num
558 5106 811 5170 retinens,
846 5107 986 5161 inter
1012 5107 1115 5161 alia
1144 5123 1263 5176 quae
1285 5107 1621 5162 laudabiliter
1648 5107 1834 5177 gessit,
1866 5121 1974 5160 me-

410 5212 528 5252 mor
557 5197 665 5251 voti
679 5196 794 5266 jam
818 5197 967 5260 dicti,
983 5199 1213 5252 accessit
1238 5198 1305 5253 ad
1325 5212 1484 5267 supra
1510 5204 1867 5253 memoratum
1892 5195 1971 5250 lo-

407 5305 559 5357 cum;
584 5297 640 5345 et
667 5292 808 5345 sicut
835 5291 889 5345 in
917 5292 1120 5347 somnis
1146 5292 1495 5361 praemonitus
1536 5290 1729 5356 fuerat,
1763 5298 1975 5347 saneto—

408 5396 526 5435 rum
544 5388 840 5451 martyrum
865 5382 1119 5452 Dionysii,
1136 5384 1342 5438 Rustici
1358 5392 1413 5438 et
1430 5383 1725 5438 Eleutherii
1747 5397 1974 5453 corpora

409 5470 706 5539 requirens,
731 5472 932 5541 digesta
955 5487 1143 5527 eorum
1172 5474 1224 5528 in
1272 5474 1615 5543 sarcophagis
1647 5473 1864 5528 nomina
1892 5487 1975 5526 re-

330 5614 335 5619 .
408 5564 565 5633 perit,
595 5580 715 5633 qua:
741 5573 795 5619 et
833 5564 887 5619 in
928 5565 1090 5620 a‘lium
1127 5564 1364 5633 ejusdem
1396 5566 1497 5622 vici
1545 5566 1720 5621 locum
1766 5580 1975 5648 summa

409 5674 530 5713 cum
554 5659 892 5714 veneratione
917 5675 950 5713 x
987 5658 1102 5713 Kal.
1149 5657 1315 5714 Maias
1364 5656 1657 5725 transtulit,
1684 5667 1976 5724 eorumque

2064 1803 2385 1864 ceptumque
2411 1795 2605 1850 exinde
2631 1796 2810 1851 taliter
2856 1798 3071 1853 firmare
3121 1801 3356 1867 studuit,
3402 1810 3464 1857 ut
3519 1812 3629 1857 tam

2064 1884 2116 1938 in
2143 1886 2257 1954 ipsa
2284 1884 2536 1952 Massilia,
2567 1901 2730 1956 quam
2770 1887 3021 1944 Valencia
3044 1931 3059 1955 ,
3090 1890 3287 1948 Fossas
3320 1901 3375 1947 et
3420 1893 3634 1965 Lugdu-

2063 1990 2212 2041 num,
2243 1975 2327 2030 vel
2350 1991 2669 2046 quocunque
2703 1990 2798 2046 per
2825 1978 3031 2048 reliqua
3063 1979 3177 2034 loca
3209 1982 3465 2038 transitus
3492 1992 3630 2049 erat,

2063 2079 2222 2119 omne
2245 2066 2512 2121 teloneum
2536 2067 2604 2122 de
2626 2081 2719 2120 sex
2747 2067 3020 2137 plaustris,
3048 2070 3245 2138 quibus
3267 2071 3371 2126 hoc
3408 2072 3629 2127 videba-

2065 2160 2154 2206 tur
2182 2153 2399 2221 deferri,
2428 2170 2707 2225 usquequo
2741 2158 2809 2212 ad
2853 2158 3021 2226 ipsam
3060 2159 3336 2215 basilicam
3380 2177 3631 2231 peracce-

2065 2245 2269 2308 dercnt,
2298 2246 2619 2302 omnimodis
2650 2256 2793 2303 esset
2818 2249 3101 2303 indultum.

1984 2360 1989 2366 -
2065 2334 2192 2390 CAP.
2387 2367 2459 2411 -_—
2483 2338 2559 2391 De
2584 2338 2954 2411 gasopItyloci_o
2980 2341 3119 2411 quod
3147 2350 3265 2396 ante
3309 2320 3506 2396 cornua
3553 2343 3632 2397 al-

2136 2408 2265 2460 taris
2314 2408 2476 2479 ipsius
2491 2407 2726 2479 ecclesiae
2751 2407 2868 2476 ﬁeri
2899 2407 3093 2479 jussit,
3123 2420 3170 2463 et
3201 2413 3474 2465 annuatim
3504 2414 3633 2467 inibi

2136 2485 2337 2529 centum
2365 2476 2559 2530 solidos
2589 2476 2715 2531 solvi
2753 2476 3015 2548 prwcepit.

2135 2566 2588 2638 Gazophylaeium
2608 2580 2820 2638 quoque
2847 2576 2972 2622 ante
2993 2584 3157 2624 cornu
3189 2569 3374 2625 altaris
3394 2568 3635 2638 ejusdem

2066 2657 2304 2712 ecclesim
2323 2672 2389 2712 ex
2416 2666 2638 2727 argento
2664 2657 2780 2712 ﬁeri
2802 2656 2985 2726 jussit,
3026 2667 3085 2714 ut
3113 2660 3413 2715 introducta
3443 2661 3511 2715 ab
3553 2659 3633 2716 of-

2065 2749 2361 2805 ferentibus
2385 2748 2635 2804 alimonia
2658 2764 2757 2819 per
2794 2765 3012 2804 manum
3038 2751 3331 2806 sacerdotis
3360 2752 3473 2820 ipsa
3502 2766 3634 2822 pau-

2064 2844 2282 2913 peribus
2310 2851 2625 2913 erogaretur
2669 2842 2987 2906 substantia,
3019 2849 3285 2912 quatenus
3321 2841 3475 2911 juxta
3504 2842 3634 2899 illud

2065 2933 2430 3004 evangelicum
2459 2931 2826 3002 hujuscemodi
2868 2932 3206 3004 eleemosyna
3232 2931 3386 2987 ﬁeret
3409 2933 3635 2988 abscon~

2066 3028 2207 3092 dita;
2249 3034 2304 3081 et
2334 3028 2676 3096 omnipotens
2725 3027 3004 3093 Dominus,
3055 3028 3149 3099 qui
3196 3027 3407 3083 occulta
3453 3028 3635 3083 omnia

2066 3117 2347 3187 conspicit,
2379 3116 2736 3187 centuplicata
2785 3117 2841 3171 in
2881 3124 3083 3171 aeterna
3118 3116 3467 3171 retributione
3509 3117 3631 3171 uni-

2065 3210 2257 3279 cuique
2280 3209 2605 3262 restitueret.
2636 3206 2694 3260 In
2721 3220 2828 3274 quo
2856 3206 3020 3260 etiam
3057 3213 3272 3259 centum
3315 3205 3512 3259 solidos
3537 3220 3633 3259 an-

2064 3317 2170 3355 nua
2210 3300 2446 3354 illatione
2474 3299 2614 3353 idem
2654 3310 2749 3350 rex
2784 3310 2882 3366 pro
2909 3302 3107 3349 aeterna
3135 3293 3634 3363 recompensatione

2065 3389 2349 3443 intromitti
2374 3389 2439 3443 de
2468 3387 2720 3441 Kalendis
2739 3387 2792 3439 in
2817 3384 3082 3439 Kalendas
3110 3383 3443 3453 Septembris
3468 3383 3634 3438 desti-

2065 3478 2231 3542 navit,
2278 3477 2507 3546 indeque
2548 3476 2655 3530 tale
2681 3481 3005 3544 praeceptum
3034 3473 3247 3539 edidit:
3284 3480 3345 3528 ut
3380 3468 3633 3544 deinCeps

2050 3577 2175 3624 tam
2221 3572 2333 3638 ipse
2382 3584 2544 3638 quam
2582 3568 2676 3622 ﬁlii
2698 3568 2798 3632 sui,
2835 3567 2919 3622 vel
2945 3567 3036 3636 qui
3087 3566 3428 3637 postmodum
3476 3581 3632 3637 reges

2064 3660 2397 3714 Francorum
2444 3661 2820 3723 succederent,
2852 3673 3071 3713 recurso
3098 3658 3224 3711 anni
3267 3658 3469 3713 circulo
3492 3673 3631 3727 prm-

2067 3749 2276 3804 ﬁnitum
2302 3748 2591 3804 solidorum
2629 3762 2909 3802 numerum
2936 3762 3001 3802 ex
3027 3746 3219 3801 aerario
3243 3747 3475 3819 publico,
3498 3746 3633 3802 inihi

2067 3838 2269 3895 inferre
2307 3846 2547 3909 tempore
2574 3838 2796 3894 inlibato
2827 3854 2932 3892 non
2963 3838 3329 3893 obmitterent.
3377 3836 3481 3907 Ipsi
3533 3852 3631 3891 au-

2069 3940 2176 3988 tem
2211 3940 2426 3987 centum
2459 3931 2614 3985 solidi
2635 3945 2741 3983 non
2766 3928 2911 3992 alibi,
2938 3928 3040 3983 nisi
3082 3928 3135 3982 in
3168 3927 3420 3983 omnibus
3458 3926 3635 3981 distri-

2066 4025 2358 4080 buerentur
2378 4022 2717 4093 pauperibus,
2734 4020 3013 4090 nullusque
3030 4020 3131 4075 hoc
3146 4026 3495 4089 praesumeret
3513 4020 3636 4075 abs-

2070 4116 2313 4180 trahere,
2345 4113 2438 4169 sed
2472 4114 2707 4184 quandiu
2750 4127 2972 4183 regnum
3019 4112 3337 4166 consisteret
3362 4126 3392 4164 a
3419 4110 3637 4181 regibus

2070 4212 2477 4267 succedentibus
2499 4225 2596 4265 suo
2622 4218 2859 4277 tempore
2891 4206 2945 4259 in
2979 4206 3235 4276 praedicto
3259 4205 3639 4273 gazophylacio

2070 4300 2415 4363 inferrentur,
2443 4307 2504 4353 ut
2524 4299 2593 4354 de
2629 4299 2746 4367 ipsa
2776 4296 3081 4357 collatione,
3110 4301 3165 4347 et
3205 4295 3348 4362 quod
3377 4294 3639 4349 Dominus

1999 4414 2051 4473 ι)
2072 4393 2140 4446 ab
2172 4391 2293 4446 aliis
2326 4390 2633 4445 hominibus
2676 4388 2873 4442 ibidem
2911 4385 3171 4439 voluisset
3206 4384 3381 4438 adhuc
3411 4384 3635 4453 augeri,

2072 4500 2337 4557 pauperes
2356 4491 2412 4539 et
2437 4481 2701 4554 peregrini
2729 4479 2921 4536 exinde
2942 4477 3180 4532 valerent
3207 4490 3305 4545 per
3327 4472 3637 4529 inconvulsa

2071 4587 2315 4646 tempora
2347 4574 2601 4629 recreari.

2071 4668 2199 4724 CAP.
2218 4664 2336 4720 XX.
2358 4695 2431 4707 —-
2445 4664 2524 4719 De
2545 4680 2698 4719 cruce
2721 4679 2888 4744 aurea.
2902 4677 3064 4744 Aquam
3082 4660 3220 4713 idem
3255 4674 3346 4713 rex
3372 4654 3500 4711 inibi
3522 4651 3640 4724 ﬁeri

2749 4742 2930 4803 jussit.
3598 4744 3603 4747 ‘

2143 4831 2370 4888 Crucem
2396 4829 2558 4886 etiam
2586 4840 2855 4897 magnam,
2885 4838 3006 4893 quae
3038 4830 3184 4877 retro
3208 4819 3377 4873 altare
3414 4830 3637 4873 aureum

2070 4928 2382 4994 poneretur,
2411 4934 2479 4975 ex
2504 4931 2639 4972 auro
2672 4928 2809 4985 puro
2853 4922 2910 4968 et
2960 4907 3362 4981 pretiosissimis
3411 4903 3638 4976 gemmis

2074 5012 2270 5082 insigni
2311 5024 2474 5080 opere
2498 5023 2563 5063 ac
2590 5006 2951 5062 munitissima
2986 5003 3119 5058 artis
3150 5001 3445 5056 subtilitate
3474 4997 3640 5053 fabri-

2073 5104 2184 5160 cari
2201 5101 2381 5171 jussit,
2406 5115 2567 5169 quam
2589 5100 2780 5153 beatus
2801 5095 3025 5164 Eligius,
3049 5108 3114 5148 eo
3138 5093 3278 5161 quod
3306 5090 3397 5145 illo
3416 5090 3469 5144 in
3497 5097 3636 5143 tem-

2073 5208 2203 5264 pore
2225 5206 2466 5247 summus
2494 5187 2701 5244 aurifex
2734 5187 2848 5257 ipse
2886 5186 2939 5239 in
2972 5197 3139 5254 regno
3170 5182 3481 5244 haberetur,
3512 5191 3635 5232 cum

2074 5294 2130 5342 et
2152 5286 2256 5340 alia
2286 5283 2501 5355 quaead
2525 5281 2692 5350 ipsius
2724 5278 2961 5334 basilicae
2998 5283 3248 5331 ornatum
3276 5270 3636 5342 pertinebant,

2075 5388 2294 5435 strenue
2341 5378 2670 5443 prmpararet
2689 5408 2705 5435 ,
2760 5366 2990 5437 eleganti
3039 5362 3353 5421 subtilitatis
3402 5358 3636 5429 ingenio,

2075 5469 2361 5540 sanctitate
2427 5465 2723 5534 opitulante
2778 5460 3005 5516 miriﬁce
3067 5455 3365 5513 exornavit.
3437 5450 3640 5521 Nempe

2075 5556 2444 5615 moderniores
2463 5552 2712 5607 auriﬁces
2731 5560 3039 5606 asseverare
3060 5546 3234 5601 solent
3252 5544 3394 5613 quod
3409 5541 3477 5595 ad
3500 5554 3640 5609 pra:-

2073 5665 2201 5707 scns
2226 5649 2313 5705 vix
2346 5646 2539 5714 aliquis
2583 5643 2651 5698 sit
2686 5642 2905 5698 relictus
2944 5640 3067 5712 qui,
3096 5635 3342 5707 quamvis
3368 5630 3634 5701 peritissi—
