4020 6170
548 250 680 305 HO?)
1747 247 2062 303 ANONYMI
2100 245 2369 302 SASCULI
2410 247 2537 302 Vlll.
3633 250 3731 303 ltili

544 365 729 418 qusin
745 358 866 414 aliis
885 365 1058 412 exstet
1083 357 1353 426 operibus,
1378 355 1745 425 hujuscemodi
1769 365 1952 413 tamen
1974 372 2118 427 gcm—
2146 361 2193 416 Α
2223 372 2403 410 rerum
2432 364 2486 411 et
2515 355 2827 411 Sclavorum
2855 355 3183 419 consistunt,
3209 372 3334 411 eum
3367 368 3587 427 prompte
3605 376 3729 429 expe—

544 449 701 505 marii
721 455 775 502 et
803 446 1086 501 inclusoris
1116 445 1411 503 subtilitate
1439 447 1614 500 valeat
1658 461 1762 515 per
1812 448 1982 501 multa
2023 462 2120 501 an—
2220 456 2413 513 terent,
2452 456 2510 502 ut
2546 447 2634 501 ille
2675 455 2796 515 post
2847 455 3058 514 tergum
3084 462 3275 502 eorum
3324 449 3420 502 iret
3463 448 3668 514 feliciter,
3693 452 3732 505 in

545 555 736 597 uorum
762 537 1049 601 curricula,
1088 552 1153 593 eo
1179 538 1321 606 quod
1350 537 1416 592 de
1463 553 1562 591 usu
1596 539 1909 603 recesserit,
1958 537 2027 591 ad
2055 536 2121 589 li-
2221 547 2432 591 tantum
2455 545 2517 592 ut
2538 537 2702 591 Avari
2747 544 2802 590 et
2844 536 3046 599 Sclavi,
3094 545 3510 607 ceterarumque
3549 541 3731 608 gentium

545 631 766 701 quidum
808 627 1199 697 experientiam
1228 626 1506 697 consequi.
1558 625 1696 681 Nam
1723 633 1779 681 et
1827 640 1925 696 per
1954 634 2119 680 totam
2219 627 2476 682 nationes
2516 644 2677 681 manu
2701 626 2915 696 publica
2952 626 3116 694 ipsius
3148 626 3338 681 ditioni
3364 644 3420 681 se
3442 629 3733 697 subjiciendus

546 718 829 774 ecclesiam
850 731 981 769 auro
1018 723 1192 771 textas
1226 723 1421 780 vestes,
1449 716 1864 785 margaritarum
1888 714 2119 768 varieta-
2220 714 2540 770 ﬁducialiter
2582 715 2928 785 sponderent.
2977 713 3100 768 Post
3140 714 3436 769 discessum
3475 732 3589 771 vero
3625 719 3732 774 beati

546 806 691 862 tibus
719 805 1081 875 multipliciter
1123 813 1443 867 exornatas,
1489 804 1542 857 in
1589 802 1889 871 parietibus
1934 811 1989 857 et
2025 817 2119 856 co-
2218 806 2445 872 Arnulﬁ,
2496 807 2672 862 adhuc
2716 806 2941 860 consilio
2998 806 3177 874 Pipini
3223 805 3442 875 majoris
3483 808 3659 873 domus,
3692 821 3732 863 et

548 894 744 952 lumnis
789 904 948 964 atque
975 894 1206 948 arcubus
1245 892 1499 961 suspendi
1550 892 1895 947 devotissime
1919 891 2119 960 jussit:
2218 896 2533 952 Chuniberti
2567 896 2836 965 pontiﬁcis
2863 894 3013 950 urbis
3056 894 3297 950 Colonia:
3325 904 3492 961 utens,
3520 905 3568 951 et
3599 899 3655 952 ab
3676 898 3732 967 ip

546 995 809 1056 quatenus
834 986 1058 1040 aliarum
1081 984 1431 1039 ecclesiarum
1459 983 1790 1039 ornamentis
1815 983 2123 1051 praecellere
2218 986 2295 1041 sis
2319 985 2529 1041 fortiter
2553 986 2882 1051 admonitus,
2919 986 3297 1055 prosperitatis
3321 995 3375 1040 et
3393 985 3594 1053 justitia:
3616 1004 3730 1041 amo-

546 1080 836 1142 videretur,
863 1085 920 1132 et
967 1076 1294 1131 omnimodis
1341 1074 1748 1143 incomparabili
1782 1075 1960 1128 nitore
2003 1090 2125 1128 ver—
2220 1090 2336 1128 rem
2376 1074 2690 1144 complexus
2717 1074 3087 1127 universarum
3132 1073 3239 1127 sibi
3282 1075 3509 1143 gentium
3548 1077 3733 1132 subdita-

546 1183 681 1222 nans
705 1207 719 1233 ,
770 1168 918 1222 omni
966 1175 1180 1220 terrena
1221 1164 1632 1237 pulchritudine
1692 1171 1907 1232 compta
1964 1172 2123 1233 atque
2221 1181 2362 1231 rum,
2384 1181 2557 1234 usque
2581 1167 2708 1219 dum
2742 1164 2960 1229 Parisii,
2983 1171 3043 1217 ut
3068 1179 3234 1235 supra
3261 1166 3490 1231 memini,
3514 1170 3731 1236 pervenis-

546 1254 904 1311 inzestimabill
944 1256 1135 1311 decore
1180 1254 1433 1309 irradiata
1480 1254 1895 1324 splendesceret.
1947 1254 2125 1323 thue
2219 1264 2302 1311 set
2347 1257 2558 1320 urbem,
2603 1255 2737 1310 adeo
2782 1252 3058 1309 favoribus
3108 1254 3484 1323 extollebatur,
3517 1266 3569 1311 ut
3599 1258 3733 1313 nullus

546 1344 723 1401 divina
751 1346 866 1401 laus
902 1354 1159 1414 perpetuo
1184 1358 1217 1399 a
1246 1345 1339 1399 Dei
1371 1344 1669 1400 cultoribus
1711 1344 1910 1398 ibidem
1941 1359 2125 1415 agere—
2222 1345 2287 1399 de
2307 1344 2733 1413 praecedentibus
2775 1342 3104 1398 Francorum
3143 1345 3364 1415 regibus
3390 1347 3522 1401 illius
3541 1348 3733 1403 laudibus

548 1443 657 1500 tur,
688 1435 918 1504 plurima
949 1442 1004 1489 et
1026 1433 1263 1508 ingentia
1297 1433 1498 1504 pnedia
1518 1433 1740 1489 addidit.
2221 1432 2410 1488 fuisset
2453 1433 2865 1503 praecellentior.
2895 1432 3243 1503 Veniensque
3284 1437 3353 1489 ad
3376 1438 3642 1492 veneranda
3671 1453 3733 1493 se-

547 1545 677 1600 Car.
722 1540 1051 1598 XXI.—De
1080 1544 1314 1614 ingressu
1349 1543 1513 1614 ipsius
1561 1543 1617 1596 in
1662 1542 2026 1613 Burgundiam
2075 1555 2124 1598 et
2220 1524 2406 1614 Pulcra
2448 1524 2726 1614 mwru'“
2789 1531 3085 1593 manymm
3145 1524 3384 1595 DiODYSii
3425 1526 3732 1596 soeior“mque

617 1617 1115 1686 timoreprocerum
1140 1612 1211 1667 et
1264 1612 1457 1684 gaudio
1499 1612 1805 1683 pauperum,
1835 1628 1926 1666 seu
1962 1623 2125 1668 morte
2222 1612 2358 1682 ejus,
2389 1613 2676 1668 Dominum
2713 1614 3039 1683 precabatur
3074 1622 3136 1667 ut
3177 1630 3242 1668 ea
3270 1631 3390 1684 quae
3413 1626 3618 1685 ceperat
3637 1619 3730 1686 ipsis

621 1683 888 1752 Βτιιηιιιβο
1271 1683 1277 1684 ί
2150 1699 2197 1760 Β
2222 1701 2548 1771 martyribus
2573 1701 3027 1756 intercedentibus
3050 1701 3107 1755 in
3150 1716 3219 1758 eo
3239 1683 3363 1757 vota
3396 1683 3727 1773 perﬁceret-Ut

612 1794 782 1865 Igitur
802 1807 924 1847 cum
937 1791 1051 1861 jam
1077 1791 1658 1847 auno'linmaximam
1684 1800 1892 1861 partem
1910 1792 2121 1861 paterni
2223 1800 2401 1846 autem
2446 1792 2663 1845 eosdem
2712 1799 2980 1861 martyres
3046 1791 3151 1845 sibi
3207 1791 3415 1861 plenius
3462 1794 3727 1859 conciliaret,

545 1885 718 1955 regni,
762 1890 821 1938 ut
863 1898 1023 1952 supra
1053 1883 1296 1949 memini,
1338 1890 1615 1952 regnaret,
1646 1884 2002 1953 plurimorum
2031 1901 2122 1940 co-
2224 1879 2611 1948 Stirpiniacum
2647 1879 2827 1933 villam
2854 1879 2907 1932 in
2947 1894 3084 1948 pago
3111 1878 3433 1936 Wilcassino
3466 1885 3724 1951 prtesentali-

544 1977 737 2030 mitatu
754 1975 981 2029 vallatus
1007 1974 1673 2045 Burgundiasingreditur.
1691 1974 1921 2030 Tantum
1944 1985 2123 2029 autem
2222 1976 2305 2022 ter
2330 1984 2429 2037 per
2479 1967 2754 2024 ﬁrmitatis
2808 1983 2920 2024 suae
2950 1980 3292 2040 praeceptum
3340 1986 3513 2026 eorum
3552 1973 3728 2028 basilice

542 2064 792 2119 timorem
836 2064 1178 2134 pontiﬁcibus
1223 2072 1277 2119 et
1315 2065 1632 2134 proceribus
1678 2066 1735 2120 in
1775 2080 1942 2136 regno
1982 2066 2121 2121 Bur-
2221 2060 2466 2115 tradidit.

543 2155 757 2223 gundiaa
784 2154 1223 2220 consistentibus,
1271 2170 1367 2210 seu
1394 2165 1448 2210 et
1475 2158 1685 2212 caneris
1718 2158 1978 2223 ducibus,
2028 2158 2121 2214 ad.
2252 2151 2381 2208 CAP.
2422 2152 2606 2208 XXIII.
2636 2184 2707 2194 —
2729 2152 2915 2219 Qualis
2945 2154 3083 2208 idem
3117 2172 3213 2210 rex
3238 2154 3542 2226 Dagobertus
3565 2156 3697 2224 fuerit.

542 2254 733 2301 ventus
760 2247 929 2316 ipsius
964 2247 1284 2314 incusserat,
1321 2256 1380 2302 ut
1419 2250 1629 2305 cunctis
1672 2259 1817 2305 esset
1847 2251 2122 2305 admiran-
2292 2244 2424 2299 Erat
2481 2245 2745 2313 sittuidem
2792 2246 2907 2313 ipse
2965 2246 3488 2314 prtecellentissimus
3538 2246 3722 2315 princeps

543 2338 665 2392 dus.
697 2338 1026 2407 Pauperibus
1051 2353 1282 2408 namque
1314 2336 1581 2409 justitiam
1610 2342 1974 2411 qumrentibus
1993 2357 2125 2412 gau-

2220 2340 2382 2403 atque
2416 2350 2505 2389 rex
2534 2335 2866 2404 Dagobertus
2903 2335 3036 2389 satis
3063 2336 3353 2390 admodum
3387 2343 3570 2398 cautus,
3592 2344 3636 2389 et
3658 2336 3716 2387 in-

542 2427 692 2483 dium
748 2428 1096 2483 vehementer
1151 2429 1502 2502 irregaverat.
1568 2432 1810 2503 Cumque
1864 2434 2123 2505 Lingonis
2221 2425 2378 2495 genio
2420 2433 2654 2490 astutus,
2685 2426 2832 2480 circa
2861 2425 3159 2482 benevolos
3193 2434 3249 2482 et
3279 2426 3379 2481 sibi
3421 2425 3581 2481 ﬁdeles
3609 2441 3718 2480 man-

546 2522 820 2577 civitatem
872 2524 1126 2588 venisset,
1179 2532 1385 2580 tantam
1414 2527 1682 2583 universis
1729 2528 1833 2583 sibi
1874 2530 2118 2595 subditis,

2221 2522 2426 2580 suetus,
2458 2514 2844 2570 rebellantibus
2868 2530 2996 2570 vero
3019 2530 3119 2570 seu
3153 2515 3372 2585 perﬁdis
3398 2515 3594 2569 nimium
3617 2514 3718 2567 vide

543 2621 659 2666 tam
700 2613 1020 2670 sublimibus
1067 2630 1226 2684 quam
1255 2618 1601 2686 pauperibus,
1647 2617 1926 2686 judicabat
1963 2618 2121 2688 justi-

2220 2603 2380 2656 batur
2405 2603 2459 2656 in
2488 2618 2653 2673 regno
2679 2604 2956 2660 terribilis.
2988 2604 3092 2671 Qui
3134 2606 3336 2676 optime
3366 2604 3543 2675 regalia
3567 2610 3716 2672 sceptra

550 2702 696 2766 tiam,
739 2710 799 2757 ut
844 2703 1156 2758 crederetur
1195 2706 1415 2760 omnino
1461 2706 1627 2762 fuisse
1667 2707 1776 2763 Deo
1821 2708 2118 2778 placabilis.

2222 2692 2549 2762 gubernans,
2590 2702 2645 2747 et
2666 2692 2772 2763 piis
2800 2694 3152 2764 semetipsum
3178 2696 3588 2766 benignissimum
3608 2694 3714 2748 exhi-

544 2793 704 2862 Apud
726 2809 888 2863 quem
931 2794 1137 2849 nullum
1167 2795 1531 2851 intercedebat
1558 2800 1856 2867 praemium,
1879 2815 1979 2855 nec
2000 2817 2123 2870 per-
2221 2782 2373 2846 δθηδθ
2401 2788 2463 2834 ιη
2502 2780 2587 2836 leo
2616 2789 2796 2836 “me”
2842 2780 3082 2837 ίθΐνίίὶυε
3132 2783 3407 2838 rebellium
3437 2781 3553 2838 00"“
3590 2779 3718 2848 ἀθΡΓί·

543 2896 799 2936 sonarum
855 2883 1095 2951 acceptio
1118 2922 1133 2947 ,
1189 2883 1284 2937 sed
1332 2884 1444 2938 sola
1496 2885 1875 2941 dominabatur
1909 2886 2120 2955 justitia

2222 2889 2393 2939 mens,
2445 2883 2756 2928 exterarum
2796 2874 3035 2944 gentium
3071 2871 3346 2930 feritatem
3387 2875 3588 2929 vallante
3614 2871 3718 2925 forti-

543 2985 705 3040 quam
728 2968 984 3041 diligebat
1001 2970 1329 3028 Altissimus.
1355 2974 1557 3030 Deinde
1600 2975 1877 3041 Divionua,
1904 2978 2118 3047 imoque

2156 3040 2190 3047 _
2222 2963 2405 3018 tudine
2453 2964 2617 3018 animi
2646 2963 2941 3032 saepissime
3001 2964 3386 3035 triumphabat.
3431 2962 3715 3019 Ecclesiarum

542 3057 746 3117 Latona
767 3040 1009 3115 residens
1024 3058 1311 3131 aliquantis
1327 3058 1533 3129 diebus,
1550 3062 1755 3119 tantam
1770 3040 2119 3121 intentionem

2147 3040 2192 3103 C
2224 3068 2351 3109 vero
2374 3061 2428 3108 et
2450 3054 2807 3119 sacerdotum,
2847 3062 3007 3124 atque
3027 3069 3330 3126 pauperum
3358 3070 3446 3109 seu
3472 3052 3712 3125 peregrino-

542 3166 666 3206 cum
701 3150 954 3207 universo
992 3153 1142 3223 regni
1180 3153 1264 3208 sui
1314 3155 1514 3224 populo
1548 3153 1781 3225 justitire
1815 3155 2120 3225 judicandae
2224 3155 2365 3207 ιὐιην
2416 3142 2617 3196 (malo?
2660 3158 2824 3212 supra
2872 3145 3089 3199 ωοάυιη
3142 3145 3461 3214 largis-imi“
3484 3141 3714 3225 “summ

539 3250 811 3313 posuerat,
842 3250 900 3297 ιιι
932 3238 1089 3311 hujus
1115 3245 1464 3316 benigniqu
1493 3224 1759 3303 desiderio
1784 3224 1993 3318 plenus,
2020 3263 2121 3303 nec
2221 3230 2508 3286 Exercitiis
2547 3231 2751 3285 viritim
2786 3241 2841 3288 et
2865 3233 3247 3289 venationibus
3285 3232 3481 3288 assidue
3518 3239 3654 3291 utens.
3675 3224 3713 3278 in

542 3349 787 3389 somnum
813 3345 1048 3405 caperet,
1095 3352 1195 3392 nec
1236 3338 1357 3394 cibo
1382 3340 1673 3394 satiaretur
1703 3355 1717 3393 :
1761 3340 2120 3396 intentissime
2219 3321 2366 3376 omni
2397 3321 2638 3391 agilitate
2675 3338 2935 3392 001⁵901⁸8³
2966 3332 3226 3379 Strenuus
3267 3332 3419 3393 θιίιυθ
3456 3322 3713 3388 “compa”

542 3426 804 3495 cogitans,
827 3436 887 3481 ut
912 3443 1101 3483 omnes
1122 3444 1242 3484 cum
1259 3426 1471 3497 justitia
1498 3441 1714 3500 recepta
1741 3432 1806 3485 de
1829 3441 2117 3500 conspectu
2213 3410 2343 3466 Ῑ³ί¹ί³
2382 3420 2519 3465 θτίιι·
2558 3409 2761 3481 Nempe
2792 3412 2894 3466 θιδί
2923 3412 3104 3482 aliqua
3154 3427 3302 3468 more
3348 3414 3555 3468 humano
3582 3416 3712 3500 “TP’c'

541 3531 639 3571 suo
687 3526 1009 3573 remearent.
1064 3519 1263 3574 Eodem
1312 3527 1494 3575 autem
1537 3498 1639 3576 diei
1662 3537 1768 3591 quo
1809 3523 1877 3577 ab
1912 3498 2118 3577 Latona

2219 3502 2501 3558 liensibilia
2530 3503 2673 3557 circa
2707 3503 3040 3573 religionem,
3070 3516 3324 3577 gravatus
3348 3504 3484 3577 regni
3509 3498 3705 3571 pondere.

541 3604 928 3662 Caballonnum
940 3607 1239 3664 deliberare
1249 3620 1524 3680 preperat,
1542 3590 1856 3681 priusquam
1871 3612 2109 3669 lucesce-

2218 3608 2282 3648 ac
2314 3590 2568 3660 juvenilis
2598 3593 2830 3649 inlectus
2865 3596 3039 3650 aetatis
3079 3597 3389 3661 mobilitate,
3426 3593 3575 3648 minus
3597 3593 3708 3643 caute

540 3708 626 3756 ret
665 3699 914 3755 balneum
944 3678 1265 3773 ingreditur,
1298 3678 1478 3773 ibique
1524 3678 1843 3760 Drunulfum
1888 3721 2120 3762 avuncu—
2218 3700 2374 3773 εοειξε
2398 3698 2561 3753 quam
2588 3686 2870 3754 οΡοΓιεδθι
2901 3687 3098 3755 θιθὲίῑ,
3125 3688 3252 3758 quia
3275 3700 3424 3741 nemo
3450 3684 3498 3737 in
3520 3678 3709 3773 omnibus

542 3789 652 3843 lum
681 3787 866 3845 fratris
895 3791 976 3845 sui
1002 3764 1276 3846 ilairberti
1320 3764 1541 3863 propter
1566 3790 1935 3849 inﬁdelitatem
1964 3811 2116 3850 suam

2217 3772 2489 3844 perfectus
2533 3787 2653 3828 esse
2693 3781 2908 3843 potest;
2947 3776 3278 3831 credendum
3321 3781 3399 3830 est
3424 3782 3576 3826 tamen
3607 3764 3705 3835 quod

541 3880 769 3935 interﬁci
796 3879 980 3948 jussit.
1009 3882 1111 3949 Qui
1150 3883 1218 3938 ab
1242 3883 1547 3955 Amalgario
1592 3893 1648 3940 et
1673 3886 1973 3943 Arneberto
2019 3885 2115 3941 du-

2219 3875 2490 3921 tantarum
2516 3867 2760 3936 erogatio
2793 3866 3278 3938 cleemosynarum,
3300 3874 3451 3935 atque
3471 3868 3705 3917 sanctorum

540 3971 693 4025 cibus
720 3979 775 4025 et
801 3970 1089 4026 Willibado
1109 3972 1338 4040 patricio
1363 3949 1679 4029 interfectus
1704 3982 1805 4029 est.

2216 3957 2409 4021 oratio,
2447 3971 2677 4026 quorum
2708 3957 2998 4013 memorias
3024 3973 3222 4014 ornare
3249 3967 3301 4013 et
3324 3954 3544 4011 basilicas
3564 3949 3700 4004 ditare,

541 4084 669 4140 ου-
722 4084 884 4160 X3!!-
915 4116 1012 4160 —___
1030 4084 1303 4160 Quomodo
1351 4086 1723 4160 Gmnatrudem
1764 4089 2029 4160 reliquerit
2062 4101 2113 4146 ει
2215 4047 3121 4160 ῗΡῘῨῩῗῘῨὲἾῨῨῩΪῗ-ῗῗῗθ3ῗῖΨὲ
3142 4048 3699 4160 ⁵¹¹Εῗῖθῖἷ¹ε¹ἶῗῗεῗζ¹ξξςῖῗξ

788 4128 2026 4228 ﬁgmhild‘z';"3:20;;17d3fggjaég}?"9'"
2062 4128 2111 4146 ⁹⁹
2218 4153 2306 4194 res
2328 4152 2484 4208 reges
2515 4139 2850 4194 incessanter
2876 4138 3144 4205 studebat,
3191 4138 3326 4208 apud
3354 4128 3702 4228 misericordissi-

608 4266 849 4336 (Inmane
895 4266 1282 4323 Caballonnum
1307 4216 1530 4336 justitia:
1572 4284 1755 4326 amore
1775 4286 1896 4341 Quae
1931 4287 2113 4342 coepe-
2390 4233 2783 4335 Ψωίηυωῖω
2808 4234 2911 4289 hoc
2940 4234 2987 4287 ei
3017 4233 3312 4289 Clementer
3344 4228 3615 4296 indulgere“
3644 4217 3697 4270 [2.

2216 4323 2414 4378 cillime
2439 4322 2715 4392 impetrari
2738 4337 2918 4393 posse.

541 4365 628 4410 rat
675 4356 1005 4427 perﬁcienda
1054 4358 1169 4427 ipsa
1212 4358 1509 4416 intentione
1561 4373 1829 4435 pergeret,
1863 4373 1986 4434 post
2017 4380 2114 4437 per

544 4445 966 4485 Διιαιιαιίιιηηιηιη
1002 4447 1426 4485 Aniiacinammm
1465 4465 1693 4485 nm...an
1752 4455 1978 4485 Luam...“
2018 4472 2114 4485 ,νι-

2108 4382 2192 4485 :D
2215 4414 2342 4470 Car.
2379 4356 2567 4471 ΧΧΙδ.
2617 4445 2705 4485 --τΔ
2739 4356 3011 4480 léuomodo
3059 4411 3431 4485 Ragnetrudem
3466 4411 3695 4485 stratura!)

536 4445 968 4555 {refugam
993 4447 1428 4555 Αυιίεξξοάρτυιιι
1465 4465 1718 4555 nexaque
1750 4455 1979 4555 ίιιάξειιιθ
2017 4472 2114 4527 ρετ
2141 4445 2182 4452 ⁷
2215 4445 2537 4538 “mea:
2554 4445 3011 4552 ζειῑιίιῗηῗυὲἒὲυέἔ
3032 4445 3697 4555 ρϊιῗὲἑῖῑῗῗὲἷἦὶιηᾞιέῗιιέἀέ

535 4536 815 4592 civitatem
846 4537 1109 4604 Senonas,
1158 4537 1397 4596 Parisius
1423 4542 1590 4596 venit.
1621 4544 1806 4614 Ibique
1831 4544 2116 4603 Gomatru—
2282 4536 2471 4608 tionem
2489 4536 2907 4607 ndi‘H'erncliunt
2927 4536 3288 4624 imparem;
3301 4536 3538 4605 άίνέιτενὶιη

534 4626 661 4681 dem
684 4625 921 4694 reginam
942 4626 1238 4683 Romiliaco
1274 4629 1428 4695 villa,
1456 4647 1522 4686 eo
1555 4634 1699 4702 quod
1719 4642 1863 4690 esset
1886 4637 2111 4705 sterilis,
2286 4642 2526 4710 Denique
2569 4657 2710 4696 anno
2758 4641 2793 4696 8
2831 4623 3006 4713 regni
3029 4644 3132 4710 sui,
3164 4654 3285 4698 cum
3328 4636 3565 4693 Austriam
3590 4623 3694 4713 regit?

534 4731 663 4771 cum
718 4716 943 4771 consilio
999 4717 1331 4774 Francorum
1385 4721 1722 4792 relinquens,
1770 4724 2114 4781 Nanthildem
2212 4733 2359 4786 cultu
2382 4731 2709 4795 circumiret,
2739 4710 3075 4803 maestusque
3096 4740 3237 4788 esset
3277 4728 3482 4784 nimium
3511 4736 3564 4775 eo
3589 4710 3692 4785 quod

532 4807 823 4876 quamdam
865 4807 1249 4878 speciosissimi
1299 4812 1508 4869 decoris
1556 4815 1793 4884 puellam
1838 4817 1893 4873 in
1932 4820 2114 4874 matri-
2211 4823 2400 4887 ﬁlium,
2432 4822 2522 4892 qui
2563 4829 2684 4891 post
2712 4837 2835 4877 eum
2864 4833 3133 4894 regnaret,
3185 4822 3395 4878 minime
3434 4816 3596 4872 habere
3628 4819 3694 4875 Ρο·

536 4896 779 4951 monium
829 4898 1118 4967 accipiens,
1164 4902 1405 4971 reginam
1447 4905 1776 4961 sublimavit.
1819 4907 1999 4978 Usque
2043 4911 2112 4965 ad
2212 4912 2439 4966 tuisset:
2497 4910 2790 4981 quamdam
2837 4913 3068 4982 puellam
3117 4912 3328 4969 nomine
3374 4897 3689 4975 Raguetrudem

538 4985 670 5041 illud
696 4996 929 5057 tempus,
968 4991 1038 5045 ab
1076 4990 1228 5045 initio
1259 5008 1367 5061 quo
1391 5008 1619 5064 regnare
1643 5007 1906 5066 coeperat,
1934 5002 2112 5055 consi-
2210 5010 2382 5056 stratu
2435 5018 2533 5057 suo
2575 5003 2787 5069 ascivit,
2826 5004 2894 5060 de
2940 5021 3047 5075 qua
3096 5021 3159 5061 eo
3195 5019 3332 5058 anno
3368 4997 3585 5067 largiente
3618 4986 3690 5038 Dor

538 5076 896 5168 lio‘primitns
929 5079 1071 5133 beati
1100 5080 1307 5135 Amulﬁ
1344 5081 1599 5140 Metensis
1638 5087 1788 5142 urbis
1816 5090 2109 5157 pontiﬁcis,
2210 5094 2356 5149 mino
2390 5095 2577 5150 habuit
2613 5095 2804 5162 ﬁlium,
2838 5097 3023 5153 multis
3062 5097 3309 5168 precibus
3348 5099 3490 5160 atque
3515 5083 3687 5138 eleemo-

534 5164 785 5237 etPipiui
814 5168 1034 5238 majoris
1058 5170 1247 5226 domus
1273 5187 1422 5238 usus,
1458 5181 1603 5229 tanta
1633 5179 1991 5247 prosperitate
2021 5196 2105 5235 re-
2209 5194 2465 5250 synarum
2490 5182 2868 5253 largitionibus
2889 5164 3225 5253 acquisitum.
3256 5169 3685 5253 Hairbertusilaqllc

535 5256 657 5325 gale
681 5257 894 5312 culmen
923 5260 977 5312 in
1008 5258 1227 5315 Austria
1254 5264 1493 5330 regebat,
1531 5274 1591 5319 ut
1623 5282 1655 5319 a
1695 5269 1904 5323 cunctis
1936 5270 2110 5340 genti-
2208 5287 2303 5327 rex
2347 5272 2519 5327 frater
2546 5251 2664 5341 ejus
2701 5251 3006 5331 Aurelianis
3050 5274 3280 5336 veniens,
3326 5269 3475 5324 ﬁlium
3515 5257 3605 5327 eius
3637 5251 3683 5302 άθ

538 5346 640 5401 bus
667 5348 917 5404 immensi
936 5352 1380 5408 honorislaudem
1406 5355 1647 5411 haberet.
1681 5358 1950 5414 Timorem
1978 5377 2108 5417 vero
2208 5373 2396 5420 sancto
2419 5363 2635 5419 lavacro
2664 5366 2898 5434 excepit.
2928 5366 3167 5435 Namque
3198 5363 3318 5417 dum
3349 5353 3560 5412 eumdem

539 5441 651 5489 tam
677 5435 869 5493 fortem
899 5455 995 5495 sua
1039 5452 1385 5499 concusserat
1426 5443 1697 5512 judicialis
1741 5451 2000 5520 potentia,
2047 5461 2109 5508 ut
2207 5472 2327 5512 rum
2355 5456 2677 5511 venerabilis
2716 5428 2817 5510 νίν·
2844 5428 3118 5512 Amandus
3151 5443 3532 5521 Trajectcnsium
3572 5428 3677 5485 urbis

537 5525 702 5617 etiam
731 5527 1013 5585 devotione
1046 5543 1430 5589 concurrerent
1452 5533 1569 5603 ejus
1603 5553 1662 5593 se
1712 5541 1924 5595 tradere
1949 5542 2106 5597 ditio-
2206 5549 2486 5617 episcopus
2515 5545 2877 5611 benediceret,
2909 5561 3138 5617 eumque
3158 5541 3549 5600 catechuinenum
3568 5521 3669 5617 face:

540 5613 624 5683 ⁸⁸ίί
653 5627 918 5686 “melius
943 5631 1129 5690 εθηιεε
1152 5624 1315 5679 etiam
1356 5642 1476 5694 quin
1517 5629 1660 5684 circa
1697 5630 1923 5687 limitem
1962 5632 2104 5689 Ava-
2208 5600 2309 5705 ret;
2342 5600 2598 5706 ﬁnitaque
2629 5636 2874 5692 oratione
2908 5600 3070 5694 nemd
3090 5637 3153 5693 de
3186 5628 3403 5690 exercitu
3431 5626 3561 5676 tantw
3579 5600 3669 5663 ωυ¹¹
