4004 6172
274 277 300 330 1
316 275 420 329 403

1419 264 1644 322 GESTA
1684 262 1897 318 DOMNI
1937 259 2348 317 DAGOBERTI.

3394 247 3530 304 “06

268 387 518 445 titudinis
563 384 947 455 reSpondisset,
993 383 1178 447 Amen,
1225 381 1437 451 aperuit
1484 382 1744 436 Dominus
1785 397 1847 435 os
1879 382 1922 441 Δ
1951 394 2071 432 rum
2098 391 2322 445 regnum
2346 373 2507 428 Samo
2523 372 2759 435 tenebat,
2808 368 3171 439 negotiatores
3192 364 3532 421 Francorum

267 479 445 550 pueri,
472 476 564 545 qui
590 490 695 528 non
711 472 939 542 amplius
963 489 1122 541 quam
1151 489 1218 527 xl.
1246 473 1362 529 dies
1385 489 1417 526 a
1439 472 1726 526 nativitate
1751 472 1850 525 ha-

269 570 455 632 bebat,
485 577 648 635 atque
691 563 1036 617 audientibus
1064 562 1293 625 cunctis,
1336 560 1632 633 respondit,
1661 560 1846 613 Amen.

272 660 580 728 Statimque
613 671 738 711 eum
784 666 1110 724 regenerans
1148 662 1368 708 sanctus
1417 650 1654 721 pontifex
1697 665 1853 706 sacro

269 750 619 821 baptismate,
673 743 1034 813 impositoque
1086 742 1304 796 nomine
1347 740 1648 810 Sigeberto,
1698 755 1854 809 reges

269 851 334 898 et
390 848 677 905 utrumque
726 833 1024 888 exercitum
1077 847 1271 902 magno
1321 832 1548 900 replevit
1591 831 1856 886 Dominus

272 929 473 1002 gaudio
499 936 660 997 atque
687 923 1059 985 admiratione,
1109 919 1416 989 hujusmodi
1466 922 1640 989 signo.
1686 920 1856 990 Igitur

270 1021 390 1092 Ega
415 1019 635 1089 quidam
662 1018 727 1071 de
767 1013 1100 1084 primoribus
1146 1027 1268 1066 eum
1292 1012 1504 1067 exteris
1526 1011 1857 1067 Neustrasiis

272 1109 502 1166 consilio
521 1104 809 1176 Dagoberti
842 1110 962 1159 erat
989 1102 1257 1158 assiduus.
1297 1102 1376 1157 Eo
1402 1117 1544 1155 anno
1569 1100 1733 1170 legati
1759 1102 1860 1154 Da-

272 1201 489 1273 goberti
515 1198 679 1267 regis,
706 1211 843 1266 quos
871 1196 939 1250 ad
988 1195 1295 1249 Heraclium
1354 1193 1736 1263 imperatorem
1779 1192 1861 1247 di-

274 1298 516 1357 rexerat,
547 1289 634 1345 his
673 1287 1003 1351 nominibus,
1052 1286 1311 1340 Servatus
1357 1291 1413 1340 et
1460 1283 1744 1347 Paternus,
1793 1282 1862 1337 ad

274 1397 405 1439 eum
430 1386 776 1436 revertuntur
814 1377 1127 1431 nuntiantes
1166 1390 1357 1445 pacem
1413 1389 1473 1431 se
1528 1389 1652 1429 cum
1695 1373 1863 1428 Hera-

275 1473 386 1529 clio
427 1471 692 1525 firmasse.

276 1564 410 1621 Car.
441 1563 607 1618 XXV.
638 1593 706 1603 -—
734 1561 812 1615 De
855 1571 1018 1614 morte
1049 1559 1339 1625 Hariberti,
1387 1568 1437 1614 et
1469 1558 1728 1630 quomodo
1762 1558 1867 1612 Da-

348 1634 590 1756 qiobertqs
632 1647 844 1702 regnum
870 1639 918 1684 et
943 1632 1215 1685 thesauros
1244 1630 1358 1701 ejus
1397 1629 1508 1684 sua:
1542 1629 1732 1683 ditioni
1779 1645 1866 1682 re-

403 1718 540 1774 egen
569 1741 582 1756 .

348 1794 486 1850 Cum
524 1802 700 1848 autem
736 1800 879 1848 esset
910 1791 1191 1848 Heraclius
1215 1791 1509 1861 imperator
1536 1790 1735 1845 litteris
1773 1789 1857 1843 ni-

273 1889 450 1943 mium
477 1887 736 1951 eruditus,
766 1887 1126 1957 peritissimus
1154 1885 1221 1940 ad
1259 1883 1507 1939 ultimum
1557 1881 1864 1949 astrologus

273 1980 528 2038 efﬁcitur.
563 1979 664 2046 Qui
696 1993 1024 2049 cognoscens
1065 1978 1119 2031 in
1154 1977 1390 2031 siderum
1435 1973 1604 2044 signis
1649 1972 1793 2042 quod
1833 1986 1865 2024 a

270 2072 614 2130 circumcisis
639 2071 887 2142 gentibus
916 2069 1097 2125 divino
1124 2076 1259 2123 nutu
1290 2066 1406 2135 ejus
1452 2065 1737 2134 imperium
1777 2078 1864 2118 es-

271 2173 368 2220 set
396 2162 731 2226 vastandum,
782 2161 851 2215 ad
899 2161 1263 2230 Dagobertum
1307 2171 1490 2226 regem
1534 2153 1866 2209 Francorum

271 2256 485 2326 dirigit,
529 2261 716 2324 petens
762 2259 823 2305 ut
855 2265 1042 2307 omnes
1092 2247 1306 2303 Iudaeos
1352 2245 1500 2315 regni
1540 2244 1622 2299 sui
1674 2257 1868 2298 secun-

270 2347 411 2401 dum
440 2345 596 2400 fidem
616 2341 938 2398 catholicam
958 2338 1219 2409 baptizari
1241 2336 1578 2408 prreciperct.
1606 2335 1719 2390 Rex
1739 2348 1868 2388 vero

272 2437 621 2506 Dagobertus
643 2434 745 2488 hac
766 2432 1048 2489 occasione
1070 2438 1278 2494 nactus,
1311 2438 1366 2485 et
1389 2429 1481 2483 Dei
1506 2428 1623 2483 zelo
1650 2427 1868 2490 ductus,

271 2542 408 2583 cum
437 2524 659 2581 consilio
684 2522 1001 2595 pontificum
1046 2530 1208 2592 atque
1256 2521 1580 2591 sapientium
1627 2520 1870 2574 virorum

269 2632 474 2673 omnes
499 2612 711 2669 Judzeos
738 2613 829 2684 qui
860 2613 1318 2683 regenerationem
1352 2612 1492 2666 sacri
1530 2610 1874 2681 baptismatis

271 2708 560 2777 suscipere
582 2706 890 2771 noluerunt,
920 2706 1168 2775 protinus
1195 2721 1224 2758 a
1248 2703 1447 2759 ﬁnibus
1474 2703 1622 2773 regni
1657 2701 1740 2757 sui
1761 2701 1876 2771 pel-

272 2812 400 2854 ierc
420 2796 602 2863 jussit.
632 2796 702 2849 Et
734 2811 828 2849 rex
851 2795 1068 2864 quidem
1092 2794 1198 2849 hoc
1213 2809 1422 2849 summo
1441 2793 1649 2863 peregit
1671 2792 1869 2846 studio.

272 2886 396 2942 Sed
420 2884 667 2940 Heraclio
705 2900 811 2938 non
844 2885 909 2938 de
934 2882 1155 2950 Judmis,
1183 2883 1279 2938 sed
1316 2883 1381 2937 de
1405 2882 1685 2952 Agarenis,
1714 2882 1765 2935 id
1791 2889 1876 2936 est

274 2977 595 3039 Saracenis,
662 2975 1000 3031 circumcisis
1048 2975 1317 3045 gentibus,
1371 2970 1546 3027 fuerat
1591 2973 1874 3027 denuntia-

1949 485 2072 524 cum
2099 468 2329 538 plurima
2376 464 2714 520 multitudine
2756 461 3106 525 interﬁciunt,
3134 467 3189 515 et
3230 461 3392 515 rebus
3432 474 3532 514 ex-

1951 561 2200 628 spoliant.
2228 558 2353 612 Haec
2379 565 2560 610 autem
2588 570 2676 609 res
2709 553 2809 607 fuit
2853 553 3066 608 initium
3121 552 3359 607 scandali
3387 552 3531 606 inter

1951 656 2309 725 Dagobertum
2334 667 2517 722 regem
2551 650 2883 705 Francorum
2925 656 2981 702 et
3021 646 3311 701 Samonem
3349 656 3528 713 regem

1954 748 2290 803 Sclavorum.
2330 744 2576 813 Dirigens
2616 742 2796 810 itaque
2841 739 3178 809 Dagobertus
3230 734 3533 790 Sicharium

1956 839 2089 912 [Αι.,
2120 835 2431 907 Suharium]
2479 832 2795 904 legatarium
2842 831 2910 885 ad
2956 829 3269 891 Samonem,
3312 827 3539 896 rogabat

1956 938 2016 984 ut
2064 929 2430 999 negotiatores
2478 940 2612 994 quos
2650 924 2733 978 sui
2785 920 3193 983 interfecerant,
3233 926 3289 973 et
3324 933 3412 971 res
3448 931 3540 971 eo-

1957 1035 2078 1074 rum
2130 1018 2314 1088 illicite
2370 1021 2797 1082 usurpaverant,
2866 1025 2989 1066 cum
3040 1007 3256 1076 iustitia
3334 1005 3539 1060 faceret

1957 1107 2266 1163 emendare.
2305 1103 2469 1158 Samo
2509 1110 2690 1156 autem
2742 1100 2931 1154 nolens
2981 1097 3289 1152 Sicharium
3334 1094 3539 1155 videre,

1959 1195 2236 1252 Sicharius
2271 1200 2421 1247 veste
2461 1191 2680 1246 indutus
2717 1188 2785 1242 ad
2824 1189 2996 1241 instar
3038 1184 3377 1246 Selavorum,
3409 1197 3536 1237 cum

1960 1290 2073 1347 suis
2121 1288 2189 1343 ad
2214 1292 2560 1354 conspectum
2606 1279 2853 1351 pervenit
2902 1277 3172 1340 Samonis,
3217 1282 3380 1343 atque
3420 1270 3542 1326 uni-

1960 1394 2115 1437 versa
2163 1391 2282 1448 qua:
2326 1374 2429 1429 sibi
2464 1372 2676 1427 fuerant
2726 1368 2965 1438 injuncta
3005 1366 3183 1421 eidem
3232 1363 3539 1418 nuntiavit:

1963 1470 2030 1525 de
2064 1469 2150 1524 his
2183 1475 2238 1523 et
2266 1465 2388 1521 aliis
2410 1460 2846 1519 contentionibus
2874 1472 2994 1526 quae
3038 1456 3181 1509 inter
3204 1461 3384 1523 partes
3408 1458 3542 1506 orta;

1964 1563 2198 1623 fuerant,
2248 1570 2444 1627 rogans
2487 1561 2547 1608 ut
2576 1551 2787 1621 justitia
2829 1548 3145 1603 redderetur
3182 1545 3236 1599 in
3288 1543 3540 1605 invicem,

1970 1664 2035 1705 eo
2069 1644 2212 1717 quod
2240 1644 2405 1699 Samo
2448 1650 2502 1696 et
2528 1640 2755 1709 populus
2801 1636 2952 1705 regni
2981 1635 3064 1689 sui
3096 1634 3397 1703 Dagoberto
3424 1629 3541 1700 regi

1899 1710 1944 1770 Β
1972 1741 2229 1797 deberent
2251 1733 2549 1790 servitium.
2577 1729 2740 1783 Samo
2760 1741 2889 1782 vero
2913 1724 3261 1794 respondens
3272 1721 3386 1790 jam
3420 1735 3544 1775 sau-

1965 1832 2080 1888 cius
2128 1829 2304 1884 dixit:
2343 1827 2411 1880 Et
2456 1831 2600 1878 terra
2629 1835 2789 1889 quam
2816 1817 3076 1873 habemus
3118 1811 3401 1882 Dagoberti
3440 1816 3545 1875 est,

1966 1934 2021 1982 et
2048 1938 2149 1979 nos
2192 1920 2275 1977 sui
2319 1931 2525 1981 sumus,
2570 1914 2615 1968 si
2660 1920 2840 1965 tamen
2886 1904 3212 1975 disposuerit
3256 1902 3534 1956 nobiseum

1968 2013 2237 2069 amicitias
2271 2020 2612 2064 conservare.
2645 2000 2925 2057 Sicharius
2947 1997 3083 2051 dixit
3116 2012 3130 2049 :
3165 1993 3283 2049 Non
3305 2000 3390 2047 est
3422 2006 3547 2061 pos-

1967 2102 2125 2159 sibile
2159 2110 2220 2155 ut
2245 2095 2542 2154 Christiani
2577 2101 2631 2148 et
2652 2092 2748 2147 Dei
2785 2089 2927 2146 servi
2953 2103 3077 2142 eum
3107 2084 3335 2141 canibus
3358 2080 3547 2158 amici—

1970 2194 2074 2248 tias
2121 2188 2448 2259 eonjungere
2501 2183 2730 2254 possint.
2787 2179 2952 2234 Samo
2982 2191 3012 2230 e
3041 2172 3314 2230 contrario
3366 2170 3544 2226 dixit:

1973 2285 2034 2341 Si
2062 2297 2160 2338 vos
2189 2280 2323 2336 estis
2364 2276 2508 2333 servi
2546 2273 2659 2335 Dei,
2704 2277 2759 2325 et
2810 2284 2909 2323 nos
2938 2267 3033 2320 Dei
3064 2277 3246 2327 canes,
3292 2261 3419 2315 dum
3453 2273 3548 2312 vos

1972 2376 2184 2433 assidue
2217 2378 2405 2428 contra
2446 2368 2620 2437 ipsum
2657 2363 2837 2435 agitis,
2881 2374 2980 2414 nos
3015 2356 3341 2426 permissum
3385 2350 3548 2406 habe-

1970 2482 2093 2525 mus
2126 2480 2224 2520 vos
2264 2460 2536 2517 morsibus
2576 2456 2836 2510 lacerare.
2882 2450 3183 2517 Statimque
3217 2445 3422 2515 ejectus
3467 2448 3549 2495 est

1974 2557 2253 2616 Sicharius
2280 2556 2345 2610 de
2388 2556 2677 2620 conspectu
2720 2543 2988 2600 Samonis.
3017 2540 3260 2608 Cumque
3291 2538 3404 2591 haec
3448 2534 3550 2590 Da.

1974 2651 2199 2722 goberto
2235 2644 2349 2715 regi
2396 2641 2638 2697 nuntiata
2677 2636 2923 2698 fuissent,
2961 2633 3102 2687 illico
3143 2630 3300 2701 jubet
3336 2628 3401 2682 de
3430 2626 3549 2681 uni-

1974 2757 2132 2799 verso
2154 2752 2316 2809 regno
2340 2732 2742 2789 AuStrasiorum
2781 2735 2968 2783 contra
2996 2724 3285 2779 Samonem
3306 2726 3361 2774 et
3379 2715 3550 2771 Wini-

1976 2834 2074 2889 dos
2121 2805 2339 2884 movere
2376 2823 2692 2879 exercitum.
2743 2819 2912 2888 Igitur
2967 2829 3091 2870 cum
3137 2811 3310 2865 tribus
3358 2805 3550 2861 turmis

1976 2925 2247 2996 legionum
2273 2933 2440 2988 super
2469 2912 2714 2969 Winidos
2733 2910 3003 2966 exercitus
3026 2903 3342 2972 ingreditur.
3372 2899 3547 2953 Etiam

1978 2986 2400 3082 etvLangobardi
2439 3005 2508 3059 ad
2549 3002 2799 3058 solatium
2844 2994 3134 3066 Dagoberti
3184 2989 3452 3046 hostiliter
3492 2986 3549 3039 in

272 3077 402 3125 tum
423 3085 456 3170 ξ.
493 3081 748 3138 quoniam
779 3067 846 3170 ψ
883 3082 1013 3170 “’sls
1051 3080 1167 3169 ej"?
1202 3078 1511 3170 fmgermm,
1531 3061 1873 3170 Romani“?
1904 3078 1951 3142 C
1982 3061 2209 3160 Sclavo:
2223 3104 2595 3170 perrexerunt.
2637 3091 2814 3147 Selavi
2845 3061 3026 3142 autem
3068 3084 3154 3138 his
3178 3090 3233 3136 et
3258 3079 3380 3133 aliis
3419 3075 3552 3130 locis

272 3160 531 3218 noscitur
550 3172 668 3213 esse
687 3167 901 3227 captum
927 3167 1087 3227 atque
1111 3156 1377 3211 violenter
1398 3162 1690 3209 vastatum.
1716 3153 1875 3208 Anno

274 3254 471 3324 itaque
499 3268 640 3308 nono
670 3251 819 3321 regni
866 3248 1173 3318 Dagoberti,
1206 3246 1523 3301 IIairbertus
1558 3244 1724 3299 frater
1764 3241 1880 3310 ejus

276 3349 541 3413 moritur,
587 3346 896 3415 relinquens
939 3343 1221 3413 parvulum
1274 3342 1444 3396 filium
1480 3341 1697 3396 nomine
1735 3335 1880 3392 Chil-

280 3441 554 3503 derienm,
604 3438 800 3508 quique
848 3436 1008 3490 etiam
1042 3451 1141 3489 nec
1187 3443 1311 3504 post
1341 3449 1547 3489 moram
1594 3430 1880 3486 defunctus

280 3539 398 3589 est.
426 3530 702 3600 Omneque
741 3542 964 3599 regnum
1009 3526 1279 3581 Hairberti
1310 3540 1416 3578 una
1443 3540 1565 3579 cum
1590 3520 1878 3575 Wasconia

281 3624 627 3691 Dagobertus
676 3636 772 3676 rex
820 3619 1069 3689 protinus
1122 3633 1233 3672 suae
1291 3616 1485 3669 ditioni
1532 3613 1758 3679 redegit.
1797 3608 1881 3665 Ad

282 3712 635 3769 adducendos
658 3724 873 3779 quoque
900 3707 1183 3762 thesauros
1210 3704 1504 3768 Hairherti,
1532 3710 1586 3757 et
1614 3700 1716 3755 sibi
1742 3715 1882 3769 prae-

284 3800 602 3864 sentandos,
643 3797 936 3853 Barontum
965 3794 1252 3865 quemdam
1295 3794 1487 3849 ducem
1518 3792 1732 3847 direxit.
1777 3789 1881 3843 Ba-

286 3899 488 3947 rontus
517 3896 694 3944 autem
738 3903 908 3959 grave
937 3886 1276 3954 dispendium
1307 3882 1497 3938 fecisse
1526 3882 1876 3953 dignoscitur,

287 3982 526 4040 fideliter
547 3996 652 4036 una
687 3994 807 4036 eum
837 3976 1104 4034 thesauris
1133 3975 1337 4031 furtum
1370 3974 1594 4041 faciens,
1624 3973 1879 4028 nimium-

289 4090 403 4145 que
430 4072 623 4128 exinde
652 4070 1019 4125 fraudulenter
1048 4068 1339 4124 subtraxit.

368 4163 497 4220 Car.
521 4193 591 4204 —-—
618 4160 808 4217 XXVI.
841 4159 916 4213 De
942 4167 1109 4212 morte
1142 4156 1488 4227 Landegiseli,
1519 4155 1608 4227 qui
1637 4154 1809 4225 fuerat

638 4246 912 4302 germanus
962 4227 1272 4282 Nanthilda:
1326 4228 1537 4297 regium.

369 4328 575 4382 Eodem
646 4336 888 4393 tempore
955 4336 1245 4393 germanus
1315 4318 1617 4374 Nanthildis
1682 4315 1880 4386 reginae

302 4415 525 4471 noniine
553 4412 938 4483 Landegiselus
962 4410 1245 4468 defunctus
1271 4419 1373 4476 est,
1419 4418 1580 4478 atque
1626 4408 1681 4462 in
1710 4404 1880 4461 eccle-

297 4504 384 4559 sia
423 4506 702 4559 beatorum
733 4508 1033 4571 martyruiu
1067 4499 1307 4571 Dionysii
1357 4498 1737 4565 sociorumque
1765 4492 1881 4563 ejus

298 4593 518 4665 iubente
544 4606 669 4663 rege
698 4591 995 4647 honorifice
1046 4590 1306 4661 sepultus.
1356 4588 1562 4659 Regina
1607 4600 1739 4640 vero
1791 4584 1882 4637 de-

299 4691 559 4756 precante
598 4691 657 4737 ut
683 4697 782 4752 pro
828 4680 1104 4750 sepultura
1144 4680 1225 4733 sui
1268 4677 1451 4732 fratris
1494 4676 1740 4730 Alateum
1785 4669 1884 4725 vil-

300 4773 436 4835 lare,
466 4772 627 4827 situm
654 4772 707 4826 in
747 4786 886 4841 pago
906 4770 1199 4832 Parisiaco,
1225 4766 1464 4844 basilica:
1496 4763 1876 4834 praedictorum

301 4869 601 4933 martyrum
640 4862 929 4932 delegaret,
962 4874 1027 4913 eo
1058 4858 1201 4928 quod
1237 4855 1526 4927 praedictus
1563 4850 1884 4920 Landegise-

302 4956 390 5011 lus
426 4956 551 5010 dum
580 4955 783 5008 viveret
819 4968 916 5023 per
955 4959 1280 5021 prmceptum
1314 4945 1488 5017 regale
1515 4940 1757 4998 eamdem
1782 4939 1883 4993 vil—

303 5042 470 5099 lulam
495 5050 887 5113 promeruerat,
931 5056 1027 5094 rex
1071 5036 1423 5093 libentissime
1460 5032 1760 5089 concedens
1793 5045 1884 5083 an-

304 5137 442 5199 nuit,
496 5143 929 5205 przeceptumque
975 5132 1195 5200 insuper
1242 5128 1306 5183 de
1344 5124 1652 5196 supradicto
1698 5122 1882 5175 Alateo

304 5229 494 5283 villare
531 5226 645 5281 fieri
675 5224 1091 5296 przesentialitcr
1132 5220 1316 5289 jussit,
1348 5226 1509 5287 atque
1543 5213 1759 5284 propria
1792 5211 1881 5266 fir-

304 5320 513 5376 mitatis
568 5318 893 5374 auctoritate
952 5313 1293 5384 subscripsit,
1342 5318 1396 5365 et
1443 5308 1625 5364 annuli
1658 5308 1882 5377 impres-

226 5484 227 5491 γ
306 5409 459 5464 sione
491 5408 691 5478 signari
722 5407 997 5476 prmcepit.

306 5496 436 5552 CAP.
474 5495 684 5552 XXVII.
722 5526 792 5536 —
816 5494 892 5549 De
922 5495 1073 5547 initio
1103 5490 1341 5548 scandali
1372 5492 1507 5543 inter
1536 5486 1882 5555 Dagobertum

343 5583 513 5637 regem
546 5565 871 5620 Francorum
900 5575 945 5618 et
986 5563 1268 5619 Samonem
1304 5576 1472 5630 regem
1521 5556 1848 5613 Sclavorum.

379 5656 458 5711 Eo
494 5655 656 5726 igitur
683 5669 825 5710 anno
872 5652 1048 5708 Sclavi
1095 5647 1449 5722 cognomento
1480 5644 1701 5707 Winidi,
1753 5658 1879 5712 quo-

1980 3211 2039 3252 se
2079 3210 2111 3250 e
2141 3190 2413 3252 contrario
2458 3192 2791 3254 reparantes,
2841 3179 3262 3232 Alamannorum
3285 3165 3553 3224 exercitus

1980 3302 2102 3345 cum
2141 3285 2449 3340 Rodoberto
2504 3280 2639 3333 duce
2682 3276 2740 3328 in
2788 3279 2940 3341 parte
2990 3282 3096 3336 qua
3148 3265 3422 3332 ingressus
3468 3265 3553 3310 est

1978 3379 2260 3436 victoriam
2288 3371 2538 3430 obtinuit.
2574 3361 2909 3435 Langobardi
2940 3360 3067 3413 item
3092 3369 3215 3410 cum
3249 3350 3552 3418 Dagoberto

1978 3472 2260 3528 victoriam
2337 3464 2720 3521 obtinuerunt,
2795 3460 2850 3508 et
2908 3449 3198 3523 plurimum
3268 3452 3551 3496 numerum

1981 3564 2314 3634 captivorum
2364 3556 2430 3610 de
2499 3550 2705 3607 Sclavis
2750 3542 3034 3599 Alamanni
3103 3545 3158 3592 et
3215 3529 3554 3603 Langobardi

1980 3629 2166 3711 secum
2191 3651 2476 3706 duxerunt.
2517 3643 2633 3697 Rex
2654 3652 2782 3694 vero
2819 3644 3016 3692 terram
3055 3629 3552 3685 illam’devastans.

1982 3745 2050 3800 ad
2073 3740 2348 3813 proprium
2386 3748 2609 3807 regnum
2636 3741 2883 3785 reversus
2914 3732 3017 3780 est.

1981 3853 2109 3910 CAP.
2147 3846 2380 3905 XXVIII.
2409 3876 2479 3885 —
2512 3842 2588 3896 De
2613 3838 2937 3910 contentione
2960 3833 3249 3910 Aval'orum
3276 3839 3323 3882 et
3358 3824 3556 3910 Bufga-I

2053 3894 2646 3987 —qualiter_
2676 3908 2996 3987 Dagobertus
3046 3900 3301 3971 Bulgares
3353 3897 3442 3968 qui
3483 3894 3553 3949 ad

2050 4008 2168 4049 eum
2207 3977 2447 4045 venerant
2475 3981 2696 4051 interﬁci
2716 3977 2952 4049 jusserit.

2052 4104 2330 4175 Siquidem
2376 4099 2565 4155 eodem
2609 4107 2750 4149 anno
2787 4091 2928 4144 inter
2960 4087 3166 4141 Avaros
3199 4085 3554 4152 cognomento

1980 4167 2200 4254 Chunos
2270 4199 2325 4247 et
2383 4200 2607 4262 regnum
2665 4180 2936 4251 Hispaniae
2984 4177 3274 4260 vehemens
3319 4167 3555 4223 surrexit

1982 4284 2273 4346 contentio,
2307 4294 2373 4335 eo
2396 4260 2538 4347 quod
2563 4279 2835 4329 certarent
2868 4270 3009 4323 inter
3033 4281 3112 4329 se,
3142 4262 3229 4318 cui
3266 4260 3554 4315 deberetur

1979 4388 2206 4447 regnum
2242 4370 2311 4425 ad
2340 4364 2732 4422 succedendum
2759 4378 2772 4413 :
2814 4358 2982 4413 altera
3004 4368 3131 4422 pars
3166 4366 3233 4407 ex
3262 4348 3473 4412 Avaris,
3501 4354 3556 4401 et

1909 4437 2154 4521 l)alt‘era
2203 4476 2273 4516 ex
2333 4455 2600 4528 Bulgaris.
2665 4448 2902 4506 Collecta
2962 4445 3143 4512 itaque
3186 4437 3550 4500 multitudine,

1984 4572 2107 4614 cum
2133 4554 2349 4621 utrique
2390 4562 2450 4603 se
2504 4543 2735 4599 invicem
2782 4540 3176 4608 impugnarent,
3229 4530 3446 4587 tandem
3485 4530 3554 4584 ab

1984 4649 2175 4707 Avaris
2204 4641 2418 4715 Bulgari
2445 4643 2784 4707 superantur.
2815 4631 2918 4698 Qui
2943 4628 3139 4685 devicti
3173 4640 3365 4682 novem
3385 4623 3553 4678 millia

1984 4756 2106 4795 cum
2132 4735 2391 4793 uxoribus
2428 4737 2483 4786 et
2516 4725 2701 4783 liberis
2734 4723 2801 4778 de
2824 4720 3098 4777 Pannonia
3120 4717 3327 4787 expulsi
3371 4728 3553 4786 regem

1985 4833 2345 4903 Dagobertum
2395 4828 2673 4892 expetunt,
2720 4823 2966 4887 petentes
3006 4820 3065 4867 ut
3109 4826 3202 4867 eos
3249 4809 3304 4863 in
3353 4813 3553 4861 terram

1984 4894 2316 4979 Francorum
2356 4915 2423 4970 ad
2450 4910 2771 4967 manendum
2797 4906 3077 4974 reciperet.
3124 4901 3240 4956 Rex
3269 4904 3448 4952 autem
3485 4894 3557 4949 ad

1986 5010 2330 5069 hiemandum
2375 5021 2470 5061 eos
2514 5004 2569 5057 in
2616 5000 2955 5070 Bajuvariam
2990 4995 3230 5063 recipere
3276 4985 3557 5060 praecepit,

1988 5101 2276 5161 dummodo
2307 5100 2662 5170 pertractaret
2698 5106 2820 5147 cum
2847 5087 3071 5142 Francis
3104 5084 3232 5154 quid
3259 5079 3452 5136 exinde
3475 5076 3555 5133 fa~
3596 5075 3603 5080 ’

1988 5205 2155 5252 ceret.
2198 5194 2438 5262 Cumque
2476 5186 2703 5259 dispersi
2724 5200 2821 5253 per
2846 5183 3033 5237 domos
3059 5176 3463 5251 Bajuvariorum
3486 5173 3562 5227 ad

1987 5284 2332 5343 hiemandum
2381 5280 2623 5341 fuissent,
2684 5273 2912 5344 sapienti
2957 5269 3182 5326 c‘onsilio
3226 5267 3561 5322 Francorum

1990 5393 2082 5437 rex
2117 5373 2415 5446 Bajuvariis
2432 5369 2584 5441 jubet
2607 5376 2669 5424 ut
2692 5368 2950 5438 Bulgares
2982 5365 3103 5420 illos
3138 5378 3260 5419 cum
3295 5359 3565 5415 uxoribus

1991 5479 2045 5523 et
2070 5468 2256 5524 liberis
2291 5464 2659 5533 unusquisque
2685 5472 3121 5528 unumquemque
3158 5457 3210 5511 in
3253 5455 3410 5510 domo
3453 5469 3555 5509 sua

1990 5561 2046 5614 in
2072 5574 2176 5613 una
2204 5564 2361 5613 nocte
2386 5555 2729 5610 interﬁceret.
2757 5550 2911 5618 Quod
2936 5550 3181 5619 protinus
3206 5562 3234 5600 a
3260 5544 3555 5614 Bajuvariis

1998 5650 2268 5717 impletum
2294 5657 2395 5715 est,
2432 5662 2531 5702 nec
2563 5645 2848 5715 quisquam
2884 5657 2951 5698 ex
2981 5641 3083 5696 illis
3110 5637 3376 5695 remansit.
