4020 6170
495 240 631 297 H07

1736 214 2047 273 ANONYMI
2086 209 2356 267 S.-ECULI
2399 206 2524 263 Vill.

3624 194 3734 251 “03

495 354 621 411 αλιι.
658 347 850 406 XXIX.
876 375 947 385 —
969 343 1045 398 De
1090 347 1256 396 morte
1304 336 1543 411 δίκερε)άὶ
1583 333 1716 411 regis
1750 330 2026 411 [fispanim
2042 367 2057 389 ,
2090 329 2134 386 Α
2164 335 2579 411 ετθεειιῐηηρωῃ
2608 311 2851 411 exercitu
2876 316 2954 371 nil
2981 323 3238 371 moratus
3253 330 3324 369 ex
3356 315 3738 411 regnoAAustra-

563 400 985 478 et'tlewmissorio
1026 428 1184 466 aureo
1211 424 1364 480 quem
1403 400 1728 463 Sisenandus
1768 400 2062 471 Dagoberto

567 491 677 562 regi
702 486 1029 559 promiserat.

568 623 771 680 Eodem
783 633 915 673 vero
929 629 1070 671 anno
1081 612 1208 684 quid
1231 610 1473 682 partibus
1489 604 1760 677 Hispaniae
1778 601 1862 656 vel
1883 612 2075 654 eorum

502 713 718 784 regibus
737 706 1043 778 cuntigerit,
1069 719 1178 759 non
1197 699 1624 771 praetermittam.
1648 692 1910 749 Defuncto
1930 688 2079 744 Sise-

505 803 646 860 hodo
682 814 808 870 rege
840 794 1278 858 clementissimo,
1328 790 1415 846 cui
1462 787 1669 844 Sentila
1711 792 1837 839 ante
1880 793 2081 870 annum

2171 414 2372 466 siorum
2401 409 2468 463 ab
2496 409 2631 462 urbe
2670 406 2847 460 Mettis
2870 419 3226 476 promovens,
3259 405 3496 458 transita
3520 405 3738 467 Ardentis

2172 498 2495 569 Magontiam
2522 495 2858 567 aggreditur;
2886 496 3300 565 disponensque
3322 488 3571 552 Rhenum
3590 508 3737 556 trans-

2173 589 2286 653 ire,
2334 601 2545 643 scaram
2575 587 2643 641 de
2668 574 2855 641 electis
2884 586 3018 640 viris
3057 584 3310 641 fortibus
3351 600 3423 640 ex
3452 587 3676 644 Neustria
3696 603 3740 648 et

2175 676 2483 747 Burgundia
2503 690 2625 730 cum
2647 675 2869 730 ducibus
2888 683 2942 730 et
2962 675 3310 746 graﬁonibus
3350 691 3532 732 secum
3554 678 3737 746 habens,

2181 767 2425 822 Saxones
2458 765 2651 820 missos
2675 766 2743 820 ad
2769 780 2895 820 eum
2919 765 3185 837 dirigunt,
3220 775 3477 837 petentes
3501 780 3559 823 ut
3583 772 3653 825 eis
3669 775 3742 828 tri-

508 855 727 951 circiter
745 855 1086 945 successerat
1105 885 1161 939 in
1189 855 1433 953 regnum,
1459 893 1583 935 cum
1604 884 1748 932 esset
1773 871 1983 928 Sentila
2002 869 2085 924 ni-
2181 860 2335 953 bula,
2366 872 2486 953 quae
2519 855 2773 953 ﬁscoru-m
2801 855 3513 953 ditionihusgdesoljebam.
3540 862 3741 936 ίυάυίὲθ-

510 948 678 1039 nnium
698 980 755 1035 in
782 978 896 1034 suis
921 977 1155 1045 iniquus,
1176 979 1232 1028 et
1249 948 1490 1027 omnium
1514 965 1665 1035 regni
1688 963 1770 1018 sui
1791 961 2086 1033 primatum
2185 958 2287 1045 ret.
2315 949 2420 1019 Ipsi
2448 963 2579 1045 vero
2604 948 2784 1045 studip
2805 964 2902 1004 suo
2923 957 2978 1004 et
2997 949 3248 1045 utilitate
3273 950 3513 1008 Winidis
3532 957 3744 1013 resisten-

514 1037 815 1129 incurreret
833 1037 1036 1132 odium;
1063 1037 1186 1121 cum
1221 1059 1444 1118 consilio
1479 1066 1797 1115 ceterorum
1827 1053 2090 1108 Sisenan-
2150 1043 2167 1049 ’
2189 1040 2316 1132 {lum
2342 1037 2627 1132 Spomlfmt,
2661 1046 2716 1092 ει
2742 1038 3077 1132 Francorum
3123 1040 3370 1132 limitem
3401 1042 3469 1099 de
3491 1044 3589 1101 illis
3610 1052 3742 1117 parti-

517 1128 618 1218 dus
653 1148 875 1230 quidam
898 1171 965 1212 ex
993 1128 1307 1226 proceribus
1329 1149 1688 1220 Dagobertum
1718 1156 1902 1213 regem
1927 1153 2092 1230 expe-
2190 1130 2293 1184 bus
2321 1128 2605 1230 ξξξιειςξὶίῐϊπιΔ
2638 1129 2983 1230 ρνρωίιιυηι;
3031 1130 3154 1230 Hex
3189 1131 3385 1230 itaque
3436 1134 3741 1230 Dagobertus,

518 1252 627 1316 tiit,
656 1217 718 1306 ut
740 1250 789 1305 ei
828 1217 949 1304 cum
974 1217 1212 1301 exercitu
1240 1217 1606 1302 auxiliaretur,
1644 1233 1878 1305 qualiter
1915 1229 2096 1285 Senti-
2192 1218 2416 1316 consilio
2444 1217 2877 1316 Neustrasiorum
2916 1219 3168 1316 adeptus,
3199 1222 3288 1316 eis
3328 1225 3473 1292 quod
3495 1230 3742 1296 poscebant

521 1310 629 1393 lam
658 1335 948 1407 depelleret
979 1346 1162 1401 regno.
1184 1330 1243 1385 ln
1268 1327 1427 1397 hujus
1455 1339 1584 1381 vero
1617 1320 1863 1379 beneﬁcii
1884 1332 2094 1373 recom-
2194 1311 2460 1407 praestitit.
2494 1310 2737 1366 Saxones
2761 1319 2962 1376 autem,
2990 1312 3080 1382 qui
3113 1313 3288 1407 hujus
3316 1318 3582 1386 petitionis
3600 1336 3745 1393 sugge-

521 1402 836 1499 pensatione
861 1423 1169 1480 missorium
1209 1420 1429 1474 aureum
1466 1413 1858 1471 nobilissimum
1886 1425 1954 1464 ex
1980 1410 2100 1463 the-
2200 1402 2352 1458 rendi
2395 1416 2556 1457 causa
2581 1411 2872 1468 venerant,
2913 1405 3285 1460 sacramentis
3305 1446 3321 1471 ,
3367 1416 3427 1463 ut
3462 1423 3628 1465 eorum
3652 1429 3743 1469 mos

526 1494 700 1573 sauris
739 1514 1059 1579 Gothorum,
1101 1526 1261 1581 quem
1291 1505 1693 1563 Thuresmodus
1732 1516 1828 1556 rex
1875 1500 1944 1554 ab
1980 1498 2102 1552 Etio
2200 1503 2361 1558 erat,
2406 1506 2568 1581 super
2601 1507 2752 1546 arma
2783 1494 3044 1563 patratis,
3100 1503 3335 1565 pactum
3384 1513 3481 1567 pro
3525 1501 3745 1559 universis

527 1607 754 1679 patricio
796 1580 1138 1673 susceperat,
1168 1600 1282 1669 regi
1307 1600 1435 1654 dare
1456 1593 1749 1667 promittit,
1786 1595 2102 1660 pensantem
2136 1652 2181 1679 ἢ
2209 1581 2511 1679 Saxonibus
2545 1580 2779 1679 ﬁrmant.
2807 1581 3134 1679 Sedﬁparurn
3179 1585 3304 1679 haec
3329 1589 3597 1657 promissio
3616 1594 3743 1647 sorti.

1306 1652 1422 1742 Dex
1457 1652 1642 1740 autem
1673 1652 2007 1753 Dagobertus
2047 1684 2107 1731 ut
2136 1652 2183 1713 Β
2208 1681 2296 1767 tur
2318 1672 2587 1728 effectum.
2617 1672 2870 1728 Attamen
2918 1673 3168 1730 Saxones
3210 1652 3475 1733 tributum
3500 1680 3624 1749 quod
3648 1684 3743 1745 red.

531 1794 651 1841 erat
679 1785 733 1838 in
756 1783 954 1853 prieliis
976 1790 1255 1845 strenuus,
1282 1776 1577 1832 exercitum
1604 1774 1659 1828 in
1686 1771 1942 1828 auxilium
1966 1767 2110 1823 Sise-

470 1910 475 1916 ι
534 1875 698 1930 nandi
724 1881 895 1929 totum
932 1872 1084 1943 regni
1122 1868 1442 1940 Burgundize
1479 1865 1603 1936 jure
1625 1864 1796 1936 praelii
1821 1859 2108 1918 convocari

535 1965 820 2036 pnecepit,
866 1964 1145 2032 eidemque
1191 1959 1587 2017 Abundantium
1634 1965 1689 2012 et
1735 1953 2112 2012 Venerandum

540 2058 711 2116 duces.
759 2053 1006 2109 instituit.
1067 2051 1306 2120 Cumque
1362 2042 1417 2104 in
1469 2047 1727 2118 Hispania
1781 2044 2113 2115 divulgatum

542 2142 747 2207 fuisset,
790 2124 1087 2198 exercitum
1121 2141 1453 2196 Francorum
1497 2137 1564 2192 ad
1603 2133 1968 2191 auxiliandum
2011 2131 2115 2189 sibi

542 2233 898 2289 Sisenandum
937 2231 1214 2304 aggregari
1240 2270 1254 2297 ,
1296 2230 1473 2285 omnis
1505 2228 1805 2284 Gothorum
1847 2225 2116 2280 exercitus

543 2338 602 2378 se
654 2323 842 2380 ditioni
895 2321 1173 2377 Sisenandi
1207 2321 1439 2391 subegit.
1487 2317 1858 2374 Abundantius
1900 2330 2029 2370 vero
2062 2323 2118 2370 et

545 2412 895 2468 Venerandus
920 2414 1083 2467 duces
1117 2411 1401 2482 Dagoberti
1432 2410 1573 2479 regis
1602 2424 1707 2464 una
1727 2422 1849 2463 cum
1876 2405 2119 2461 exercitu

546 2501 814 2558 Tolosano
854 2510 1061 2557 tantum
1112 2516 1280 2570 usque
1334 2500 1795 2570 Caesaraugustam
1846 2495 2120 2552 civitatem

547 2606 673 2647 cum
699 2590 995 2647 Sisenando
1024 2597 1398 2655 accesserunt;
1440 2589 1619 2657 ibique
1655 2600 1845 2643 omnes
1872 2583 2034 2640 Gothi
2055 2581 2122 2637 de

548 2696 717 2750 regno
745 2679 1012 2750 Hispaniae
1039 2679 1343 2750 conglobati
1368 2678 1726 2734 Sisenandum
1750 2674 2040 2732 sublimant
2066 2672 2123 2727 in

552 2784 795 2839 regnum.
846 2768 1218 2824 Abundantius
1263 2756 1460 2822 autem
1494 2776 1549 2822 et
1596 2764 1944 2822 Venerandus
2000 2777 2125 2818 cum

552 2859 794 2915 exercitu
820 2857 1084 2913 Tolosano
1119 2857 1431 2912 muneribus
1470 2857 1720 2911 honorati
1764 2856 1967 2911 reversi
2000 2863 2126 2911 sunt

554 2950 623 3005 ad
644 2949 889 3020 proprias
917 2948 1090 3002 sedes.
1131 2947 1247 3001 Rex
1288 2946 1517 3016 denique
1540 2947 1875 3018 Dagobertns
1902 2945 2129 3017 legatio-

555 3056 681 3097 nem
719 3041 787 3095 ad
826 3039 1180 3095 Sisenandum
1216 3052 1397 3109 regem
1431 3052 1527 3108 per
1548 3036 1912 3108 Amalgarium
1937 3037 2128 3092 ducem

556 3140 613 3188 et
650 3130 1026 3187 Venerandum
1075 3127 1276 3198 dirigit,
1316 3135 1378 3182 ut
1425 3126 1733 3183 missorium
1780 3126 1941 3180 illum
1973 3139 2134 3196 quem

559 3219 881 3290 promiserat
900 3217 1075 3272 eidem
1109 3216 1518 3272 transmitteret.
1549 3215 1788 3286 Cumque
1817 3231 1849 3270 a
1877 3215 2134 3270 Sisenan-

563 3308 633 3363 do
659 3305 940 3362 missorius
966 3305 1055 3360 ille
1094 3304 1368 3375 legatariis
1397 3304 1587 3361 fuisset
1616 3306 1862 3372 traditus,
1889 3321 1921 3360 a
1946 3305 2137 3362 Gothis

562 3413 663 3468 per
680 3397 824 3452 viam
846 3396 1078 3459 tollitur,
1109 3409 1210 3451 nec
1230 3410 1353 3450 eum
1380 3396 1574 3452 exinde
1600 3396 1914 3452 abstrahere
1939 3397 2139 3467 permi-

568 3497 773 3545 serunt.
808 3488 1000 3544 Postea
1031 3502 1161 3543 vero
1190 3488 1554 3544 discurrentes
1583 3488 1745 3560 legati
1772 3489 1999 3545 ducenta
2020 3490 2141 3545 mil-

566 3579 641 3635 lia
666 3579 958 3635 solidorum
983 3578 1217 3634 missorii
1234 3579 1401 3649 ipsius
1420 3578 1651 3649 pretium
1679 3594 1775 3634 rex
1789 3594 1822 3634 a
1843 3578 2141 3636 Sisenando

570 3670 795 3740 accepit.
823 3667 1017 3724 Fertur
1054 3669 1198 3723 enim
1228 3668 1370 3739 quod
1396 3668 1571 3738 ipsum
1611 3676 1893 3740 argentum
1914 3667 1983 3723 ad
2007 3682 2143 3737 opus

573 3760 789 3815 fabricae
819 3759 1057 3815 ecclesiae
1099 3759 1272 3813 sancti
1310 3759 1545 3831 Dionysii
1576 3759 1830 3830 martyris
1870 3774 1991 3814 cum
2025 3758 2144 3813 aliis

571 3851 814 3920 pluribus
836 3848 1164 3903 ornamentis
1199 3849 1530 3916 Dagobertus
1562 3863 1653 3904 rex
1676 3848 2019 3903 devotissime
2042 3848 2144 3903 ob-

575 3938 776 3992 tulerit.
804 3937 881 3991 Eo
914 3952 1144 4005 namque
1169 3944 1408 4005 tempore
1436 3947 1545 3991 tam
1572 3938 1899 3992 creberrima
1921 3946 2038 3992 erat
2060 3938 2145 3992 in-

518 4024 521 4031 ’
578 4026 653 4080 ihi
694 4026 916 4080 obtentu
957 4035 1257 4095 martyrum
1302 4025 1601 4094 frequentia
1649 4026 2051 4092 miraculorum,
2088 4035 2150 4082 ut

578 4116 984 4186 quibuscunque
1005 4115 1405 4171 inﬁrmitatibus
1430 4116 1672 4186 oppressi
1695 4116 1929 4187 undique
1956 4118 2151 4173 adven-

583 4217 758 4264 tantes
793 4209 982 4265 devoto
1001 4202 1185 4264 animo
1212 4209 1458 4266 eumdem
1486 4198 1661 4265 locum
1685 4216 2014 4278 expeterent,
2057 4226 2149 4266 sa-

2207 1762 2336 1817 dere
2386 1770 2780 1829 consueverant
2800 1803 2814 1828 ,
2879 1777 2977 1832 per
3029 1766 3463 1835 praeceptionem
3510 1768 3740 1841 Dagoberti

2209 1853 2467 1909 hactenus
2501 1854 2703 1909 habent
2739 1854 3024 1909 indultum.
3055 1856 3404 1928 Quingentas
3427 1861 3560 1914 enim
3593 1877 3741 1917 vaccas

2211 1946 2567 2003 inferendales
2590 1949 2746 2004 annis
2783 1949 3007 2021 singulis
3034 1966 3063 2005 a
3086 1950 3338 2008 Clotario
3362 1954 3561 2009 seniore
3593 1957 3739 2011 censiti

2212 2037 2538 2094 reddebant.
2578 2039 2722 2107 quod
2760 2045 2889 2092 tunc
2934 2054 2964 2093 a
3013 2039 3331 2111 Dagoberto
3376 2057 3497 2114 rege
3521 2053 3735 2099 cassatum

2212 2132 2315 2181 est.

2215 2233 2343 2292 CAP.
2377 2234 2565 2291 XXXI.
2595 2266 2663 2277 —
2688 2236 2961 2313 Quomodo
2996 2239 3333 2313 Dagobertus
3352 2242 3514 2313 filium
3549 2262 3673 2299 suum
3697 2247 3735 2298 iu

2594 2323 2811 2378 regnum
2837 2307 3065 2363 Austrire
3085 2307 3433 2367 sublimauit.

2287 2396 2443 2451 Anno
2490 2396 2672 2468 itaque
2709 2398 2766 2451 11
2802 2400 2953 2470 regni
2983 2401 3064 2455 sui
3136 2419 3264 2458 cum
3299 2403 3492 2460 Winidi
3522 2404 3647 2474 jussu
3665 2405 3733 2459 Sa-

2221 2490 2396 2545 monis
2417 2490 2611 2544 iterum
2650 2488 2864 2545 fortiter
2908 2495 3199 2561 saevirent,
3243 2503 3301 2550 et
3327 2511 3463 2567 saepe
3488 2505 3734 2552 transcenso

2219 2578 2438 2649 proprio
2466 2578 2657 2644 limite,
2697 2594 2919 2650 regnum
2945 2580 3291 2639 Francorum
3317 2585 3609 2641 vastandum
3627 2627 3640 2651 ,
3661 2584 3733 2639 To-

2223 2668 2451 2739 ringam,
2477 2676 2533 2722 et
2548 2668 2784 2739 reliquos
2805 2684 2970 2741 pagos
2990 2671 3414 2743 ingrederentur
3438 2689 3453 2729 :
3476 2677 3736 2743 Dagohertus

2226 2774 2323 2814 rex
2353 2759 2529 2815 Mettis
2570 2761 2761 2816 urbem
2788 2763 3031 2830 veniens,
3070 2780 3205 2821 cum
3249 2766 3467 2822 consilio
3489 2765 3733 2836 pontiﬁcum

2228 2863 2325 2903 seu
2378 2856 2433 2902 et
2495 2863 2779 2917 procerum
2808 2890 2823 2916 ,
2872 2852 3240 2924 omnibusque
3285 2854 3581 2924 primatibus
3626 2850 3734 2921 regni

2154 2989 2203 3054 Ο
2230 2939 2715 3007 consentientibus,
2763 2939 3101 3013 Sigebertnm
3148 2945 3321 2999 ﬁlium
3366 2959 3512 3000 suum
3546 2944 3591 2998 in
3616 2956 3734 3011 regno

2242 3026 2460 3054 Δηοιηξηι
2506 3028 2811 3054 -..ιη-...νει
2877 3033 3166 3054 --ΑΔ.....---
3216 3034 3390 3054 Il-..!_
3427 3033 3646 3054 ,ΞμὲιΑιΑρρ
3670 3031 3714 3054 ι.-

2232 3026 2462 3083 Austria:
2505 3028 2830 3096 sublimavit,
2875 3033 3171 3104 sedemque
3216 3034 3393 3089 Mettis
3420 3033 3649 3089 civitatem
3669 3031 3735 3084 ιιλο

2233 3119 2363 3174 bere
2376 3120 2640 3189 permisit.
2665 3120 3054 3178 Chunibertum
3080 3140 3218 3181 vero
3230 3125 3458 3181 Colonia:
3476 3122 3732 3195 pontificem,

2233 3218 2288 3265 et
2312 3209 2621 3281 Adalgisum
2644 3212 2833 3266 ducem
2860 3213 3042 3283 palatii
3066 3215 3142 3270 ad
3167 3230 3390 3286 regnum
3412 3209 3733 3284 gubernandum

2237 3300 2482 3365 instituit,
2518 3303 2935 3375 thesaurumque
2958 3307 3101 3375 quod
3130 3306 3398 3363 sulliceret
3434 3305 3533 3360 ﬁlio
3556 3298 3729 3357 tradidit.

2236 3391 2305 3446 Et
2323 3392 2604 3463 condigne,
2636 3401 2697 3447 ut
2719 3395 2962 3462 decebat,
2999 3412 3126 3452 eum
3155 3397 3314 3466 hujus
3336 3394 3563 3451 culminis
3584 3393 3731 3446 honore

2237 3483 2576 3549 sublimavit,
2628 3491 2685 3539 et
2727 3487 3083 3556 quodcunque
3146 3488 3323 3544 eidem
3378 3485 3575 3554 largitus
3608 3480 3731 3534 fuerat

2237 3575 2687 3645 prteceptionibus
2709 3578 3068 3633 roborandum
3089 3579 3349 3635 decrevit.
3376 3578 3604 3643 Deinceps
3626 3570 3727 3625 enim

2240 3665 2642 3722 Austrasiorum
2681 3669 2860 3726 studio
2887 3669 3113 3725 limitem
3157 3679 3213 3728 et
3240 3685 3452 3740 regnum
3475 3666 3729 3721 Francorum

2244 3767 2431 3813 contra
2468 3759 2709 3815 Winidos
2735 3760 2938 3816 utiliter
2956 3761 3243 3819 defensare
3275 3760 3515 3816 noscitur.

2245 3867 2373 3925 Cap.
2396 3868 2610 3924 XXXII.
2631 3901 2703 3912 —
2734 3870 3008 3937 Quomodo
3035 3871 3372 3927 Hludowicus
3394 3867 3540 3923 eidem
3556 3878 3611 3916 ex
3626 3858 3730 3938 ρξαπ-

2316 3939 2477 4012 thilde
2505 3950 2657 3994 natus
2686 3928 2872 4010 fuerit,
2900 3950 2948 3995 et
2972 3941 3200 4012 qualiter
3237 3943 3370 3995 inter
3390 3939 3539 4008 ipsum
3562 3940 3602 3986 et
3621 3928 3727 3996 559t-

2318 4008 2516 4063 bert-um
2552 4008 2764 4081 regnum
2790 4027 2942 4065 suum
2967 4008 3219 4065 diviserit.

2319 4119 2558 4191 Cumque
2592 4137 2733 4179 anno
2765 4123 2831 4177 l2
2858 4125 3146 4197 Dagoberti
3187 4126 3324 4197 regis
3346 4122 3504 4178 eidem
3529 4115 3639 4171 ﬁlius
3658 4122 3724 4163 n0-

2251 4211 2396 4265 mine
2429 4210 2737 4267 llludowius
2764 4211 2937 4284 [Aliis,
2983 4211 3300 4285 Clodoveus]
3327 4212 3389 4268 de
3421 4200 3728 4263 Nanthildere-

583 4303 749 4356 nitate
796 4302 1001 4379 reddita
1046 4317 1169 4358 cum
1207 4300 1400 4373 gaudio
1444 4303 1512 4356 ad
1560 4302 1774 4372 prepria
1825 4309 2146 4357 remearent.
2178 4328 2228 4389 υ
2255 4299 2378 4371 gina
2397 4307 2555 4354 natus
2580 4298 2787 4365 fuisset,
2804 4302 3031 4358 consilio
3053 4302 3482 4359 Neustrasiorum,
3502 4295 3724 4389 egw-"illic

584 4391 736 4458 Quod
780 4405 1008 4447 cernens
1035 4407 1150 4458 rex,
1192 4393 1452 4462 quidquid
1497 4393 1552 4447 in
1590 4392 1860 4448 thesauris
1884 4392 1996 4447 suis
2030 4407 2153 4462 pre-

588 4483 775 4538 tiosius
793 4483 1020 4538 inveniri
1044 4491 1274 4553 poterat,
1297 4484 1363 4539 ad
1384 4484 1754 4538 exornandum
1781 4483 1953 4553 ipsum
1980 4482 2154 4538 locum

587 4572 949 4627 indubitanter
982 4572 1260 4629 offerebat.
1301 4573 1435 4627 Nam
1465 4582 1520 4628 et
1544 4573 1878 4627 matriculam
1916 4582 1964 4627 et
2001 4589 2155 4630 seno-
2196 4576 2199 4579 ’

587 4663 863 4731 dochium,
902 4675 1202 4737 caeteraque
1225 4667 1438 4722 diversa
1465 4668 1582 4723 loca
1611 4668 1679 4722 ad
1714 4669 1815 4723 hoc
1851 4667 2047 4724 ibidem
2070 4667 2157 4721 in-

589 4753 781 4818 stituit,
828 4760 888 4807 ut
920 4767 1181 4824 pauperes
1204 4754 1484 4825 utriusque
1509 4770 1690 4820 sexus,
1721 4755 1835 4811 sive
1870 4755 2033 4810 etiam
2066 4755 2160 4826 qui

591 4855 899 4902 sanctorum
924 4864 1025 4919 ope
1049 4849 1265 4905 sanitati
1292 4849 1476 4904 donari
1506 4850 1648 4921 digni
1670 4850 1928 4915 fuissent,
1961 4851 2013 4905 in
2037 4851 2159 4906 reli-

591 4951 755 5005 quum
785 4937 952 5008 ipsius
997 4938 1351 5010 eleemosynis
1383 4940 1688 5005 sustentati,
1734 4941 1823 5010 qui
1870 4940 2070 4995 vellent
2102 4942 2157 4995 in

593 5028 812 5082 servitio
834 5027 1086 5084 Ecclesia:
1112 5043 1176 5084 ac
1202 5028 1247 5083 si
1282 5043 1381 5098 pro
1404 5028 1700 5099 gratiarum
1724 5028 1935 5084 actione
1953 5044 2165 5100 perma-

595 5124 803 5172 nerent.

597 5232 724 5290 CAP.
765 5233 931 5289 XXX.
955 5233 1311 5301 ——Quomodo
1351 5235 2162 5307 DagobertusgontraWinidos

668 5319 785 5357 cum
813 5307 1052 5377 exercitu
1081 5308 1325 5375 perrexit,
1357 5315 1406 5360 et
1436 5304 1659 5377 Qualiter
1680 5304 1977 5361 Saxonibus
2004 5308 2171 5361 tribu-

671 5380 777 5425 tum
806 5373 1097 5429 indulserit.

671 5482 908 5551 Denique
955 5500 1095 5540 anno
1151 5485 1217 5541 10
1266 5485 1413 5557 regni
1460 5487 1563 5551 sui,
1613 5501 1736 5541 cum
1772 5486 1820 5542 ei
1862 5488 2168 5544 nuntiatum

610 5567 794 5622 fuisset
842 5572 1134 5625 exercitum
1174 5572 1507 5629 Winidorum
1560 5574 1851 5645 Toringam
1898 5574 2062 5632 fuisse
2092 5577 2171 5631 in-

2254 4391 2615 4446 admonitione
2640 4406 2737 4462 per
2775 4393 3039 4462 pactionis
3063 4394 3328 4450 vinculum
3371 4402 3480 4444 cum
3517 4379 3725 4449 Sigehe'w

2254 4480 2365 4536 ﬁlio
2389 4496 2487 4537 suo
2518 4481 2761 4537 ﬁrmasse
2798 4485 3181 4554 cognoscitur:
3217 4492 3369 4552 atque
3407 4470 3721 4532 Austrasiorunt

2254 4588 2441 4630 omnes
2477 4574 2736 4643 primates
2760 4584 2815 4630 et
2837 4575 3137 4644 pontifices,
3160 4573 3432 4641 czeterique
3455 4566 3590 4620 duces
3617 4556 3722 4644 Sig?

2254 4664 2393 4718 berti
2419 4680 2610 4719 manus
2633 4680 2758 4720 suas
2788 4673 3080 4734 ponentes,
3109 4666 3321 4733 insuper
3351 4641 3721 4742 sacrameﬂlisfir‘

2256 4763 2558 4822 maverunt,
2580 4762 2639 4810 ut
2662 4756 2970 4827 Neptricum
2992 4767 3049 4815 et
3068 4754 3360 4829 Burgundia
3383 4747 3574 4805 solidan
3588 4734 3721 4792 ordiﬂc

2258 4846 2326 4901 ad
2352 4862 2573 4916 regnum
2603 4847 2866 4903 Hludowii
2902 4857 3024 4918 post
3052 4846 3325 4921 Dagobet‘ti
3350 4840 3476 4910 regis
3496 4832 3714 4921 discessum

2259 4936 2545 5005 aspiceret.
2584 4935 2862 4993 Austrasia
2887 4949 3017 4994 vero
3055 4918 3237 4995 eodem
3263 4932 3438 4990 ordine
3457 4918 3650 4979 solidata.
3670 4920 3713 5005 00'

2260 4991 2404 5098 quod
2444 5035 2500 5082 et
2526 5027 2592 5083 de
2632 4991 2830 5099 populo
2853 4991 2913 5084 et
3052 4991 3220 5100 spatio
3244 5028 3379 5081 esset
3401 5016 3651 5100 οοωαυεξηξν

2262 5087 2487 5193 regnum
2525 5087 2821 5193 Sigeberti,
2850 5087 3131 5193 eidemque
3172 5122 3224 5175 in
3261 5109 3533 5182 ἱηιθετίιθίθ
3561 5087 3715 5193 “fit

2265 5184 2526 5283 aspicere,
2576 5184 2629 5268 et
2668 5184 2924 5282 quidquid
2968 5184 3228 5282 ad-regna
3262 5193 3604 5266 Austrasiomm

2264 5274 2391 5361 olim
2417 5274 2752 5374 pertinuerat
2772 5344 2787 5369 ,
2814 5274 3000 5359 totum
3030 5274 3327 5374 Sigebertus
3355 5302 3451 5379 rex-
3470 5291 3561 5379 sui!a

2267 5399 2392 5453 dum
2418 5355 2605 5451 ditioni
2651 5355 2942 5465 reciperet,
2984 5403 3039 5450 et
3061 5355 3121 5450 ir:
3158 5393 3395 5462 ρεφθωθ
3424 5355 3708 5465 d,°"_‘"'.’”.‘l"_"i

2270 5493 2511 5555 haberet,
2544 5452 2990 5560 exceptdduca'tu
3021 5452 3315 5544 Dentilonis,
3340 5460 3536 5560 αφά-ξι)

2271 5584 2366 5639 είίδ
2411 5581 2656 5650 neimiter
2677 5538 2915 5636 ablatum
2942 5578 3141 5642 fuerat,
3173 5574 3347 5628 iterum
3373 5556 3430 5613 ad
3453 5538 3707 5606 Naustrztsw5
