4020 6170
322 293 458 349 H09

1513 293 1734 349 GESTA
1771 291 1982 349 DOMNI
2020 293 2430 349 DAGOBERTI.

3423 300 3557 353 mo

319 402 747 476 subjungcretur,
792 412 847 458 et
903 403 1164 459 llludowii
1213 402 1460 474 regimini
1507 403 1882 473 subjiceretur.
1914 416 1961 470 Α
1990 408 2238 474 gavense,
2266 406 2598 469 Bareiacum,
2640 421 2730 459 seu
2760 404 3084 471 Nuiliacum,
3118 422 3327 465 necnon
3354 410 3558 466 Puden-

320 495 426 551 Sed
450 496 549 549 has
575 495 852 564 pactiones
885 494 1166 556 Rustrasii,
1200 502 1405 548 terrore
1432 493 1718 563 Dagoberti
1747 494 1889 563 regis

319 586 512 651 coacti,
542 586 742 640 vellent
765 585 1072 655 nollentqne
1095 585 1340 639 ﬁrmasse
1368 584 1472 639 visi
1499 593 1650 649 sunt;
1675 599 1810 654 quas
1836 591 1892 638 et

318 684 440 744 post
468 675 796 743 temporibus
831 674 1098 744 Sigeberti
1123 681 1177 728 et
1210 672 1475 729 liludowii
1518 673 1736 744 regibus
1763 688 1893 728 con-

320 774 562 819 servatas
590 763 755 819 fuisse
778 772 1010 819 constat.

320 873 448 928 Car.
477 871 793 926 XXXlll.-—
810 870 1081 941 Quomodo
1104 869 1351 941 Ecclesia:
1377 870 1568 925 Christi
1595 882 1885 941 martyrum

390 943 723 1011 Dionysiigac
745 941 1005 993 sociorum
1032 940 1145 1009 ejus
1177 940 1430 1010 quasdam
1461 958 1612 995 areas
1640 940 1781 1010 infra
1796 958 1887 994 ea:-

393 1009 571 1081 traquc
617 1009 856 1081 Parisius
900 1019 1280 1081 atqueportam
1314 1011 1477 1080 ipsius
1510 1009 1731 1064 civitatis
1768 1026 1885 1064 cum

393 1078 629 1134 omnibus
654 1078 866 1133 teloneis
889 1078 1189 1132 contulerit.

394 1189 496 1243 Per
525 1191 662 1245 idem
690 1199 899 1259 tempus
926 1189 1257 1259 Dagobertus
1278 1206 1372 1246 rex
1399 1191 1635 1245 Parisius
1661 1192 1889 1258 rediens,

325 1292 485 1353 atque
508 1282 560 1335 in
592 1295 775 1334 amore
799 1280 1206 1348 saepedictorum
1233 1290 1529 1352 martyrum
1554 1279 1791 1353 Dionysii
1813 1299 1895 1337 so-

325 1375 639 1442 ciorumque
667 1369 813 1439 ejus,
838 1378 1060 1441 propter
1087 1370 1415 1439 magniﬁcas,
1445 1387 1581 1441 quas
1616 1373 1683 1427 ad
1707 1388 1895 1426 eorum

325 1463 631 1518 veneranda
674 1461 920 1530 sepulcra
963 1461 1202 1530 quotidie
1241 1461 1499 1516 Dominus
1540 1465 1894 1532 operabatur,

328 1552 571 1615 virtutes,
621 1551 793 1622 magis
827 1566 892 1605 ac
935 1551 1105 1622 magis
1152 1551 1402 1621 gliscens,
1450 1567 1607 1607 areas
1638 1555 1897 1621 quasdam

328 1642 468 1697 infra
518 1650 776 1711 extraque
801 1641 1072 1697 civitatem
1122 1642 1332 1707 Parisii,
1388 1649 1443 1696 et
1487 1651 1695 1712 portam
1731 1643 1899 1712 ipsius

328 1732 561 1787 civitatis

328 1839 491 1894 quam
522 1821 822 1891 negotiator
844 1837 973 1876 suus
1000 1819 1253 1876 Salomon
1286 1837 1351 1876 eo
1376 1829 1614 1892 tempore
1641 1822 1900 1894 praevideo

332 1912 442 1977 bat,
471 1926 594 1965 cum
620 1910 868 1965 omnibus
909 1909 1152 1975 teloneis,
1184 1910 1632 1980 quemadmodum
1656 1914 1724 1968 ad
1747 1929 1899 1969 suam

331 2015 600 2055 cameram
635 1999 890 2054 deserviri
920 2000 1227 2066 videbatur,
1275 2000 1344 2055 ad
1390 2016 1576 2056 eorum
1625 2003 1902 2057 basilicam

333 2088 569 2153 tradidit,
602 2096 656 2143 et
682 2104 777 2158 per
804 2088 1056 2160 prmcepti
1088 2089 1171 2144 sui
1206 2090 1578 2169 auctoritatem
1620 2100 1904 2160 perpetua-

336 2183 457 2236 iiter
481 2182 534 2236 id
551 2198 861 2237 mansurum
877 2196 1014 2246 esse,
1044 2182 1245 2252 proprii
1258 2182 1488 2237 nominis
1512 2182 1904 2251 subscriptione

262 2318 281 2333 .
334 2284 493 2347 atque
521 2275 704 2335 annuli
730 2275 1079 2345 impressione
1098 2275 1349 2329 ﬁrmavit.

335 2413 463 2470 CAP.
491 2413 816 2485 XXXIV.—
831 2411 1103 2478 Quomodo
1129 2412 1355 2485 annuale
1387 2422 1667 2485 mercatum
1686 2414 1825 2485 quod
1843 2414 1904 2483 ﬁt

406 2494 517 2554 post
556 2484 884 2552 festivitatem
937 2491 1225 2554 martyrum
1257 2482 1507 2552 fratribus
1528 2483 1655 2537 inibi
1682 2482 1909 2538 commo-

409 2553 642 2607 rantibus
681 2553 1007 2607 concesserit.

409 2661 466 2716 lu
503 2662 618 2731 ipso
658 2677 870 2732 quoque
911 2671 1149 2732 tempore
1184 2663 1411 2719 annuale
1436 2672 1733 2719 mercatum
1766 2663 1910 2734 quod

343 2753 405 2808 ﬁt
464 2762 587 2823 post
642 2754 987 2810 festivitatem
1043 2755 1280 2824 ipsorum
1339 2756 1910 2812 excellentissimorum

344 2854 642 2916 martyrum
679 2850 846 2914 prope
884 2844 1023 2899 idem
1055 2846 1471 2912 monasterium,
1512 2846 1684 2900 eidem
1724 2852 1911 2901 sancto

345 2936 465 2992 loco
501 2944 554 2990 et
584 2935 841 2992 fratribus
881 2936 992 2991 Deo
1025 2946 1081 2991 et
1115 2938 1317 2993 sanctis
1342 2938 1671 3009 martyribus
1714 2937 1911 2993 ibidem

342 3030 768 3086 deservientibus
808 3030 1089 3095 concessit,
1121 3038 1177 3085 et
1202 3031 1394 3086 exinde
1434 3030 1736 3099 huiusmodi
1774 3046 1913 3101 pra:—

343 3130 557 3191 ceptum
583 3120 799 3176 ﬁrmare
823 3106 1044 3187 studuit,
1070 3129 1130 3176 ut
1148 3137 1340 3179 omnes
1363 3121 1630 3179 teloneum
1654 3123 1741 3178 vel
1762 3123 1915 3193 quid-

344 3211 472 3279 quid
504 3225 572 3265 ex
596 3225 661 3267 eo
686 3210 800 3266 ﬁsci
827 3211 1072 3280 partibus
1099 3226 1318 3281 sperare
1341 3220 1571 3281 poterat,
1611 3219 1669 3267 et
1694 3212 1913 3281 quodin

345 3300 463 3370 ipsa
505 3300 721 3355 civitate
749 3315 841 3356 seu
871 3300 925 3355 in
946 3300 1196 3357 omnibus
1222 3301 1358 3358 locis
1389 3302 1627 3373 reliquis,
1662 3301 1802 3357 infra
1828 3302 1914 3372 ip-

346 3409 469 3449 sum
504 3408 700 3463 pagum
737 3393 1066 3450 Parisiaeum
1102 3395 1235 3451 inibi
1278 3396 1653 3460 denominatis,
1685 3395 1755 3449 ab
1801 3388 1912 3464 ipsa

351 3480 642 3537 festivitate
668 3497 837 3551 usque
864 3484 989 3539 dum
1025 3483 1153 3538 illud
1179 3492 1474 3539 mercatum
1500 3485 1774 3549 ﬁniretur,
1792 3482 1916 3552 jure

350 3572 492 3642 exigi
536 3586 852 3641 quacunque
888 3570 1173 3639 judiciaria
1211 3581 1478 3642 potestate
1510 3572 1782 3635 valuisset,
1818 3587 1918 3641 pro

352 3672 553 3716 atterua
591 3662 960 3726 retributione,
990 3669 1152 3731 atque
1177 3671 1239 3717 ut
1259 3663 1462 3717 eisdem
1503 3662 1599 3716 Dei
1622 3661 1794 3717 servis
1817 3660 1914 3716 de-

351 3754 526 3810 votius
549 3769 647 3823 pro
671 3768 737 3809 eo
759 3753 905 3808 omni
934 3762 1173 3823 tempore
1202 3755 1384 3811 futuro
1420 3756 1655 3811 divinam
1687 3755 1921 3811 delecta-

352 3854 503 3900 retur
530 3860 755 3900 exorare
778 3844 1136 3910 clementiam,
1170 3855 1340 3902 totum
1380 3862 1447 3902 ex
1486 3849 1694 3918 integro
1717 3849 1920 3918 absque

351 3936 460 3991 ulla
478 3936 791 4006 exceptione
813 3936 926 3990 sive
947 3936 1298 3992 diminutione
1317 3938 1371 3992 in
1390 3952 1578 3993 eorum
1596 3938 1787 3994 usibus
1804 3953 1920 4009 per-

353 4024 638 4093 petualiter
656 4023 887 4078 sanciret
909 4037 1029 4079 esse
1056 4024 1340 4080 indultum.

353 4131 481 4188 Car.
520 4130 1108 4204 XXXV—Demens
1164 4132 1486 4204 Sadregiseli
1507 4174 1522 4199 ,
1571 4142 1621 4188 et
1660 4133 1920 4204 quomodo

425 4217 516 4256 rex
543 4217 717 4255 omnes
748 4217 826 4274 res
853 4203 1035 4274 ipsius,
1075 4219 1193 4271 qua:
1234 4203 1302 4274 ad
1330 4203 1516 4271 ﬁscum
1563 4203 1779 4274 recepta
1810 4203 1923 4272 fue-

426 4280 566 4337 rant,
594 4270 906 4340 supradicta:
928 4270 1156 4327 ecclesia
1178 4270 1471 4327 tradiderit.

425 4387 580 4441 Anno
600 4386 780 4454 itaque
808 4385 875 4439 i5
912 4384 1062 4454 regni
1100 4385 1218 4451 sui,
1263 4400 1387 4440 cum
1424 4383 1791 4456 Sadregiselus
1812 4383 1920 4439 dux

360 4476 751 4546 Aquitanorum
811 4492 842 4532 a
891 4476 1207 4546 quibusdam
1250 4476 1558 4532 hominibus
1609 4473 1926 4530 interfectus

359 4574 520 4630 esset,
558 4567 625 4621 de
654 4581 761 4636 quo
788 4582 951 4638 supra
994 4568 1320 4623 mentionem
1345 4566 1589 4631 fecimus,
1632 4566 1774 4636 quod
1802 4581 1928 4635 pro-

360 4665 481 4722 pter
510 4664 873 4726 contemptum
926 4658 1009 4713 sui
1050 4673 1172 4713 eum
1221 4657 1443 4728 ﬂagellis
1484 4657 1621 4712 allici
1651 4665 1706 4712 et
1747 4658 1929 4713 barba:

364 4745 576 4799 rasione
601 4746 871 4815 deturpari
898 4749 951 4802 in
980 4764 1075 4802 sua
1099 4747 1320 4802 infantia
1340 4747 1673 4817 Dagobertus
1685 4746 1927 4815 jusserit,

364 4841 419 4889 et
443 4834 512 4889 ob
548 4836 651 4891 hoc
672 4845 880 4905 patrem
917 4846 1162 4893 metuens
1204 4837 1422 4891 tutelam
1449 4845 1757 4892 sanctorum
1787 4853 1931 4891 mar-

365 4932 545 4995 tyrum
577 4928 861 4995 expetierit
885 4943 900 4982 :
925 4936 982 4983 et
1013 4944 1135 4983 cum
1168 4928 1393 4983 haberet
1416 4928 1530 4997 ipse
1564 4927 1932 4998 Sadregiselus

366 5012 509 5068 filios
540 5014 595 5068 in
631 5015 830 5084 palatio
854 5018 1125 5079 educatos,
1149 5017 1241 5084 qui
1284 5030 1407 5069 cum
1438 5013 1689 5071 facillime
1713 5026 1933 5084 possent

312 5132 323 5145 ι
368 5110 594 5157 mortem
606 5103 778 5172 patris
789 5104 1093 5161 evindicare
1118 5103 1419 5168 noluerunt,
1445 5112 1727 5174 propterea
1750 5114 1932 5174 postea

369 5194 660 5249 secundum
703 5193 874 5263 legem
911 5194 1208 5248 Romanam
1244 5209 1276 5248 a
1318 5194 1470 5263 regni
1501 5195 1816 5262 proceribus
1851 5212 1935 5251 re-

371 5284 579 5355 darguti
600 5324 617 5349 ,
644 5299 832 5340 omnes
869 5291 1126 5355 paternas
1155 5284 1521 5354 possessiones
1564 5286 1931 5355 perdiderunt.

372 5373 610 5444 Cumque
636 5376 818 5430 omnia
853 5374 921 5428 ad
944 5373 1176 5444 regalem
1215 5373 1402 5429 ﬁscum
1431 5373 1657 5431 fuissent
1696 5385 1933 5446 recepta,

373 5465 894 5536 priecellentissimus
937 5480 1034 5520 rex
1079 5465 1414 5537 Dagobertus
1452 5468 1692 5523 ecclesia:
1738 5468 1935 5524 Christi

376 5564 672 5626 martymm
713 5555 953 5625 Dionysii
982 5556 1356 5626 sociorumque
1380 5555 1516 5624 ejus,
1546 5559 1760 5614 easdem
1785 5559 1940 5615 villas

370 5639 610 5709 jemdicti
638 5644 984 5713 Sadregiseli,
1014 5643 1066 5699 id
1084 5652 1166 5699 est
1186 5644 1506 5702 Novientum
1527 5647 1581 5701 in
1610 5661 1747 5716 pago
1764 5646 1936 5703 Ande-

1994 498 2270 563 tiniacum,
2300 507 2355 552 et
2395 500 2747 575 Pasccllarias
2769 541 2784 565 ,
2829 510 2992 570 atque
3038 501 3320 571 Anglarias
3346 504 3398 557 in
3426 519 3561 576 pago

1990 585 2326 653 Pictavense,
2364 589 2603 659 aliasque
2642 590 2987 661 quamplures
3021 607 3142 647 cum
3188 592 3373 648 salinis
3400 608 3561 663 supra

1989 692 2155 741 mare,
2196 694 2424 748 quarum
2462 681 2681 735 nomina
2725 683 2814 736 hic
2842 697 3125 736 recensere
3165 681 3381 753 longum
3411 684 3563 740 duxi-

1991 780 2139 829 mus,
2188 767 2532 823 devotissime
2573 770 2794 825 tradidit
2829 784 2845 824 :
2880 772 3329 842 medietatemque
3374 787 3562 829 earqu

1990 856 2046 910 in
2079 858 2358 928 stipendiis
2378 859 2605 915 fratrum
2626 860 2737 916 Deo
2768 862 2966 917 ibidem
2998 865 3347 919 servientium
3374 874 3565 921 contu-

1990 945 2071 1012 lit,
2113 956 2275 1016 atque
2305 963 2400 1004 eos
2429 951 2702 1004 turmatim
2728 951 2797 1005 ad
2836 952 3006 1007 instar
3052 956 3361 1009 monasterii
3386 956 3565 1026 Agau-

1991 1036 2235 1090 nensium
2284 1038 2396 1092 sive
2425 1041 2595 1094 sancti
2626 1040 2840 1095 Martini
2874 1042 3109 1097 Turonis
3150 1045 3381 1113 psallere
3412 1048 3566 1102 insti-

1992 1126 2114 1190 tuit,
2141 1135 2195 1181 et
2222 1128 2381 1182 aliam
2414 1131 2755 1185 medietatem
2787 1132 3167 1189 matriculariis
3202 1150 3265 1188 ac
3289 1136 3567 1191 εει·νέιοτί-

1992 1221 2093 1276 bus
2122 1222 2289 1291 ipsius
2317 1224 2558 1279 ecclesim
2586 1227 2872 1292 concessit,
2913 1228 3047 1281 nihil
3081 1228 3275 1285 exinde
3304 1229 3373 1284 ad
3409 1245 3566 1285 suum

1992 1327 2129 1381 opus
2181 1315 2413 1368 retinere
2460 1315 2664 1370 volens.
2719 1317 2946 1371 Easdem
2988 1326 3167 1371 autem
3215 1318 3373 1373 villas
3420 1317 3566 1373 infra

1996 1404 2152 1458 unius
2198 1405 2448 1474 prtecepti
2493 1406 2891 1461 conclusionem
2942 1406 3259 1461 nominatim
3304 1407 3565 1473 inserens,

1994 1494 2197 1563 proprii
2240 1494 2474 1549 nominis
2499 1496 2890 1566 subscriptione
2919 1505 3079 1565 atque
3112 1497 3295 1551 annuli
3342 1498 3570 1567 impres-

1996 1584 2147 1638 sione
2167 1585 2421 1639 lirmavit.
2445 1584 2685 1652 Quarum
2714 1586 2930 1641 nomina
2966 1587 3011 1641 si
3045 1586 3237 1657 aliquis
3261 1588 3572 1658 diligentius

1996 1676 2311 1743 perquirere
2344 1676 2597 1740 voluerit,
2634 1677 2803 1745 ipsam
2849 1678 3224 1747 praeceptionis
3274 1689 3479 1733 cartam
3513 1681 3569 1734 in

1294 1730 1608 1840 Λίξθξξξίξθ-ωΔ
1628 1730 1894 1840 (ξίίξξωθίῗμ
1927 1744 1972 1803 Β
1998 1730 2220 1821 archivo
2253 1765 2421 1834 ipsius
2457 1730 2708 1821 ecclesiis
2727 1730 3357 1836 requiratfetvut'reo—r

2000 1861 2057 1909 et
2077 1864 2282 1924 septem
2308 1855 2554 1911 villarum
2575 1857 2791 1911 nomina
2822 1858 2953 1913 inibi
2981 1859 3185 1914 inserta
3210 1860 3465 1916 inveniet.

2001 2009 2131 2066 Car.
2170 2010 2411 2067 XXXVI.
2434 2043 2505 2053 —
2531 2013 2608 2068 De
2648 2015 2898 2095 exercitu.
2929 2031 3080 2085 quem
3135 2016 3191 2070 in
3236 2015 3574 2072 Wasconiam

2636 2093 2940 2137 transmisit.

2073 2211 2229 2265 Anno
2257 2212 2484 2284 denique
2514 2211 2581 2267 14
2604 2214 2752 2285 regni
2787 2215 2870 2269 sui
2897 2230 3020 2270 cum
3046 2216 3342 2274 Wascones
3362 2218 3579 2275 fortiter

2006 2300 2349 2368 rebellarent,
2377 2310 2432 2356 et
2460 2304 2659 2358 multas
2688 2305 3110 2374 deprtedationes
3135 2308 3188 2362 in
3216 2324 3379 2381 regno
3407 2309 3576 2364 Fran-

2005 2403 2213 2456 corum,
2259 2393 2404 2460 quod
2448 2392 2769 2451 Haribertus
2801 2403 3070 2463 tenuerat,
3114 2396 3374 2461 facerent,
3405 2398 3579 2470 Dago-

2005 2483 2191 2540 bertus
2216 2500 2311 2540 rex
2351 2486 2415 2541 de
2447 2487 2698 2543 universo
2737 2505 2903 2561 regno
2930 2491 3251 2562 Burgundite
3277 2494 3579 2549 exercitum

1934 2632 1941 2637 4
2005 2577 2307 2644 promoveri
2327 2574 2500 2644 jubet,
2537 2587 2777 2635 statuens
2804 2581 2859 2635 in
2886 2584 3061 2652 capite
3091 2584 3396 2641 Adoindum
3440 2586 3584 2642 refe-

2008 2666 2337 2732 rendarium,
2378 2669 2470 2738 qui
2499 2671 2827 2740 temporibus
2851 2673 3165 2731 Theoderici
3200 2678 3466 2745 quondam
3490 2692 3579 2731 re—

2010 2753 2091 2824 gis
2125 2756 2179 2809 in
2204 2757 2390 2812 multis
2408 2758 2609 2827 przeliis
2631 2762 2889 2829 probatus
2906 2772 2989 2817 est
3016 2771 3289 2818 strenuus.
3320 2765 3453 2819 Cum
3473 2780 3590 2834 quo

2010 2861 2044 2899 x
2070 2846 2233 2902 duces
2262 2864 2366 2903 una
2408 2864 2529 2903 cum
2558 2852 2882 2907 exercitibus
2907 2854 3058 2909 missi
3097 2862 3223 2909 sunt
3247 2873 3260 2909 :
3293 2856 3344 2910 id
3369 2863 3453 2910 est
3477 2855 3586 2911 Ha-

2010 2936 2323 3003 rimbertus,
2349 2938 2712 3011 Amalgariusr,
2734 2942 3125 3015 Lcudobertus,
3148 2945 3585 3011 Wandalmarus,

2014 3026 2369 3095 Waldericus,
2405 3030 2768 3096 Ermenricus,
2813 3033 3094 3099 Barontus,
3137 3034 3490 3101 Hairbardus,
3516 3052 3585 3093 ex

2014 3132 2209 3186 genere
2240 3116 2601 3186 Francorum;
2631 3121 2953 3176 Ramelenus
2988 3137 3051 3176 ex
3082 3137 3278 3190 genere
3306 3124 3585 3190 Romano;

2013 3205 2344 3264 Willebadus
2367 3211 2628 3279 patricius
2652 3226 2716 3266 ex
2744 3226 2940 3281 genere
2959 3212 3429 3281 Burgundionum;
3458 3215 3586 3285 Agi-

2014 3313 2085 3353 no
2114 3314 2178 3353 ex
2209 3311 2404 3367 genere
2432 3299 2732 3365 Saxonum;
2765 3308 2989 3369 excepto
3013 3300 3299 3355 comitibus
3318 3301 3585 3369 plurimis,

2015 3386 2105 3455 qui
2156 3386 2347 3440 ducem
2390 3403 2552 3456 super
2596 3404 2654 3444 se
2698 3404 2806 3443 non
2850 3390 3140 3445 habebant.
3178 3391 3280 3457 Qui
3314 3376 3500 3447 omnes
3527 3394 3587 3448 in

2015 3476 2356 3531 Wasconiam
2383 3494 2488 3532 una
2516 3494 2638 3533 cum
2664 3480 2903 3535 exercitu
2939 3489 3314 3550 perrexerunt.
3345 3482 3590 3552 Cumque

2016 3575 2129 3623 tota
2158 3567 2459 3624 Wasconiaa
2480 3570 2655 3639 patria
2685 3573 2753 3627 ab
2786 3573 3026 3626 exercitu
3051 3572 3371 3641 Burgundiae
3399 3572 3588 3628 fuisset

2017 3657 2238 3727 repleta,
2272 3658 2563 3714 Wascones
2588 3661 2653 3715 de
2682 3662 2822 3715 inter
2850 3664 3111 3716 montium
3142 3664 3366 3732 rupibus
3388 3665 3588 3733 egressi

2018 3749 2086 3801 ad
2113 3748 2307 3802 bellum
2335 3758 2645 3818 properant.
2675 3752 2741 3805 Et
2774 3767 2895 3806 cum
2925 3744 3159 3822 praeliari
3187 3754 3497 3822 coepissent,
3534 3762 3590 3808 ut

2018 3852 2202 3892 eorum
2252 3853 2369 3894 mos
2406 3849 2503 3904 est,
2534 3848 2683 3913 terga
2711 3849 3002 3908 vertentes,
3030 3843 3156 3898 dum
3200 3853 3487 3898 cernerent
3531 3858 3595 3898 se

2019 3942 2139 3982 esse
2165 3930 2514 3999 superandos,
2548 3931 2602 3985 in
2632 3930 2813 3987 fauces
2837 3932 3052 3986 vallium
3078 3934 3446 4003 montiumque
3472 3934 3594 4004 pin-

2020 4035 2118 4075 nas
2145 4019 2407 4076 latebram
2446 4021 2658 4089 dantes,
2703 4037 2761 4078 se
2798 4022 2931 4079 locis
2981 4023 3264 4079 tutissimis
3307 4038 3404 4092 per
3429 4039 3597 4095 rupes

2022 4112 2257 4181 ejusdem
2318 4114 2516 4168 montis
2566 4115 2889 4171 collocantes
2940 4115 3213 4169 latitarent
3263 4132 3276 4167 :
3322 4116 3595 4170 exercitus

2020 4212 2140 4273 post
2160 4212 2367 4274 tergum
2389 4221 2575 4260 eorum
2599 4222 2720 4261 cum
2736 4207 2961 4262 ducibus
2976 4207 3283 4275 insequens,
3300 4205 3594 4273 plurimum

2024 4309 2305 4349 numerum
2352 4296 2685 4364 captivorum
2728 4297 2899 4361 vinci,
2949 4296 3244 4350 Wascones
3290 4303 3593 4362 superatos,

2025 4398 2119 4437 seu
2163 4398 2229 4436 ex
2265 4383 2349 4437 his
2390 4384 2728 4440 multitudine
2760 4383 3062 4449 interfecta,
3087 4399 3380 4452 omnesque
3404 4383 3594 4438 domos

2024 4489 2209 4529 eorum
2230 4474 2493 4539 incensas,
2516 4476 2739 4544 peculiis
2759 4484 2813 4530 et
2833 4476 2993 4529 rebus
3012 4475 3329 4545 exspoliant.
3357 4474 3595 4529 Tandem

2027 4563 2321 4618 Wascones
2346 4564 2589 4633 oppressi
2622 4571 2784 4633 atque
2821 4563 3123 4633 perdomiti,
3166 4562 3373 4616 veniam
3406 4571 3460 4616 et
3498 4576 3595 4632 pa-

2027 4672 2141 4712 cem
2186 4671 2217 4709 a
2262 4658 2583 4725 supradictis
2612 4657 2836 4712 ducibus
2872 4664 3133 4726 petentes,
3171 4657 3489 4725 promittunt
3536 4672 3597 4712 se

2027 4746 2209 4816 gloria:
2254 4754 2308 4801 et
2359 4747 2667 4815 conspectui
2708 4746 2993 4816 Dagoberti
3039 4747 3179 4817 regis
3221 4755 3598 4817 prrescntatos,

2029 4850 2192 4905 seque
2237 4836 2406 4906 ipsius
2434 4836 2622 4890 ditioni
2653 4836 2892 4899 traditos,
2927 4844 3118 4890 cuncta
3164 4835 3231 4889 ab
3273 4835 3461 4890 eodem
3509 4835 3595 4888 in-

2025 4922 2212 4991 juncta
2255 4925 2586 4994 impleturos.
2632 4924 2881 4980 Felieiter
2925 4933 3101 4979 autem
3150 4924 3292 4993 regis
3329 4924 3602 4979 exercitus

2030 5014 2233 5080 absque
2276 5012 2380 5065 ulla
2426 5012 2640 5068 hesione
2686 5014 2753 5067 ad
2793 5014 3020 5082 patriam
3066 5021 3210 5067 esset
3249 5028 3511 5075 reversus.
3553 5013 3603 5067 si

2034 5101 2402 5158 Harimbertus
2453 5104 2559 5158 dux
2606 5104 2840 5159 maxime
2871 5119 2993 5158 eum
3038 5103 3338 5158 senioribus
3367 5110 3419 5157 et
3446 5103 3601 5157 nobi-

2033 5192 2257 5249 lioribus
2298 5195 2568 5249 exercitus
2597 5196 2677 5249 sui
2706 5210 2802 5264 per
2840 5194 3215 5265 negligentiam
3254 5208 3285 5247 a
3316 5193 3601 5247 Wasconi-

2034 5283 2136 5337 bus
2159 5283 2212 5337 in
2237 5284 2374 5338 valle
2398 5283 2602 5340 Robola
2632 5301 2739 5341 non
2768 5284 2955 5340 fuisset
2970 5284 3300 5340 interfectus.
3319 5284 3605 5342 Exercitus

2036 5388 2167 5428 vero
2210 5373 2560 5440 Francorum,
2603 5376 2695 5444 qui
2723 5375 2789 5430 de
2830 5376 3132 5445 Burgundia
3178 5374 3231 5427 in
3260 5373 3603 5429 Wasconiam

2038 5474 2361 5526 accesserat.
2388 5474 2600 5535 patrata
2622 5468 2847 5523 victoria
2876 5468 3032 5522 rediit
3063 5466 3129 5521 ad
3160 5466 3400 5537 proprias
3438 5464 3607 5519 mdes.
