4020 6170
336 328 465 382 Hi3

1527 322 1748 378 GESTA
1788 321 2004 380 DO‘MNl
2045 318 2456 375 DAGOBERTI.

3451 326 3590 383 HM

333 452 391 496 ut
411 447 533 509 post
562 439 877 502 discessum,
907 436 1339 506 quandoquidem
1369 436 1511 491 Deus
1530 435 1774 504 jusserit,
1808 452 1909 495 no-
1941 438 1988 494 Α
2017 433 2267 487 thesauro
2290 448 2389 487 suo
2412 432 2598 501 reponi
2618 430 2875 500 jusserat,
2908 448 3078 502 usque
3104 435 3264 493 hodie
3289 436 3343 492 in
3372 440 3595 495 archiva

333 540 525 593 strum,
567 529 877 583 sacerdotes
905 527 998 596 qui
1039 526 1093 581 in
1125 526 1218 581 illo
1243 534 1483 595 tempore
1509 527 1565 581 in
1606 526 1737 581 locis
1779 525 1921 580 infra

332 621 550 689 scriptis
591 617 756 672 ofﬁcii
806 632 992 672 curam
1035 624 1336 685 gesserunt,
1388 617 1528 671 sicut
1578 617 1631 670 in
1664 613 1919 685 praesenti

331 709 524 778 pagina
547 706 867 771 continetur,
894 706 1097 773 absque
1118 704 1280 759 ullius
1301 712 1608 773 exspectata
1629 705 1920 759 tradilione

331 797 728 869 prmsentaliter
754 812 876 851 cum
918 796 1066 851 omni
1092 782 1400 866 integritate
1441 797 1718 866 recipiant,
1753 805 1919 865 atque

332 889 401 944 ad
435 902 595 957 supra
621 887 820 956 scripta
851 886 967 941 loca
1000 894 1309 940 sanctorum
1338 885 1394 939 in
1429 886 1695 955 reliquum
1719 894 1916 941 cuncta

332 976 608 1046 aspiciant,
642 983 696 1031 et
725 976 823 1029 sub
852 974 1059 1045 integra
1087 975 1384 1029 emunitate
1408 989 1506 1043 pro
1536 982 1720 1029 nostra
1767 988 1913 1029 mer-

332 1068 461 1123 cede
487 1067 681 1122 ibidem
714 1066 768 1120 in
794 1072 1111 1136 perpetuum
1139 1066 1443 1136 proficiant.
1474 1065 1716 1135 Cumque
1745 1081 1913 1121 unus-

332 1160 561 1230 quisque
591 1172 779 1212 eornm
817 1156 919 1212 sibi
966 1155 1158 1210 collata
1205 1162 1444 1224 tempore
1489 1155 1579 1209 illo
1622 1154 1908 1223 receperit,

332 1265 529 1304 nomen
558 1256 800 1303 nostrum
846 1247 901 1300 in
934 1247 1074 1300 libro
1099 1246 1222 1299 vitae
1249 1245 1571 1299 omnimodis
1600 1246 1823 1310 inserat,
1857 1250 1912 1297 et

332 1340 581 1396 omnibus
613 1336 910 1392 Dominicis
932 1336 1138 1402 diebus,
1167 1349 1261 1389 seu
1294 1335 1579 1404 prrecipuis
1599 1341 1911 1389 sanctorum

332 1428 764 1486 solemnitatibus
784 1442 880 1496 per
902 1426 1082 1481 omnia
1108 1432 1409 1480 recenseat.
1433 1425 1567 1479 Illud
1594 1439 1741 1489 vero,
1768 1425 1912 1493 quod

331 1519 400 1574 ad
426 1517 685 1573 medelam
715 1516 907 1570 animae
936 1522 1137 1570 nostra;
1180 1514 1393 1584 plenius
1432 1514 1702 1584 pertinere
1743 1513 1912 1569 conﬁ-

331 1607 528 1671 dimus,
558 1620 654 1677 per
678 1606 818 1661 hanc
842 1605 1094 1675 paginam
1117 1618 1214 1659 vos
1240 1604 1546 1659 sacerdotes
1577 1602 1910 1672 temporibus

332 1701 441 1756 illis
468 1699 520 1754 in
548 1698 677 1768 ipsis
707 1697 907 1752 sanctis
934 1695 1065 1751 locis
1095 1695 1471 1757 consistentes,
1521 1702 1575 1747 et
1615 1693 1794 1748 ofﬁcia
1822 1692 1909 1746 in-

2018 528 2261 582 ecclesia:
2305 528 2583 581 beatorum
2623 535 2917 597 martyrum
2947 528 3186 598 Dionysii
3228 546 3294 586 ac
3325 532 3596 591 sociorum

2017 615 2135 682 ejus
2161 616 2539 671 venerabiliter
2565 617 2885 672 custoditur.

2016 721 2144 776 Car.
2377 720 2587 774 Plumbi
2608 732 2723 799 orto
2738 721 2904 776 millia
2927 723 3087 799 (ἑὸ-τρε
3109 725 3594 799 αάρορρενίεηᾱαηι

2188 790 2456 844 basilicam
2483 793 2750 846 monachis
2779 795 2945 847 sancti
2973 794 3209 865 Dionysii
3238 790 3419 851 danai.

2086 881 2326 950 Denique
2346 883 2534 937 eodem
2559 889 2801 951 tempore
2821 884 3121 953 plumbum,
3149 889 3292 956 quod
3314 890 3362 942 ei
3389 904 3457 945 ex
3480 906 3596 946 me-

2013 972 2143 1026 tallo
2170 973 2433 1029 censitum
2466 973 2519 1027 in
2561 974 2797 1028 secundo
2838 990 3052 1045 semper
3077 992 3220 1032 anno
3259 978 3591 1047 solvebatur,

2012 1064 2179 1119 libras
2217 1073 2340 1119 octo
2378 1065 2545 1119 millia
2586 1066 2652 1119 ad
2692 1066 3100 1134 cooperiendam
3129 1071 3373 1125 eamdem
3406 1085 3594 1139 supra-

2013 1154 2279 1209 dictorum
2319 1156 2599 1209 beatorum
2637 1163 2935 1226 martyrum
2976 1157 3255 1212 ecclesiam
3298 1174 3364 1214 eo
3402 1162 3592 1217 ordine

2011 1244 2306 1308 concessit,
2351 1252 2410 1299 ut
2451 1254 2562 1299 tam
2602 1259 2698 1314 per
2729 1247 2936 1316 regales
2961 1263 3121 1317 quam
3161 1257 3215 1303 et
3251 1265 3347 1320 per
3372 1254 3591 1308 easdem

2010 1334 2166 1388 villas
2195 1350 2329 1403 quas
2368 1335 2481 1403 ipse
2515 1344 2638 1389 ante
2673 1336 2847 1390 eidem
2889 1346 3076 1393 sancto
3114 1338 3231 1393 loco
3269 1341 3589 1404 contulerat,

2010 1424 2065 1478 in
2095 1424 2201 1478 alio
2233 1438 2445 1493 semper
2474 1439 2615 1479 anno
2656 1425 3032 1492 adduceretur,
3069 1434 3124 1481 et
3161 1444 3192 1483 a
3230 1428 3476 1498 gentibus
3504 1430 3590 1489 vel

2010 1514 2358 1569 thesaurariis
2391 1514 2559 1583 ipsius
2585 1516 2875 1570 venerandi
2912 1518 3222 1572 monasterii
3262 1520 3589 1585 traderetur,

2009 1612 2274 1673 quatenus
2308 1606 2447 1661 sicut
2482 1606 2599 1675 ipse
2634 1606 2909 1661 basilicam
2947 1609 3258 1664 eorumdem
3289 1591 3590 1681 martyrum

2009 1695 2353 1750 devotissime
2386 1703 2568 1765 tegere
2594 1695 2893 1760 videbatur,
2927 1696 3002 1752 ita
3041 1697 3175 1767 ipsis
3205 1699 3591 1756 intercedenti-

332 1793 494 1846 libata
540 1795 913 1860 procurantes,
958 1802 1056 1857 per
1093 1786 1367 1842 caelestem
1414 1785 1618 1856 Regem
1661 1782 1907 1851 conjura—
1934 1770 1984 1830 Β
2012 1786 2114 1841 bus
2137 1801 2260 1840 eum
2284 1785 2621 1854 omnipotens
2646 1785 2785 1840 Deus
2812 1788 3004 1841 umbra
3038 1803 3257 1844 suarum
3282 1796 3591 1860 protegeret

332 1896 473 1946 mus,
503 1894 624 1935 cum
666 1878 769 1935 sibi
797 1878 988 1933 collata
1016 1878 1383 1947 unusquisque
1416 1876 1733 1947 perceperit,
1771 1875 1913 1929 inse-

333 1974 620 2045 quentibus
646 1972 833 2028 diebus
861 1971 1033 2027 tribus
1062 1970 1219 2024 annis
1246 1970 1443 2025 missas
1466 1984 1564 2040 pro
1588 1968 1743 2023 nobis
1772 1966 1912 2022 cele-

332 2065 509 2126 brent,
537 2070 591 2116 ct
615 2058 877 2115 sacriﬁcia
900 2058 1407 2117 misericordissimo
1433 2058 1544 2128 regi
1570 2072 1668 2127 pro
1694 2057 1909 2117 sarcina

333 2152 617 2205 commissa
638 2148 1009 2217 peccaminum
1034 2148 1289 2202 solvenda
1310 2147 1634 2201 omnimodis
1658 2145 1907 2201 offerant.

335 2239 447 2294 [loc
472 2253 598 2293 vero
633 2246 1017 2291 testamentum
1041 2235 1271 2289 Domino
1291 2233 1471 2302 judice
1499 2249 1563 2288 ac
1602 2242 1741 2289 teste
1773 2249 1913 2303 pra-

334 2331 487 2400 cipue
512 2345 609 2399 per
652 2330 791 2383 hanc
832 2327 1083 2396 paginam
1125 2325 1377 2381 omnibus
1415 2325 1509 2393 qui
1547 2324 1748 2380 adestis
1779 2340 1911 2379 con-

334 2422 688 2477 sentientibus
750 2418 1138 2474 committimus
1180 2416 1505 2473 dulcissimis
1547 2416 1671 2473 ﬁliis
1713 2418 1913 2472 nostris

335 2512 617 2584 Sig'eberto
642 2519 696 2565 et
733 2509 1015 2564 Hludowio
1045 2508 1284 2578 regibus,
1331 2522 1467 2576 quos
1516 2508 1671 2567 nobis
1714 2507 1913 2565 Christi

336 2604 550 2673 largitio
573 2602 841 2657 concessit
873 2600 1074 2655 habere
1113 2600 1166 2653 in
1190 2598 1416 2669 prolem,
1445 2606 1537 2652 aut
1564 2613 1700 2667 quos
1737 2600 1914 2654 adhuc

337 2699 595 2755 Dominus
623 2695 832 2751 dederit
861 2694 1019 2761 ﬁlios,
1047 2694 1139 2764 qui
1165 2693 1320 2748 nobis
1345 2692 1634 2749 succedere
1662 2694 1907 2758 debeant,

337 2799 395 2844 ut
416 2791 519 2844 hoc
541 2802 827 2844 commune
850 2793 1093 2840 nostrum
1121 2782 1397 2841 decretum
1420 2782 1633 2840 faciatis
1654 2785 1709 2838 in
1734 2786 1911 2840 omni-

336 2884 436 2936 bus
468 2890 814 2942 conservare,
842 2886 898 2931 et
933 2877 1050 2932 haec
1084 2875 1277 2931 collata
1321 2884 1504 2930 nostra
1555 2890 1662 2931 non
1701 2892 1909 2946 praesu-

337 2970 497 3026 matis
558 2968 879 3025 convellere.
934 2966 1044 3021 Sed
1097 2980 1196 3036 per
1239 2965 1628 3034 omnipotentis
1680 2966 1913 3022 nominis

338 3060 678 3124 Trinitatem,
707 3058 789 3112 vel
822 3058 1051 3113 virtutes
1088 3054 1550 3125 archangelorum,
1582 3054 1911 3124 patriarcha-

339 3168 455 3209 rum
479 3160 534 3207 et
556 3151 964 3221 prophetarum,
1000 3146 1365 3218 apostolorum
1392 3154 1556 3215 atque
1592 3153 1908 3216 martyrum,

312 3244 681 3312 .omniumque
709 3248 1038 3304 sanctorum,
1083 3246 1140 3293 et
1165 3238 1502 3293 tremendum
1537 3236 1676 3292 diem
1700 3234 1910 3305 judicii,

339 3352 433 3392 seu
456 3335 740 3390 adventum
767 3332 981 3387 Domini
1007 3331 1177 3385 nostri
1204 3327 1334 3385 Jesu
1355 3327 1558 3384 Christi
1573 3370 1587 3395 ,
1615 3336 1741 3383 ante
1762 3327 1915 3397 cujus

339 3434 684 3497 conspectum
726 3438 1007 3495 resurgere
1038 3422 1305 3485 videmur,
1332 3419 1699 3488 conjuramus,
1729 3426 1914 3487 quate-

341 3534 441 3573 nus
465 3524 663 3573 statuta
700 3523 901 3577 nostra,
930 3529 1049 3584 qua:
1077 3526 1313 3583 praesens
1351 3511 1589 3566 declarat
1612 3509 1914 3577 Scriptura,

339 3608 518 3664 stabili
568 3606 826 3660 ﬁrmitate
873 3602 1139 3673 perpetim
1195 3599 1408 3656 faciatis
1460 3599 1751 3654 custodire.
1807 3598 1917 3653 Nos

340 3705 519 3752 autem
560 3700 854 3764 praesentes
882 3692 1099 3746 chartas
1147 3688 1451 3745 testamenti
1492 3703 1592 3758 pro
1638 3697 1821 3742 nostra
1859 3689 1917 3745 in

340 3795 657 3860 perpetuum
703 3783 951 3839 mercede
985 3781 1203 3851 propria
1254 3780 1532 3836 studemus
1576 3780 1916 3836 roboratione

341 3880 579 3941 ﬁrmare,
605 3885 660 3931 et
682 3875 934 3931 omnibus
960 3872 1050 3942 qui
1080 3872 1279 3926 adestis
1302 3871 1583 3941 episcopis,
1610 3871 1912 3935 abbatibus,

343 3968 654 4041 proceribus
698 3974 860 4034 atque
886 3961 1183 4033 magniﬁcis
1206 3961 1357 4026 viris,
1387 3961 1454 4016 ad
1490 3976 1728 4030 praesens
1761 3958 1918 4029 jube-

345 4075 465 4115 mus
485 4057 680 4115 vestris
700 4053 1184 4123 subscriptionibus
1208 4051 1292 4106 vel
1312 4051 1603 4122 signaculis
1627 4050 1915 4107 afﬁrmare.

344 4151 412 4205 Et
432 4152 626 4205 iterum
655 4151 976 4217 iterumque,
1008 4147 1145 4202 sicut
1167 4160 1327 4215 supra
1356 4144 1604 4209 diximus,
1638 4159 1735 4200 vos
1766 4159 1921 4218 reges

343 4252 398 4298 et
421 4240 715 4296 dulcissimi
749 4239 862 4302 ﬁlii,
889 4238 974 4292 vel
1012 4236 1101 4306 qui
1129 4236 1469 4307 postmodum
1509 4235 1665 4291 nobis
1710 4250 1919 4290 succes-

344 4334 456 4389 suri
487 4333 595 4388 sint
626 4332 996 4393 admonemus,
1048 4335 1315 4397 quatenus
1351 4324 1495 4381 facta
1544 4334 1729 4381 nostra
1772 4326 1918 4383 nullo

1936 3105 1983 3168 ο

2011 1876 2239 1931 alarum.
2280 1875 2413 1930 Nam
2457 1882 2512 1930 et
2551 1883 2879 1945 praeceptum
2918 1878 3112 1933 exinde
3154 1879 3333 1934 taliter
3371 1878 3591 1934 ﬁrmare

2011 1965 2243 2032 studuit,
2272 1973 2331 2020 ut
2355 1965 2503 2021 omni
2535 1973 2659 2034 post
2685 1964 2865 2021 futuro
2895 1974 3136 2037 tempore
3164 1984 3195 2023 a
3227 1970 3443 2040 regibus
3469 1986 3591 2025 sue-

2010 2057 2324 2113 cedentibus
2372 2057 2561 2112 eadem
2612 2058 2833 2114 traditio
2883 2058 3264 2115 inviolabiliter
3306 2060 3591 2118 observata

2010 2147 2391 2203 custodiretur.

2009 2261 2140 2316 Car.
2176 2259 2311 2314 XLI.
2338 2289 2407 2300 —
2433 2258 2709 2331 Quomodo
2737 2258 3022 2331 Wascones
3051 2277 3168 2314 cum
3191 2277 3287 2315 suo
3313 2261 3446 2315 duce
3472 2262 3592 2331 ejus

2467 2345 2521 2382 se
2547 2329 2736 2383 ditioni
2766 2330 3128 2385 subdiderunt.

2078 2420 2234 2475 Anno
2259 2420 2421 2490 igitur
2452 2419 2519 2474 15
2545 2420 2695 2490 regni
2728 2420 3042 2492 Dagoberti,
3078 2420 3374 2478 Wascones
3399 2436 3592 2481 omnes

2010 2513 2250 2569 seniores
2288 2518 2446 2567 terra:
2485 2512 2629 2567 illius
2657 2527 2780 2567 cum
2821 2511 3099 2566 Hamando
3129 2512 3266 2569 duce
3302 2512 3370 2567 ad
3406 2527 3588 2582 regem

2011 2600 2282 2671 Clippiaco
2305 2606 2597 2665 venerunt,
2636 2600 2817 2669 ibique
2846 2600 2901 2655 in
2936 2600 3221 2656 ecclesiam
3255 2600 3429 2657 sancti
3463 2600 3591 2655 Dio-

2010 2694 2151 2764 nysii
2179 2693 2436 2764 martyris
2462 2693 2612 2763 regio
2643 2694 2836 2747 timore
2875 2693 3144 2761 perterriti
3170 2685 3479 2763 confugium
3510 2691 3591 2745 fe-

2010 2791 2218 2838 cerunt.
2255 2781 2551 2838 Clementia
2581 2796 2710 2840 vero
2739 2784 2882 2855 regis
2919 2784 3206 2853 Dagoberti
3235 2785 3304 2839 ob
3339 2799 3591 2841 reveren-

2013 2873 2139 2929 tiam
2165 2872 2340 2927 sancti
2377 2872 2618 2942 Dionysii
2651 2873 2819 2929 vitam
2848 2873 3044 2928 habent
3087 2874 3367 2929 indultam.
3404 2873 3593 2947 ibique

2010 2961 2111 3031 ipsi
2161 2968 2501 3041 sacramenta
2547 2961 2859 3027 ﬁrmantes,
2909 2961 3069 3017 simul
3119 2973 3174 3018 et
3220 2962 3597 3033 promittentes

2012 3051 2158 3106 omni
2181 3058 2422 3120 tempore
2448 3052 2561 3122 regi
2585 3061 2639 3108 et
2661 3052 2785 3111 ﬁliis
2805 3053 2943 3123 ejus,
2966 3053 3404 3123 Francorumque
3427 3068 3593 3124 regno

2014 3160 2074 3200 se
2099 3160 2218 3200 esse
2245 3145 2448 3212 ﬁdeles,
2478 3147 2620 3215 quod
2648 3162 2798 3201 more
2836 3147 2995 3201 solito
3025 3147 3164 3202 sicut
3196 3161 3408 3215 semper
3435 3145 3590 3201 fefel-

2011 3236 2187 3291 lerant
2210 3244 2333 3307 post
2356 3236 2471 3291 hinc
2498 3236 2746 3305 probavit
2770 3244 3013 3301 eventus,
3043 3236 3308 3305 permissu
3332 3235 3474 3307 regis
3500 3248 3592 3289 re-

2011 3327 2180 3397 gressi
2205 3334 2329 3382 sunt
2354 3327 2408 3382 in
2438 3335 2638 3382 terram
2666 3326 2988 3382 Wasconite.

1970 3456 1971 3463 η
2012 3437 2140 3493 Car.
2177 3437 2334 3493 XLII.
2353 3467 2440 3512 _-:
2475 3437 2553 3512 Dc
2585 3436 2726 3512 obitu
2764 3435 3251 3512 Dagoberti‘regis,
3283 3449 3332 3494 et
3366 3440 3493 3512 quid
3532 3443 3595 3500 in

2346 3507 2647 3577 inﬁmitate
2675 3508 2789 3577 ipsa
2817 3508 3019 3576 positus
3045 3507 3244 3577 fecerit.

2081 3618 2325 3688 Longum
2370 3604 2473 3672 est'
2495 3631 2753 3671 enarrare
2797 3632 2960 3686 quam
3002 3617 3258 3688 providus
3305 3621 3445 3677 idem
3492 3637 3590 3679 rex

2013 3711 2343 3781 Dagobertus
2387 3710 2439 3764 in
2475 3709 2698 3764 consilio
2737 3708 2920 3775 fuerit,
2964 3717 3155 3765 cautus
3186 3709 3411 3779 judicio,
3454 3720 3594 3769 stre-

2014 3816 2153 3856 nuus
2180 3800 2399 3855 militari
2438 3799 2737 3870 disciplina,
2786 3815 2951 3870 quam
2995 3800 3173 3878 largus
3212 3802 3591 3876 eleemosynis,

2014 3905 2282 3960 quamque
2328 3891 2600 3946 studiosus
2647 3890 2701 3945 in
2746 3892 3114 3965 componenda
3161 3908 3293 3962 pace
3339 3895 3594 3951 ecclesia-

2015 3999 2133 4038 rum
2152 4024 2166 4049 ,
2194 3983 2569 4053 praecipueque
2597 3997 2758 4051 quam
2794 3983 3016 4038 devotus
3040 3983 3308 4038 exstiterit
3336 3985 3389 4039 in
3415 3986 3586 4041 ditan-

2015 4076 2097 4130 dis
2136 4083 2443 4130 sanctorum
2481 4073 2759 4138 cmnobiis,
2800 4073 3053 4142 praesenti
3091 4064 3253 4144 opere
3292 4075 3593 4143 declarare,

2016 4167 2301 4235 minusque
2332 4165 2722 4228 necessarium,
2755 4171 2809 4218 et
2833 4165 3068 4219 maxime
3099 4166 3169 4220 ob
3204 4164 3592 4224 fastidientium

2015 4255 2276 4311 lectorum
2305 4255 2579 4310 vitandum
2622 4253 2843 4308 taedium
2874 4268 2890 4306 :
2931 4255 3229 4322 prmsertim
3270 4272 3393 4311 cum
3431 4258 3597 4316 nullis

2017 4346 2277 4402 abolenda
2331 4344 2661 4412 temporibus
2713 4343 2830 4397 luce
2886 4343 3114 4398 clariora
3167 4359 3357 4399 earum
3408 4362 3590 4401 rerum

347 4422 505 4478 modo
524 4420 864 4492 praesumatis
889 4418 1209 4483 convellere.
1232 4418 1278 4473 si
1297 4432 1363 4472 ea
1382 4431 1501 4485 quae
1523 4424 1646 4487 post
1673 4426 1916 4472 nostrum
1946 4446 1992 4507 υ
2016 4442 2229 4491 exstent
2264 4434 2478 4489 indicia.
2520 4433 2725 4488 idcirco
2761 4448 2905 4487 nunc
2933 4434 3001 4488 ad
3037 4434 3245 4488 obitum
3286 4436 3453 4505 ipsius
3491 4438 3590 4492 de-

345 4510 640 4571 discessum
667 4513 966 4569 statueritis
988 4509 1295 4567 inconvulsa
1324 4522 1546 4564 manere
1565 4509 1726 4564 vultis
1752 4525 1764 4561 :
1791 4508 1918 4576 quia

348 4607 477 4661 illud
510 4606 633 4661 nolo
674 4605 959 4669 dubitetis,
1002 4602 1145 4673 quod
1188 4615 1528 4657 successores
1554 4608 1608 4655 et
1635 4615 1732 4655 vos
1767 4600 1919 4654 habi-v.

351 4695 455 4748 turi
488 4694 659 4757 eritis,
700 4702 755 4748 et
783 4695 830 4748 si
855 4701 1036 4750 nostra
1070 4707 1176 4747 non
1212 4690 1672 4755 conservaveritis,
1704 4706 1805 4746 nec
1828 4705 1919 4744 ve-

349 4795 460 4839 stra
504 4791 703 4838 statuta
734 4784 947 4838 stabilia
973 4797 1093 4837 esse
1130 4780 1378 4836 credatis.
1405 4777 1647 4848 Cumque
1692 4779 1795 4834 hoc
1822 4792 1919 4832 rex

350 4874 598 4939 omnibus
624 4875 827 4928 intente
864 4874 1203 4931 audientibus
1226 4871 1640 4942 prudentissime
1678 4887 1921 4941 peroras-

351 4976 455 5032 set,
486 4967 665 5021 cuncti
696 4966 990 5036 longaevam
1017 4967 1066 5019 ei
1099 4965 1263 5018 vitam
1301 4977 1594 5031 pacemque
1619 4964 1769 5034 regni
1800 4979 1922 5033 gra-

353 5066 529 5121 tanter
565 5063 842 5125 optantes,
889 5054 1202 5123 praedictum
1230 5059 1611 5108 testamentum
1659 5062 1765 5107 tam
1808 5055 1921 5123 ipse

356 5164 450 5207 rex
489 5162 649 5217 quam
672 5159 860 5203 clunes
900 5143 1049 5213 regni
1084 5141 1342 5211 primates
1383 5141 1636 5197 alacriter
1673 5142 1922 5197 ﬁrmare.

336 5245 500 5297 .runt.
531 5237 589 5292 In
618 5250 723 5303 quo
748 5234 911 5291 etiam
932 5248 1038 5288 non
1076 5233 1359 5287 immemor
1398 5231 1685 5301 peculiaris
1706 5234 1922 5302 patroni

354 5331 441 5384 sui
481 5327 663 5384 domui
711 5324 972 5397 Dionysii,
1024 5322 1270 5392 quamvis
1317 5321 1491 5377 eidem
1526 5319 1639 5390 jam
1692 5322 1923 5392 plurima

356 5419 552 5490 praedia
573 5417 878 5481 contulerit,
894 5414 1072 5468 villam
1090 5411 1307 5466 nomine
1320 5410 1661 5466 Braunadum
1684 5412 1923 5469 inserere

356 5510 580 5565 studuit.
605 5506 982 5574 Ordinatisque
1006 5503 1108 5556 rite
1136 5502 1387 5556 omnibus
1412 5515 1531 5569 quae
1560 5501 1629 5555 ad
1651 5503 1802 5570 regni
1829 5504 1923 5558 bo-

358 5615 541 5655 norem
584 5598 943 5667 pertinebant,
987 5607 1175 5647 omnes
1214 5607 1337 5646 cum
1380 5592 1574 5660 gaudio
1602 5593 1669 5647 ad
1705 5594 1923 5661 pr0pria

358 5704 598 5746 remeare
626 5687 911 5743 concessit.
949 5684 1078 5738 Illud
1118 5698 1246 5741 vero
1275 5690 1674 5750 testamentum,
1702 5685 1843 5753 quod
1870 5687 1924 5741 in

2017 4525 2360 4583 scribendum
2383 4532 2598 4578 vertens
2622 4523 2906 4577 articulum
2926 4563 2941 4588 ,
2970 4524 3097 4594 quid
3126 4525 3180 4577 in
3213 4525 3326 4595 ipsa
3359 4525 3590 4582 inﬁrmi-

2018 4625 2127 4672 tate
2156 4615 2364 4685 positus
2389 4613 2645 4683 gesserit,
2684 4619 2736 4666 et
2770 4628 2935 4667 unum
2964 4614 3104 4683 quod
3146 4614 3200 4668 in
3236 4617 3466 4685 quadam
3496 4633 3593 4672 ve-

2016 4704 2313 4761 tustissima
2341 4701 2515 4771 reperi
2541 4702 2750 4767 charta,
2780 4717 2963 4770 quam,
2990 4711 3050 4756 ut
3075 4702 3366 4771 ferebatur,
3401 4706 3597 4763 beatus

2016 4796 2304 4867 Audoenus
2337 4793 2618 4863 episcopus
2651 4793 2967 4862 scripserat,
3008 4797 3257 4865 quo‘dque
3294 4807 3594 4855 memorato

2018 4889 2128 4958 regi
2154 4887 2269 4957 ejus
2292 4896 2414 4956 post
2442 4894 2672 4941 mortem
2699 4886 2943 4957 contigit,
2975 4888 3211 4943 breviter
3232 4891 3466 4947 narrabo
3489 4892 3592 4945 mi-

2019 4980 2281 5033 raculum.
2332 4978 2461 5032 Post
2511 4979 2799 5048 gloriosam
2844 4979 2993 5049 regni
3040 4979 3591 5046 administrationem,

2019 5084 2172 5127 sexto
2194 5074 2400 5128 decimo
2423 5080 2709 5142 postquam
2733 5086 2956 5141 regnum
2983 5073 3203 5127 sortitus
3228 5069 3403 5128 fuerat
3428 5089 3590 5140 anno,

2018 5162 2277 5233 proﬂuvio
2330 5165 2533 5218 ventris
2585 5163 2859 5233 Spinogilo
2906 5162 3030 5217 villa
3080 5178 3242 5233 super
3288 5162 3593 5233 Sequanam

2019 5254 2257 5320 ﬂuvium,
2285 5268 2385 5309 nec
2404 5254 2594 5324 procul
2620 5253 2876 5318 Parisius,
2900 5262 3164 5322 aegrotare
3182 5254 3361 5323 coepit.
3388 5252 3593 5309 Exinde

2019 5361 2148 5401 vero
2174 5344 2240 5399 ad
2263 5345 2537 5401 basilicam
2566 5346 2740 5400 sancti
2768 5345 3005 5414 Dionysii
3030 5346 3281 5417 martyris
3305 5361 3336 5399 a
3366 5346 3476 5401 suis
3504 5347 3601 5401 dc-

2021 5435 2208 5491 fertur.
2242 5436 2371 5491 Post
2396 5452 2595 5507 paucos
2617 5445 2794 5492 autem
2824 5439 2958 5502 dies,
2985 5453 3104 5493 cum
3131 5438 3254 5492 vitae
3279 5454 3390 5493 sure
3428 5439 3589 5494 senti-

2023 5534 2106 5580 ret
2147 5526 2443 5595 periculum
2486 5527 2786 5592 imminere,
2828 5528 2993 5598 Egam
3033 5527 3394 5582 consiliarium
3438 5543 3592 5583 suum

2022 5619 2121 5672 sub
2152 5618 2426 5673 celeritate
2454 5620 2520 5673 ad
2552 5635 2610 5675 se
2648 5620 2835 5674 venire
2868 5620 3140 5688 pnccepit.
3175 5618 3432 5689 Reginam
3466 5634 3601 5674 vero

2022 5709 2362 5765 Nantbildem
2405 5719 2458 5765 ct
2503 5710 2671 5767 ﬁlium
2720 5727 2877 5767 suum
2926 5711 3263 5779 Hludowium
3311 5710 3484 5764 eidem
3540 5710 3589 5762 in
