  <div class='ocr_page' id='page_1' title='image "/cluster/home/n/w/nwhite01/storage/ocr_20150623/96/hvd.32044052819901/713.png"; bbox 0 0 4020 6170; ppageno 0'>
   <div class='ocr_carea' id='block_1_1' title="bbox 568 319 699 374">
    <p class='ocr_par' dir='ltr' id='par_1_1' title="bbox 568 319 699 374">
     <span class='ocr_line' id='line_1_1' title="bbox 568 319 699 374; baseline 0.008 -2"><span class='ocrx_word' id='word_1_1' title='bbox 568 319 699 374; x_wconf 72' lang='grc'><strong>1425</strong></span> 
     </span>
    </p>
   </div>
   <div class='ocr_carea' id='block_1_2' title="bbox 1796 302 2579 363">
    <p class='ocr_par' dir='ltr' id='par_1_2' title="bbox 1796 302 2579 363">
     <span class='ocr_line' id='line_1_2' title="bbox 1796 302 2579 363; baseline -0.008 -2"><span class='ocrx_word' id='word_1_2' title='bbox 1796 303 2106 363; x_wconf 77' lang='lat' dir='ltr'><strong>ANONYMI</strong></span> <span class='ocrx_word' id='word_1_3' title='bbox 2144 302 2411 359; x_wconf 67' lang='lat' dir='ltr'><strong>SxECULI</strong></span> <span class='ocrx_word' id='word_1_4' title='bbox 2452 303 2579 358; x_wconf 73' lang='lat' dir='ltr'><strong>VIII.</strong></span> 
     </span>
    </p>
   </div>
   <div class='ocr_carea' id='block_1_3' title="bbox 3637 304 3735 360">
    <p class='ocr_par' dir='ltr' id='par_1_3' title="bbox 3637 304 3735 360">
     <span class='ocr_line' id='line_1_3' title="bbox 3637 304 3735 360; baseline 0.041 -4"><span class='ocrx_word' id='word_1_5' title='bbox 3637 304 3735 360; x_wconf 70' lang='lat' dir='ltr'><strong>“lli</strong></span> 
     </span>
    </p>
   </div>
   <div class='ocr_carea' id='block_1_4' title="bbox 564 409 3735 492">
    <p class='ocr_par' dir='ltr' id='par_1_4' title="bbox 564 409 3735 492">
     <span class='ocr_line' id='line_1_4' title="bbox 564 409 3735 492; baseline -0.007 -5"><span class='ocrx_word' id='word_1_6' title='bbox 564 448 727 489; x_wconf 86' lang='lat' dir='ltr'><strong>manu</strong></span> <span class='ocrx_word' id='word_1_7' title='bbox 767 427 1164 487; x_wconf 56' lang='lat' dir='ltr'><strong>commendans,</strong></span> <span class='ocrx_word' id='word_1_8' title='bbox 1203 437 1365 491; x_wconf 81' lang='lat' dir='ltr'><strong>seque</strong></span> <span class='ocrx_word' id='word_1_9' title='bbox 1392 422 1501 492; x_wconf 78' lang='lat' dir='ltr'><strong>jam</strong></span> <span class='ocrx_word' id='word_1_10' title='bbox 1540 419 1900 474; x_wconf 89' lang='lat' dir='ltr'><strong>discessurum</strong></span> <span class='ocrx_word' id='word_1_11' title='bbox 1934 417 2131 480; x_wconf 88' lang='lat' dir='ltr'><strong>sciens,</strong></span> <span class='ocrx_word' id='word_1_12' title='bbox 2162 423 2211 482; x_wconf 80' lang='grc' dir='ltr'><strong>Α</strong></span> <span class='ocrx_word' id='word_1_13' title='bbox 2237 415 2588 469; x_wconf 88' lang='lat' dir='ltr'><strong>Intolerabilis</strong></span> <span class='ocrx_word' id='word_1_14' title='bbox 2619 421 2798 467; x_wconf 87' lang='lat' dir='ltr'><strong>autem</strong></span> <span class='ocrx_word' id='word_1_15' title='bbox 2838 410 3015 465; x_wconf 90' lang='lat' dir='ltr'><strong>luctus</strong></span> <span class='ocrx_word' id='word_1_16' title='bbox 3051 409 3233 463; x_wconf 85' lang='lat' dir='ltr'><strong>subito</strong></span> <span class='ocrx_word' id='word_1_17' title='bbox 3274 409 3487 477; x_wconf 78' lang='lat' dir='ltr'><strong>replevit</strong></span> <span class='ocrx_word' id='word_1_18' title='bbox 3519 412 3735 485; x_wconf 70' lang='lat' dir='ltr'><strong>palatium,</strong></span> 
     </span>
    </p>
   </div>
   <div class='ocr_carea' id='block_1_5' title="bbox 564 507 2138 582">
    <p class='ocr_par' dir='ltr' id='par_1_5' title="bbox 564 507 2138 582">
     <span class='ocr_line' id='line_1_5' title="bbox 564 507 2138 582; baseline -0.013 -4"><span class='ocrx_word' id='word_1_19' title='bbox 564 520 847 579; x_wconf 86' lang='lat' dir='ltr'><strong>consilium</strong></span> <span class='ocrx_word' id='word_1_20' title='bbox 875 528 1051 572; x_wconf 88' lang='lat' dir='ltr'><strong>tamen</strong></span> <span class='ocrx_word' id='word_1_21' title='bbox 1078 514 1194 581; x_wconf 87' lang='lat' dir='ltr'><strong>ejus</strong></span> <span class='ocrx_word' id='word_1_22' title='bbox 1225 518 1530 582; x_wconf 84' lang='lat' dir='ltr'><strong>pergratum</strong></span> <span class='ocrx_word' id='word_1_23' title='bbox 1564 509 1818 569; x_wconf 78' lang='lat' dir='ltr'><strong>habebat,</strong></span> <span class='ocrx_word' id='word_1_24' title='bbox 1848 507 1993 575; x_wconf 89' lang='lat' dir='ltr'><strong>quod</strong></span> <span class='ocrx_word' id='word_1_25' title='bbox 2015 520 2138 560; x_wconf 90' lang='lat' dir='ltr'><strong>cum</strong></span> 
     </span>
    </p>
   </div>
   <div class='ocr_carea' id='block_1_6' title="bbox 570 599 2139 682">
    <p class='ocr_par' dir='ltr' id='par_1_6' title="bbox 570 599 2139 682">
     <span class='ocr_line' id='line_1_6' title="bbox 570 599 2139 682; baseline -0.011 -14"><span class='ocrx_word' id='word_1_26' title='bbox 570 613 734 682; x_wconf 88' lang='lat' dir='ltr'><strong>ipsius</strong></span> <span class='ocrx_word' id='word_1_27' title='bbox 758 607 1008 665; x_wconf 70' lang='lat' dir='ltr'><strong>instantia</strong></span> <span class='ocrx_word' id='word_1_28' title='bbox 1034 618 1253 672; x_wconf 82' lang='lat' dir='ltr'><strong>regnum</strong></span> <span class='ocrx_word' id='word_1_29' title='bbox 1280 602 1418 656; x_wconf 86' lang='lat' dir='ltr'><strong>ﬁlius</strong></span> <span class='ocrx_word' id='word_1_30' title='bbox 1443 616 1573 655; x_wconf 90' lang='lat' dir='ltr'><strong>suus</strong></span> <span class='ocrx_word' id='word_1_31' title='bbox 1597 608 1816 655; x_wconf 90' lang='lat' dir='ltr'><strong>strenue</strong></span> <span class='ocrx_word' id='word_1_32' title='bbox 1838 599 2139 667; x_wconf 83' lang='lat' dir='ltr'><strong>gubernare</strong></span> 
     </span>
    </p>
   </div>
   <div class='ocr_carea' id='block_1_7' title="bbox 566 687 2142 774">
    <p class='ocr_par' dir='ltr' id='par_1_7' title="bbox 566 687 2142 774">
     <span class='ocr_line' id='line_1_7' title="bbox 566 687 2142 774; baseline -0.013 -15"><span class='ocrx_word' id='word_1_33' title='bbox 566 710 766 774; x_wconf 79' lang='lat' dir='ltr'><strong>posset.</strong></span> <span class='ocrx_word' id='word_1_34' title='bbox 789 697 1108 756; x_wconf 84' lang='lat' dir='ltr'><strong>Convocatis</strong></span> <span class='ocrx_word' id='word_1_35' title='bbox 1129 694 1319 751; x_wconf 89' lang='lat' dir='ltr'><strong>deinde</strong></span> <span class='ocrx_word' id='word_1_36' title='bbox 1340 692 1667 762; x_wconf 81' lang='lat' dir='ltr'><strong>primoribus</strong></span> <span class='ocrx_word' id='word_1_37' title='bbox 1695 689 1912 759; x_wconf 91' lang='lat' dir='ltr'><strong>palatii,</strong></span> <span class='ocrx_word' id='word_1_38' title='bbox 1944 687 2142 742; x_wconf 87' lang='lat' dir='ltr'><strong>ﬁlium-</strong></span> 
     </span>
    </p>
   </div>
   <div class='ocr_carea' id='block_1_8' title="bbox 570 779 2141 865">
    <p class='ocr_par' dir='ltr' id='par_1_8' title="bbox 570 779 2141 865">
     <span class='ocr_line' id='line_1_8' title="bbox 570 779 2141 865; baseline -0.012 -16"><span class='ocrx_word' id='word_1_39' title='bbox 570 811 674 865; x_wconf 88' lang='lat' dir='ltr'><strong>que</strong></span> <span class='ocrx_word' id='word_1_40' title='bbox 698 800 753 848; x_wconf 91' lang='lat' dir='ltr'><strong>et</strong></span> <span class='ocrx_word' id='word_1_41' title='bbox 777 804 998 847; x_wconf 85' lang='lat' dir='ltr'><strong>uxorem</strong></span> <span class='ocrx_word' id='word_1_42' title='bbox 1033 789 1113 842; x_wconf 89' lang='lat' dir='ltr'><strong>eis</strong></span> <span class='ocrx_word' id='word_1_43' title='bbox 1147 794 1200 842; x_wconf 92' lang='lat' dir='ltr'><strong>et</strong></span> <span class='ocrx_word' id='word_1_44' title='bbox 1227 785 1372 854; x_wconf 91' lang='lat' dir='ltr'><strong>ipsos</strong></span> <span class='ocrx_word' id='word_1_45' title='bbox 1397 784 1568 839; x_wconf 86' lang='lat' dir='ltr'><strong>eidem</strong></span> <span class='ocrx_word' id='word_1_46' title='bbox 1594 797 1718 836; x_wconf 91' lang='lat' dir='ltr'><strong>cum</strong></span> <span class='ocrx_word' id='word_1_47' title='bbox 1747 779 2017 835; x_wconf 89' lang='lat' dir='ltr'><strong>ﬁdelitatis</strong></span> <span class='ocrx_word' id='word_1_48' title='bbox 2054 792 2141 832; x_wconf 88' lang='lat' dir='ltr'><strong>sa-</strong></span> 
     </span>
    </p>
   </div>
   <div class='ocr_carea' id='block_1_9' title="bbox 571 868 2142 947">
    <p class='ocr_par' dir='ltr' id='par_1_9' title="bbox 571 868 2142 947">
     <span class='ocr_line' id='line_1_9' title="bbox 571 868 2142 947; baseline -0.01 -8"><span class='ocrx_word' id='word_1_49' title='bbox 571 891 865 947; x_wconf 88' lang='lat' dir='ltr'><strong>cramento,</strong></span> <span class='ocrx_word' id='word_1_50' title='bbox 892 887 952 934; x_wconf 93' lang='lat' dir='ltr'><strong>ut</strong></span> <span class='ocrx_word' id='word_1_51' title='bbox 986 879 1151 933; x_wconf 89' lang='lat' dir='ltr'><strong>moris</strong></span> <span class='ocrx_word' id='word_1_52' title='bbox 1188 884 1291 941; x_wconf 91' lang='lat' dir='ltr'><strong>est,</strong></span> <span class='ocrx_word' id='word_1_53' title='bbox 1317 873 1716 937; x_wconf 87' lang='lat' dir='ltr'><strong>commendans,</strong></span> <span class='ocrx_word' id='word_1_54' title='bbox 1758 868 2142 926; x_wconf 89' lang='lat' dir='ltr'><strong>matriculariis</strong></span> 
     </span>
    </p>
   </div>
   <div class='ocr_carea' id='block_1_10' title="bbox 572 960 2143 1047">
    <p class='ocr_par' dir='ltr' id='par_1_10' title="bbox 572 960 2143 1047">
     <span class='ocr_line' id='line_1_10' title="bbox 572 960 2143 1047; baseline -0.011 -17"><span class='ocrx_word' id='word_1_55' title='bbox 572 988 786 1047; x_wconf 86' lang='lat' dir='ltr'><strong>quoque</strong></span> <span class='ocrx_word' id='word_1_56' title='bbox 822 970 935 1039; x_wconf 92' lang='lat' dir='ltr'><strong>jam</strong></span> <span class='ocrx_word' id='word_1_57' title='bbox 961 970 1119 1024; x_wconf 67' lang='lat' dir='ltr'><strong>dicta:</strong></span> <span class='ocrx_word' id='word_1_58' title='bbox 1161 968 1396 1024; x_wconf 64' lang='lat' dir='ltr'><strong>basilicae</strong></span> <span class='ocrx_word' id='word_1_59' title='bbox 1425 967 1707 1022; x_wconf 83' lang='lat' dir='ltr'><strong>beatorum</strong></span> <span class='ocrx_word' id='word_1_60' title='bbox 1746 973 2040 1032; x_wconf 86' lang='lat' dir='ltr'><strong>martyrum</strong></span> <span class='ocrx_word' id='word_1_61' title='bbox 2077 960 2143 1014; x_wconf 91' lang='lat' dir='ltr'><strong>de</strong></span> 
     </span>
    </p>
   </div>
   <div class='ocr_carea' id='block_1_11' title="bbox 572 1050 2143 1124">
    <p class='ocr_par' dir='ltr' id='par_1_11' title="bbox 572 1050 2143 1124">
     <span class='ocr_line' id='line_1_11' title="bbox 572 1050 2143 1124; baseline -0.008 -9"><span class='ocrx_word' id='word_1_62' title='bbox 572 1063 712 1117; x_wconf 80' lang='lat' dir='ltr'><strong>villis</strong></span> <span class='ocrx_word' id='word_1_63' title='bbox 735 1060 1000 1116; x_wconf 80' lang='lat' dir='ltr'><strong>Acuciaeo</strong></span> <span class='ocrx_word' id='word_1_64' title='bbox 1024 1067 1078 1113; x_wconf 91' lang='lat' dir='ltr'><strong>et</strong></span> <span class='ocrx_word' id='word_1_65' title='bbox 1106 1056 1375 1117; x_wconf 90' lang='lat' dir='ltr'><strong>Cusduno,</strong></span> <span class='ocrx_word' id='word_1_66' title='bbox 1409 1055 1624 1124; x_wconf 89' lang='lat' dir='ltr'><strong>imoque</strong></span> <span class='ocrx_word' id='word_1_67' title='bbox 1646 1050 2062 1122; x_wconf 73' lang='lat' dir='ltr'><strong>Magno-villam,</strong></span> <span class='ocrx_word' id='word_1_68' title='bbox 2087 1056 2143 1103; x_wconf 92' lang='lat' dir='ltr'><strong>et</strong></span> 
     </span>
    </p>
   </div>
   <div class='ocr_carea' id='block_1_12' title="bbox 576 1139 2140 1216">
    <p class='ocr_par' dir='ltr' id='par_1_12' title="bbox 576 1139 2140 1216">
     <span class='ocr_line' id='line_1_12' title="bbox 576 1139 2140 1216; baseline -0.01 -9"><span class='ocrx_word' id='word_1_69' title='bbox 576 1151 1049 1213; x_wconf 76' lang='lat' dir='ltr'><strong>Mediano-villare,</strong></span> <span class='ocrx_word' id='word_1_70' title='bbox 1082 1156 1240 1216; x_wconf 88' lang='lat' dir='ltr'><strong>atque</strong></span> <span class='ocrx_word' id='word_1_71' title='bbox 1264 1145 1429 1201; x_wconf 91' lang='lat' dir='ltr'><strong>Cellis</strong></span> <span class='ocrx_word' id='word_1_72' title='bbox 1457 1151 1783 1214; x_wconf 72' lang='lat' dir='ltr'><strong>prmceptum</strong></span> <span class='ocrx_word' id='word_1_73' title='bbox 1810 1141 1922 1195; x_wconf 85' lang='lat' dir='ltr'><strong>fieri</strong></span> <span class='ocrx_word' id='word_1_74' title='bbox 1958 1139 2140 1208; x_wconf 73' lang='lat' dir='ltr'><strong>jussit.</strong></span> 
     </span>
    </p>
   </div>
   <div class='ocr_carea' id='block_1_13' title="bbox 572 1228 2146 1309">
    <p class='ocr_par' dir='ltr' id='par_1_13' title="bbox 572 1228 2146 1309">
     <span class='ocr_line' id='line_1_13' title="bbox 572 1228 2146 1309; baseline -0.01 -12"><span class='ocrx_word' id='word_1_75' title='bbox 572 1242 629 1297; x_wconf 84' lang='lat' dir='ltr'><strong>In</strong></span> <span class='ocrx_word' id='word_1_76' title='bbox 658 1256 765 1309; x_wconf 92' lang='lat' dir='ltr'><strong>quo</strong></span> <span class='ocrx_word' id='word_1_77' title='bbox 788 1239 948 1292; x_wconf 88' lang='lat' dir='ltr'><strong>etiam</strong></span> <span class='ocrx_word' id='word_1_78' title='bbox 978 1236 1270 1300; x_wconf 85' lang='lat' dir='ltr'><strong>Sarclidas,</strong></span> <span class='ocrx_word' id='word_1_79' title='bbox 1308 1249 1468 1302; x_wconf 90' lang='lat' dir='ltr'><strong>quam</strong></span> <span class='ocrx_word' id='word_1_80' title='bbox 1504 1241 1662 1286; x_wconf 86' lang='lat' dir='ltr'><strong>antea</strong></span> <span class='ocrx_word' id='word_1_81' title='bbox 1700 1232 1869 1286; x_wconf 88' lang='lat' dir='ltr'><strong>isdem</strong></span> <span class='ocrx_word' id='word_1_82' title='bbox 1906 1228 2146 1283; x_wconf 88' lang='lat' dir='ltr'><strong>contule-</strong></span> 
     </span>
    </p>
   </div>
   <div class='ocr_carea' id='block_1_14' title="bbox 574 1320 2143 1394">
    <p class='ocr_par' dir='ltr' id='par_1_14' title="bbox 574 1320 2143 1394">
     <span class='ocr_line' id='line_1_14' title="bbox 574 1320 2143 1394; baseline -0.01 -9"><span class='ocrx_word' id='word_1_83' title='bbox 574 1339 679 1394; x_wconf 88' lang='lat' dir='ltr'><strong>rat,</strong></span> <span class='ocrx_word' id='word_1_84' title='bbox 708 1328 952 1383; x_wconf 87' lang='lat' dir='ltr'><strong>inseruit.</strong></span> <span class='ocrx_word' id='word_1_85' title='bbox 996 1324 1362 1392; x_wconf 87' lang='lat' dir='ltr'><strong>Omnibusque</strong></span> <span class='ocrx_word' id='word_1_86' title='bbox 1400 1321 1745 1392; x_wconf 88' lang='lat' dir='ltr'><strong>optimatibus</strong></span> <span class='ocrx_word' id='word_1_87' title='bbox 1785 1320 1969 1375; x_wconf 91' lang='lat' dir='ltr'><strong>dolore</strong></span> <span class='ocrx_word' id='word_1_88' title='bbox 2008 1333 2143 1372; x_wconf 89' lang='lat' dir='ltr'><strong>con-</strong></span> 
     </span>
    </p>
   </div>
   <div class='ocr_carea' id='block_1_15' title="bbox 576 1408 2146 1485">
    <p class='ocr_par' dir='ltr' id='par_1_15' title="bbox 576 1408 2146 1485">
     <span class='ocr_line' id='line_1_15' title="bbox 576 1408 2146 1485; baseline -0.01 -9"><span class='ocrx_word' id='word_1_89' title='bbox 576 1420 852 1483; x_wconf 89' lang='lat' dir='ltr'><strong>sternatis,</strong></span> <span class='ocrx_word' id='word_1_90' title='bbox 879 1418 1077 1472; x_wconf 85' lang='lat' dir='ltr'><strong>virtute</strong></span> <span class='ocrx_word' id='word_1_91' title='bbox 1103 1431 1209 1485; x_wconf 89' lang='lat' dir='ltr'><strong>qua</strong></span> <span class='ocrx_word' id='word_1_92' title='bbox 1238 1413 1410 1483; x_wconf 89' lang='lat' dir='ltr'><strong>potuit</strong></span> <span class='ocrx_word' id='word_1_93' title='bbox 1435 1410 1815 1481; x_wconf 75' lang='lat' dir='ltr'><strong>benignissime</strong></span> <span class='ocrx_word' id='word_1_94' title='bbox 1841 1408 2146 1464; x_wconf 89' lang='lat' dir='ltr'><strong>consolatus</strong></span> 
     </span>
    </p>
   </div>
   <div class='ocr_carea' id='block_1_16' title="bbox 572 1499 2150 1577">
    <p class='ocr_par' dir='ltr' id='par_1_16' title="bbox 572 1499 2150 1577">
     <span class='ocr_line' id='line_1_16' title="bbox 572 1499 2150 1577; baseline -0.01 -11"><span class='ocrx_word' id='word_1_95' title='bbox 572 1519 680 1577; x_wconf 88' lang='lat' dir='ltr'><strong>est,</strong></span> <span class='ocrx_word' id='word_1_96' title='bbox 708 1519 762 1564; x_wconf 90' lang='lat' dir='ltr'><strong>et</strong></span> <span class='ocrx_word' id='word_1_97' title='bbox 786 1511 926 1563; x_wconf 88' lang='lat' dir='ltr'><strong>inter</strong></span> <span class='ocrx_word' id='word_1_98' title='bbox 954 1515 1146 1563; x_wconf 56' lang='lat' dir='ltr'><strong>caetera</strong></span> <span class='ocrx_word' id='word_1_99' title='bbox 1171 1520 1290 1573; x_wconf 73' lang='lat' dir='ltr'><strong>qum</strong></span> <span class='ocrx_word' id='word_1_100' title='bbox 1314 1505 1379 1558; x_wconf 91' lang='lat' dir='ltr'><strong>ad</strong></span> <span class='ocrx_word' id='word_1_101' title='bbox 1411 1502 1725 1557; x_wconf 86' lang='lat' dir='ltr'><strong>memoriam</strong></span> <span class='ocrx_word' id='word_1_102' title='bbox 1748 1500 2005 1555; x_wconf 83' lang='lat' dir='ltr'><strong>reducere</strong></span> <span class='ocrx_word' id='word_1_103' title='bbox 2033 1499 2150 1552; x_wconf 91' lang='lat' dir='ltr'><strong>lon-</strong></span> 
     </span>
    </p>
   </div>
   <div class='ocr_carea' id='block_1_17' title="bbox 576 1590 2150 1671">
    <p class='ocr_par' dir='ltr' id='par_1_17' title="bbox 576 1590 2150 1671">
     <span class='ocr_line' id='line_1_17' title="bbox 576 1590 2150 1671; baseline -0.007 -15"><span class='ocrx_word' id='word_1_104' title='bbox 576 1617 701 1671; x_wconf 88' lang='lat' dir='ltr'><strong>gum</strong></span> <span class='ocrx_word' id='word_1_105' title='bbox 742 1608 843 1664; x_wconf 92' lang='lat' dir='ltr'><strong>est,</strong></span> <span class='ocrx_word' id='word_1_106' title='bbox 892 1601 1006 1653; x_wconf 77' lang='lat' dir='ltr'><strong>hmc</strong></span> <span class='ocrx_word' id='word_1_107' title='bbox 1050 1596 1229 1651; x_wconf 89' lang='lat' dir='ltr'><strong>intulit</strong></span> <span class='ocrx_word' id='word_1_108' title='bbox 1270 1613 1283 1649; x_wconf 86' lang='lat'>:</span> <span class='ocrx_word' id='word_1_109' title='bbox 1326 1594 1582 1661; x_wconf 80' lang='lat' dir='ltr'><strong>Quamvis</strong></span> <span class='ocrx_word' id='word_1_110' title='bbox 1624 1592 1958 1647; x_wconf 86' lang='lat' dir='ltr'><strong>miserrimus</strong></span> <span class='ocrx_word' id='word_1_111' title='bbox 1989 1590 2150 1645; x_wconf 91' lang='lat' dir='ltr'><strong>homo</strong></span> 
     </span>
    </p>
   </div>
   <div class='ocr_carea' id='block_1_18' title="bbox 576 1678 2149 1761">
    <p class='ocr_par' dir='ltr' id='par_1_18' title="bbox 576 1678 2149 1761">
     <span class='ocr_line' id='line_1_18' title="bbox 576 1678 2149 1761; baseline -0.01 -16"><span class='ocrx_word' id='word_1_112' title='bbox 576 1690 811 1761; x_wconf 79' lang='lat' dir='ltr'><strong>quandiu</strong></span> <span class='ocrx_word' id='word_1_113' title='bbox 842 1687 1125 1744; x_wconf 87' lang='lat' dir='ltr'><strong>incolumis</strong></span> <span class='ocrx_word' id='word_1_114' title='bbox 1150 1694 1234 1739; x_wconf 89' lang='lat' dir='ltr'><strong>est</strong></span> <span class='ocrx_word' id='word_1_115' title='bbox 1257 1698 1465 1752; x_wconf 85' lang='lat' dir='ltr'><strong>semper</strong></span> <span class='ocrx_word' id='word_1_116' title='bbox 1482 1696 1613 1751; x_wconf 44' lang='lat' dir='ltr'><strong>,prae</strong></span> <span class='ocrx_word' id='word_1_117' title='bbox 1641 1680 1811 1735; x_wconf 90' lang='lat' dir='ltr'><strong>oculis</strong></span> <span class='ocrx_word' id='word_1_118' title='bbox 1839 1680 2030 1734; x_wconf 87' lang='lat' dir='ltr'><strong>debeat</strong></span> <span class='ocrx_word' id='word_1_119' title='bbox 2055 1678 2149 1731; x_wconf 84' lang='lat' dir='ltr'><strong>ba-</strong></span> 
     </span>
    </p>
   </div>
   <div class='ocr_carea' id='block_1_19' title="bbox 578 1765 2149 1842">
    <p class='ocr_par' dir='ltr' id='par_1_19' title="bbox 578 1765 2149 1842">
     <span class='ocr_line' id='line_1_19' title="bbox 578 1765 2149 1842; baseline -0.011 -6"><span class='ocrx_word' id='word_1_120' title='bbox 578 1783 705 1836; x_wconf 87' lang='lat' dir='ltr'><strong>bere</strong></span> <span class='ocrx_word' id='word_1_121' title='bbox 746 1778 979 1833; x_wconf 86' lang='lat' dir='ltr'><strong>futuram</strong></span> <span class='ocrx_word' id='word_1_122' title='bbox 1006 1772 1387 1842; x_wconf 88' lang='lat' dir='ltr'><strong>omnipotentis</strong></span> <span class='ocrx_word' id='word_1_123' title='bbox 1414 1771 1510 1824; x_wconf 88' lang='lat' dir='ltr'><strong>Dei</strong></span> <span class='ocrx_word' id='word_1_124' title='bbox 1534 1768 1921 1823; x_wconf 89' lang='lat' dir='ltr'><strong>discussionem</strong></span> <span class='ocrx_word' id='word_1_125' title='bbox 1938 1765 2149 1836; x_wconf 90' lang='lat' dir='ltr'><strong>judicii,</strong></span> 
     </span>
    </p>
   </div>
   <div class='ocr_carea' id='block_1_20' title="bbox 579 1859 2156 1940">
    <p class='ocr_par' dir='ltr' id='par_1_20' title="bbox 579 1859 2156 1940">
     <span class='ocr_line' id='line_1_20' title="bbox 579 1859 2156 1940; baseline -0.008 -14"><span class='ocrx_word' id='word_1_126' title='bbox 579 1873 635 1926; x_wconf 92' lang='lat' dir='ltr'><strong>in</strong></span> <span class='ocrx_word' id='word_1_127' title='bbox 667 1869 981 1940; x_wconf 74' lang='lat' dir='ltr'><strong>tegritudine</strong></span> <span class='ocrx_word' id='word_1_128' title='bbox 1008 1875 1189 1920; x_wconf 90' lang='lat' dir='ltr'><strong>tamen</strong></span> <span class='ocrx_word' id='word_1_129' title='bbox 1228 1865 1436 1933; x_wconf 90' lang='lat' dir='ltr'><strong>positus</strong></span> <span class='ocrx_word' id='word_1_130' title='bbox 1467 1863 1532 1917; x_wconf 93' lang='lat' dir='ltr'><strong>de</strong></span> <span class='ocrx_word' id='word_1_131' title='bbox 1560 1861 1702 1916; x_wconf 90' lang='lat' dir='ltr'><strong>illius</strong></span> <span class='ocrx_word' id='word_1_132' title='bbox 1726 1860 1967 1929; x_wconf 89' lang='lat' dir='ltr'><strong>piissima</strong></span> <span class='ocrx_word' id='word_1_133' title='bbox 1999 1859 2156 1914; x_wconf 86' lang='lat' dir='ltr'><strong>mise-</strong></span> 
     </span>
    </p>
   </div>
   <div class='ocr_carea' id='block_1_21' title="bbox 580 1950 2157 2023">
    <p class='ocr_par' dir='ltr' id='par_1_21' title="bbox 580 1950 2157 2023">
     <span class='ocr_line' id='line_1_21' title="bbox 580 1950 2157 2023; baseline -0.008 -5"><span class='ocrx_word' id='word_1_134' title='bbox 580 1962 814 2018; x_wconf 83' lang='lat' dir='ltr'><strong>ricordia</strong></span> <span class='ocrx_word' id='word_1_135' title='bbox 852 1957 1156 2014; x_wconf 90' lang='lat' dir='ltr'><strong>nullomodo</strong></span> <span class='ocrx_word' id='word_1_136' title='bbox 1186 1957 1344 2010; x_wconf 87' lang='lat' dir='ltr'><strong>debet</strong></span> <span class='ocrx_word' id='word_1_137' title='bbox 1383 1956 1688 2023; x_wconf 85' lang='lat' dir='ltr'><strong>desperare,</strong></span> <span class='ocrx_word' id='word_1_138' title='bbox 1725 1953 1821 2007; x_wconf 89' lang='lat' dir='ltr'><strong>sed</strong></span> <span class='ocrx_word' id='word_1_139' title='bbox 1856 1967 1955 2022; x_wconf 91' lang='lat' dir='ltr'><strong>pro</strong></span> <span class='ocrx_word' id='word_1_140' title='bbox 1985 1950 2157 2005; x_wconf 88' lang='lat' dir='ltr'><strong>salute</strong></span> 
     </span>
    </p>
   </div>
   <div class='ocr_carea' id='block_1_22' title="bbox 582 2041 2157 2114">
    <p class='ocr_par' dir='ltr' id='par_1_22' title="bbox 582 2041 2157 2114">
     <span class='ocr_line' id='line_1_22' title="bbox 582 2041 2157 2114; baseline -0.009 -6"><span class='ocrx_word' id='word_1_141' title='bbox 582 2052 776 2108; x_wconf 71' lang='lat' dir='ltr'><strong>animm</strong></span> <span class='ocrx_word' id='word_1_142' title='bbox 813 2066 922 2105; x_wconf 67' lang='lat' dir='ltr'><strong>suae</strong></span> <span class='ocrx_word' id='word_1_143' title='bbox 963 2047 1219 2103; x_wconf 89' lang='lat' dir='ltr'><strong>attentius</strong></span> <span class='ocrx_word' id='word_1_144' title='bbox 1258 2060 1381 2100; x_wconf 85' lang='lat' dir='ltr'><strong>eum</strong></span> <span class='ocrx_word' id='word_1_145' title='bbox 1418 2051 1631 2114; x_wconf 85' lang='lat' dir='ltr'><strong>oportet</strong></span> <span class='ocrx_word' id='word_1_146' title='bbox 1666 2042 1964 2113; x_wconf 88' lang='lat' dir='ltr'><strong>invigilare,</strong></span> <span class='ocrx_word' id='word_1_147' title='bbox 2000 2048 2055 2096; x_wconf 89' lang='lat' dir='ltr'><strong>et</strong></span> <span class='ocrx_word' id='word_1_148' title='bbox 2089 2041 2157 2095; x_wconf 91' lang='lat' dir='ltr'><strong>de</strong></span> 
     </span>
    </p>
   </div>
   <div class='ocr_carea' id='block_1_23' title="bbox 578 2131 2157 2213">
    <p class='ocr_par' dir='ltr' id='par_1_23' title="bbox 578 2131 2157 2213">
     <span class='ocr_line' id='line_1_23' title="bbox 578 2131 2157 2213; baseline -0.006 -18"><span class='ocrx_word' id='word_1_149' title='bbox 578 2142 811 2213; x_wconf 85' lang='lat' dir='ltr'><strong>propriis</strong></span> <span class='ocrx_word' id='word_1_150' title='bbox 852 2138 1013 2195; x_wconf 87' lang='lat' dir='ltr'><strong>rebus</strong></span> <span class='ocrx_word' id='word_1_151' title='bbox 1054 2145 1313 2209; x_wconf 89' lang='lat' dir='ltr'><strong>quantum</strong></span> <span class='ocrx_word' id='word_1_152' title='bbox 1362 2133 1616 2205; x_wconf 86' lang='lat' dir='ltr'><strong>possibile</strong></span> <span class='ocrx_word' id='word_1_153' title='bbox 1660 2141 1745 2189; x_wconf 86' lang='lat' dir='ltr'><strong>est</strong></span> <span class='ocrx_word' id='word_1_154' title='bbox 1785 2133 1842 2188; x_wconf 92' lang='lat' dir='ltr'><strong>in</strong></span> <span class='ocrx_word' id='word_1_155' title='bbox 1890 2131 2157 2188; x_wconf 89' lang='lat' dir='ltr'><strong>alimoniis</strong></span> 
     </span>
    </p>
   </div>
   <div class='ocr_carea' id='block_1_24' title="bbox 584 2221 2158 2302">
    <p class='ocr_par' dir='ltr' id='par_1_24' title="bbox 584 2221 2158 2302">
     <span class='ocr_line' id='line_1_24' title="bbox 584 2221 2158 2302; baseline -0.006 -17"><span class='ocrx_word' id='word_1_156' title='bbox 584 2245 878 2302; x_wconf 79' lang='lat' dir='ltr'><strong>pauperum</strong></span> <span class='ocrx_word' id='word_1_157' title='bbox 905 2228 1248 2297; x_wconf 87' lang='lat' dir='ltr'><strong>semetipsum</strong></span> <span class='ocrx_word' id='word_1_158' title='bbox 1277 2226 1572 2291; x_wconf 87' lang='lat' dir='ltr'><strong>redimere,</strong></span> <span class='ocrx_word' id='word_1_159' title='bbox 1602 2234 1865 2295; x_wconf 82' lang='lat' dir='ltr'><strong>quatenus</strong></span> <span class='ocrx_word' id='word_1_160' title='bbox 1889 2222 2029 2291; x_wconf 84' lang='lat' dir='ltr'><strong>apud</strong></span> <span class='ocrx_word' id='word_1_161' title='bbox 2056 2221 2158 2275; x_wconf 86' lang='lat' dir='ltr'><strong>mi-</strong></span> 
     </span>
    </p>
   </div>
   <div class='ocr_carea' id='block_1_25' title="bbox 582 2313 2158 2387">
    <p class='ocr_par' dir='ltr' id='par_1_25' title="bbox 582 2313 2158 2387">
     <span class='ocr_line' id='line_1_25' title="bbox 582 2313 2158 2387; baseline -0.008 -8"><span class='ocrx_word' id='word_1_162' title='bbox 582 2320 1063 2379; x_wconf 87' lang='lat' dir='ltr'><strong>sericordissimum</strong></span> <span class='ocrx_word' id='word_1_163' title='bbox 1082 2317 1319 2387; x_wconf 90' lang='lat' dir='ltr'><strong>judicem</strong></span> <span class='ocrx_word' id='word_1_164' title='bbox 1341 2326 1595 2371; x_wconf 72' lang='lat' dir='ltr'><strong>mternam</strong></span> <span class='ocrx_word' id='word_1_165' title='bbox 1619 2323 1740 2386; x_wconf 90' lang='lat' dir='ltr'><strong>post</strong></span> <span class='ocrx_word' id='word_1_166' title='bbox 1759 2316 1963 2370; x_wconf 84' lang='lat' dir='ltr'><strong>obitum</strong></span> <span class='ocrx_word' id='word_1_167' title='bbox 1983 2313 2158 2369; x_wconf 83' lang='lat' dir='ltr'><strong>valeat</strong></span> 
     </span>
    </p>
   </div>
   <div class='ocr_carea' id='block_1_26' title="bbox 583 2403 2158 2480">
    <p class='ocr_par' dir='ltr' id='par_1_26' title="bbox 583 2403 2158 2480">
     <span class='ocr_line' id='line_1_26' title="bbox 583 2403 2158 2480; baseline -0.008 -9"><span class='ocrx_word' id='word_1_168' title='bbox 583 2413 994 2471; x_wconf 84' lang='lat' dir='ltr'><strong>retributionem</strong></span> <span class='ocrx_word' id='word_1_169' title='bbox 1038 2411 1336 2480; x_wconf 87' lang='lat' dir='ltr'><strong>acquirere.</strong></span> <span class='ocrx_word' id='word_1_170' title='bbox 1381 2407 1587 2463; x_wconf 90' lang='lat' dir='ltr'><strong>Idcirco</strong></span> <span class='ocrx_word' id='word_1_171' title='bbox 1629 2421 1730 2476; x_wconf 84' lang='lat' dir='ltr'><strong>ego</strong></span> <span class='ocrx_word' id='word_1_172' title='bbox 1776 2421 1875 2476; x_wconf 94' lang='lat' dir='ltr'><strong>pro</strong></span> <span class='ocrx_word' id='word_1_173' title='bbox 1920 2403 2158 2460; x_wconf 84' lang='lat' dir='ltr'><strong>remedio</strong></span> 
     </span>
    </p>
   </div>
   <div class='ocr_carea' id='block_1_27' title="bbox 584 2493 2159 2565">
    <p class='ocr_par' dir='ltr' id='par_1_27' title="bbox 584 2493 2159 2565">
     <span class='ocr_line' id='line_1_27' title="bbox 584 2493 2159 2565; baseline -0.008 -5"><span class='ocrx_word' id='word_1_174' title='bbox 584 2505 778 2561; x_wconf 66' lang='lat' dir='ltr'><strong>anima:</strong></span> <span class='ocrx_word' id='word_1_175' title='bbox 824 2517 957 2557; x_wconf 71' lang='lat' dir='ltr'><strong>mea:</strong></span> <span class='ocrx_word' id='word_1_176' title='bbox 1000 2498 1379 2555; x_wconf 90' lang='lat' dir='ltr'><strong>matriculariis</strong></span> <span class='ocrx_word' id='word_1_177' title='bbox 1418 2497 1654 2553; x_wconf 66' lang='lat' dir='ltr'><strong>basilica:</strong></span> <span class='ocrx_word' id='word_1_178' title='bbox 1676 2494 1875 2552; x_wconf 88' lang='lat' dir='ltr'><strong>&#39;domni</strong></span> <span class='ocrx_word' id='word_1_179' title='bbox 1918 2493 2159 2565; x_wconf 80' lang='lat' dir='ltr'><strong>Dionysii</strong></span> 
     </span>
    </p>
   </div>
   <div class='ocr_carea' id='block_1_28' title="bbox 582 2587 2156 2664">
    <p class='ocr_par' dir='ltr' id='par_1_28' title="bbox 582 2587 2156 2664">
     <span class='ocr_line' id='line_1_28' title="bbox 582 2587 2156 2664; baseline -0.006 -16"><span class='ocrx_word' id='word_1_180' title='bbox 582 2593 871 2664; x_wconf 86' lang='lat' dir='ltr'><strong>peculiaris</strong></span> <span class='ocrx_word' id='word_1_181' title='bbox 895 2591 1107 2662; x_wconf 86' lang='lat' dir='ltr'><strong>patroni</strong></span> <span class='ocrx_word' id='word_1_182' title='bbox 1134 2588 1323 2654; x_wconf 90' lang='lat' dir='ltr'><strong>nostri,</strong></span> <span class='ocrx_word' id='word_1_183' title='bbox 1355 2588 1410 2643; x_wconf 90' lang='lat' dir='ltr'><strong>in</strong></span> <span class='ocrx_word' id='word_1_184' title='bbox 1436 2602 1541 2658; x_wconf 89' lang='lat' dir='ltr'><strong>qua</strong></span> <span class='ocrx_word' id='word_1_185' title='bbox 1578 2589 1693 2657; x_wconf 88' lang='lat' dir='ltr'><strong>ipse</strong></span> <span class='ocrx_word' id='word_1_186' title='bbox 1716 2587 1982 2656; x_wconf 89' lang='lat' dir='ltr'><strong>pretiosus</strong></span> <span class='ocrx_word' id='word_1_187' title='bbox 2011 2600 2156 2639; x_wconf 90' lang='lat' dir='ltr'><strong>mar-</strong></span> 
     </span>
    </p>
   </div>
   <div class='ocr_carea' id='block_1_29' title="bbox 585 2676 2158 2756">
    <p class='ocr_par' dir='ltr' id='par_1_29' title="bbox 585 2676 2158 2756">
     <span class='ocr_line' id='line_1_29' title="bbox 585 2676 2158 2756; baseline -0.006 -15"><span class='ocrx_word' id='word_1_188' title='bbox 585 2682 674 2756; x_wconf 84' lang='lat' dir='ltr'><strong>tyr</strong></span> <span class='ocrx_word' id='word_1_189' title='bbox 703 2700 827 2739; x_wconf 91' lang='lat' dir='ltr'><strong>cum</strong></span> <span class='ocrx_word' id='word_1_190' title='bbox 863 2682 1025 2738; x_wconf 88' lang='lat' dir='ltr'><strong>sociis</strong></span> <span class='ocrx_word' id='word_1_191' title='bbox 1063 2682 1175 2737; x_wconf 89' lang='lat' dir='ltr'><strong>suis</strong></span> <span class='ocrx_word' id='word_1_192' title='bbox 1201 2696 1429 2751; x_wconf 88' lang='lat' dir='ltr'><strong>corpore</strong></span> <span class='ocrx_word' id='word_1_193' title='bbox 1462 2680 1711 2750; x_wconf 83' lang='lat' dir='ltr'><strong>quiescit,</strong></span> <span class='ocrx_word' id='word_1_194' title='bbox 1740 2687 1793 2733; x_wconf 92' lang='lat' dir='ltr'><strong>et</strong></span> <span class='ocrx_word' id='word_1_195' title='bbox 1820 2693 1917 2734; x_wconf 91' lang='lat' dir='ltr'><strong>nos</strong></span> <span class='ocrx_word' id='word_1_196' title='bbox 1944 2676 2158 2747; x_wconf 88' lang='lat' dir='ltr'><strong>sepeliri</strong></span> 
     </span>
    </p>
   </div>
   <div class='ocr_carea' id='block_1_30' title="bbox 584 2774 2159 2849">
    <p class='ocr_par' dir='ltr' id='par_1_30' title="bbox 584 2774 2159 2849">
     <span class='ocr_line' id='line_1_30' title="bbox 584 2774 2159 2849; baseline -0.004 -16"><span class='ocrx_word' id='word_1_197' title='bbox 584 2787 848 2849; x_wconf 81' lang='lat' dir='ltr'><strong>Optamus,</strong></span> <span class='ocrx_word' id='word_1_198' title='bbox 894 2776 1049 2831; x_wconf 89' lang='lat' dir='ltr'><strong>villas</strong></span> <span class='ocrx_word' id='word_1_199' title='bbox 1089 2791 1209 2844; x_wconf 69' lang='lat' dir='ltr'><strong>qum</strong></span> <span class='ocrx_word' id='word_1_200' title='bbox 1255 2776 1309 2829; x_wconf 93' lang='lat' dir='ltr'><strong>in</strong></span> <span class='ocrx_word' id='word_1_201' title='bbox 1348 2774 1600 2843; x_wconf 80' lang='lat' dir='ltr'><strong>praesenti</strong></span> <span class='ocrx_word' id='word_1_202' title='bbox 1638 2774 1978 2828; x_wconf 88' lang='lat' dir='ltr'><strong>continentur</strong></span> <span class='ocrx_word' id='word_1_203' title='bbox 2018 2786 2159 2841; x_wconf 70' lang='lat' dir='ltr'><strong>prte-</strong></span> 
     </span>
    </p>
   </div>
   <div class='ocr_carea' id='block_1_31' title="bbox 585 2860 2155 2938">
    <p class='ocr_par' dir='ltr' id='par_1_31' title="bbox 585 2860 2155 2938">
     <span class='ocr_line' id='line_1_31' title="bbox 585 2860 2155 2938; baseline -0.006 -14"><span class='ocrx_word' id='word_1_204' title='bbox 585 2877 746 2938; x_wconf 85' lang='lat' dir='ltr'><strong>cepto</strong></span> <span class='ocrx_word' id='word_1_205' title='bbox 763 2867 1155 2936; x_wconf 66' lang='lat' dir='ltr'><strong>przcsentaliter</strong></span> <span class='ocrx_word' id='word_1_206' title='bbox 1175 2881 1296 2920; x_wconf 91' lang='lat' dir='ltr'><strong>cum</strong></span> <span class='ocrx_word' id='word_1_207' title='bbox 1318 2864 1463 2919; x_wconf 90' lang='lat' dir='ltr'><strong>omni</strong></span> <span class='ocrx_word' id='word_1_208' title='bbox 1482 2864 1784 2933; x_wconf 78' lang='lat' dir='ltr'><strong>integritate</strong></span> <span class='ocrx_word' id='word_1_209' title='bbox 1802 2860 2155 2917; x_wconf 86' lang='lat' dir='ltr'><strong>conferimus:</strong></span> 
     </span>
    </p>
   </div>
   <div class='ocr_carea' id='block_1_32' title="bbox 585 2951 2160 3020">
    <p class='ocr_par' dir='ltr' id='par_1_32' title="bbox 585 2951 2160 3020">
     <span class='ocr_line' id='line_1_32' title="bbox 585 2951 2160 3020; baseline -0.007 -6"><span class='ocrx_word' id='word_1_210' title='bbox 585 2968 645 3014; x_wconf 86' lang='lat' dir='ltr'><strong>et</strong></span> <span class='ocrx_word' id='word_1_211' title='bbox 668 2958 808 3012; x_wconf 89' lang='lat' dir='ltr'><strong>sicut</strong></span> <span class='ocrx_word' id='word_1_212' title='bbox 836 2973 867 3010; x_wconf 91' lang='lat' dir='ltr'><strong>a</strong></span> <span class='ocrx_word' id='word_1_213' title='bbox 891 2956 1020 3011; x_wconf 86' lang='lat' dir='ltr'><strong>ﬁsco</strong></span> <span class='ocrx_word' id='word_1_214' title='bbox 1047 2962 1232 3009; x_wconf 90' lang='lat' dir='ltr'><strong>nostro</strong></span> <span class='ocrx_word' id='word_1_215' title='bbox 1259 2955 1519 3007; x_wconf 90' lang='lat' dir='ltr'><strong>hactenus</strong></span> <span class='ocrx_word' id='word_1_216' title='bbox 1547 2951 1765 3006; x_wconf 87' lang='lat' dir='ltr'><strong>fuerunt</strong></span> <span class='ocrx_word' id='word_1_217' title='bbox 1782 2965 2060 3020; x_wconf 64' lang='lat' dir='ltr'><strong>possessas,</strong></span> <span class='ocrx_word' id='word_1_218' title='bbox 2085 2951 2160 3004; x_wconf 88' lang='lat' dir='ltr'><strong>ita</strong></span> 
     </span>
    </p>
   </div>
   <div class='ocr_carea' id='block_1_33' title="bbox 584 3040 2160 3114">
    <p class='ocr_par' dir='ltr' id='par_1_33' title="bbox 584 3040 2160 3114">
     <span class='ocr_line' id='line_1_33' title="bbox 584 3040 2160 3114; baseline -0.004 -13"><span class='ocrx_word' id='word_1_219' title='bbox 584 3062 654 3102; x_wconf 82' lang='lat' dir='ltr'><strong>ex</strong></span> <span class='ocrx_word' id='word_1_220' title='bbox 697 3053 880 3100; x_wconf 89' lang='lat' dir='ltr'><strong>nostra</strong></span> <span class='ocrx_word' id='word_1_221' title='bbox 922 3043 1248 3114; x_wconf 80' lang='lat' dir='ltr'><strong>indulgentia</strong></span> <span class='ocrx_word' id='word_1_222' title='bbox 1288 3051 1508 3112; x_wconf 89' lang='lat' dir='ltr'><strong>propter</strong></span> <span class='ocrx_word' id='word_1_223' title='bbox 1549 3041 1927 3110; x_wconf 90' lang='lat' dir='ltr'><strong>acquirendam</strong></span> <span class='ocrx_word' id='word_1_224' title='bbox 1969 3040 2160 3095; x_wconf 72' lang='lat' dir='ltr'><strong>anima:</strong></span> 
     </span>
    </p>
   </div>
   <div class='ocr_carea' id='block_1_34' title="bbox 586 3130 2160 3201">
    <p class='ocr_par' dir='ltr' id='par_1_34' title="bbox 586 3130 2160 3201">
     <span class='ocr_line' id='line_1_34' title="bbox 586 3130 2160 3201; baseline -0.004 -12"><span class='ocrx_word' id='word_1_225' title='bbox 586 3142 785 3190; x_wconf 68' lang='lat' dir='ltr'><strong>nostra:</strong></span> <span class='ocrx_word' id='word_1_226' title='bbox 812 3134 1068 3197; x_wconf 89' lang='lat' dir='ltr'><strong>salutem,</strong></span> <span class='ocrx_word' id='word_1_227' title='bbox 1101 3133 1182 3187; x_wconf 84' lang='lat' dir='ltr'><strong>vel</strong></span> <span class='ocrx_word' id='word_1_228' title='bbox 1222 3147 1320 3201; x_wconf 92' lang='lat' dir='ltr'><strong>pro</strong></span> <span class='ocrx_word' id='word_1_229' title='bbox 1352 3132 1582 3186; x_wconf 91' lang='lat' dir='ltr'><strong>ﬁliorum</strong></span> <span class='ocrx_word' id='word_1_230' title='bbox 1617 3139 1921 3185; x_wconf 92' lang='lat' dir='ltr'><strong>nostrorum</strong></span> <span class='ocrx_word' id='word_1_231' title='bbox 1959 3130 2160 3185; x_wconf 89' lang='lat' dir='ltr'><strong>stabili-</strong></span> 
     </span>
    </p>
   </div>
   <div class='ocr_carea' id='block_1_35' title="bbox 586 3220 2157 3296">
    <p class='ocr_par' dir='ltr' id='par_1_35' title="bbox 586 3220 2157 3296">
     <span class='ocr_line' id='line_1_35' title="bbox 586 3220 2157 3296; baseline -0.004 -15"><span class='ocrx_word' id='word_1_232' title='bbox 586 3236 721 3294; x_wconf 88' lang='lat' dir='ltr'><strong>tate,</strong></span> <span class='ocrx_word' id='word_1_233' title='bbox 758 3226 1031 3296; x_wconf 68' lang='lat' dir='ltr'><strong>prtedictis</strong></span> <span class='ocrx_word' id='word_1_234' title='bbox 1059 3224 1437 3279; x_wconf 88' lang='lat' dir='ltr'><strong>matriculariis</strong></span> <span class='ocrx_word' id='word_1_235' title='bbox 1469 3222 1559 3292; x_wconf 92' lang='lat' dir='ltr'><strong>qui</strong></span> <span class='ocrx_word' id='word_1_236' title='bbox 1598 3222 1653 3276; x_wconf 90' lang='lat' dir='ltr'><strong>in</strong></span> <span class='ocrx_word' id='word_1_237' title='bbox 1687 3221 1909 3291; x_wconf 63' lang='lat' dir='ltr'><strong>praafata</strong></span> <span class='ocrx_word' id='word_1_238' title='bbox 1937 3220 2157 3276; x_wconf 89' lang='lat' dir='ltr'><strong>basilica</strong></span> 
     </span>
    </p>
   </div>
   <div class='ocr_carea' id='block_1_36' title="bbox 585 3311 2159 3388">
    <p class='ocr_par' dir='ltr' id='par_1_36' title="bbox 585 3311 2159 3388">
     <span class='ocr_line' id='line_1_36' title="bbox 585 3311 2159 3388; baseline -0.004 -15"><span class='ocrx_word' id='word_1_239' title='bbox 585 3318 672 3373; x_wconf 84' lang='lat' dir='ltr'><strong>vel</strong></span> <span class='ocrx_word' id='word_1_240' title='bbox 697 3319 836 3374; x_wconf 87' lang='lat' dir='ltr'><strong>auio</strong></span> <span class='ocrx_word' id='word_1_241' title='bbox 857 3316 974 3388; x_wconf 86' lang='lat' dir='ltr'><strong>ejus</strong></span> <span class='ocrx_word' id='word_1_242' title='bbox 995 3315 1324 3381; x_wconf 87' lang='lat' dir='ltr'><strong>deserviunt,</strong></span> <span class='ocrx_word' id='word_1_243' title='bbox 1351 3313 1603 3386; x_wconf 64' lang='lat' dir='ltr'><strong>praesenti</strong></span> <span class='ocrx_word' id='word_1_244' title='bbox 1623 3320 1678 3370; x_wconf 87' lang='lat' dir='ltr'><strong>et</strong></span> <span class='ocrx_word' id='word_1_245' title='bbox 1708 3311 1892 3369; x_wconf 88' lang='lat' dir='ltr'><strong>futuro</strong></span> <span class='ocrx_word' id='word_1_246' title='bbox 1920 3320 2159 3382; x_wconf 87' lang='lat' dir='ltr'><strong>tempore</strong></span> 
     </span>
    </p>
   </div>
   <div class='ocr_carea' id='block_1_37' title="bbox 586 3406 2160 3479">
    <p class='ocr_par' dir='ltr' id='par_1_37' title="bbox 586 3406 2160 3479">
     <span class='ocr_line' id='line_1_37' title="bbox 586 3406 2160 3479; baseline -0.003 -15"><span class='ocrx_word' id='word_1_247' title='bbox 586 3411 641 3464; x_wconf 90' lang='lat' dir='ltr'><strong>in</strong></span> <span class='ocrx_word' id='word_1_248' title='bbox 666 3418 982 3479; x_wconf 88' lang='lat' dir='ltr'><strong>perpetuum</strong></span> <span class='ocrx_word' id='word_1_249' title='bbox 1011 3407 1321 3479; x_wconf 90' lang='lat' dir='ltr'><strong>proﬁciant,</strong></span> <span class='ocrx_word' id='word_1_250' title='bbox 1355 3408 1638 3476; x_wconf 89' lang='lat' dir='ltr'><strong>nullusque</strong></span> <span class='ocrx_word' id='word_1_251' title='bbox 1661 3408 1726 3462; x_wconf 91' lang='lat' dir='ltr'><strong>de</strong></span> <span class='ocrx_word' id='word_1_252' title='bbox 1754 3406 1878 3462; x_wconf 91' lang='lat' dir='ltr'><strong>ﬁliis</strong></span> <span class='ocrx_word' id='word_1_253' title='bbox 1899 3414 1990 3461; x_wconf 93' lang='lat' dir='ltr'><strong>aut</strong></span> <span class='ocrx_word' id='word_1_254' title='bbox 2021 3406 2160 3474; x_wconf 89' lang='lat' dir='ltr'><strong>regi-</strong></span> 
     </span>
    </p>
   </div>
   <div class='ocr_carea' id='block_1_38' title="bbox 582 3493 2159 3566">
    <p class='ocr_par' dir='ltr' id='par_1_38' title="bbox 582 3493 2159 3566">
     <span class='ocr_line' id='line_1_38' title="bbox 582 3493 2159 3566; baseline -0.003 -11"><span class='ocrx_word' id='word_1_255' title='bbox 582 3499 687 3555; x_wconf 86' lang='lat' dir='ltr'><strong>bus</strong></span> <span class='ocrx_word' id='word_1_256' title='bbox 710 3512 946 3566; x_wconf 89' lang='lat' dir='ltr'><strong>unquam</strong></span> <span class='ocrx_word' id='word_1_257' title='bbox 973 3498 1176 3552; x_wconf 89' lang='lat' dir='ltr'><strong>nostris</strong></span> <span class='ocrx_word' id='word_1_258' title='bbox 1199 3498 1620 3562; x_wconf 88' lang='lat' dir='ltr'><strong>successoribus,</strong></span> <span class='ocrx_word' id='word_1_259' title='bbox 1647 3511 1747 3552; x_wconf 91' lang='lat' dir='ltr'><strong>nec</strong></span> <span class='ocrx_word' id='word_1_260' title='bbox 1769 3493 2033 3565; x_wconf 85' lang='lat' dir='ltr'><strong>pontifex,</strong></span> <span class='ocrx_word' id='word_1_261' title='bbox 2058 3509 2159 3550; x_wconf 87' lang='lat' dir='ltr'><strong>nec</strong></span> 
     </span>
    </p>
   </div>
   <div class='ocr_carea' id='block_1_39' title="bbox 585 3586 2152 3660">
    <p class='ocr_par' dir='ltr' id='par_1_39' title="bbox 585 3586 2152 3660">
     <span class='ocr_line' id='line_1_39' title="bbox 585 3586 2152 3660; baseline -0.003 -14"><span class='ocrx_word' id='word_1_262' title='bbox 585 3591 724 3646; x_wconf 81' lang='lat' dir='ltr'><strong>abba</strong></span> <span class='ocrx_word' id='word_1_263' title='bbox 750 3590 920 3660; x_wconf 87' lang='lat' dir='ltr'><strong>ipsius</strong></span> <span class='ocrx_word' id='word_1_264' title='bbox 942 3589 1254 3644; x_wconf 87' lang='lat' dir='ltr'><strong>monasterii</strong></span> <span class='ocrx_word' id='word_1_265' title='bbox 1282 3589 1567 3659; x_wconf 66' lang='lat' dir='ltr'><strong>praedictas</strong></span> <span class='ocrx_word' id='word_1_266' title='bbox 1591 3587 1763 3653; x_wconf 89' lang='lat' dir='ltr'><strong>villas,</strong></span> <span class='ocrx_word' id='word_1_267' title='bbox 1782 3596 1839 3642; x_wconf 90' lang='lat' dir='ltr'><strong>et</strong></span> <span class='ocrx_word' id='word_1_268' title='bbox 1863 3586 2152 3653; x_wconf 88' lang='lat' dir='ltr'><strong>Sarclidas,</strong></span> 
     </span>
    </p>
   </div>
   <div class='ocr_carea' id='block_1_40' title="bbox 586 3676 2157 3749">
    <p class='ocr_par' dir='ltr' id='par_1_40' title="bbox 586 3676 2157 3749">
     <span class='ocr_line' id='line_1_40' title="bbox 586 3676 2157 3749; baseline -0.003 -16"><span class='ocrx_word' id='word_1_269' title='bbox 586 3695 747 3749; x_wconf 91' lang='lat' dir='ltr'><strong>quam</strong></span> <span class='ocrx_word' id='word_1_270' title='bbox 777 3686 931 3733; x_wconf 85' lang='lat' dir='ltr'><strong>antea</strong></span> <span class='ocrx_word' id='word_1_271' title='bbox 969 3678 1161 3733; x_wconf 89' lang='lat' dir='ltr'><strong>iisdem</strong></span> <span class='ocrx_word' id='word_1_272' title='bbox 1187 3677 1445 3733; x_wconf 84' lang='lat' dir='ltr'><strong>fratribus</strong></span> <span class='ocrx_word' id='word_1_273' title='bbox 1473 3677 1816 3741; x_wconf 86' lang='lat' dir='ltr'><strong>contulimus,</strong></span> <span class='ocrx_word' id='word_1_274' title='bbox 1851 3677 1919 3732; x_wconf 90' lang='lat' dir='ltr'><strong>ab</strong></span> <span class='ocrx_word' id='word_1_275' title='bbox 1954 3676 2034 3731; x_wconf 92' lang='lat' dir='ltr'><strong>eis</strong></span> <span class='ocrx_word' id='word_1_276' title='bbox 2057 3691 2157 3729; x_wconf 88' lang='lat' dir='ltr'><strong>au-</strong></span> 
     </span>
    </p>
   </div>
   <div class='ocr_carea' id='block_1_41' title="bbox 584 3765 2157 3839">
    <p class='ocr_par' dir='ltr' id='par_1_41' title="bbox 584 3765 2157 3839">
     <span class='ocr_line' id='line_1_41' title="bbox 584 3765 2157 3839; baseline -0.004 -14"><span class='ocrx_word' id='word_1_277' title='bbox 584 3770 726 3825; x_wconf 89' lang='lat' dir='ltr'><strong>ferre</strong></span> <span class='ocrx_word' id='word_1_278' title='bbox 747 3777 1066 3839; x_wconf 77' lang='lat' dir='ltr'><strong>przesumat,</strong></span> <span class='ocrx_word' id='word_1_279' title='bbox 1097 3769 1143 3823; x_wconf 93' lang='lat' dir='ltr'><strong>si</strong></span> <span class='ocrx_word' id='word_1_280' title='bbox 1169 3769 1306 3823; x_wconf 89' lang='lat' dir='ltr'><strong>iram</strong></span> <span class='ocrx_word' id='word_1_281' title='bbox 1334 3768 1429 3822; x_wconf 89' lang='lat' dir='ltr'><strong>Dei</strong></span> <span class='ocrx_word' id='word_1_282' title='bbox 1454 3776 1509 3823; x_wconf 92' lang='lat' dir='ltr'><strong>et</strong></span> <span class='ocrx_word' id='word_1_283' title='bbox 1539 3766 1798 3823; x_wconf 82' lang='lat' dir='ltr'><strong>olI‘ensam</strong></span> <span class='ocrx_word' id='word_1_284' title='bbox 1818 3766 1999 3821; x_wconf 89' lang='lat' dir='ltr'><strong>domui</strong></span> <span class='ocrx_word' id='word_1_285' title='bbox 2029 3765 2157 3820; x_wconf 90' lang='lat' dir='ltr'><strong>Dio-</strong></span> 
     </span>
    </p>
   </div>
   <div class='ocr_carea' id='block_1_42' title="bbox 584 3854 2156 3929">
    <p class='ocr_par' dir='ltr' id='par_1_42' title="bbox 584 3854 2156 3929">
     <span class='ocr_line' id='line_1_42' title="bbox 584 3854 2156 3929; baseline -0.004 -17"><span class='ocrx_word' id='word_1_286' title='bbox 584 3859 725 3929; x_wconf 88' lang='lat' dir='ltr'><strong>nysii</strong></span> <span class='ocrx_word' id='word_1_287' title='bbox 760 3873 864 3912; x_wconf 91' lang='lat' dir='ltr'><strong>non</strong></span> <span class='ocrx_word' id='word_1_288' title='bbox 893 3864 1041 3924; x_wconf 92' lang='lat' dir='ltr'><strong>optat</strong></span> <span class='ocrx_word' id='word_1_289' title='bbox 1070 3857 1364 3911; x_wconf 89' lang='lat' dir='ltr'><strong>incurrere.</strong></span> <span class='ocrx_word' id='word_1_290' title='bbox 1399 3854 1552 3921; x_wconf 88' lang='lat' dir='ltr'><strong>Quod</strong></span> <span class='ocrx_word' id='word_1_291' title='bbox 1579 3856 1625 3909; x_wconf 90' lang='lat' dir='ltr'><strong>si</strong></span> <span class='ocrx_word' id='word_1_292' title='bbox 1650 3854 1773 3924; x_wconf 90' lang='lat' dir='ltr'><strong>quis</strong></span> <span class='ocrx_word' id='word_1_293' title='bbox 1799 3866 2156 3923; x_wconf 61' lang='lat' dir='ltr'><strong>praesumpse-</strong></span> 
     </span>
    </p>
   </div>
   <div class='ocr_carea' id='block_1_43' title="bbox 584 3942 2157 4011">
    <p class='ocr_par' dir='ltr' id='par_1_43' title="bbox 584 3942 2157 4011">
     <span class='ocr_line' id='line_1_43' title="bbox 584 3942 2157 4011; baseline -0.003 -11"><span class='ocrx_word' id='word_1_294' title='bbox 584 3948 676 4011; x_wconf 88' lang='lat' dir='ltr'><strong>rit,</strong></span> <span class='ocrx_word' id='word_1_295' title='bbox 709 3956 833 4000; x_wconf 91' lang='lat' dir='ltr'><strong>ante</strong></span> <span class='ocrx_word' id='word_1_296' title='bbox 877 3945 1109 4000; x_wconf 87' lang='lat' dir='ltr'><strong>tribunal</strong></span> <span class='ocrx_word' id='word_1_297' title='bbox 1152 3945 1364 3999; x_wconf 88' lang='lat' dir='ltr'><strong>Domini</strong></span> <span class='ocrx_word' id='word_1_298' title='bbox 1403 3945 1576 4000; x_wconf 90' lang='lat' dir='ltr'><strong>nostri</strong></span> <span class='ocrx_word' id='word_1_299' title='bbox 1623 3942 1750 3999; x_wconf 86' lang='lat' dir='ltr'><strong>Jesu</strong></span> <span class='ocrx_word' id='word_1_300' title='bbox 1790 3942 1991 3998; x_wconf 87' lang='lat' dir='ltr'><strong>Christi</strong></span> <span class='ocrx_word' id='word_1_301' title='bbox 2034 3958 2157 3998; x_wconf 90' lang='lat' dir='ltr'><strong>cum</strong></span> 
     </span>
    </p>
   </div>
   <div class='ocr_carea' id='block_1_44' title="bbox 587 4034 2157 4107">
    <p class='ocr_par' dir='ltr' id='par_1_44' title="bbox 587 4034 2157 4107">
     <span class='ocr_line' id='line_1_44' title="bbox 587 4034 2157 4107; baseline -0.003 -13"><span class='ocrx_word' id='word_1_302' title='bbox 587 4047 775 4094; x_wconf 86' lang='lat' dir='ltr'><strong>sancto</strong></span> <span class='ocrx_word' id='word_1_303' title='bbox 816 4046 1051 4107; x_wconf 88' lang='lat' dir='ltr'><strong>martyre</strong></span> <span class='ocrx_word' id='word_1_304' title='bbox 1085 4044 1139 4091; x_wconf 91' lang='lat' dir='ltr'><strong>et</strong></span> <span class='ocrx_word' id='word_1_305' title='bbox 1174 4037 1305 4105; x_wconf 91' lang='lat' dir='ltr'><strong>ipsis</strong></span> <span class='ocrx_word' id='word_1_306' title='bbox 1345 4035 1727 4091; x_wconf 89' lang='lat' dir='ltr'><strong>matriculariis</strong></span> <span class='ocrx_word' id='word_1_307' title='bbox 1762 4034 1955 4089; x_wconf 79' lang='lat' dir='ltr'><strong>exinde</strong></span> <span class='ocrx_word' id='word_1_308' title='bbox 1993 4035 2157 4089; x_wconf 71' lang='lat' dir='ltr'><strong>ratio~</strong></span> 
     </span>
    </p>
   </div>
   <div class='ocr_carea' id='block_1_45' title="bbox 587 4121 2159 4187">
    <p class='ocr_par' dir='ltr' id='par_1_45' title="bbox 587 4121 2159 4187">
     <span class='ocr_line' id='line_1_45' title="bbox 587 4121 2159 4187; baseline -0.002 -6"><span class='ocrx_word' id='word_1_309' title='bbox 587 4141 711 4181; x_wconf 90' lang='lat' dir='ltr'><strong>nem</strong></span> <span class='ocrx_word' id='word_1_310' title='bbox 747 4124 991 4179; x_wconf 90' lang='lat' dir='ltr'><strong>deducat.</strong></span> <span class='ocrx_word' id='word_1_311' title='bbox 1037 4123 1299 4178; x_wconf 88' lang='lat' dir='ltr'><strong>Annualis</strong></span> <span class='ocrx_word' id='word_1_312' title='bbox 1339 4123 1484 4177; x_wconf 91' lang='lat' dir='ltr'><strong>enim</strong></span> <span class='ocrx_word' id='word_1_313' title='bbox 1530 4123 1704 4177; x_wconf 91' lang='lat' dir='ltr'><strong>victus</strong></span> <span class='ocrx_word' id='word_1_314' title='bbox 1741 4121 1885 4187; x_wconf 89' lang='lat' dir='ltr'><strong>inde,</strong></span> <span class='ocrx_word' id='word_1_315' title='bbox 1916 4122 2025 4177; x_wconf 89' lang='lat' dir='ltr'><strong>Deo</strong></span> <span class='ocrx_word' id='word_1_316' title='bbox 2065 4124 2159 4178; x_wconf 92' lang='lat' dir='ltr'><strong>do-</strong></span> 
     </span>
    </p>
   </div>
   <div class='ocr_carea' id='block_1_46' title="bbox 584 4213 2158 4285">
    <p class='ocr_par' dir='ltr' id='par_1_46' title="bbox 584 4213 2158 4285">
     <span class='ocr_line' id='line_1_46' title="bbox 584 4213 2158 4285; baseline -0.001 -15"><span class='ocrx_word' id='word_1_317' title='bbox 584 4223 770 4280; x_wconf 88' lang='lat' dir='ltr'><strong>nante,</strong></span> <span class='ocrx_word' id='word_1_318' title='bbox 813 4222 874 4269; x_wconf 90' lang='lat' dir='ltr'><strong>ut</strong></span> <span class='ocrx_word' id='word_1_319' title='bbox 920 4214 1206 4280; x_wconf 85' lang='lat' dir='ltr'><strong>credimus,</strong></span> <span class='ocrx_word' id='word_1_320' title='bbox 1254 4214 1555 4283; x_wconf 74' lang='lat' dir='ltr'><strong>saepedictis</strong></span> <span class='ocrx_word' id='word_1_321' title='bbox 1596 4213 1920 4285; x_wconf 89' lang='lat' dir='ltr'><strong>pauperibus</strong></span> <span class='ocrx_word' id='word_1_322' title='bbox 1961 4215 2158 4284; x_wconf 86' lang='lat' dir='ltr'><strong>poterit</strong></span> 
     </span>
    </p>
   </div>
   <div class='ocr_carea' id='block_1_47' title="bbox 584 4306 2157 4376">
    <p class='ocr_par' dir='ltr' id='par_1_47' title="bbox 584 4306 2157 4376">
     <span class='ocr_line' id='line_1_47' title="bbox 584 4306 2157 4376; baseline 0.001 -14"><span class='ocrx_word' id='word_1_323' title='bbox 584 4306 846 4372; x_wconf 85' lang='lat' dir='ltr'><strong>suﬁicere,</strong></span> <span class='ocrx_word' id='word_1_324' title='bbox 890 4313 951 4360; x_wconf 90' lang='lat' dir='ltr'><strong>ut</strong></span> <span class='ocrx_word' id='word_1_325' title='bbox 987 4320 1199 4376; x_wconf 88' lang='lat' dir='ltr'><strong>semper</strong></span> <span class='ocrx_word' id='word_1_326' title='bbox 1239 4321 1338 4376; x_wconf 90' lang='lat' dir='ltr'><strong>pro</strong></span> <span class='ocrx_word' id='word_1_327' title='bbox 1379 4306 1559 4361; x_wconf 90' lang='lat' dir='ltr'><strong>anima</strong></span> <span class='ocrx_word' id='word_1_328' title='bbox 1605 4314 1789 4362; x_wconf 90' lang='lat' dir='ltr'><strong>nostra</strong></span> <span class='ocrx_word' id='word_1_329' title='bbox 1827 4315 1883 4361; x_wconf 91' lang='lat' dir='ltr'><strong>et</strong></span> <span class='ocrx_word' id='word_1_330' title='bbox 1918 4307 2063 4376; x_wconf 89' lang='lat' dir='ltr'><strong>ipsos</strong></span> <span class='ocrx_word' id='word_1_331' title='bbox 2102 4316 2157 4363; x_wconf 90' lang='lat' dir='ltr'><strong>et</strong></span> 
     </span>
    </p>
   </div>
   <div class='ocr_carea' id='block_1_48' title="bbox 2241 499 3736 572">
    <p class='ocr_par' dir='ltr' id='par_1_48' title="bbox 2241 499 3736 572">
     <span class='ocr_line' id='line_1_48' title="bbox 2241 499 3736 572; baseline -0.001 -14"><span class='ocrx_word' id='word_1_332' title='bbox 2241 505 2651 572; x_wconf 84' lang='lat' dir='ltr'><strong>universumque</strong></span> <span class='ocrx_word' id='word_1_333' title='bbox 2675 516 2897 572; x_wconf 89' lang='lat' dir='ltr'><strong>regnum</strong></span> <span class='ocrx_word' id='word_1_334' title='bbox 2921 500 2991 554; x_wconf 91' lang='lat' dir='ltr'><strong>ob</strong></span> <span class='ocrx_word' id='word_1_335' title='bbox 3015 499 3187 567; x_wconf 82' lang='lat' dir='ltr'><strong>ipsius</strong></span> <span class='ocrx_word' id='word_1_336' title='bbox 3212 507 3436 553; x_wconf 89' lang='lat' dir='ltr'><strong>mortem</strong></span> <span class='ocrx_word' id='word_1_337' title='bbox 3461 503 3736 563; x_wconf 72' lang='lat' dir='ltr'><strong>acerbissima</strong></span> 
     </span>
    </p>
   </div>
   <div class='ocr_carea' id='block_1_49' title="bbox 2237 591 2882 663">
    <p class='ocr_par' dir='ltr' id='par_1_49' title="bbox 2237 591 2882 663">
     <span class='ocr_line' id='line_1_49' title="bbox 2237 591 2882 663; baseline -0.006 -15"><span class='ocrx_word' id='word_1_338' title='bbox 2237 594 2520 663; x_wconf 88' lang='lat' dir='ltr'><strong>occupavit</strong></span> <span class='ocrx_word' id='word_1_339' title='bbox 2548 591 2882 646; x_wconf 89' lang='lat' dir='ltr'><strong>lamentatio.</strong></span> 
     </span>
    </p>
   </div>
   <div class='ocr_carea' id='block_1_50' title="bbox 2238 678 3739 750">
    <p class='ocr_par' dir='ltr' id='par_1_50' title="bbox 2238 678 3739 750">
     <span class='ocr_line' id='line_1_50' title="bbox 2238 678 3739 750; baseline 0.002 -11"><span class='ocrx_word' id='word_1_340' title='bbox 2238 683 2367 740; x_wconf 59' lang='lat' dir='ltr'><strong>Car.</strong></span> <span class='ocrx_word' id='word_1_341' title='bbox 2405 683 2584 737; x_wconf 81' lang='lat' dir='ltr'><strong>XLIII.</strong></span> <span class='ocrx_word' id='word_1_342' title='bbox 2612 712 2685 722; x_wconf 97' lang='lat'><strong>—</strong></span> <span class='ocrx_word' id='word_1_343' title='bbox 2710 681 2788 735; x_wconf 87' lang='lat' dir='ltr'><strong>De</strong></span> <span class='ocrx_word' id='word_1_344' title='bbox 2823 678 3088 750; x_wconf 76' lang='lat' dir='ltr'><strong>sepultura</strong></span> <span class='ocrx_word' id='word_1_345' title='bbox 3121 680 3291 749; x_wconf 87' lang='lat' dir='ltr'><strong>ipsius</strong></span> <span class='ocrx_word' id='word_1_346' title='bbox 3316 680 3377 750; x_wconf 80' lang='lat' dir='ltr'><strong>in</strong></span> <span class='ocrx_word' id='word_1_347' title='bbox 3403 680 3592 735; x_wconf 74' lang='lat' dir='ltr'><strong>ecclesia</strong></span> <span class='ocrx_word' id='word_1_348' title='bbox 3616 692 3739 742; x_wconf 76' lang='lat' dir='ltr'><strong>sancti</strong></span> 
     </span>
    </p>
   </div>
   <div class='ocr_carea' id='block_1_51' title="bbox 2307 748 3737 822">
    <p class='ocr_par' dir='ltr' id='par_1_51' title="bbox 2307 748 3737 822">
     <span class='ocr_line' id='line_1_51' title="bbox 2307 748 3737 822; baseline 0.001 -16"><span class='ocrx_word' id='word_1_349' title='bbox 2307 754 2575 822; x_wconf 77' lang='lat' dir='ltr'><strong>Dionysii,</strong></span> <span class='ocrx_word' id='word_1_350' title='bbox 2623 760 2670 804; x_wconf 84' lang='lat' dir='ltr'><strong>et</strong></span> <span class='ocrx_word' id='word_1_351' title='bbox 2712 748 3165 822; x_wconf 6' lang='lat' dir='ltr'><strong>qualiteryibident</strong></span> <span class='ocrx_word' id='word_1_352' title='bbox 3206 748 3527 819; x_wconf 76' lang='lat' dir='ltr'><strong>psallentium</strong></span> <span class='ocrx_word' id='word_1_353' title='bbox 3561 754 3737 811; x_wconf 70' lang='lat' dir='ltr'><strong>ordinm</strong></span> 
     </span>
    </p>
   </div>
   <div class='ocr_carea' id='block_1_52' title="bbox 2309 820 3004 875">
    <p class='ocr_par' dir='ltr' id='par_1_52' title="bbox 2309 820 3004 875">
     <span class='ocr_line' id='line_1_52' title="bbox 2309 820 3004 875; baseline -0.001 0"><span class='ocrx_word' id='word_1_354' title='bbox 2309 820 2479 875; x_wconf 74' lang='lat' dir='ltr'><strong>adhuc</strong></span> <span class='ocrx_word' id='word_1_355' title='bbox 2508 824 2674 875; x_wconf 81' lang='lat' dir='ltr'><strong>vivens</strong></span> <span class='ocrx_word' id='word_1_356' title='bbox 2704 820 3004 874; x_wconf 78' lang='lat' dir='ltr'><strong>instituerit.</strong></span> 
     </span>
    </p>
   </div>
   <div class='ocr_carea' id='block_1_53' title="bbox 2310 910 3737 985">
    <p class='ocr_par' dir='ltr' id='par_1_53' title="bbox 2310 910 3737 985">
     <span class='ocr_line' id='line_1_53' title="bbox 2310 910 3737 985; baseline -0.006 -18"><span class='ocrx_word' id='word_1_357' title='bbox 2310 913 2568 967; x_wconf 84' lang='lat' dir='ltr'><strong>Conditus</strong></span> <span class='ocrx_word' id='word_1_358' title='bbox 2608 920 2786 965; x_wconf 89' lang='lat' dir='ltr'><strong>autem</strong></span> <span class='ocrx_word' id='word_1_359' title='bbox 2827 910 3159 964; x_wconf 90' lang='lat' dir='ltr'><strong>aromatibus</strong></span> <span class='ocrx_word' id='word_1_360' title='bbox 3198 924 3324 963; x_wconf 91' lang='lat' dir='ltr'><strong>cum</strong></span> <span class='ocrx_word' id='word_1_361' title='bbox 3362 910 3545 979; x_wconf 82' lang='lat' dir='ltr'><strong>ingenti</strong></span> <span class='ocrx_word' id='word_1_362' title='bbox 3578 916 3737 985; x_wconf 74' lang='lat' dir='ltr'><strong>populo.</strong></span> 
     </span>
    </p>
   </div>
   <div class='ocr_carea' id='block_1_54' title="bbox 2241 998 3739 1070">
    <p class='ocr_par' dir='ltr' id='par_1_54' title="bbox 2241 998 3739 1070">
     <span class='ocr_line' id='line_1_54' title="bbox 2241 998 3739 1070; baseline 0.002 -15"><span class='ocrx_word' id='word_1_363' title='bbox 2241 1018 2361 1056; x_wconf 91' lang='lat' dir='ltr'><strong>rum</strong></span> <span class='ocrx_word' id='word_1_364' title='bbox 2390 1002 2574 1057; x_wconf 91' lang='lat' dir='ltr'><strong>dolore</strong></span> <span class='ocrx_word' id='word_1_365' title='bbox 2604 1010 2766 1070; x_wconf 88' lang='lat' dir='ltr'><strong>atque</strong></span> <span class='ocrx_word' id='word_1_366' title='bbox 2793 998 3095 1069; x_wconf 87' lang='lat' dir='ltr'><strong>frequentia</strong></span> <span class='ocrx_word' id='word_1_367' title='bbox 3123 998 3417 1054; x_wconf 89' lang='lat' dir='ltr'><strong>translatus</strong></span> <span class='ocrx_word' id='word_1_368' title='bbox 3442 1009 3515 1056; x_wconf 89' lang='lat' dir='ltr'><strong>est</strong></span> <span class='ocrx_word' id='word_1_369' title='bbox 3541 1002 3585 1055; x_wconf 92' lang='lat' dir='ltr'><strong>in</strong></span> <span class='ocrx_word' id='word_1_370' title='bbox 3608 1003 3739 1059; x_wconf 68' lang='grc' dir='ltr'><strong>[ιθςὶἓί-</strong></span> 
     </span>
    </p>
   </div>
   <div class='ocr_carea' id='block_1_55' title="bbox 2243 1090 3738 1161">
    <p class='ocr_par' dir='ltr' id='par_1_55' title="bbox 2243 1090 3738 1161">
     <span class='ocr_line' id='line_1_55' title="bbox 2243 1090 3738 1161; baseline -0.001 -15"><span class='ocrx_word' id='word_1_371' title='bbox 2243 1108 2361 1146; x_wconf 91' lang='lat' dir='ltr'><strong>cam</strong></span> <span class='ocrx_word' id='word_1_372' title='bbox 2397 1092 2833 1147; x_wconf 88' lang='lat' dir='ltr'><strong>beatissimorum</strong></span> <span class='ocrx_word' id='word_1_373' title='bbox 2858 1097 3188 1159; x_wconf 81' lang='lat' dir='ltr'><strong>martyrum,</strong></span> <span class='ocrx_word' id='word_1_374' title='bbox 3219 1104 3380 1158; x_wconf 89' lang='lat' dir='ltr'><strong>quam</strong></span> <span class='ocrx_word' id='word_1_375' title='bbox 3412 1090 3532 1159; x_wconf 88' lang='lat' dir='ltr'><strong>ipse,</strong></span> <span class='ocrx_word' id='word_1_376' title='bbox 3561 1100 3607 1144; x_wconf 91' lang='lat' dir='ltr'><strong>ut</strong></span> <span class='ocrx_word' id='word_1_377' title='bbox 3628 1108 3738 1161; x_wconf 67' lang='lat' dir='ltr'><strong>supxu</strong></span> 
     </span>
    </p>
   </div>
   <div class='ocr_carea' id='block_1_56' title="bbox 2243 1179 3740 1250">
    <p class='ocr_par' dir='ltr' id='par_1_56' title="bbox 2243 1179 3740 1250">
     <span class='ocr_line' id='line_1_56' title="bbox 2243 1179 3740 1250; baseline -0.004 -14"><span class='ocrx_word' id='word_1_378' title='bbox 2243 1181 2497 1245; x_wconf 84' lang='lat' dir='ltr'><strong>diximus,</strong></span> <span class='ocrx_word' id='word_1_379' title='bbox 2521 1179 2780 1250; x_wconf 79' lang='lat' dir='ltr'><strong>condigne</strong></span> <span class='ocrx_word' id='word_1_380' title='bbox 2806 1194 2875 1233; x_wconf 80' lang='lat' dir='ltr'><strong>ex</strong></span> <span class='ocrx_word' id='word_1_381' title='bbox 2909 1195 3041 1233; x_wconf 91' lang='lat' dir='ltr'><strong>auro</strong></span> <span class='ocrx_word' id='word_1_382' title='bbox 3066 1187 3118 1233; x_wconf 90' lang='lat' dir='ltr'><strong>et</strong></span> <span class='ocrx_word' id='word_1_383' title='bbox 3151 1180 3378 1250; x_wconf 88' lang='lat' dir='ltr'><strong>gemmis</strong></span> <span class='ocrx_word' id='word_1_384' title='bbox 3405 1188 3455 1232; x_wconf 88' lang='lat' dir='ltr'><strong>et</strong></span> <span class='ocrx_word' id='word_1_385' title='bbox 3481 1181 3633 1235; x_wconf 87' lang='lat' dir='ltr'><strong>multis</strong></span> <span class='ocrx_word' id='word_1_386' title='bbox 3653 1191 3740 1249; x_wconf 75' lang='lat' dir='ltr'><strong>pie-</strong></span> 
     </span>
    </p>
   </div>
   <div class='ocr_carea' id='block_1_57' title="bbox 2246 1271 3738 1341">
    <p class='ocr_par' dir='ltr' id='par_1_57' title="bbox 2246 1271 3738 1341">
     <span class='ocr_line' id='line_1_57' title="bbox 2246 1271 3738 1341; baseline -0.001 -14"><span class='ocrx_word' id='word_1_387' title='bbox 2246 1272 2549 1327; x_wconf 87' lang='lat' dir='ltr'><strong>tiosissimis</strong></span> <span class='ocrx_word' id='word_1_388' title='bbox 2588 1272 2867 1341; x_wconf 90' lang='lat' dir='ltr'><strong>speciebus</strong></span> <span class='ocrx_word' id='word_1_389' title='bbox 2905 1279 3216 1335; x_wconf 87' lang='lat' dir='ltr'><strong>ornaverat,</strong></span> <span class='ocrx_word' id='word_1_390' title='bbox 3259 1279 3315 1324; x_wconf 88' lang='lat' dir='ltr'><strong>et</strong></span> <span class='ocrx_word' id='word_1_391' title='bbox 3339 1271 3577 1341; x_wconf 73' lang='lat' dir='ltr'><strong>condigne</strong></span> <span class='ocrx_word' id='word_1_392' title='bbox 3607 1272 3738 1326; x_wconf 83' lang='lat' dir='ltr'><strong>incir-</strong></span> 
     </span>
    </p>
   </div>
   <div class='ocr_carea' id='block_1_58' title="bbox 2246 1359 3741 1431">
    <p class='ocr_par' dir='ltr' id='par_1_58' title="bbox 2246 1359 3741 1431">
     <span class='ocr_line' id='line_1_58' title="bbox 2246 1359 3741 1431; baseline -0.001 -13"><span class='ocrx_word' id='word_1_393' title='bbox 2246 1364 2390 1418; x_wconf 90' lang='lat' dir='ltr'><strong>cuitu</strong></span> <span class='ocrx_word' id='word_1_394' title='bbox 2420 1363 2682 1419; x_wconf 86' lang='lat' dir='ltr'><strong>fabricare</strong></span> <span class='ocrx_word' id='word_1_395' title='bbox 2705 1370 3052 1431; x_wconf 69' lang='lat' dir='ltr'><strong>praeceperat,</strong></span> <span class='ocrx_word' id='word_1_396' title='bbox 3077 1370 3245 1430; x_wconf 91' lang='lat' dir='ltr'><strong>atque</strong></span> <span class='ocrx_word' id='word_1_397' title='bbox 3262 1359 3411 1429; x_wconf 80' lang='lat' dir='ltr'><strong>juxta</strong></span> <span class='ocrx_word' id='word_1_398' title='bbox 3435 1378 3594 1417; x_wconf 85' lang='lat' dir='ltr'><strong>eorum</strong></span> <span class='ocrx_word' id='word_1_399' title='bbox 3615 1372 3741 1417; x_wconf 88' lang='lat' dir='ltr'><strong>tumu-</strong></span> 
     </span>
    </p>
   </div>
   <div class='ocr_carea' id='block_1_59' title="bbox 2246 1452 3740 1521">
    <p class='ocr_par' dir='ltr' id='par_1_59' title="bbox 2246 1452 3740 1521">
     <span class='ocr_line' id='line_1_59' title="bbox 2246 1452 3740 1521; baseline 0.001 -13"><span class='ocrx_word' id='word_1_400' title='bbox 2246 1455 2355 1508; x_wconf 89' lang='lat' dir='ltr'><strong>lum</strong></span> <span class='ocrx_word' id='word_1_401' title='bbox 2391 1454 2445 1510; x_wconf 92' lang='lat' dir='ltr'><strong>in</strong></span> <span class='ocrx_word' id='word_1_402' title='bbox 2470 1454 2659 1508; x_wconf 84' lang='lat' dir='ltr'><strong>dextro</strong></span> <span class='ocrx_word' id='word_1_403' title='bbox 2682 1453 2847 1507; x_wconf 90' lang='lat' dir='ltr'><strong>latere</strong></span> <span class='ocrx_word' id='word_1_404' title='bbox 2872 1453 3078 1507; x_wconf 92' lang='lat' dir='ltr'><strong>honore</strong></span> <span class='ocrx_word' id='word_1_405' title='bbox 3105 1452 3300 1507; x_wconf 91' lang='lat' dir='ltr'><strong>merito</strong></span> <span class='ocrx_word' id='word_1_406' title='bbox 3343 1454 3575 1521; x_wconf 90' lang='lat' dir='ltr'><strong>sepultus.</strong></span> <span class='ocrx_word' id='word_1_407' title='bbox 3608 1454 3740 1509; x_wconf 73' lang='lat' dir='ltr'><strong>Tanta!</strong></span> 
     </span>
    </p>
   </div>
   <div class='ocr_carea' id='block_1_60' title="bbox 2247 1539 3739 1620">
    <p class='ocr_par' dir='ltr' id='par_1_60' title="bbox 2247 1539 3739 1620">
     <span class='ocr_line' id='line_1_60' title="bbox 2247 1539 3739 1620; baseline -0.001 -14"><span class='ocrx_word' id='word_1_408' title='bbox 2247 1539 2374 1606; x_wconf 66' lang='lat' dir='ltr'><strong>vero</strong></span> <span class='ocrx_word' id='word_1_409' title='bbox 2398 1566 2526 1620; x_wconf 90' lang='lat' dir='ltr'><strong>opes</strong></span> <span class='ocrx_word' id='word_1_410' title='bbox 2565 1551 2632 1605; x_wconf 91' lang='lat' dir='ltr'><strong>ab</strong></span> <span class='ocrx_word' id='word_1_411' title='bbox 2662 1550 2848 1605; x_wconf 91' lang='lat' dir='ltr'><strong>eodem</strong></span> <span class='ocrx_word' id='word_1_412' title='bbox 2889 1557 2942 1604; x_wconf 90' lang='lat' dir='ltr'><strong>et</strong></span> <span class='ocrx_word' id='word_1_413' title='bbox 2981 1548 3122 1602; x_wconf 69' lang='lat' dir='ltr'><strong>villa:</strong></span> <span class='ocrx_word' id='word_1_414' title='bbox 3162 1563 3229 1603; x_wconf 90' lang='lat' dir='ltr'><strong>ac</strong></span> <span class='ocrx_word' id='word_1_415' title='bbox 3256 1549 3590 1617; x_wconf 83' lang='lat' dir='ltr'><strong>possessiones</strong></span> <span class='ocrx_word' id='word_1_416' title='bbox 3611 1550 3739 1605; x_wconf 72' lang='lat' dir='ltr'><strong>mullt!</strong></span> 
     </span>
    </p>
   </div>
   <div class='ocr_carea' id='block_1_61' title="bbox 2250 1637 3738 1710">
    <p class='ocr_par' dir='ltr' id='par_1_61' title="bbox 2250 1637 3738 1710">
     <span class='ocr_line' id='line_1_61' title="bbox 2250 1637 3738 1710; baseline -0.003 -16"><span class='ocrx_word' id='word_1_417' title='bbox 2250 1656 2344 1710; x_wconf 64' lang='lat' dir='ltr'><strong>per</strong></span> <span class='ocrx_word' id='word_1_418' title='bbox 2371 1640 2600 1708; x_wconf 89' lang='lat' dir='ltr'><strong>plurima</strong></span> <span class='ocrx_word' id='word_1_419' title='bbox 2639 1638 2755 1693; x_wconf 91' lang='lat' dir='ltr'><strong>loca</strong></span> <span class='ocrx_word' id='word_1_420' title='bbox 2795 1638 2869 1693; x_wconf 89' lang='lat' dir='ltr'><strong>ibi</strong></span> <span class='ocrx_word' id='word_1_421' title='bbox 2907 1637 3119 1693; x_wconf 81' lang='lat' dir='ltr'><strong>fuerant</strong></span> <span class='ocrx_word' id='word_1_422' title='bbox 3157 1637 3385 1704; x_wconf 74' lang='lat' dir='ltr'><strong>collatae,</strong></span> <span class='ocrx_word' id='word_1_423' title='bbox 3428 1638 3653 1706; x_wconf 80' lang='lat' dir='ltr'><strong>etiamque</strong></span> <span class='ocrx_word' id='word_1_424' title='bbox 3680 1638 3738 1691; x_wconf 70' lang='lat' dir='ltr'><strong>hic</strong></span> 
     </span>
    </p>
   </div>
   <div class='ocr_carea' id='block_1_62' title="bbox 2181 1725 3730 1810">
    <p class='ocr_par' dir='ltr' id='par_1_62' title="bbox 2181 1725 3730 1810">
     <span class='ocr_line' id='line_1_62' title="bbox 2181 1725 3730 1810; baseline -0.001 -28"><span class='ocrx_word' id='word_1_425' title='bbox 2181 1751 2226 1810; x_wconf 65' lang='grc' dir='ltr'><strong>Β</strong></span> <span class='ocrx_word' id='word_1_426' title='bbox 2254 1729 2472 1783; x_wconf 89' lang='lat' dir='ltr'><strong>minime</strong></span> <span class='ocrx_word' id='word_1_427' title='bbox 2491 1728 2560 1783; x_wconf 92' lang='lat' dir='ltr'><strong>ob</strong></span> <span class='ocrx_word' id='word_1_428' title='bbox 2586 1726 2877 1792; x_wconf 89' lang='lat' dir='ltr'><strong>fastidium,</strong></span> <span class='ocrx_word' id='word_1_429' title='bbox 2899 1735 2959 1781; x_wconf 91' lang='lat' dir='ltr'><strong>ut</strong></span> <span class='ocrx_word' id='word_1_430' title='bbox 2975 1725 3090 1795; x_wconf 91' lang='lat' dir='ltr'><strong>jam</strong></span> <span class='ocrx_word' id='word_1_431' title='bbox 3115 1726 3249 1793; x_wconf 87' lang='lat' dir='ltr'><strong>dixi,</strong></span> <span class='ocrx_word' id='word_1_432' title='bbox 3276 1730 3595 1795; x_wconf 89' lang='lat' dir='ltr'><strong>quorumdam</strong></span> <span class='ocrx_word' id='word_1_433' title='bbox 3615 1729 3730 1781; x_wconf 67' lang='lat' dir='ltr'><strong>vitae</strong></span> 
     </span>
    </p>
   </div>
   <div class='ocr_carea' id='block_1_63' title="bbox 2257 1817 3739 1887">
    <p class='ocr_par' dir='ltr' id='par_1_63' title="bbox 2257 1817 3739 1887">
     <span class='ocr_line' id='line_1_63' title="bbox 2257 1817 3739 1887; baseline 0 -15"><span class='ocrx_word' id='word_1_434' title='bbox 2257 1818 2384 1872; x_wconf 91' lang='lat' dir='ltr'><strong>dum</strong></span> <span class='ocrx_word' id='word_1_435' title='bbox 2410 1825 2775 1883; x_wconf 87' lang='lat' dir='ltr'><strong>recensentur,</strong></span> <span class='ocrx_word' id='word_1_436' title='bbox 2815 1825 2876 1872; x_wconf 89' lang='lat' dir='ltr'><strong>ut</strong></span> <span class='ocrx_word' id='word_1_437' title='bbox 2917 1818 3187 1887; x_wconf 77' lang='lat' dir='ltr'><strong>hodieque</strong></span> <span class='ocrx_word' id='word_1_438' title='bbox 3223 1817 3429 1873; x_wconf 89' lang='lat' dir='ltr'><strong>devotio</strong></span> <span class='ocrx_word' id='word_1_439' title='bbox 3464 1818 3601 1871; x_wconf 87' lang='lat' dir='ltr'><strong>animi</strong></span> <span class='ocrx_word' id='word_1_440' title='bbox 3623 1817 3739 1885; x_wconf 82' lang='lat' dir='ltr'><strong>ipsius</strong></span> 
     </span>
    </p>
   </div>
   <div class='ocr_carea' id='block_1_64' title="bbox 2258 1907 3729 1980">
    <p class='ocr_par' dir='ltr' id='par_1_64' title="bbox 2258 1907 3729 1980">
     <span class='ocr_line' id='line_1_64' title="bbox 2258 1907 3729 1980; baseline 0 -17"><span class='ocrx_word' id='word_1_441' title='bbox 2258 1910 2486 1964; x_wconf 89' lang='lat' dir='ltr'><strong>miretur</strong></span> <span class='ocrx_word' id='word_1_442' title='bbox 2508 1926 2539 1964; x_wconf 92' lang='lat' dir='ltr'><strong>a</strong></span> <span class='ocrx_word' id='word_1_443' title='bbox 2563 1909 2826 1980; x_wconf 90' lang='lat' dir='ltr'><strong>pluribus.</strong></span> <span class='ocrx_word' id='word_1_444' title='bbox 2864 1907 3123 1964; x_wconf 86' lang='lat' dir='ltr'><strong>Ordinem</strong></span> <span class='ocrx_word' id='word_1_445' title='bbox 3152 1917 3330 1964; x_wconf 88' lang='lat' dir='ltr'><strong>autem</strong></span> <span class='ocrx_word' id='word_1_446' title='bbox 3362 1908 3649 1979; x_wconf 86' lang='lat' dir='ltr'><strong>psallentium</strong></span> <span class='ocrx_word' id='word_1_447' title='bbox 3671 1910 3729 1965; x_wconf 79' lang='lat' dir='ltr'><strong>ili-</strong></span> 
     </span>
    </p>
   </div>
   <div class='ocr_carea' id='block_1_65' title="bbox 2257 1996 3737 2068">
    <p class='ocr_par' dir='ltr' id='par_1_65' title="bbox 2257 1996 3737 2068">
     <span class='ocr_line' id='line_1_65' title="bbox 2257 1996 3737 2068; baseline -0.003 -15"><span class='ocrx_word' id='word_1_448' title='bbox 2257 1999 2378 2054; x_wconf 91' lang='lat' dir='ltr'><strong>dem</strong></span> <span class='ocrx_word' id='word_1_449' title='bbox 2420 1999 2489 2054; x_wconf 89' lang='lat' dir='ltr'><strong>ad</strong></span> <span class='ocrx_word' id='word_1_450' title='bbox 2531 1998 2702 2053; x_wconf 90' lang='lat' dir='ltr'><strong>instar</strong></span> <span class='ocrx_word' id='word_1_451' title='bbox 2770 1997 3082 2053; x_wconf 88' lang='lat' dir='ltr'><strong>monasterii</strong></span> <span class='ocrx_word' id='word_1_452' title='bbox 3127 1996 3512 2068; x_wconf 86' lang='lat' dir='ltr'><strong>Agaunensium</strong></span> <span class='ocrx_word' id='word_1_453' title='bbox 3542 2006 3586 2050; x_wconf 88' lang='lat' dir='ltr'><strong>et</strong></span> <span class='ocrx_word' id='word_1_454' title='bbox 3617 1996 3737 2050; x_wconf 82' lang='lat' dir='ltr'><strong>sancti</strong></span> 
     </span>
    </p>
   </div>
   <div class='ocr_carea' id='block_1_66' title="bbox 2258 2088 3736 2156">
    <p class='ocr_par' dir='ltr' id='par_1_66' title="bbox 2258 2088 3736 2156">
     <span class='ocr_line' id='line_1_66' title="bbox 2258 2088 3736 2156; baseline -0.002 -12"><span class='ocrx_word' id='word_1_455' title='bbox 2258 2089 2470 2151; x_wconf 85' lang='lat' dir='ltr'><strong>Martini</strong></span> <span class='ocrx_word' id='word_1_456' title='bbox 2516 2089 2744 2144; x_wconf 88' lang='lat' dir='ltr'><strong>Turonis</strong></span> <span class='ocrx_word' id='word_1_457' title='bbox 2796 2089 3102 2144; x_wconf 88' lang='lat' dir='ltr'><strong>instituerat</strong></span> <span class='ocrx_word' id='word_1_458' title='bbox 3125 2131 3141 2156; x_wconf 94' lang='lat'><strong>,</strong></span> <span class='ocrx_word' id='word_1_459' title='bbox 3196 2091 3290 2145; x_wconf 92' lang='lat' dir='ltr'><strong>sed</strong></span> <span class='ocrx_word' id='word_1_460' title='bbox 3341 2088 3548 2144; x_wconf 85' lang='lat' dir='ltr'><strong>facilitas</strong></span> <span class='ocrx_word' id='word_1_461' title='bbox 3585 2089 3736 2143; x_wconf 81' lang='lat' dir='ltr'><strong>abbatis</strong></span> 
     </span>
    </p>
   </div>
   <div class='ocr_carea' id='block_1_67' title="bbox 2255 2178 3732 2254">
    <p class='ocr_par' dir='ltr' id='par_1_67' title="bbox 2255 2178 3732 2254">
     <span class='ocr_line' id='line_1_67' title="bbox 2255 2178 3732 2254; baseline -0.003 -18"><span class='ocrx_word' id='word_1_462' title='bbox 2255 2181 2447 2252; x_wconf 81' lang='lat' dir='ltr'><strong>Agiulﬁ</strong></span> <span class='ocrx_word' id='word_1_463' title='bbox 2474 2178 2749 2254; x_wconf 88' lang='lat' dir='ltr'><strong>[Haigulﬁ]</strong></span> <span class='ocrx_word' id='word_1_464' title='bbox 2774 2179 3015 2236; x_wconf 89' lang='lat' dir='ltr'><strong>eamdem</strong></span> <span class='ocrx_word' id='word_1_465' title='bbox 3050 2181 3438 2237; x_wconf 87' lang='lat' dir='ltr'><strong>institutionem</strong></span> <span class='ocrx_word' id='word_1_466' title='bbox 3462 2182 3658 2235; x_wconf 82' lang='lat' dir='ltr'><strong>noscitur</strong></span> <span class='ocrx_word' id='word_1_467' title='bbox 3681 2194 3732 2232; x_wconf 85' lang='lat' dir='ltr'><strong>re-</strong></span> 
     </span>
    </p>
   </div>
   <div class='ocr_carea' id='block_1_68' title="bbox 2256 2271 2513 2343">
    <p class='ocr_par' dir='ltr' id='par_1_68' title="bbox 2256 2271 2513 2343">
     <span class='ocr_line' id='line_1_68' title="bbox 2256 2271 2513 2343; baseline 0 -19"><span class='ocrx_word' id='word_1_468' title='bbox 2256 2271 2513 2343; x_wconf 87' lang='lat' dir='ltr'><strong>fragasse.</strong></span> 
     </span>
    </p>
   </div>
   <div class='ocr_carea' id='block_1_69' title="bbox 2256 2357 3735 2429">
    <p class='ocr_par' dir='ltr' id='par_1_69' title="bbox 2256 2357 3735 2429">
     <span class='ocr_line' id='line_1_69' title="bbox 2256 2357 3735 2429; baseline -0.003 -15"><span class='ocrx_word' id='word_1_469' title='bbox 2256 2359 2383 2414; x_wconf 79' lang='lat' dir='ltr'><strong>CAP.</strong></span> <span class='ocrx_word' id='word_1_470' title='bbox 2426 2359 2606 2415; x_wconf 75' lang='lat' dir='ltr'><strong>XLIV.</strong></span> <span class='ocrx_word' id='word_1_471' title='bbox 2645 2390 2715 2401; x_wconf 91' lang='lat'><strong>——</strong></span> <span class='ocrx_word' id='word_1_472' title='bbox 2758 2358 2832 2413; x_wconf 88' lang='lat' dir='ltr'><strong>De</strong></span> <span class='ocrx_word' id='word_1_473' title='bbox 2874 2358 3132 2429; x_wconf 87' lang='lat' dir='ltr'><strong>legatione</strong></span> <span class='ocrx_word' id='word_1_474' title='bbox 3176 2360 3389 2414; x_wconf 84' lang='lat' dir='ltr'><strong>Ansaldi</strong></span> <span class='ocrx_word' id='word_1_475' title='bbox 3428 2370 3471 2413; x_wconf 85' lang='lat' dir='ltr'><strong>et</strong></span> <span class='ocrx_word' id='word_1_476' title='bbox 3506 2357 3735 2429; x_wconf 65' lang='lat' dir='ltr'><strong>reuelatione</strong></span> 
     </span>
    </p>
   </div>
   <div class='ocr_carea' id='block_1_70' title="bbox 2324 2427 3734 2500">
    <p class='ocr_par' dir='ltr' id='par_1_70' title="bbox 2324 2427 3734 2500">
     <span class='ocr_line' id='line_1_70' title="bbox 2324 2427 3734 2500; baseline -0.002 -18"><span class='ocrx_word' id='word_1_477' title='bbox 2324 2429 2597 2500; x_wconf 76' lang='lat' dir='ltr'><strong>cujusdam</strong></span> <span class='ocrx_word' id='word_1_478' title='bbox 2634 2430 2765 2500; x_wconf 65' lang='lat' dir='ltr'><strong>servi</strong></span> <span class='ocrx_word' id='word_1_479' title='bbox 2804 2429 2900 2500; x_wconf 69' lang='lat' dir='ltr'><strong>Dei</strong></span> <span class='ocrx_word' id='word_1_480' title='bbox 2924 2427 3172 2500; x_wconf 40' lang='lat' dir='ltr'><strong>‘qualiter</strong></span> <span class='ocrx_word' id='word_1_481' title='bbox 3208 2431 3430 2484; x_wconf 85' lang='lat' dir='ltr'><strong>animam</strong></span> <span class='ocrx_word' id='word_1_482' title='bbox 3468 2429 3580 2499; x_wconf 81' lang='lat' dir='ltr'><strong>regis</strong></span> <span class='ocrx_word' id='word_1_483' title='bbox 3611 2427 3734 2496; x_wconf 73' lang='lat' dir='ltr'><strong>Dago-</strong></span> 
     </span>
    </p>
   </div>
   <div class='ocr_carea' id='block_1_71' title="bbox 2326 2498 3155 2553">
    <p class='ocr_par' dir='ltr' id='par_1_71' title="bbox 2326 2498 3155 2553">
     <span class='ocr_line' id='line_1_71' title="bbox 2326 2498 3155 2553; baseline 0.001 -1"><span class='ocrx_word' id='word_1_484' title='bbox 2326 2498 2453 2553; x_wconf 82' lang='lat' dir='ltr'><strong>berti</strong></span> <span class='ocrx_word' id='word_1_485' title='bbox 2481 2500 2647 2553; x_wconf 79' lang='lat' dir='ltr'><strong>sancti</strong></span> <span class='ocrx_word' id='word_1_486' title='bbox 2673 2498 2770 2553; x_wconf 86' lang='lat' dir='ltr'><strong>Dei</strong></span> <span class='ocrx_word' id='word_1_487' title='bbox 2801 2498 3155 2553; x_wconf 70' lang='lat' dir='ltr'><strong>liberdverin&#39;l.</strong></span> 
     </span>
    </p>
   </div>
   <div class='ocr_carea' id='block_1_72' title="bbox 2325 2585 3732 2660">
    <p class='ocr_par' dir='ltr' id='par_1_72' title="bbox 2325 2585 3732 2660">
     <span class='ocr_line' id='line_1_72' title="bbox 2325 2585 3732 2660; baseline -0.004 -16"><span class='ocrx_word' id='word_1_488' title='bbox 2325 2589 2666 2660; x_wconf 90' lang='lat' dir='ltr'><strong>Legationem</strong></span> <span class='ocrx_word' id='word_1_489' title='bbox 2693 2596 2807 2643; x_wconf 90' lang='lat' dir='ltr'><strong>tum</strong></span> <span class='ocrx_word' id='word_1_490' title='bbox 2829 2586 2975 2643; x_wconf 86' lang='lat' dir='ltr'><strong>forte</strong></span> <span class='ocrx_word' id='word_1_491' title='bbox 3010 2587 3239 2644; x_wconf 87' lang='lat' dir='ltr'><strong>illustris</strong></span> <span class='ocrx_word' id='word_1_492' title='bbox 3260 2587 3493 2645; x_wconf 85' lang='lat' dir='ltr'><strong>defensor</strong></span> <span class='ocrx_word' id='word_1_493' title='bbox 3512 2585 3732 2641; x_wconf 66' lang='lat' dir='ltr'><strong>Pictavien-</strong></span> 
     </span>
    </p>
   </div>
   <div class='ocr_carea' id='block_1_73' title="bbox 2257 2673 3731 2749">
    <p class='ocr_par' dir='ltr' id='par_1_73' title="bbox 2257 2673 3731 2749">
     <span class='ocr_line' id='line_1_73' title="bbox 2257 2673 3731 2749; baseline -0.007 -14"><span class='ocrx_word' id='word_1_494' title='bbox 2257 2679 2333 2735; x_wconf 89' lang='lat' dir='ltr'><strong>sis</strong></span> <span class='ocrx_word' id='word_1_495' title='bbox 2360 2678 2617 2734; x_wconf 73' lang='lat' dir='ltr'><strong>Ecclesiae</strong></span> <span class='ocrx_word' id='word_1_496' title='bbox 2642 2677 2942 2734; x_wconf 86' lang='lat' dir='ltr'><strong>Ansoaldus</strong></span> <span class='ocrx_word' id='word_1_497' title='bbox 2970 2679 3025 2733; x_wconf 91' lang='lat' dir='ltr'><strong>in</strong></span> <span class='ocrx_word' id='word_1_498' title='bbox 3064 2687 3250 2749; x_wconf 87' lang='lat' dir='ltr'><strong>partes</strong></span> <span class='ocrx_word' id='word_1_499' title='bbox 3283 2677 3467 2733; x_wconf 58' lang='lat' dir='ltr'><strong>Sicilia</strong></span> <span class='ocrx_word' id='word_1_500' title='bbox 3493 2676 3659 2746; x_wconf 81' lang='lat' dir='ltr'><strong>agebat.</strong></span> <span class='ocrx_word' id='word_1_501' title='bbox 3680 2673 3731 2725; x_wconf 78' lang='lat' dir='ltr'><strong>Ea</strong></span> 
     </span>
    </p>
   </div>
   <div class='ocr_carea' id='block_1_74' title="bbox 2254 2761 3732 2842">
    <p class='ocr_par' dir='ltr' id='par_1_74' title="bbox 2254 2761 3732 2842">
     <span class='ocr_line' id='line_1_74' title="bbox 2254 2761 3732 2842; baseline -0.01 -15"><span class='ocrx_word' id='word_1_502' title='bbox 2254 2777 2493 2842; x_wconf 88' lang='lat' dir='ltr'><strong>peracta,</strong></span> <span class='ocrx_word' id='word_1_503' title='bbox 2533 2784 2655 2825; x_wconf 91' lang='lat' dir='ltr'><strong>cum</strong></span> <span class='ocrx_word' id='word_1_504' title='bbox 2692 2768 2867 2824; x_wconf 87' lang='lat' dir='ltr'><strong>navali</strong></span> <span class='ocrx_word' id='word_1_505' title='bbox 2895 2777 3262 2824; x_wconf 82' lang='lat' dir='ltr'><strong>reverteretur</strong></span> <span class='ocrx_word' id='word_1_506' title='bbox 3287 2767 3521 2831; x_wconf 87' lang='lat' dir='ltr'><strong>subsidio,</strong></span> <span class='ocrx_word' id='word_1_507' title='bbox 3548 2761 3732 2834; x_wconf 86' lang='lat' dir='ltr'><strong>applicuit</strong></span> 
     </span>
    </p>
   </div>
   <div class='ocr_carea' id='block_1_75' title="bbox 2257 2852 3731 2932">
    <p class='ocr_par' dir='ltr' id='par_1_75' title="bbox 2257 2852 3731 2932">
     <span class='ocr_line' id='line_1_75' title="bbox 2257 2852 3731 2932; baseline -0.007 -14"><span class='ocrx_word' id='word_1_508' title='bbox 2257 2862 2326 2918; x_wconf 89' lang='lat' dir='ltr'><strong>ad</strong></span> <span class='ocrx_word' id='word_1_509' title='bbox 2354 2861 2640 2932; x_wconf 89' lang='lat' dir='ltr'><strong>quamdam</strong></span> <span class='ocrx_word' id='word_1_510' title='bbox 2676 2862 2894 2916; x_wconf 88' lang='lat' dir='ltr'><strong>brevem</strong></span> <span class='ocrx_word' id='word_1_511' title='bbox 2931 2859 3188 2928; x_wconf 89' lang='lat' dir='ltr'><strong>insulam,</strong></span> <span class='ocrx_word' id='word_1_512' title='bbox 3229 2861 3284 2916; x_wconf 92' lang='lat' dir='ltr'><strong>in</strong></span> <span class='ocrx_word' id='word_1_513' title='bbox 3316 2875 3415 2931; x_wconf 90' lang='lat' dir='ltr'><strong>qua</strong></span> <span class='ocrx_word' id='word_1_514' title='bbox 3451 2852 3731 2913; x_wconf 72' lang='lat' dir='ltr'><strong>reverentissi-</strong></span> 
     </span>
    </p>
   </div>
   <div class='ocr_carea' id='block_1_76' title="bbox 2258 2945 3732 3021">
    <p class='ocr_par' dir='ltr' id='par_1_76' title="bbox 2258 2945 3732 3021">
     <span class='ocr_line' id='line_1_76' title="bbox 2258 2945 3732 3021; baseline -0.007 -14"><span class='ocrx_word' id='word_1_515' title='bbox 2258 2967 2380 3007; x_wconf 89' lang='lat' dir='ltr'><strong>mus</strong></span> <span class='ocrx_word' id='word_1_516' title='bbox 2404 2952 2620 3021; x_wconf 87' lang='lat' dir='ltr'><strong>quidam</strong></span> <span class='ocrx_word' id='word_1_517' title='bbox 2649 2965 2809 3005; x_wconf 80' lang='lat' dir='ltr'><strong>senex</strong></span> <span class='ocrx_word' id='word_1_518' title='bbox 2827 2990 2842 3015; x_wconf 91' lang='lat'><strong>,</strong></span> <span class='ocrx_word' id='word_1_519' title='bbox 2874 2951 2960 3005; x_wconf 90' lang='lat' dir='ltr'><strong>cui</strong></span> <span class='ocrx_word' id='word_1_520' title='bbox 2988 2965 3189 3007; x_wconf 90' lang='lat' dir='ltr'><strong>nomen</strong></span> <span class='ocrx_word' id='word_1_521' title='bbox 3211 2958 3326 3006; x_wconf 86' lang='lat' dir='ltr'><strong>erat</strong></span> <span class='ocrx_word' id='word_1_522' title='bbox 3348 2948 3579 3013; x_wconf 76' lang='lat' dir='ltr'><strong>Joannes,</strong></span> <span class='ocrx_word' id='word_1_523' title='bbox 3607 2945 3732 3000; x_wconf 77' lang='lat' dir='ltr'><strong>solita-</strong></span> 
     </span>
    </p>
   </div>
   <div class='ocr_carea' id='block_1_77' title="bbox 2184 3036 3729 3133">
    <p class='ocr_par' dir='ltr' id='par_1_77' title="bbox 2184 3036 3729 3133">
     <span class='ocr_line' id='line_1_77' title="bbox 2184 3036 3729 3133; baseline 0 -36"><span class='ocrx_word' id='word_1_524' title='bbox 2184 3072 2231 3133; x_wconf 62' lang='grc' dir='ltr'><strong>ϐ</strong></span> <span class='ocrx_word' id='word_1_525' title='bbox 2261 3043 2394 3098; x_wconf 89' lang='lat' dir='ltr'><strong>riam</strong></span> <span class='ocrx_word' id='word_1_526' title='bbox 2421 3043 2649 3098; x_wconf 84' lang='lat' dir='ltr'><strong>ducebat</strong></span> <span class='ocrx_word' id='word_1_527' title='bbox 2673 3042 2870 3107; x_wconf 84' lang='lat' dir='ltr'><strong>vitam;</strong></span> <span class='ocrx_word' id='word_1_528' title='bbox 2905 3042 2974 3096; x_wconf 89' lang='lat' dir='ltr'><strong>ad</strong></span> <span class='ocrx_word' id='word_1_529' title='bbox 3003 3056 3168 3111; x_wconf 89' lang='lat' dir='ltr'><strong>quem</strong></span> <span class='ocrx_word' id='word_1_530' title='bbox 3206 3056 3351 3097; x_wconf 89' lang='lat' dir='ltr'><strong>mare</strong></span> <span class='ocrx_word' id='word_1_531' title='bbox 3388 3036 3729 3097; x_wconf 73' lang='lat' dir='ltr'><strong>commeantium.</strong></span> 
     </span>
    </p>
   </div>
   <div class='ocr_carea' id='block_1_78' title="bbox 2262 3125 3731 3202">
    <p class='ocr_par' dir='ltr' id='par_1_78' title="bbox 2262 3125 3731 3202">
     <span class='ocr_line' id='line_1_78' title="bbox 2262 3125 3731 3202; baseline -0.007 -15"><span class='ocrx_word' id='word_1_532' title='bbox 2262 3141 2320 3187; x_wconf 91' lang='lat' dir='ltr'><strong>ut</strong></span> <span class='ocrx_word' id='word_1_533' title='bbox 2352 3133 2611 3187; x_wconf 89' lang='lat' dir='ltr'><strong>orationis</strong></span> <span class='ocrx_word' id='word_1_534' title='bbox 2633 3130 2748 3200; x_wconf 84' lang='lat' dir='ltr'><strong>ejus</strong></span> <span class='ocrx_word' id='word_1_535' title='bbox 2771 3130 3087 3186; x_wconf 89' lang='lat' dir='ltr'><strong>fulcirentur</strong></span> <span class='ocrx_word' id='word_1_536' title='bbox 3112 3133 3323 3197; x_wconf 91' lang='lat' dir='ltr'><strong>solatio,</strong></span> <span class='ocrx_word' id='word_1_537' title='bbox 3348 3131 3540 3202; x_wconf 88' lang='lat' dir='ltr'><strong>plurimi</strong></span> <span class='ocrx_word' id='word_1_538' title='bbox 3563 3125 3731 3182; x_wconf 79' lang='lat' dir='ltr'><strong>ventita-</strong></span> 
     </span>
    </p>
   </div>
   <div class='ocr_carea' id='block_1_79' title="bbox 2256 3212 3725 3292">
    <p class='ocr_par' dir='ltr' id='par_1_79' title="bbox 2256 3212 3725 3292">
     <span class='ocr_line' id='line_1_79' title="bbox 2256 3212 3725 3292; baseline -0.005 -15"><span class='ocrx_word' id='word_1_539' title='bbox 2256 3222 2404 3278; x_wconf 91' lang='lat' dir='ltr'><strong>bant.</strong></span> <span class='ocrx_word' id='word_1_540' title='bbox 2433 3222 2489 3275; x_wconf 92' lang='lat' dir='ltr'><strong>In</strong></span> <span class='ocrx_word' id='word_1_541' title='bbox 2519 3223 2655 3277; x_wconf 92' lang='lat' dir='ltr'><strong>hanc</strong></span> <span class='ocrx_word' id='word_1_542' title='bbox 2675 3236 2805 3292; x_wconf 90' lang='lat' dir='ltr'><strong>ergo</strong></span> <span class='ocrx_word' id='word_1_543' title='bbox 2829 3221 3057 3276; x_wconf 90' lang='lat' dir='ltr'><strong>insulam</strong></span> <span class='ocrx_word' id='word_1_544' title='bbox 3084 3223 3224 3278; x_wconf 86' lang='lat' dir='ltr'><strong>tanti</strong></span> <span class='ocrx_word' id='word_1_545' title='bbox 3253 3222 3348 3276; x_wconf 89' lang='lat' dir='ltr'><strong>viri</strong></span> <span class='ocrx_word' id='word_1_546' title='bbox 3372 3218 3555 3276; x_wconf 87' lang='lat' dir='ltr'><strong>meritis</strong></span> <span class='ocrx_word' id='word_1_547' title='bbox 3577 3212 3725 3271; x_wconf 83' lang='lat' dir='ltr'><strong>redimi-</strong></span> 
     </span>
    </p>
   </div>
   <div class='ocr_carea' id='block_1_80' title="bbox 2256 3302 3722 3383">
    <p class='ocr_par' dir='ltr' id='par_1_80' title="bbox 2256 3302 3722 3383">
     <span class='ocr_line' id='line_1_80' title="bbox 2256 3302 3722 3383; baseline -0.005 -16"><span class='ocrx_word' id='word_1_548' title='bbox 2256 3321 2366 3367; x_wconf 85' lang='lat' dir='ltr'><strong>tam</strong></span> <span class='ocrx_word' id='word_1_549' title='bbox 2393 3311 2645 3383; x_wconf 82' lang='lat' dir='ltr'><strong>appulsus</strong></span> <span class='ocrx_word' id='word_1_550' title='bbox 2673 3312 2854 3367; x_wconf 89' lang='lat' dir='ltr'><strong>divino</strong></span> <span class='ocrx_word' id='word_1_551' title='bbox 2892 3319 3023 3365; x_wconf 89' lang='lat' dir='ltr'><strong>nutu</strong></span> <span class='ocrx_word' id='word_1_552' title='bbox 3055 3312 3371 3376; x_wconf 86' lang='lat' dir='ltr'><strong>Ansoaldus,</strong></span> <span class='ocrx_word' id='word_1_553' title='bbox 3399 3312 3511 3365; x_wconf 90' lang='lat' dir='ltr'><strong>dum</strong></span> <span class='ocrx_word' id='word_1_554' title='bbox 3538 3307 3592 3363; x_wconf 88' lang='lat' dir='ltr'><strong>de</strong></span> <span class='ocrx_word' id='word_1_555' title='bbox 3618 3302 3722 3359; x_wconf 67' lang='lat' dir='ltr'><strong>erle</strong></span> 
     </span>
    </p>
   </div>
   <div class='ocr_carea' id='block_1_81' title="bbox 2257 3401 3728 3475">
    <p class='ocr_par' dir='ltr' id='par_1_81' title="bbox 2257 3401 3728 3475">
     <span class='ocr_line' id='line_1_81' title="bbox 2257 3401 3728 3475; baseline -0.005 -17"><span class='ocrx_word' id='word_1_556' title='bbox 2257 3405 2429 3459; x_wconf 74' lang='lat' dir='ltr'><strong>stibus</strong></span> <span class='ocrx_word' id='word_1_557' title='bbox 2454 3404 2662 3475; x_wconf 81' lang='lat' dir='ltr'><strong>gaudiis</strong></span> <span class='ocrx_word' id='word_1_558' title='bbox 2691 3419 2813 3459; x_wconf 91' lang='lat' dir='ltr'><strong>cum</strong></span> <span class='ocrx_word' id='word_1_559' title='bbox 2835 3419 2901 3460; x_wconf 89' lang='lat' dir='ltr'><strong>eo</strong></span> <span class='ocrx_word' id='word_1_560' title='bbox 2928 3404 3390 3468; x_wconf 86' lang='lat' dir='ltr'><strong>sermocinaretur,</strong></span> <span class='ocrx_word' id='word_1_561' title='bbox 3419 3401 3728 3468; x_wconf 82' lang='lat' dir='ltr'><strong>intermgatse-</strong></span> 
     </span>
    </p>
   </div>
   <div class='ocr_carea' id='block_1_82' title="bbox 2256 3484 3727 3566">
    <p class='ocr_par' dir='ltr' id='par_1_82' title="bbox 2256 3484 3727 3566">
     <span class='ocr_line' id='line_1_82' title="bbox 2256 3484 3727 3566; baseline -0.008 -17"><span class='ocrx_word' id='word_1_562' title='bbox 2256 3511 2357 3549; x_wconf 87' lang='lat' dir='ltr'><strong>nex</strong></span> <span class='ocrx_word' id='word_1_563' title='bbox 2392 3495 2532 3550; x_wconf 89' lang='lat' dir='ltr'><strong>unde</strong></span> <span class='ocrx_word' id='word_1_564' title='bbox 2560 3495 2643 3549; x_wconf 85' lang='lat' dir='ltr'><strong>vel</strong></span> <span class='ocrx_word' id='word_1_565' title='bbox 2682 3510 2780 3550; x_wconf 90' lang='lat' dir='ltr'><strong>cur</strong></span> <span class='ocrx_word' id='word_1_566' title='bbox 2811 3495 3064 3551; x_wconf 89' lang='lat' dir='ltr'><strong>venisset.</strong></span> <span class='ocrx_word' id='word_1_567' title='bbox 3104 3495 3273 3566; x_wconf 79' lang='lat' dir='ltr'><strong>Igitur</strong></span> <span class='ocrx_word' id='word_1_568' title='bbox 3298 3494 3492 3564; x_wconf 86' lang='lat' dir='ltr'><strong>cognito</strong></span> <span class='ocrx_word' id='word_1_569' title='bbox 3524 3488 3578 3543; x_wconf 86' lang='lat' dir='ltr'><strong>de</strong></span> <span class='ocrx_word' id='word_1_570' title='bbox 3596 3484 3727 3542; x_wconf 85' lang='lat' dir='ltr'><strong>Galliis</strong></span> 
     </span>
    </p>
   </div>
   <div class='ocr_carea' id='block_1_83' title="bbox 2256 3573 3725 3658">
    <p class='ocr_par' dir='ltr' id='par_1_83' title="bbox 2256 3573 3725 3658">
     <span class='ocr_line' id='line_1_83' title="bbox 2256 3573 3725 3658; baseline -0.007 -18"><span class='ocrx_word' id='word_1_571' title='bbox 2256 3600 2361 3655; x_wconf 89' lang='lat' dir='ltr'><strong>qua</strong></span> <span class='ocrx_word' id='word_1_572' title='bbox 2380 3587 2444 3640; x_wconf 86' lang='lat' dir='ltr'><strong>de</strong></span> <span class='ocrx_word' id='word_1_573' title='bbox 2464 3601 2629 3641; x_wconf 87' lang='lat' dir='ltr'><strong>causa</strong></span> <span class='ocrx_word' id='word_1_574' title='bbox 2647 3585 2848 3641; x_wconf 89' lang='lat' dir='ltr'><strong>missus</strong></span> <span class='ocrx_word' id='word_1_575' title='bbox 2871 3585 3077 3650; x_wconf 82' lang='lat' dir='ltr'><strong>fuisset,</strong></span> <span class='ocrx_word' id='word_1_576' title='bbox 3102 3595 3256 3658; x_wconf 89' lang='lat' dir='ltr'><strong>rogat</strong></span> <span class='ocrx_word' id='word_1_577' title='bbox 3278 3600 3429 3641; x_wconf 81' lang='lat' dir='ltr'><strong>senex</strong></span> <span class='ocrx_word' id='word_1_578' title='bbox 3447 3590 3499 3638; x_wconf 90' lang='lat' dir='ltr'><strong>ut</strong></span> <span class='ocrx_word' id='word_1_579' title='bbox 3515 3573 3725 3649; x_wconf 81' lang='lat' dir='ltr'><strong>Dagoberti</strong></span> 
     </span>
    </p>
   </div>
   <div class='ocr_carea' id='block_1_84' title="bbox 2256 3672 3723 3747">
    <p class='ocr_par' dir='ltr' id='par_1_84' title="bbox 2256 3672 3723 3747">
     <span class='ocr_line' id='line_1_84' title="bbox 2256 3672 3723 3747; baseline -0.004 -18"><span class='ocrx_word' id='word_1_580' title='bbox 2256 3676 2398 3747; x_wconf 87' lang='lat' dir='ltr'><strong>regis</strong></span> <span class='ocrx_word' id='word_1_581' title='bbox 2445 3676 2773 3731; x_wconf 88' lang='lat' dir='ltr'><strong>Francorum</strong></span> <span class='ocrx_word' id='word_1_582' title='bbox 2823 3677 2927 3732; x_wconf 89' lang='lat' dir='ltr'><strong>sibi</strong></span> <span class='ocrx_word' id='word_1_583' title='bbox 2968 3693 3151 3733; x_wconf 90' lang='lat' dir='ltr'><strong>mores</strong></span> <span class='ocrx_word' id='word_1_584' title='bbox 3192 3675 3509 3743; x_wconf 88' lang='lat' dir='ltr'><strong>studiumque</strong></span> <span class='ocrx_word' id='word_1_585' title='bbox 3539 3672 3723 3738; x_wconf 71' lang='lat' dir='ltr'><strong>exponat-</strong></span> 
     </span>
    </p>
   </div>
   <div class='ocr_carea' id='block_1_85' title="bbox 2257 3752 3725 3839">
    <p class='ocr_par' dir='ltr' id='par_1_85' title="bbox 2257 3752 3725 3839">
     <span class='ocr_line' id='line_1_85' title="bbox 2257 3752 3725 3839; baseline -0.005 -17"><span class='ocrx_word' id='word_1_586' title='bbox 2257 3768 2411 3836; x_wconf 87' lang='lat' dir='ltr'><strong>Quod</strong></span> <span class='ocrx_word' id='word_1_587' title='bbox 2432 3783 2555 3823; x_wconf 90' lang='lat' dir='ltr'><strong>cum</strong></span> <span class='ocrx_word' id='word_1_588' title='bbox 2587 3768 2676 3822; x_wconf 84' lang='lat' dir='ltr'><strong>ille</strong></span> <span class='ocrx_word' id='word_1_589' title='bbox 2703 3767 2984 3839; x_wconf 79' lang='lat' dir='ltr'><strong>diligenter</strong></span> <span class='ocrx_word' id='word_1_590' title='bbox 3006 3767 3244 3835; x_wconf 87' lang='lat' dir='ltr'><strong>fecisset,</strong></span> <span class='ocrx_word' id='word_1_591' title='bbox 3272 3782 3421 3823; x_wconf 82' lang='lat' dir='ltr'><strong>senex</strong></span> <span class='ocrx_word' id='word_1_592' title='bbox 3443 3761 3609 3819; x_wconf 78' lang='lat' dir='ltr'><strong>addidit</strong></span> <span class='ocrx_word' id='word_1_593' title='bbox 3626 3752 3725 3826; x_wconf 78' lang='lat' dir='ltr'><strong>quod</strong></span> 
     </span>
    </p>
   </div>
   <div class='ocr_carea' id='block_1_86' title="bbox 2257 3842 3724 3929">
    <p class='ocr_par' dir='ltr' id='par_1_86' title="bbox 2257 3842 3724 3929">
     <span class='ocr_line' id='line_1_86' title="bbox 2257 3842 3724 3929; baseline -0.014 -15"><span class='ocrx_word' id='word_1_594' title='bbox 2257 3859 2381 3914; x_wconf 90' lang='lat' dir='ltr'><strong>dum</strong></span> <span class='ocrx_word' id='word_1_595' title='bbox 2408 3857 2637 3927; x_wconf 90' lang='lat' dir='ltr'><strong>quadam</strong></span> <span class='ocrx_word' id='word_1_596' title='bbox 2665 3857 2779 3924; x_wconf 89' lang='lat' dir='ltr'><strong>die,</strong></span> <span class='ocrx_word' id='word_1_597' title='bbox 2824 3866 2883 3912; x_wconf 91' lang='lat' dir='ltr'><strong>ut</strong></span> <span class='ocrx_word' id='word_1_598' title='bbox 2908 3867 3033 3927; x_wconf 88' lang='lat' dir='ltr'><strong>pote</strong></span> <span class='ocrx_word' id='word_1_599' title='bbox 3066 3858 3181 3929; x_wconf 89' lang='lat' dir='ltr'><strong>jam</strong></span> <span class='ocrx_word' id='word_1_600' title='bbox 3207 3858 3394 3913; x_wconf 85' lang='lat' dir='ltr'><strong>fractus</strong></span> <span class='ocrx_word' id='word_1_601' title='bbox 3415 3860 3552 3909; x_wconf 72' lang='lat' dir='ltr'><strong>aetate</strong></span> <span class='ocrx_word' id='word_1_602' title='bbox 3578 3857 3620 3901; x_wconf 87' lang='lat' dir='ltr'><strong>et</strong></span> <span class='ocrx_word' id='word_1_603' title='bbox 3641 3842 3724 3898; x_wconf 83' lang='lat' dir='ltr'><strong>fati-</strong></span> 
     </span>
    </p>
   </div>
   <div class='ocr_carea' id='block_1_87' title="bbox 2257 3937 3724 4022">
    <p class='ocr_par' dir='ltr' id='par_1_87' title="bbox 2257 3937 3724 4022">
     <span class='ocr_line' id='line_1_87' title="bbox 2257 3937 3724 4022; baseline -0.006 -17"><span class='ocrx_word' id='word_1_604' title='bbox 2257 3960 2411 4022; x_wconf 87' lang='lat' dir='ltr'><strong>gatus</strong></span> <span class='ocrx_word' id='word_1_605' title='bbox 2439 3950 2656 4019; x_wconf 81' lang='lat' dir='ltr'><strong>vigiliis,</strong></span> <span class='ocrx_word' id='word_1_606' title='bbox 2681 3950 2847 4019; x_wconf 87' lang='lat' dir='ltr'><strong>quieti</strong></span> <span class='ocrx_word' id='word_1_607' title='bbox 2870 3952 3145 4020; x_wconf 88' lang='lat' dir='ltr'><strong>paululum</strong></span> <span class='ocrx_word' id='word_1_608' title='bbox 3172 3950 3483 4009; x_wconf 89' lang='lat' dir='ltr'><strong>indulsisset,</strong></span> <span class='ocrx_word' id='word_1_609' title='bbox 3507 3937 3724 3998; x_wconf 76' lang='lat' dir='ltr'><strong>accessisse</strong></span> 
     </span>
    </p>
   </div>
   <div class='ocr_carea' id='block_1_88' title="bbox 2257 4038 3723 4111">
    <p class='ocr_par' dir='ltr' id='par_1_88' title="bbox 2257 4038 3723 4111">
     <span class='ocr_line' id='line_1_88' title="bbox 2257 4038 3723 4111; baseline -0.006 -14"><span class='ocrx_word' id='word_1_610' title='bbox 2257 4044 2324 4097; x_wconf 93' lang='lat' dir='ltr'><strong>ad</strong></span> <span class='ocrx_word' id='word_1_611' title='bbox 2367 4058 2427 4097; x_wconf 89' lang='lat' dir='ltr'><strong>se</strong></span> <span class='ocrx_word' id='word_1_612' title='bbox 2465 4042 2641 4096; x_wconf 87' lang='lat' dir='ltr'><strong>virum</strong></span> <span class='ocrx_word' id='word_1_613' title='bbox 2677 4044 2964 4111; x_wconf 89' lang='lat' dir='ltr'><strong>quemdam</strong></span> <span class='ocrx_word' id='word_1_614' title='bbox 3007 4043 3204 4098; x_wconf 91' lang='lat' dir='ltr'><strong>canitie</strong></span> <span class='ocrx_word' id='word_1_615' title='bbox 3238 4038 3575 4098; x_wconf 87' lang='lat' dir='ltr'><strong>venerandum,</strong></span> <span class='ocrx_word' id='word_1_616' title='bbox 3607 4039 3723 4096; x_wconf 74' lang='lat' dir='ltr'><strong>seque</strong></span> 
     </span>
    </p>
   </div>
   <div class='ocr_carea' id='block_1_89' title="bbox 2255 4131 3723 4206">
    <p class='ocr_par' dir='ltr' id='par_1_89' title="bbox 2255 4131 3723 4206">
     <span class='ocr_line' id='line_1_89' title="bbox 2255 4131 3723 4206; baseline -0.01 -17"><span class='ocrx_word' id='word_1_617' title='bbox 2255 4132 2685 4204; x_wconf 80' lang='lat' dir='ltr'><strong>expergefactum</strong></span> <span class='ocrx_word' id='word_1_618' title='bbox 2724 4131 3091 4201; x_wconf 87' lang='lat' dir='ltr'><strong>admonuisse,</strong></span> <span class='ocrx_word' id='word_1_619' title='bbox 3134 4142 3387 4206; x_wconf 85' lang='lat' dir='ltr'><strong>quatenus</strong></span> <span class='ocrx_word' id='word_1_620' title='bbox 3421 4137 3611 4199; x_wconf 84' lang='lat' dir='ltr'><strong>propere</strong></span> <span class='ocrx_word' id='word_1_621' title='bbox 3640 4131 3723 4206; x_wconf 69' lang='lat' dir='ltr'><strong>sut-</strong></span> 
     </span>
    </p>
   </div>
   <div class='ocr_carea' id='block_1_90' title="bbox 2255 4205 3721 4296">
    <p class='ocr_par' dir='ltr' id='par_1_90' title="bbox 2255 4205 3721 4296">
     <span class='ocr_line' id='line_1_90' title="bbox 2255 4205 3721 4296; baseline -0.014 -17"><span class='ocrx_word' id='word_1_622' title='bbox 2255 4232 2423 4293; x_wconf 87' lang='lat' dir='ltr'><strong>geret,</strong></span> <span class='ocrx_word' id='word_1_623' title='bbox 2446 4231 2500 4278; x_wconf 92' lang='lat' dir='ltr'><strong>et</strong></span> <span class='ocrx_word' id='word_1_624' title='bbox 2527 4237 2626 4293; x_wconf 89' lang='lat' dir='ltr'><strong>pro</strong></span> <span class='ocrx_word' id='word_1_625' title='bbox 2651 4223 2938 4293; x_wconf 89' lang='lat' dir='ltr'><strong>Dagoberti</strong></span> <span class='ocrx_word' id='word_1_626' title='bbox 2968 4226 3108 4296; x_wconf 88' lang='lat' dir='ltr'><strong>regis</strong></span> <span class='ocrx_word' id='word_1_627' title='bbox 3130 4205 3439 4279; x_wconf 75' lang='lat' dir='ltr'><strong>Francorum</strong></span> <span class='ocrx_word' id='word_1_628' title='bbox 3463 4216 3607 4272; x_wconf 85' lang='lat' dir='ltr'><strong>anima</strong></span> <span class='ocrx_word' id='word_1_629' title='bbox 3626 4205 3721 4263; x_wconf 74' lang='lat' dir='ltr'><strong>diri-</strong></span> 
     </span>
    </p>
   </div>
   <div class='ocr_carea' id='block_1_91' title="bbox 2257 4300 3718 4385">
    <p class='ocr_par' dir='ltr' id='par_1_91' title="bbox 2257 4300 3718 4385">
     <span class='ocr_line' id='line_1_91' title="bbox 2257 4300 3718 4385; baseline -0.007 -17"><span class='ocrx_word' id='word_1_630' title='bbox 2257 4330 2379 4368; x_wconf 90' lang='lat' dir='ltr'><strong>nam</strong></span> <span class='ocrx_word' id='word_1_631' title='bbox 2411 4313 2749 4370; x_wconf 88' lang='lat' dir='ltr'><strong>clementiam</strong></span> <span class='ocrx_word' id='word_1_632' title='bbox 2770 4324 3018 4370; x_wconf 81' lang='lat' dir='ltr'><strong>exoraret</strong></span> <span class='ocrx_word' id='word_1_633' title='bbox 3032 4356 3046 4380; x_wconf 93' lang='lat'><strong>,</strong></span> <span class='ocrx_word' id='word_1_634' title='bbox 3074 4330 3139 4371; x_wconf 91' lang='lat' dir='ltr'><strong>eo</strong></span> <span class='ocrx_word' id='word_1_635' title='bbox 3163 4314 3298 4385; x_wconf 88' lang='lat' dir='ltr'><strong>quod</strong></span> <span class='ocrx_word' id='word_1_636' title='bbox 3322 4314 3426 4381; x_wconf 88' lang='lat' dir='ltr'><strong>ipso</strong></span> <span class='ocrx_word' id='word_1_637' title='bbox 3446 4308 3519 4363; x_wconf 87' lang='lat' dir='ltr'><strong>die</strong></span> <span class='ocrx_word' id='word_1_638' title='bbox 3538 4300 3718 4371; x_wconf 70' lang='lat' dir='ltr'><strong>spiritum</strong></span> 
     </span>
    </p>
   </div>
   <div class='ocr_carea' id='block_1_92' title="bbox 583 4388 3717 4475">
    <p class='ocr_par' dir='ltr' id='par_1_92' title="bbox 583 4388 3717 4475">
     <span class='ocr_line' id='line_1_92' title="bbox 583 4388 3717 4475; baseline 0.004 -25"><span class='ocrx_word' id='word_1_639' title='bbox 583 4411 922 4452; x_wconf 85' lang='lat' dir='ltr'><strong>successores</strong></span> <span class='ocrx_word' id='word_1_640' title='bbox 945 4411 1132 4451; x_wconf 87' lang='lat' dir='ltr'><strong>eorum</strong></span> <span class='ocrx_word' id='word_1_641' title='bbox 1172 4404 1357 4452; x_wconf 91' lang='lat' dir='ltr'><strong>nostra</strong></span> <span class='ocrx_word' id='word_1_642' title='bbox 1392 4398 1534 4466; x_wconf 88' lang='lat' dir='ltr'><strong>pasti</strong></span> <span class='ocrx_word' id='word_1_643' title='bbox 1569 4397 1907 4470; x_wconf 88' lang='lat' dir='ltr'><strong>eleemosyna</strong></span> <span class='ocrx_word' id='word_1_644' title='bbox 1945 4400 2153 4469; x_wconf 90' lang='lat' dir='ltr'><strong>plenius</strong></span> <span class='ocrx_word' id='word_1_645' title='bbox 2181 4414 2230 4475; x_wconf 80' lang='grc' dir='ltr'><strong>ι)</strong></span> <span class='ocrx_word' id='word_1_646' title='bbox 2256 4405 2574 4460; x_wconf 84' lang='lat' dir='ltr'><strong>exhalasset.</strong></span> <span class='ocrx_word' id='word_1_647' title='bbox 2611 4405 2765 4473; x_wconf 84' lang='lat' dir='ltr'><strong>Quod</strong></span> <span class='ocrx_word' id='word_1_648' title='bbox 2792 4406 2919 4461; x_wconf 91' lang='lat' dir='ltr'><strong>dum</strong></span> <span class='ocrx_word' id='word_1_649' title='bbox 2946 4405 3124 4462; x_wconf 88' lang='lat' dir='ltr'><strong>facere</strong></span> <span class='ocrx_word' id='word_1_650' title='bbox 3159 4408 3457 4464; x_wconf 77' lang='lat' dir='ltr'><strong>maturaret,</strong></span> <span class='ocrx_word' id='word_1_651' title='bbox 3483 4388 3717 4465; x_wconf 61' lang='lat' dir='ltr'><strong>apparuisse</strong></span> 
     </span>
    </p>
   </div>
   <div class='ocr_carea' id='block_1_93' title="bbox 582 4488 2155 4562">
    <p class='ocr_par' dir='ltr' id='par_1_93' title="bbox 582 4488 2155 4562">
     <span class='ocr_line' id='line_1_93' title="bbox 582 4488 2155 4562; baseline 0.003 -20"><span class='ocrx_word' id='word_1_652' title='bbox 582 4498 745 4558; x_wconf 81' lang='lat' dir='ltr'><strong>atque</strong></span> <span class='ocrx_word' id='word_1_653' title='bbox 771 4489 1016 4544; x_wconf 88' lang='lat' dir='ltr'><strong>devotius</strong></span> <span class='ocrx_word' id='word_1_654' title='bbox 1035 4488 1260 4543; x_wconf 91' lang='lat' dir='ltr'><strong>delectet</strong></span> <span class='ocrx_word' id='word_1_655' title='bbox 1281 4504 1458 4544; x_wconf 90' lang='lat' dir='ltr'><strong>orare.</strong></span> <span class='ocrx_word' id='word_1_656' title='bbox 1488 4488 1596 4545; x_wconf 85' lang='lat' dir='ltr'><strong>Nos</strong></span> <span class='ocrx_word' id='word_1_657' title='bbox 1619 4506 1746 4546; x_wconf 89' lang='lat' dir='ltr'><strong>vero</strong></span> <span class='ocrx_word' id='word_1_658' title='bbox 1765 4506 2002 4560; x_wconf 71' lang='lat' dir='ltr'><strong>prazsens</strong></span> <span class='ocrx_word' id='word_1_659' title='bbox 2019 4507 2155 4562; x_wconf 71' lang='lat' dir='ltr'><strong>prte-</strong></span> 
     </span>
    </p>
   </div>
   <div class='ocr_carea' id='block_1_94' title="bbox 583 4579 2156 4652">
    <p class='ocr_par' dir='ltr' id='par_1_94' title="bbox 583 4579 2156 4652">
     <span class='ocr_line' id='line_1_94' title="bbox 583 4579 2156 4652; baseline 0.001 -16"><span class='ocrx_word' id='word_1_660' title='bbox 583 4589 795 4650; x_wconf 87' lang='lat' dir='ltr'><strong>ceptum</strong></span> <span class='ocrx_word' id='word_1_661' title='bbox 818 4579 931 4648; x_wconf 92' lang='lat' dir='ltr'><strong>jam</strong></span> <span class='ocrx_word' id='word_1_662' title='bbox 957 4580 1177 4635; x_wconf 90' lang='lat' dir='ltr'><strong>minime</strong></span> <span class='ocrx_word' id='word_1_663' title='bbox 1204 4580 1444 4636; x_wconf 89' lang='lat' dir='ltr'><strong>valemus</strong></span> <span class='ocrx_word' id='word_1_664' title='bbox 1469 4582 1824 4648; x_wconf 87' lang='lat' dir='ltr'><strong>subscribere,</strong></span> <span class='ocrx_word' id='word_1_665' title='bbox 1855 4583 1980 4652; x_wconf 88' lang='lat' dir='ltr'><strong>quia</strong></span> <span class='ocrx_word' id='word_1_666' title='bbox 2009 4583 2156 4638; x_wconf 85' lang='lat' dir='ltr'><strong>inva-</strong></span> 
     </span>
    </p>
   </div>
   <div class='ocr_carea' id='block_1_95' title="bbox 582 4670 2152 4744">
    <p class='ocr_par' dir='ltr' id='par_1_95' title="bbox 582 4670 2152 4744">
     <span class='ocr_line' id='line_1_95' title="bbox 582 4670 2152 4744; baseline 0.004 -21"><span class='ocrx_word' id='word_1_667' title='bbox 582 4670 816 4725; x_wconf 87' lang='lat' dir='ltr'><strong>Iesceute</strong></span> <span class='ocrx_word' id='word_1_668' title='bbox 835 4671 1151 4739; x_wconf 67' lang='lat' dir='ltr'><strong>aegritudine</strong></span> <span class='ocrx_word' id='word_1_669' title='bbox 1171 4671 1409 4726; x_wconf 87' lang='lat' dir='ltr'><strong>calamus</strong></span> <span class='ocrx_word' id='word_1_670' title='bbox 1430 4672 1483 4725; x_wconf 93' lang='lat' dir='ltr'><strong>in</strong></span> <span class='ocrx_word' id='word_1_671' title='bbox 1509 4688 1668 4727; x_wconf 89' lang='lat' dir='ltr'><strong>manu</strong></span> <span class='ocrx_word' id='word_1_672' title='bbox 1694 4682 1877 4728; x_wconf 90' lang='lat' dir='ltr'><strong>nostra</strong></span> <span class='ocrx_word' id='word_1_673' title='bbox 1900 4675 2152 4744; x_wconf 89' lang='lat' dir='ltr'><strong>trepidat.</strong></span> 
     </span>
    </p>
   </div>
   <div class='ocr_carea' id='block_1_96' title="bbox 584 4762 2155 4833">
    <p class='ocr_par' dir='ltr' id='par_1_96' title="bbox 584 4762 2155 4833">
     <span class='ocr_line' id='line_1_96' title="bbox 584 4762 2155 4833; baseline 0.004 -18"><span class='ocrx_word' id='word_1_674' title='bbox 584 4762 650 4815; x_wconf 86' lang='lat' dir='ltr'><strong>Et</strong></span> <span class='ocrx_word' id='word_1_675' title='bbox 686 4768 967 4831; x_wconf 87' lang='lat' dir='ltr'><strong>propterea</strong></span> <span class='ocrx_word' id='word_1_676' title='bbox 1008 4774 1259 4833; x_wconf 88' lang='lat' dir='ltr'><strong>rogamus</strong></span> <span class='ocrx_word' id='word_1_677' title='bbox 1301 4762 1666 4819; x_wconf 90' lang='lat' dir='ltr'><strong>dulcissimum</strong></span> <span class='ocrx_word' id='word_1_678' title='bbox 1704 4764 1872 4819; x_wconf 86' lang='lat' dir='ltr'><strong>ﬁlium</strong></span> <span class='ocrx_word' id='word_1_679' title='bbox 1910 4774 2155 4822; x_wconf 90' lang='lat' dir='ltr'><strong>nostrum</strong></span> 
     </span>
    </p>
   </div>
   <div class='ocr_carea' id='block_1_97' title="bbox 584 4849 2157 4920">
    <p class='ocr_par' dir='ltr' id='par_1_97' title="bbox 584 4849 2157 4920">
     <span class='ocr_line' id='line_1_97' title="bbox 584 4849 2157 4920; baseline 0.004 -17"><span class='ocrx_word' id='word_1_680' title='bbox 584 4849 923 4905; x_wconf 75' lang='lat' dir='ltr'><strong>Illudowium</strong></span> <span class='ocrx_word' id='word_1_681' title='bbox 962 4865 1164 4920; x_wconf 88' lang='lat' dir='ltr'><strong>regem,</strong></span> <span class='ocrx_word' id='word_1_682' title='bbox 1208 4857 1268 4904; x_wconf 91' lang='lat' dir='ltr'><strong>ut</strong></span> <span class='ocrx_word' id='word_1_683' title='bbox 1293 4866 1389 4920; x_wconf 89' lang='lat' dir='ltr'><strong>per</strong></span> <span class='ocrx_word' id='word_1_684' title='bbox 1429 4852 1760 4920; x_wconf 81' lang='lat' dir='ltr'><strong>signaculum</strong></span> <span class='ocrx_word' id='word_1_685' title='bbox 1802 4854 1885 4909; x_wconf 92' lang='lat' dir='ltr'><strong>sui</strong></span> <span class='ocrx_word' id='word_1_686' title='bbox 1924 4855 2157 4911; x_wconf 88' lang='lat' dir='ltr'><strong>nominis</strong></span> 
     </span>
    </p>
   </div>
   <div class='ocr_carea' id='block_1_98' title="bbox 582 4938 2158 5014">
    <p class='ocr_par' dir='ltr' id='par_1_98' title="bbox 582 4938 2158 5014">
     <span class='ocr_line' id='line_1_98' title="bbox 582 4938 2158 5014; baseline 0.006 -22"><span class='ocrx_word' id='word_1_687' title='bbox 582 4939 741 4993; x_wconf 90' lang='lat' dir='ltr'><strong>istam</strong></span> <span class='ocrx_word' id='word_1_688' title='bbox 766 4940 1009 4994; x_wconf 88' lang='lat' dir='ltr'><strong>chartam</strong></span> <span class='ocrx_word' id='word_1_689' title='bbox 1033 4938 1284 5006; x_wconf 82' lang='lat' dir='ltr'><strong>afﬁrmet,</strong></span> <span class='ocrx_word' id='word_1_690' title='bbox 1307 4949 1363 4996; x_wconf 92' lang='lat' dir='ltr'><strong>et</strong></span> <span class='ocrx_word' id='word_1_691' title='bbox 1387 4941 1534 4997; x_wconf 87' lang='lat' dir='ltr'><strong>Dado</strong></span> <span class='ocrx_word' id='word_1_692' title='bbox 1559 4956 1678 4996; x_wconf 90' lang='lat' dir='ltr'><strong>eam</strong></span> <span class='ocrx_word' id='word_1_693' title='bbox 1707 4942 1914 5010; x_wconf 81' lang='lat' dir='ltr'><strong>offerat,</strong></span> <span class='ocrx_word' id='word_1_694' title='bbox 1942 4952 1998 4998; x_wconf 91' lang='lat' dir='ltr'><strong>et</strong></span> <span class='ocrx_word' id='word_1_695' title='bbox 2020 4946 2158 5014; x_wconf 88' lang='lat' dir='ltr'><strong>opti-</strong></span> 
     </span>
    </p>
   </div>
   <div class='ocr_carea' id='block_1_99' title="bbox 583 5034 2157 5105">
    <p class='ocr_par' dir='ltr' id='par_1_99' title="bbox 583 5034 2157 5105">
     <span class='ocr_line' id='line_1_99' title="bbox 583 5034 2157 5105; baseline 0.003 -17"><span class='ocrx_word' id='word_1_696' title='bbox 583 5042 758 5089; x_wconf 86' lang='lat' dir='ltr'><strong>mates</strong></span> <span class='ocrx_word' id='word_1_697' title='bbox 798 5035 968 5088; x_wconf 89' lang='lat' dir='ltr'><strong>nostri</strong></span> <span class='ocrx_word' id='word_1_698' title='bbox 1009 5034 1154 5088; x_wconf 89' lang='lat' dir='ltr'><strong>illam</strong></span> <span class='ocrx_word' id='word_1_699' title='bbox 1183 5035 1542 5090; x_wconf 89' lang='lat' dir='ltr'><strong>subscribant.</strong></span> <span class='ocrx_word' id='word_1_700' title='bbox 1578 5034 1818 5105; x_wconf 90' lang='lat' dir='ltr'><strong>Cumque</strong></span> <span class='ocrx_word' id='word_1_701' title='bbox 1841 5052 1937 5092; x_wconf 87' lang='lat' dir='ltr'><strong>rex</strong></span> <span class='ocrx_word' id='word_1_702' title='bbox 1966 5038 2056 5094; x_wconf 90' lang='lat' dir='ltr'><strong>hic</strong></span> <span class='ocrx_word' id='word_1_703' title='bbox 2078 5038 2157 5093; x_wconf 92' lang='lat' dir='ltr'><strong>lo-</strong></span> 
     </span>
    </p>
   </div>
   <div class='ocr_carea' id='block_1_100' title="bbox 581 5123 2156 5195">
    <p class='ocr_par' dir='ltr' id='par_1_100' title="bbox 581 5123 2156 5195">
     <span class='ocr_line' id='line_1_100' title="bbox 581 5123 2156 5195; baseline 0.003 -17"><span class='ocrx_word' id='word_1_704' title='bbox 581 5124 778 5194; x_wconf 91' lang='lat' dir='ltr'><strong>quendi</strong></span> <span class='ocrx_word' id='word_1_705' title='bbox 829 5123 993 5179; x_wconf 87' lang='lat' dir='ltr'><strong>ﬁnem</strong></span> <span class='ocrx_word' id='word_1_706' title='bbox 1045 5124 1287 5188; x_wconf 91' lang='lat' dir='ltr'><strong>fecisset,</strong></span> <span class='ocrx_word' id='word_1_707' title='bbox 1341 5125 1485 5181; x_wconf 86' lang='lat' dir='ltr'><strong>ﬁlius</strong></span> <span class='ocrx_word' id='word_1_708' title='bbox 1530 5124 1645 5195; x_wconf 88' lang='lat' dir='ltr'><strong>ejus</strong></span> <span class='ocrx_word' id='word_1_709' title='bbox 1693 5140 1791 5182; x_wconf 84' lang='lat' dir='ltr'><strong>rex</strong></span> <span class='ocrx_word' id='word_1_710' title='bbox 1841 5126 2156 5183; x_wconf 85' lang='lat' dir='ltr'><strong>Hludovvius</strong></span> 
     </span>
    </p>
   </div>
   <div class='ocr_carea' id='block_1_101' title="bbox 582 5215 2157 5289">
    <p class='ocr_par' dir='ltr' id='par_1_101' title="bbox 582 5215 2157 5289">
     <span class='ocr_line' id='line_1_101' title="bbox 582 5215 2157 5289; baseline 0.004 -20"><span class='ocrx_word' id='word_1_711' title='bbox 582 5215 757 5285; x_wconf 88' lang='lat' dir='ltr'><strong>ipsum</strong></span> <span class='ocrx_word' id='word_1_712' title='bbox 793 5225 1121 5287; x_wconf 64' lang='lat' dir='ltr'><strong>praeceptum</strong></span> <span class='ocrx_word' id='word_1_713' title='bbox 1152 5216 1446 5273; x_wconf 90' lang='lat' dir='ltr'><strong>secundum</strong></span> <span class='ocrx_word' id='word_1_714' title='bbox 1473 5216 1770 5287; x_wconf 80' lang='lat' dir='ltr'><strong>iussionem</strong></span> <span class='ocrx_word' id='word_1_715' title='bbox 1809 5219 1998 5289; x_wconf 90' lang='lat' dir='ltr'><strong>patris,</strong></span> <span class='ocrx_word' id='word_1_716' title='bbox 2027 5218 2157 5275; x_wconf 82' lang='lat' dir='ltr'><strong>oﬁ‘e—</strong></span> 
     </span>
    </p>
   </div>
   <div class='ocr_carea' id='block_1_102' title="bbox 582 5306 2156 5380">
    <p class='ocr_par' dir='ltr' id='par_1_102' title="bbox 582 5306 2156 5380">
     <span class='ocr_line' id='line_1_102' title="bbox 582 5306 2156 5380; baseline 0.004 -22"><span class='ocrx_word' id='word_1_717' title='bbox 582 5312 736 5360; x_wconf 85' lang='lat' dir='ltr'><strong>rente</strong></span> <span class='ocrx_word' id='word_1_718' title='bbox 783 5307 1001 5363; x_wconf 89' lang='lat' dir='ltr'><strong>Dadone</strong></span> <span class='ocrx_word' id='word_1_719' title='bbox 1045 5306 1430 5373; x_wconf 86' lang='lat' dir='ltr'><strong>referendario,</strong></span> <span class='ocrx_word' id='word_1_720' title='bbox 1477 5310 1812 5379; x_wconf 90' lang='lat' dir='ltr'><strong>subscripsit,</strong></span> <span class='ocrx_word' id='word_1_721' title='bbox 1861 5324 2156 5380; x_wconf 86' lang='lat' dir='ltr'><strong>omnesque</strong></span> 
     </span>
    </p>
   </div>
   <div class='ocr_carea' id='block_1_103' title="bbox 581 5396 2155 5469">
    <p class='ocr_par' dir='ltr' id='par_1_103' title="bbox 581 5396 2155 5469">
     <span class='ocr_line' id='line_1_103' title="bbox 581 5396 2155 5469; baseline 0.005 -21"><span class='ocrx_word' id='word_1_722' title='bbox 581 5408 834 5462; x_wconf 89' lang='lat' dir='ltr'><strong>proceres</strong></span> <span class='ocrx_word' id='word_1_723' title='bbox 859 5398 950 5466; x_wconf 94' lang='lat' dir='ltr'><strong>qui</strong></span> <span class='ocrx_word' id='word_1_724' title='bbox 990 5396 1045 5450; x_wconf 90' lang='lat' dir='ltr'><strong>in</strong></span> <span class='ocrx_word' id='word_1_725' title='bbox 1085 5397 1338 5467; x_wconf 74' lang='lat' dir='ltr'><strong>praesenti</strong></span> <span class='ocrx_word' id='word_1_726' title='bbox 1381 5398 1605 5453; x_wconf 89' lang='lat' dir='ltr'><strong>aderant</strong></span> <span class='ocrx_word' id='word_1_727' title='bbox 1640 5400 1873 5469; x_wconf 89' lang='lat' dir='ltr'><strong>propriis</strong></span> <span class='ocrx_word' id='word_1_728' title='bbox 1907 5401 2155 5455; x_wconf 88' lang='lat' dir='ltr'><strong>eumdem</strong></span> 
     </span>
    </p>
   </div>
   <div class='ocr_carea' id='block_1_104' title="bbox 583 5484 2154 5559">
    <p class='ocr_par' dir='ltr' id='par_1_104' title="bbox 583 5484 2154 5559">
     <span class='ocr_line' id='line_1_104' title="bbox 583 5484 2154 5559; baseline 0.006 -21"><span class='ocrx_word' id='word_1_729' title='bbox 583 5484 1064 5555; x_wconf 87' lang='lat' dir='ltr'><strong>subscriptionibus</strong></span> <span class='ocrx_word' id='word_1_730' title='bbox 1112 5487 1480 5543; x_wconf 89' lang='lat' dir='ltr'><strong>ﬁrmaverunt.</strong></span> <span class='ocrx_word' id='word_1_731' title='bbox 1532 5488 1627 5544; x_wconf 83' lang='lat' dir='ltr'><strong>His</strong></span> <span class='ocrx_word' id='word_1_732' title='bbox 1674 5491 1853 5545; x_wconf 90' lang='lat' dir='ltr'><strong>taliter</strong></span> <span class='ocrx_word' id='word_1_733' title='bbox 1900 5490 2154 5559; x_wconf 86' lang='lat' dir='ltr'><strong>explosis,</strong></span> 
     </span>
    </p>
   </div>
   <div class='ocr_carea' id='block_1_105' title="bbox 582 5576 2158 5645">
    <p class='ocr_par' dir='ltr' id='par_1_105' title="bbox 582 5576 2158 5645">
     <span class='ocr_line' id='line_1_105' title="bbox 582 5576 2158 5645; baseline 0.007 -18"><span class='ocrx_word' id='word_1_734' title='bbox 582 5584 705 5643; x_wconf 85' lang='lat' dir='ltr'><strong>post</strong></span> <span class='ocrx_word' id='word_1_735' title='bbox 743 5590 941 5643; x_wconf 84' lang='lat' dir='ltr'><strong>paucos</strong></span> <span class='ocrx_word' id='word_1_736' title='bbox 975 5576 1088 5630; x_wconf 84' lang='lat' dir='ltr'><strong>dies</strong></span> <span class='ocrx_word' id='word_1_737' title='bbox 1117 5593 1207 5632; x_wconf 78' lang='lat' dir='ltr'><strong>xw</strong></span> <span class='ocrx_word' id='word_1_738' title='bbox 1231 5577 1350 5632; x_wconf 83' lang='lat' dir='ltr'><strong>Kal.</strong></span> <span class='ocrx_word' id='word_1_739' title='bbox 1390 5578 1731 5645; x_wconf 88' lang='lat' dir='ltr'><strong>Februarias,</strong></span> <span class='ocrx_word' id='word_1_740' title='bbox 1766 5581 2158 5638; x_wconf 85' lang='lat' dir='ltr'><strong>Christianissi-</strong></span> 
     </span>
    </p>
   </div>
   <div class='ocr_carea' id='block_1_106' title="bbox 584 5665 2150 5739">
    <p class='ocr_par' dir='ltr' id='par_1_106' title="bbox 584 5665 2150 5739">
     <span class='ocr_line' id='line_1_106' title="bbox 584 5665 2150 5739; baseline 0.003 -19"><span class='ocrx_word' id='word_1_741' title='bbox 584 5680 702 5721; x_wconf 84' lang='lat' dir='ltr'><strong>mus</strong></span> <span class='ocrx_word' id='word_1_742' title='bbox 740 5680 835 5720; x_wconf 86' lang='lat' dir='ltr'><strong>rex</strong></span> <span class='ocrx_word' id='word_1_743' title='bbox 874 5665 1204 5733; x_wconf 86' lang='lat' dir='ltr'><strong>Dagobertus</strong></span> <span class='ocrx_word' id='word_1_744' title='bbox 1246 5669 1493 5724; x_wconf 90' lang='lat' dir='ltr'><strong>humanis</strong></span> <span class='ocrx_word' id='word_1_745' title='bbox 1535 5671 1696 5724; x_wconf 89' lang='lat' dir='ltr'><strong>rebus</strong></span> <span class='ocrx_word' id='word_1_746' title='bbox 1733 5682 2015 5739; x_wconf 81' lang='lat' dir='ltr'><strong>exemptus</strong></span> <span class='ocrx_word' id='word_1_747' title='bbox 2048 5681 2150 5728; x_wconf 87' lang='lat' dir='ltr'><strong>est.</strong></span> 
     </span>
    </p>
   </div>
   <div class='ocr_carea' id='block_1_107' title="bbox 2256 4477 3717 4574">
    <p class='ocr_par' dir='ltr' id='par_1_107' title="bbox 2256 4477 3717 4574">
     <span class='ocr_line' id='line_1_107' title="bbox 2256 4477 3717 4574; baseline -0.014 -21"><span class='ocrx_word' id='word_1_748' title='bbox 2256 4497 2361 4553; x_wconf 89' lang='lat' dir='ltr'><strong>sibi</strong></span> <span class='ocrx_word' id='word_1_749' title='bbox 2398 4497 2540 4552; x_wconf 90' lang='lat' dir='ltr'><strong>haud</strong></span> <span class='ocrx_word' id='word_1_750' title='bbox 2574 4496 2760 4566; x_wconf 82' lang='lat' dir='ltr'><strong>procul</strong></span> <span class='ocrx_word' id='word_1_751' title='bbox 2806 4498 2860 4552; x_wconf 92' lang='lat' dir='ltr'><strong>in</strong></span> <span class='ocrx_word' id='word_1_752' title='bbox 2898 4498 3084 4568; x_wconf 83' lang='lat' dir='ltr'><strong>pelago</strong></span> <span class='ocrx_word' id='word_1_753' title='bbox 3113 4496 3402 4553; x_wconf 88' lang='lat' dir='ltr'><strong>teterrimos</strong></span> <span class='ocrx_word' id='word_1_754' title='bbox 3435 4486 3614 4558; x_wconf 89' lang='lat' dir='ltr'><strong>spiritus</strong></span> <span class='ocrx_word' id='word_1_755' title='bbox 3634 4477 3717 4574; x_wconf 64' lang='lat' dir='ltr'><strong>vitl—</strong></span> 
     </span>
    </p>
   </div>
   <div class='ocr_carea' id='block_1_108' title="bbox 2255 4578 3715 4658">
    <p class='ocr_par' dir='ltr' id='par_1_108' title="bbox 2255 4578 3715 4658">
     <span class='ocr_line' id='line_1_108' title="bbox 2255 4578 3715 4658; baseline -0.016 -16"><span class='ocrx_word' id='word_1_756' title='bbox 2255 4596 2400 4642; x_wconf 88' lang='lat' dir='ltr'><strong>etum</strong></span> <span class='ocrx_word' id='word_1_757' title='bbox 2424 4600 2604 4656; x_wconf 86' lang='lat' dir='ltr'><strong>regem</strong></span> <span class='ocrx_word' id='word_1_758' title='bbox 2630 4587 2988 4658; x_wconf 89' lang='lat' dir='ltr'><strong>Dagobertum</strong></span> <span class='ocrx_word' id='word_1_759' title='bbox 3014 4589 3066 4641; x_wconf 92' lang='lat' dir='ltr'><strong>in</strong></span> <span class='ocrx_word' id='word_1_760' title='bbox 3089 4588 3260 4642; x_wconf 88' lang='lat' dir='ltr'><strong>lembo</strong></span> <span class='ocrx_word' id='word_1_761' title='bbox 3279 4599 3368 4655; x_wconf 90' lang='lat' dir='ltr'><strong>per</strong></span> <span class='ocrx_word' id='word_1_762' title='bbox 3386 4578 3578 4650; x_wconf 84' lang='lat' dir='ltr'><strong>spatium</strong></span> <span class='ocrx_word' id='word_1_763' title='bbox 3596 4578 3715 4624; x_wconf 74' lang='lat' dir='ltr'><strong>maris</strong></span> 
     </span>
    </p>
   </div>
   <div class='ocr_carea' id='block_1_109' title="bbox 2255 4668 3717 4749">
    <p class='ocr_par' dir='ltr' id='par_1_109' title="bbox 2255 4668 3717 4749">
     <span class='ocr_line' id='line_1_109' title="bbox 2255 4668 3717 4749; baseline -0.024 1"><span class='ocrx_word' id='word_1_764' title='bbox 2255 4679 2546 4749; x_wconf 66' lang='grc' dir='ltr'><strong>θείιίιηιθδ,</strong></span> <span class='ocrx_word' id='word_1_765' title='bbox 2582 4686 2743 4748; x_wconf 78' lang='lat' dir='ltr'><strong>atque</strong></span> <span class='ocrx_word' id='word_1_766' title='bbox 2777 4680 2845 4734; x_wconf 81' lang='lat' dir='ltr'><strong>ad</strong></span> <span class='ocrx_word' id='word_1_767' title='bbox 2876 4681 3132 4736; x_wconf 83' lang='lat' dir='ltr'><strong>Vulcania</strong></span> <span class='ocrx_word' id='word_1_768' title='bbox 3167 4681 3309 4744; x_wconf 87' lang='lat' dir='ltr'><strong>loca,</strong></span> <span class='ocrx_word' id='word_1_769' title='bbox 3342 4672 3530 4731; x_wconf 84' lang='lat' dir='ltr'><strong>inﬂictis</strong></span> <span class='ocrx_word' id='word_1_770' title='bbox 3556 4668 3717 4729; x_wconf 81' lang='lat' dir='ltr'><strong>insuper</strong></span> 
     </span>
    </p>
   </div>
   <div class='ocr_carea' id='block_1_110' title="bbox 2254 4758 3713 4844">
    <p class='ocr_par' dir='ltr' id='par_1_110' title="bbox 2254 4758 3713 4844">
     <span class='ocr_line' id='line_1_110' title="bbox 2254 4758 3713 4844; baseline -0.005 -21"><span class='ocrx_word' id='word_1_771' title='bbox 2254 4770 2587 4838; x_wconf 90' lang='lat' dir='ltr'><strong>verberibus,</strong></span> <span class='ocrx_word' id='word_1_772' title='bbox 2614 4771 2910 4838; x_wconf 89' lang='lat' dir='ltr'><strong>trahentes,</strong></span> <span class='ocrx_word' id='word_1_773' title='bbox 2939 4772 3213 4844; x_wconf 88' lang='lat' dir='ltr'><strong>ipsumque</strong></span> <span class='ocrx_word' id='word_1_774' title='bbox 3236 4770 3549 4840; x_wconf 87' lang='lat' dir='ltr'><strong>Dagobertum</strong></span> <span class='ocrx_word' id='word_1_775' title='bbox 3579 4758 3713 4810; x_wconf 58' lang='lat' dir='ltr'><strong>beam</strong></span> 
     </span>
    </p>
   </div>
   <div class='ocr_carea' id='block_1_111' title="bbox 2256 4847 3710 4935">
    <p class='ocr_par' dir='ltr' id='par_1_111' title="bbox 2256 4847 3710 4935">
     <span class='ocr_line' id='line_1_111' title="bbox 2256 4847 3710 4935; baseline -0.012 -20"><span class='ocrx_word' id='word_1_776' title='bbox 2256 4860 2566 4932; x_wconf 86' lang='lat' dir='ltr'><strong>Dionysium</strong></span> <span class='ocrx_word' id='word_1_777' title='bbox 2596 4869 2650 4916; x_wconf 91' lang='lat' dir='ltr'><strong>et</strong></span> <span class='ocrx_word' id='word_1_778' title='bbox 2676 4860 2987 4917; x_wconf 80' lang='lat' dir='ltr'><strong>Mauricium</strong></span> <span class='ocrx_word' id='word_1_779' title='bbox 3017 4874 3292 4935; x_wconf 89' lang='lat' dir='ltr'><strong>martyres,</strong></span> <span class='ocrx_word' id='word_1_780' title='bbox 3321 4868 3371 4916; x_wconf 87' lang='lat' dir='ltr'><strong>et</strong></span> <span class='ocrx_word' id='word_1_781' title='bbox 3399 4847 3710 4935; x_wconf 52' lang='lat' dir='ltr'><strong>sanctissimus!</strong></span> 
     </span>
    </p>
   </div>
   <div class='ocr_carea' id='block_1_112' title="bbox 2255 4931 3708 5015">
    <p class='ocr_par' dir='ltr' id='par_1_112' title="bbox 2255 4931 3708 5015">
     <span class='ocr_line' id='line_1_112' title="bbox 2255 4931 3708 5015; baseline -0.012 -8"><span class='ocrx_word' id='word_1_782' title='bbox 2255 4952 2616 5008; x_wconf 88' lang='lat' dir='ltr'><strong>confessorem</strong></span> <span class='ocrx_word' id='word_1_783' title='bbox 2639 4952 2921 5015; x_wconf 77' lang='lat' dir='ltr'><strong>Martinam</strong></span> <span class='ocrx_word' id='word_1_784' title='bbox 2952 4944 3020 5010; x_wconf 82' lang='lat' dir='ltr'><strong>ad</strong></span> <span class='ocrx_word' id='word_1_785' title='bbox 3054 4957 3134 5011; x_wconf 80' lang='lat' dir='ltr'><strong>sui</strong></span> <span class='ocrx_word' id='word_1_786' title='bbox 3158 4931 3490 5011; x_wconf 61' lang='lat' dir='ltr'><strong>liberationem</strong></span> <span class='ocrx_word' id='word_1_787' title='bbox 3509 4931 3708 4999; x_wconf 74' lang='lat' dir='ltr'><strong>continuis</strong></span> 
     </span>
    </p>
   </div>
   <div class='ocr_carea' id='block_1_113' title="bbox 2253 5024 3705 5113">
    <p class='ocr_par' dir='ltr' id='par_1_113' title="bbox 2253 5024 3705 5113">
     <span class='ocr_line' id='line_1_113' title="bbox 2253 5024 3705 5113; baseline -0.006 -17"><span class='ocrx_word' id='word_1_788' title='bbox 2253 5041 2475 5096; x_wconf 87' lang='lat' dir='ltr'><strong>vocibus</strong></span> <span class='ocrx_word' id='word_1_789' title='bbox 2518 5040 2865 5113; x_wconf 87' lang='lat' dir='ltr'><strong>ﬂagitantem.</strong></span> <span class='ocrx_word' id='word_1_790' title='bbox 2913 5042 3022 5099; x_wconf 83' lang='lat' dir='ltr'><strong>Nec</strong></span> <span class='ocrx_word' id='word_1_791' title='bbox 3062 5060 3208 5100; x_wconf 90' lang='lat' dir='ltr'><strong>mora</strong></span> <span class='ocrx_word' id='word_1_792' title='bbox 3250 5039 3509 5097; x_wconf 86' lang='lat' dir='ltr'><strong>intonuisse</strong></span> <span class='ocrx_word' id='word_1_793' title='bbox 3536 5024 3705 5084; x_wconf 71' lang='grc' dir='ltr'><strong>ἐωιιιων</strong></span> 
     </span>
    </p>
   </div>
   <div class='ocr_carea' id='block_1_114' title="bbox 2253 5120 3705 5202">
    <p class='ocr_par' dir='ltr' id='par_1_114' title="bbox 2253 5120 3705 5202">
     <span class='ocr_line' id='line_1_114' title="bbox 2253 5120 3705 5202; baseline 0.001 -19"><span class='ocrx_word' id='word_1_794' title='bbox 2253 5128 2583 5201; x_wconf 90' lang='lat' dir='ltr'><strong>fulminaque</strong></span> <span class='ocrx_word' id='word_1_795' title='bbox 2618 5146 2716 5201; x_wconf 91' lang='lat' dir='ltr'><strong>per</strong></span> <span class='ocrx_word' id='word_1_796' title='bbox 2753 5133 3015 5202; x_wconf 88' lang='lat' dir='ltr'><strong>procellas</strong></span> <span class='ocrx_word' id='word_1_797' title='bbox 3051 5134 3295 5202; x_wconf 89' lang='lat' dir='ltr'><strong>disjecta,</strong></span> <span class='ocrx_word' id='word_1_798' title='bbox 3335 5131 3542 5193; x_wconf 73' lang='lat' dir='ltr'><strong>interque</strong></span> <span class='ocrx_word' id='word_1_799' title='bbox 3569 5128 3618 5169; x_wconf 69' lang='grc'><strong>⁸³</strong></span> <span class='ocrx_word' id='word_1_800' title='bbox 3644 5120 3705 5162; x_wconf 66' lang='grc' dir='ltr'><strong>’θ’</strong></span> 
     </span>
    </p>
   </div>
   <div class='ocr_carea' id='block_1_115' title="bbox 2252 5209 3702 5301">
    <p class='ocr_par' dir='ltr' id='par_1_115' title="bbox 2252 5209 3702 5301">
     <span class='ocr_line' id='line_1_115' title="bbox 2252 5209 3702 5301; baseline -0.01 -26"><span class='ocrx_word' id='word_1_801' title='bbox 2252 5229 2414 5301; x_wconf 86' lang='lat' dir='ltr'><strong>pente</strong></span> <span class='ocrx_word' id='word_1_802' title='bbox 2437 5223 2746 5292; x_wconf 89' lang='lat' dir='ltr'><strong>apparuisse</strong></span> <span class='ocrx_word' id='word_1_803' title='bbox 2770 5225 3278 5293; x_wconf 68' lang='lat' dir='ltr'><strong>pratcellentissimos</strong></span> <span class='ocrx_word' id='word_1_804' title='bbox 3295 5221 3424 5275; x_wconf 89' lang='lat' dir='ltr'><strong>viros</strong></span> <span class='ocrx_word' id='word_1_805' title='bbox 3446 5209 3583 5269; x_wconf 85' lang='lat' dir='ltr'><strong>niveis</strong></span> 
     </span>
    </p>
   </div>
   <div class='ocr_carea' id='block_1_116' title="bbox 2253 5291 3699 5382">
    <p class='ocr_par' dir='ltr' id='par_1_116' title="bbox 2253 5291 3699 5382">
     <span class='ocr_line' id='line_1_116' title="bbox 2253 5291 3699 5382; baseline -0.003 -18"><span class='ocrx_word' id='word_1_806' title='bbox 2253 5296 2374 5380; x_wconf 84' lang='lat' dir='ltr'><strong>ptos</strong></span> <span class='ocrx_word' id='word_1_807' title='bbox 2416 5291 2675 5377; x_wconf 79' lang='lat' dir='ltr'><strong>vestibus,</strong></span> <span class='ocrx_word' id='word_1_808' title='bbox 2719 5291 2884 5382; x_wconf 77' lang='lat' dir='ltr'><strong>seque</strong></span> <span class='ocrx_word' id='word_1_809' title='bbox 2926 5315 3284 5372; x_wconf 83' lang='lat' dir='ltr'><strong>tremefactum</strong></span> <span class='ocrx_word' id='word_1_810' title='bbox 3318 5326 3378 5365; x_wconf 84' lang='lat' dir='ltr'><strong>ex</strong></span> <span class='ocrx_word' id='word_1_811' title='bbox 3414 5307 3483 5362; x_wconf 88' lang='lat' dir='ltr'><strong>eis</strong></span> <span class='ocrx_word' id='word_1_812' title='bbox 3513 5291 3699 5369; x_wconf 50' lang='lat' dir='ltr'><strong>quam</strong></span> 
     </span>
    </p>
   </div>
   <div class='ocr_carea' id='block_1_117' title="bbox 2254 5385 3697 5484">
    <p class='ocr_par' dir='ltr' id='par_1_117' title="bbox 2254 5385 3697 5484">
     <span class='ocr_line' id='line_1_117' title="bbox 2254 5385 3697 5484; baseline 0.015 -28"><span class='ocrx_word' id='word_1_813' title='bbox 2254 5404 2473 5473; x_wconf 91' lang='lat' dir='ltr'><strong>quinam</strong></span> <span class='ocrx_word' id='word_1_814' title='bbox 2500 5414 2697 5461; x_wconf 89' lang='lat' dir='ltr'><strong>essent.</strong></span> <span class='ocrx_word' id='word_1_815' title='bbox 2730 5407 2954 5484; x_wconf 81' lang='lat' dir='ltr'><strong>lllosque</strong></span> <span class='ocrx_word' id='word_1_816' title='bbox 2987 5409 3329 5480; x_wconf 74' lang='lat' dir='ltr'><strong>respondisse.</strong></span> <span class='ocrx_word' id='word_1_817' title='bbox 3359 5413 3475 5472; x_wconf 70' lang='lat' dir='ltr'><strong>quos</strong></span> <span class='ocrx_word' id='word_1_818' title='bbox 3501 5385 3697 5484; x_wconf 49' lang='grc' dir='ltr'><strong>θέβθωξ</strong></span> 
     </span>
    </p>
   </div>
   <div class='ocr_carea' id='block_1_118' title="bbox 2253 5472 3694 5573">
    <p class='ocr_par' dir='ltr' id='par_1_118' title="bbox 2253 5472 3694 5573">
     <span class='ocr_line' id='line_1_118' title="bbox 2253 5472 3694 5573; baseline 0.001 -24"><span class='ocrx_word' id='word_1_819' title='bbox 2253 5472 2341 5551; x_wconf 83' lang='lat' dir='ltr'><strong>tus</strong></span> <span class='ocrx_word' id='word_1_820' title='bbox 2381 5496 2435 5550; x_wconf 91' lang='lat' dir='ltr'><strong>in</strong></span> <span class='ocrx_word' id='word_1_821' title='bbox 2474 5495 2799 5565; x_wconf 90' lang='lat' dir='ltr'><strong>adjutorium</strong></span> <span class='ocrx_word' id='word_1_822' title='bbox 2834 5472 3134 5567; x_wconf 75' lang='lat' dir='ltr'><strong>vocaverat,</strong></span> <span class='ocrx_word' id='word_1_823' title='bbox 3166 5494 3443 5567; x_wconf 86' lang='lat' dir='ltr'><strong>Dionysium</strong></span> <span class='ocrx_word' id='word_1_824' title='bbox 3477 5472 3694 5573; x_wconf 33' lang='grc' dir='ltr'><strong>δοίίξοθίεέῗ</strong></span> 
     </span>
    </p>
   </div>
   <div class='ocr_carea' id='block_1_119' title="bbox 2254 5569 3692 5658">
    <p class='ocr_par' dir='ltr' id='par_1_119' title="bbox 2254 5569 3692 5658">
     <span class='ocr_line' id='line_1_119' title="bbox 2254 5569 3692 5658; baseline 0.011 -22"><span class='ocrx_word' id='word_1_825' title='bbox 2254 5584 2565 5640; x_wconf 81' lang='lat' dir='ltr'><strong>Mauricium</strong></span> <span class='ocrx_word' id='word_1_826' title='bbox 2587 5603 2650 5642; x_wconf 91' lang='lat' dir='ltr'><strong>ac</strong></span> <span class='ocrx_word' id='word_1_827' title='bbox 2671 5587 2955 5644; x_wconf 80' lang='lat' dir='ltr'><strong>Martinam</strong></span> <span class='ocrx_word' id='word_1_828' title='bbox 2975 5606 3116 5658; x_wconf 88' lang='lat' dir='ltr'><strong>esse,</strong></span> <span class='ocrx_word' id='word_1_829' title='bbox 3136 5599 3193 5645; x_wconf 89' lang='lat' dir='ltr'><strong>ut</strong></span> <span class='ocrx_word' id='word_1_830' title='bbox 3211 5601 3322 5643; x_wconf 87' lang='lat' dir='ltr'><strong>eum</strong></span> <span class='ocrx_word' id='word_1_831' title='bbox 3339 5586 3539 5648; x_wconf 60' lang='lat' dir='ltr'><strong>emplum</strong></span> <span class='ocrx_word' id='word_1_832' title='bbox 3554 5569 3595 5622; x_wconf 74' lang='grc' dir='ltr'><strong>ί¹¹</strong></span> <span class='ocrx_word' id='word_1_833' title='bbox 3610 5569 3692 5657; x_wconf 50' lang='lat' dir='ltr'><strong>sm.“</strong></span> 
     </span>
    </p>
   </div>
   <div class='ocr_carea' id='block_1_120' title="bbox 2253 5658 3691 5751">
    <p class='ocr_par' dir='ltr' id='par_1_120' title="bbox 2253 5658 3691 5751">
     <span class='ocr_line' id='line_1_120' title="bbox 2253 5658 3691 5751; baseline -0.017 -24"><span class='ocrx_word' id='word_1_834' title='bbox 2253 5673 2481 5729; x_wconf 75' lang='lat' dir='ltr'><strong>Abrahm</strong></span> <span class='ocrx_word' id='word_1_835' title='bbox 2524 5675 2864 5734; x_wconf 87' lang='lat' dir='ltr'><strong>collocarent.</strong></span> <span class='ocrx_word' id='word_1_836' title='bbox 2906 5680 3091 5751; x_wconf 88' lang='lat' dir='ltr'><strong>Itaque</strong></span> <span class='ocrx_word' id='word_1_837' title='bbox 3127 5682 3295 5736; x_wconf 88' lang='lat' dir='ltr'><strong>hostes</strong></span> <span class='ocrx_word' id='word_1_838' title='bbox 3329 5663 3510 5727; x_wconf 82' lang='lat' dir='ltr'><strong>humani</strong></span> <span class='ocrx_word' id='word_1_839' title='bbox 3539 5658 3691 5725; x_wconf 69' lang='lat' dir='ltr'><strong>generis</strong></span> 
     </span>
    </p>
   </div>
  </div>
