4018 6174
533 304 665 362 ηιξ)

1759 250 2072 336 amemur
2109 263 2382 326 secum
2421 260 2550 320 vni.

3674 243 3831 301 ιω

528 420 664 476 abba
687 416 791 472 hoc
805 425 926 469 cum
953 407 1145 463 timore
1165 402 1259 460 Dei
1282 399 1508 456 fideliter
1527 394 1763 452 studeret
1787 387 2100 476 adimplere,
2133 390 2178 446 Α
2203 385 2423 476 propter
2719 370 2816 427 Dei
2868 367 3068 476 ibidem
3107 363 3349 467 delegata
3395 368 3499 417 aut
3535 360 3833 430 deinceps

528 455 664 476 nus)“
691 455 791 472 Ιιυυ
806 455 926 469 νισι-ι
956 455 1102 463 --σσ-ν-
1120 455 1144 460 ν
1169 455 1197 460 —
1218 455 1258 459 ν-
1284 455 1311 456 η
1367 455 1375 456 κ
1934 455 1949 459 ν

527 508 835 572 nullamque
855 495 1256 569 requisitionem
1277 505 1377 546 nec
1403 504 1436 543 a
1470 501 1566 542 suo
1584 481 1860 556 pontifice,
1874 494 1939 534 eo
1960 475 2102 548 quod
2202 468 2403 524 fuerint
2428 464 2629 530 addita,
2658 463 2784 516 dum
2799 476 2865 516 ex
2879 455 3244 515 munificentia
3264 462 3558 525 parentum
3586 463 3831 507 nostro-

1759 571 1765 572 ,
2306 570 2313 572 4
2367 562 2417 572 γ-.
2464 552 2676 572 nuru“-..
2730 548 2841 572 2....λ.
2874 554 3092 572 ........o....
3122 543 3269 572 Innnlo
3319 542 3544 572 υἱιηίη-
3567 555 3709 572 ωε,
3737 540 3827 572 Αἶ-

530 540 745 565 "tum...
770 540 835 557 ..υ
856 540 928 555 η.
955 540 1256 552 ...ν.-.ν-.----
1278 540 1375 546 --η
1406 540 1436 543 _
1472 540 1515 542 Ἣ
1546 540 1551 541 ,
1588 540 1603 556 ,
1636 540 1643 541 ,
1845 540 1857 547 ,
1978 540 1993 548 _

530 597 708 652 adhuc
735 540 827 646 illo
853 540 1094 657 tempore
1119 577 1503 635 monasterium
1521 572 1661 628 illud
1690 571 1789 626 sub
1836 571 2106 639 potestate
2203 570 2345 621 rum,
2365 562 2424 607 ut
2448 552 2698 615 diximus,
2730 548 2845 619 ipse
2874 554 3095 603 sanctus
3121 543 3273 599 locus
3319 542 3544 597 videtur
3566 555 3709 596 esse
3736 540 3831 595 di-

463 754 467 759 ι
530 682 800 760 pontificis
820 655 1149 735 Parisiorum
1177 668 1431 727 Ecclesia:
1466 665 1748 721 videbatur
1770 673 1891 716 esse
1929 655 2108 724 subje—

533 751 702 839 ctum,
734 784 832 827 nec
850 783 882 823 a
900 763 1153 837 quolibet
1171 772 1407 830 unquam
1449 754 1666 812 homine
1682 751 2105 822 pertimesceret.

534 916 664 974 Car.
690 914 756 970 L.
788 941 863 956 —
893 908 971 964 De
1024 923 1085 962 eo
1120 902 1259 976 quod
1301 899 1580 976 prmfatunt
1612 885 1981 976 'focumdidﬁni

609 958 966 1039 ὶίιῖάοωὶεἶιῖ
995 958 1425 1031 α’ᾎόῖηἱηαεῖοηέ
1449 963 1709 1021 Parisiaci
1734 958 1981 1038 antistitis
2020 965 2113 1039 per

604 1026 927 1135 ᾗῆῖῖῖξξὶυηι
957 1026 1026 1128 et".
1030 1026 1478 1135 confirmationem
1518 1042 1818 1090 mactarunt
1844 1026 2112 1096 episcopo-

609 1117 726 1177 rum
755 1117 1069 1176 liberaverit.

610 1251 945 1309 Succedente
971 1260 1100 1301 vero
1127 1249 1387 1311 tempore,
1411 1248 1554 1291 anno
1596 1229 1664 1285 16
1692 1226 1842 1299 regni
1866 1223 1950 1279 sui
1985 1220 2118 1276 lliu-

542 1344 749 1402 dovrius
772 1354 866 1396 rex
889 1334 1165 1406 Clippiaco
1209 1327 1474 1390 residens,
1500 1318 1808 1378 convocatis
1848 1311 2118 1385 pontifici-

541 1434 663 1498 bus,
696 1442 905 1486 necnon
930 1431 984 1481 ct
1010 1420 1159 1493 regni
1189 1415 1537 1490 primoribus,
1563 1409 1714 1482 regio
1738 1410 2023 1462 stemmate
2048 1416 2118 1456 ex

543 1536 696 1580 more
738 1526 1017 1589 comptus,
1047 1513 1188 1568 inter
1234 1514 1460 1563 cmteras
1514 1498 1890 1575 principalium
1940 1508 2122 1548 rerum

545 1612 805 1675 actiones,
835 1583 905 1664 ob
948 1618 1085 1676 quas
1110 1616 1211 1673 pro
1234 1599 1408 1656 salute
1436 1594 1588 1666 regni
1636 1588 1942 1646 tractandas
1985 1583 2124 1655 opti-

546 1713 741 1769 mates,
766 1709 828 1758 ut
861 1698 1114 1760 diximus,
1139 1694 1580 1762 congregaverat,
1610 1683 1791 1740 divino
1819 1676 2123 1750 impellente

548 1802 682 1853 nutu
699 1793 786 1849 ‘ita
816 1788 981 1860 coepit
1009 1804 1024 1841 :
1053 1783 1279 1856 Oportet
1302 1794 1401 1835 nos
1420 1775 1603 1834 sedule
1616 1772 1909 1829 secundum
1944 1775 2125 1838 pater-

552 1900 675 1941 nam
734 1867 1123 1938 institutionem
1186 1870 1321 1927 locis
1379 1864 1777 1924 venerabiltbus
1815 1868 2126 1916 sanctorum

552 1968 907 2029 reverentiam
934 1962 1209 2025 exhibere,
1237 1966 1296 2013 ut
1315 1971 1412 2014 eos
1452 1955 1507 2011 in
1550 1953 1636 2009 die
1661 1948 1997 2006 necessitatis
2033 1960 2127 2017 pa-

552 2072 739 2121 tronos
763 2068 821 2117 et
855 2055 1169 2113 defensores
1190 2057 1380 2107 contra
1415 2043 1712 2103 invisibiles
1747 2043 1932 2097 hostes
1959 2036 2133 2110 possi-

553 2169 670 2213 mus
693 2153 910 2209 habere.
925 2146 1156 2215 Ideoque
1178 2140 1460 2198 consilium
1496 2136 1659 2207 quod,
1686 2142 1748 2189 ut
1773 2131 1936 2189 credo
1952 2170 1968 2196 ,
2015 2143 2135 2185 om-

554 2247 807 2318 nipotens
830 2240 1089 2297 Dominus
1103 2234 1251 2293 cordi
1273 2240 1460 2288 nostro
1475 2230 1724 2301 dignatus
1748 2234 1830 2281 est
1858 2224 2096 2279 inserere
2116 2260 2133 2287 ,

554 2312 652 2393 vos
674 2333 856 2391 domui
879 2340 934 2388 et
957 2324 1283 2386 sanctissimi
1312 2322 1638 2385 sacerdotes,
1662 2331 1870 2373 necnon
1900 2312 2048 2384 regni
2079 2319 2136 2365 et

556 2425 740 2499 palatii
771 2422 940 2481 nostri
984 2418 1272 2492 principes,
1300 2414 1504 2469 intenta
1531 2426 1661 2465 aure
1690 2406 1968 2479 percipite,
1996 2411 2051 2458 ct
2086 2401 2135 2456 si

557 2511 914 2590 probaveritis
933 2523 1059 2565 esse
1071 2506 1199 2562 utile
1219 2521 1327 2560 una
1356 2517 1569 2558 mecum
1588 2499 1803 2556 Christo
1820 2501 2137 2567 protegente

557 2586 849 2665 salubriter
875 2608 1221 2675 pertractate.
1276 2594 1555 2666 Siquidem
1591 2590 1928 2661 omnipotens
1959 2586 2134 2650 Pater,

558 2699 650 2771 qui
673 2698 807 2753 dixit
834 2695 900 2750 dc
931 2691 1166 2749 tenebris
1192 2688 1373 2743 lumen
1415 2684 1808 2755 splendescere,
1838 2694 1932 2749 per
1962 2678 2140 2731 incar-

560 2788 792 2845 nationis
812 2782 1128 2856 mysterium
1174 2776 1437 2849 unlgcniti
1465 2773 1586 2829 Filii
1610 2772 1691 2827 sui
1734 2768 1944 2825 Domini
1970 2764 2139 2822 nostri

559 2878 686 2936 Jesu
714 2876 937 2939 Christi,
965 2876 1051 2930 vel
1079 2870 1436 2926 illustratione
1492 2864 1665 2921 sancti
1689 2862 1921 2933 Spiritus
1965 2858 2142 2914 illuxit

562 2973 621 3030 in
638 2969 801 3028 corda
825 2973 1136 3022 sanctorum
1172 2957 1626 3022 Christianorum,
1650 2969 1748 3025 pro
1781 2950 1862 3021 cui
1872 2967 1933 3006 us
1957 2964 2142 3004 amore

562 3071 621 3121 et
678 3057 946 3118 desiderio
988 3055 1131 3111 inter
1181 3051 1443 3125 gloriosos
1488 3047 1789 3117 triumphos
1844 3052 2139 3115 martyrum
2165 3054 2214 3120 ο

564 3150 907 3211 beatissimus
931 3144 1239 3217 Dionysius,
1270 3139 1525 3196 Rusticus
1546 3146 1600 3195 et
1629 3134 1989 3197 Eleutherius,
2036 3147 2144 3187 me-

556 3241 792 3302 ruerunt
831 3240 1063 3312 palmam
1086 3234 1329 3293 victoriae
1357 3241 1412 3289 et
1449 3246 1701 3289 coronam
1729 3228 2006 3300 percipere
2027 3225 2145 3297 glo-

567 3334 789 3392 riosam.
818 3329 878 3386 lu
914 3343 1142 3401 quorum
1181 3323 1425 3389 basilica,
1449 3321 1543 3378 ubi
1589 3320 1927 3389 requiescere
1954 3315 2145 3370 viden-

567 3431 676 3486 tur,
698 3436 796 3493 per
819 3418 986 3474 multa
1011 3425 1252 3485 tempora
1282 3427 1387 3469 non
1413 3410 1634 3465 minima
1660 3404 1921 3462 miracula
1946 3405 2014 3460 ad
2035 3404 2147 3457 Iau-

567 3492 807 3569 demsui
836 3506 1069 3563 nominis
1095 3503 1345 3561 Christus
1382 3500 1636 3573 dignatus
1662 3505 1747 3553 cst
1798 3494 2031 3565 operari.
2086 3492 2145 3547 ln

569 3617 682 3676 quo
707 3601 873 3659 etiam
913 3597 1031 3655 loco
1054 3595 1327 3669 genitores
1347 3591 1520 3649 nostri
1544 3591 1772 3647 domnus
1816 3588 2149 3657 Dagobertus

571 3675 626 3750 et
648 3691 843 3748 domita
891 3684 1194 3769 N_antbildis
1228 3683 1482 3739 videntur
1526 3680 1886 3752 requiescere.
1940 3675 2011 3732 Ut
2054 3689 2150 3746 per

573 3768 1019 3839 intercessionem
1041 3782 1353 3831 sanctorum
1400 3773 1614 3829 illorum
1643 3771 1699 3826 in
1725 3768 1932 3826 emlesti
1986 3781 2151 3838 regno

576 3874 885 3927 mereantur
908 3864 1200 3935 participes
1232 3877 1373 3929 esse,
1401 3873 1457 3918 et
1487 3862 1657 3917 vitam
1680 3869 1939 3916 :eternam
1987 3858 2155 3928 pOSni'

576 3963 721 4018 dere.
736 3959 806 4015 Et
829 3958 957 4029 quia
980 3958 1051 4013 ab
1071 3956 1202 4026 ipsis
1224 3954 1578 4025 principibus,
1601 3961 1699 4007 eta
1721 3954 1933 4008 caeteris
1953 3950 2154 4023 priscis

579 4048 817 4122 regibus,
837 4045 923 4103 vel
941 4060 975 4102 a
994 4045 1165 4102 Deum
1182 4043 1496 4099 timentibus
1507 4041 1829 4099 Christianis
1850 4042 2157 4098 hominibus

579 4139 697 4215 ipse
723 4144 942 4196 sanctus
964 4133 1118 4192 locus
1147 4134 1203 4189 in
1229 4132 1394 4191 rebus
1428 4141 1650 4204 propter
1691 4146 1932 4188 amorem
1957 4132 2054 4188 Dei
2100 4140 2158 4189 et

582 4229 979 4305 adipiscendam
1006 4226 1173 4284 vitam
1195 4234 1474 4292 mternam,
1505 4226 1745 4282 cernitur
1783 4240 1903 4283 esse
1925 4226 2153 4293 ditatus,

2206 656 2369 711 tatus,
2402 644 2578 699 nullus
2610 642 3005 712 episcoporum,
3028 652 3130 692 nec
3156 635 3247 705 qui
3286 649 3552 706 premens,
3575 647 3698 688 nec
3726 632 3831 702 qui

2207 736 2373 793 futuri
2397 743 2557 791 erunt
2583 742 2946 795 successores,
2982 736 3077 783 aut
3098 741 3287 782 eorum
3315 724 3708 787 ordinatores,
3739 722 3830 776 vel

2208 829 2448 901 qualibet
2471 839 2698 896 persona
2726 822 2896 893 possit
2936 835 3151 892 quoque
3183 817 3374 872 ordine
3406 818 3476 871 de
3520 817 3656 870 loco
3706 815 3831 884 ipso

2210 916 2412 986 aliquid
2441 914 2681 977 auferre;
2704 920 2797 966 aut
2818 910 3053 980 aliquam
3078 916 3400 978 potestatem
3440 905 3551 960 sibi
3576 907 3644 959 in
3706 906 3833 974 ipso

2211 1004 2539 1063 monasterio
2562 1015 2858 1072 usurpare,
2885 1007 2984 1054 aut
3026 997 3227 1068 aliquid
3255 996 3411 1065 quasi
3434 1011 3542 1067 per
3559 1009 3831 1049 commn-

2214 1095 2431 1151 tationis
2455 1093 2666 1152 titulum
2692 1093 2897 1160 absque
2922 1088 3195 1144 voluntate
3223 1088 3391 1157 ipsius
3421 1087 3833 1156 congregatio-

2214 1188 2300 1242 nis
2325 1185 2408 1241 vel
2458 1194 2643 1239 nostro
2670 1182 2935 1253 permissu
2962 1179 3203 1234 minuere
3221 1218 3238 1244 ,
3294 1187 3391 1232 aut
3416 1178 3633 1233 cauca
3660 1217 3681 1242 ,
3742 1177 3831 1230 vel

2216 1290 2428 1342 cruces,
2456 1288 2548 1329 seu
2581 1273 2892 1328 indumenta
2916 1269 3186 1334 altarium,
3212 1270 3326 1325 sive
3352 1283 3546 1323 sacros
3565 1266 3835 1331 codices,

2217 1375 2520 1438 argentum,
2574 1377 2871 1425 aurumve,
2917 1359 3005 1416 vel
3047 1359 3476 1430 qualemcunque
3524 1359 3830 1430 speciem,

2218 1458 2478 1530 quidquid
2524 1457 2598 1513 ibi
2627 1455 2882 1512 collatum
2910 1452 3012 1508 fuit
3039 1460 3134 1508 aut
3156 1453 3282 1518 erit,
3323 1451 3561 1518 auferre,
3588 1468 3710 1507 nee
3759 1453 3833 1507 ad

2219 1552 2493 1608 civitatem
2524 1547 2736 1603 deferre
2777 1552 3089 1617 pnesumat.
3129 1542 3237 1599 Sed
3276 1543 3434 1599 liceat
3458 1545 3562 1615 ipsi
3608 1554 3837 1600 sanctae

2222 1640 2619 1711 congregationi
2654 1638 2796 1709 quod
2848 1636 2978 1692 inibi
3022 1650 3120 1706 per
3161 1643 3365 1691 rectam
3411 1636 3832 1707 dclegationem

2152 1719 2198 1779 Β
2222 1732 2474 1790 collatum
2507 1737 2592 1785 est
2624 1727 2889 1800 perpetim
2911 1726 3209 1797 possidere,
3228 1733 3495 1795 quatenus
3523 1727 3713 1780 cidem
3730 1741 3835 1796 pro

2225 1823 2509 1880 animabus
2527 1826 2813 1890 parentum
2837 1825 3168 1879 nostrorum,
3191 1824 3248 1869 et
3274 1830 3373 1884 pro
3407 1814 3724 1871 stabilitate
3746 1829 3836 1869 re-

2225 1914 2316 1986 gni
2362 1911 2528 1969 nostri
2560 1909 2850 1966 Dominum
2887 1907 3146 1963 attentius
3179 1904 3384 1977 iugiter
3408 1905 3657 1961 delectet
3695 1920 3833 1961 exo—

2228 2019 2372 2061 rare.
2405 2000 2515 2058 Nos
2531 2000 2677 2056 enim
2704 2006 2928 2071 propter
2950 1998 3045 2052 Dei
3067 2012 3326 2059 amorem,
3358 2004 3417 2050 et
3451 1996 3830 2052 reverentiam

2229 2096 2470 2166 ipsorum
2506 2100 2816 2149 sanctorum
2844 2097 3142 2161 martyrum
3166 2128 3184 2156 ,
3222 2096 3383 2158 atque
3410 2087 3828 2159 adipiscendam

2229 2188 2397 2243 vitam
2422 2195 2698 2247 aeternam,
2725 2182 2831 2239 hoc
2874 2181 3194 2238 beneficium
3247 2181 3314 2235 ad
3342 2180 3526 2251 ipsum
3572 2192 3825 2237 sanctum

2231 2279 2409 2335 locum
2437 2291 2561 2333 cum
2585 2285 2767 2331 vestro
2785 2273 3010 2329 consilio
3037 2270 3343 2342 gratissimo
3364 2271 3553 2326 animo
3585 2280 3647 2327 et
3692 2272 3829 2328 inte—

2233 2384 2330 2439 gra
2354 2367 2625 2422 voluntate
2650 2363 2898 2419 volumus
2926 2369 3218 2432 praestare:
3255 2375 3322 2415 eo
3371 2360 3588 2418 scilicet
3638 2362 3829 2417 ordine

2236 2469 2297 2515 ut
2316 2459 2455 2514 sicut
2486 2455 2685 2512 ibidem
2717 2462 2959 2523 tempore
3013 2451 3195 2506 domui
3246 2458 3302 2505 et
3339 2451 3608 2521 genitoris
3658 2453 3831 2509 nostri

2231 2546 2577 2618 psallentium
2601 2545 2735 2601 ordo
2758 2558 2858 2613 per
2877 2540 3212 2597 turmas.fuit
3233 2542 3539 2609 institutus,
3570 2543 3661 2597 vel
3693 2544 3834 2599 sicut

2235 2639 2292 2696 in
2321 2636 2650 2693 monasterio
2673 2632 2845 2689 sancti
2876 2631 3115 2686 Mauricii
3138 2632 3396 2701 Agannis,
3410 2641 3467 2686 et
3484 2634 3671 2688 sancti
3696 2634 3839 2689 lar-

2236 2728 2339 2786 tini
2364 2726 2596 2784 Turonis
2644 2725 2734 2781 die
2761 2732 3030 2793 noctuque
3061 2730 3293 2788 tenetur,
3326 2725 3398 2777 ita
3436 2724 3490 2777 in
3542 2724 3671 2780 loco
3720 2726 3836 2797 ipso

2236 2834 2337 2891 per
2358 2817 2540 2874 omnia
2583 2816 2763 2870 futura
2808 2823 3049 2884 tempora
3085 2812 3407 2869 celebretur.
3457 2814 3655 2884 Itaque
3710 2816 3834 2872 dum

2238 2923 2423 2980 regem
2448 2919 2637 2962 omnes
2663 2904 2814 2974 regni
2844 2903 3115 2973 principes
3144 2903 3259 2958 ba-e
3299 2905 3725 2963 concionantem
3756 2917 3836 2962 at-

2243 2999 2426 3056 tonitis
2452 2998 2674 3053 auribus
2724 2995 3008 3066 diligenter
3035 2995 3398 3064 intenderent,
3422 2999 3726 3067 pontiﬁces
3747 3002 3832 3071 qui

2242 3091 2466 3147 aderant
2517 3088 2775 3159 optimam
2836 3087 3172 3144 devotionem
3220 3088 3363 3157 regis
3420 3091 3793 3161 approbantes
3814 3133 3831 3157 ,

2241 3186 2565 3252 przeccptum
2586 3178 2655 3233 ab
2682 3177 2800 3249 ipso
2831 3191 2958 3248 rege
2978 3178 3139 3233 modo
3170 3192 3333 3248 supra
3356 3178 3565 3249 scripto
3606 3178 3828 3246 factum,

2244 3277 2358 3323 tam
2394 3283 2489 3323 rex
2517 3282 2680 3337 quam
2706 3266 2989 3337 pontiﬁces
3020 3276 3075 3322 et
3103 3266 3374 3338 principes
3399 3269 3497 3339 qui
3536 3280 3828 3340 praesentes

2244 3358 2471 3414 aderant
2497 3358 2866 3427 firmaverunt.
2913 3356 3059 3413 Inter
3084 3373 3220 3429 quos
3257 3360 3503 3414 nonnulli
3553 3361 3826 3432 pontifices

2243 3449 2590 3512 exstiterunt,
2620 3462 2757 3517 quos
2780 3446 2939 3502 hodie
2982 3456 3166 3502 sancta
3188 3447 3430 3503 Ecclesia
3460 3451 3824 3506 sanctissimos

2244 3554 2366 3595 esse
2389 3554 2495 3593 non
2524 3538 2762 3603 dubitat,
2804 3553 2870 3593 eo
2895 3538 3037 3607 quod
3059 3540 3128 3594 ad
3152 3553 3338 3594 eorum
3392 3542 3728 3597 venerabilia
3750 3558 3825 3597 sc-

2245 3630 2433 3700 pulcra
2454 3630 2682 3683 virtutes
2712 3644 2817 3683 non
2840 3629 3077 3684 modicas
3097 3644 3266 3698 usque
3304 3630 3357 3684 in
3386 3645 3634 3700 praesens
3660 3632 3825 3688 Domi-

2248 3735 2350 3775 nus
2387 3727 2658 3788 operetur.
2702 3716 2919 3772 Scilicet
2943 3718 3132 3774 beatus
3176 3719 3498 3785 Audoenus,
3548 3732 3608 3777 et
3625 3734 3827 3776 sanctus

2249 3809 2400 3864 [lado
2428 3810 2593 3862 frater
2614 3809 2802 3878 ipsius,
2825 3824 3032 3863 necnon
3070 3810 3256 3864 beatus
3280 3809 3559 3866 Palladius
3576 3852 3594 3878 ,
3634 3820 3691 3868 et
3718 3828 3831 3867 san-

2251 3912 2371 3959 ctus
2394 3902 2603 3969 Clarus,
2630 3910 2791 3972 atque
2823 3901 3052 3958 domnus
3082 3904 3306 3975 Eligius,
3338 3906 3423 3960 vel
3449 3917 3677 3963 sanch
3726 3908 3830 3963 Sul-

2251 3994 2443 4065 picius,
2471 3994 2663 4048 beatus
2690 4007 2908 4063 quoque
2929 3993 3200 4050 Aubertus
3222 4033 3239 4059 ,
3288 4003 3345 4050 et
3374 3995 3612 4052 domnus
3658 3995 3832 4053 Casta-

2254 4083 2396 4149 dius,
2432 4090 2758 4152 sanctusque
2810 4082 3062 4138 Etherius
3086 4123 3102 4149 ,
3151 4084 3349 4154 aliique
3395 4087 3832 4157 quamplures,et

2255 4172 2578 4228 venerabilis
2626 4172 2962 4228 Landericus
3011 4171 3340 4229 Parisiorum
3377 4177 3695 4249 episcopus,
3749 4179 3834 4250 qui

2255 4263 2569 4335 praedictum
2593 4263 2932 4335 privilegium
2970 4279 3069 4320 sua
3099 4274 3290 4336 sponte
3327 4269 3608 4323 consensit
3629 4277 3688 4325 et
3708 4285 3833 4325 con—

584 4330 770 4417 nostra
786 4320 992 4417 integra
1012 4317 1227 4417 devmio
1251 4324 1414 4417 atque
1438 4316 1625 4417 petitio
1671 4323 1853 4417 exstat
1871 4356 1888 4383 ,
1932 4324 1994 4371 ut
2021 4331 2154 4386 apo-

585 4413 813 4506 stolieus
834 4412 920 4506 vir
963 4409 1319 4506 Landericus,
1348 4408 1634 4465 Parisiacae
1666 4407 1924 4506 liccle
1940 4409 2159 4506 epis“):
2184 4418 2235 4479 D

585 4520 710 4578 pus,
734 4502 1072 4577 privilegium
1096 4501 1165 4556 ad
1185 4500 1362 4572 ipsum
1393 4506 1638 4555 sanctum
1666 4498 1843 4555 locum
1871 4499 2051 4553 abbati
2073 4497 2160 4553 vel

588 4593 848 4651 fratribus
873 4592 1072 4649 ibidem
1093 4589 1509 4647 consistentibus
1534 4587 1714 4645 facere
1743 4596 1800 4646 et
1815 4589 2160 4654 continuare,

588 4685 636 4744 si
662 4682 816 4741 vobis
839 4682 916 4738 ita
939 4681 1152 4739 videtur
1179 4718 1197 4747 ,
1239 4693 1339 4752 pro
1365 4679 1545 4750 quiete
1566 4678 1745 4735 futura
1773 4680 1967 4737 debeat
1984 4720 2000 4746 ,
2057 4694 2165 4750 quo

589 4776 801 4835 facilius
865 4770 1268 4846 congregationi
1328 4770 1431 4842 ipsi
1493 4770 1653 4829 liceat
1711 4787 1810 4841 pro
1869 4771 2163 4827 stabilitate

593 4866 746 4941 regni
770 4865 935 4922 nostri
962 4864 1031 4920 ad
1067 4861 1253 4918 limina
1294 4869 1593 4933 martyrum
1638 4862 1874 4932 ipsorum
1926 4862 2165 4917 divinam

590 4958 931 5018 clementiam
952 4955 1155 5026 jugitcr
1176 4968 1424 5010 exorare.
1473 4952 1589 5009 lloc
1615 4961 1794 5008 autem
1812 4962 1867 5009 et
1890 4955 2004 5024 ipse
2027 4968 2165 5024 pon-

592 5050 722 5107 tifex
755 5050 908 5120 juxta
944 5046 1260 5118 petitionem
1307 5043 1605 5100 devotionis
1649 5051 1846 5099 nostrze
1884 5044 2170 5114 promptis-

595 5141 734 5197 sima
757 5138 1029 5196 voluntate
1051 5143 1311 5208 przestare
1345 5139 1403 5190 et
1446 5131 1770 5188 conﬁrmare
1814 5131 2163 5203 dignoscitur.

597 5230 707 5287 Nos
729 5245 861 5288 vero
886 5241 985 5299 pro
1019 5225 1317 5283 reverentia
1342 5224 1581 5297 ipsorum
1603 5232 1922 5295 martyrum,
1957 5222 2044 5279 vel
2073 5238 2171 5279 no-

597 5329 710 5377 stra
742 5317 1109 5381 confirmanda
1136 5315 1405 5382 mercede,
1438 5311 1809 5385 hujuscemodi
1842 5319 2172 5382 prmeeptum

597 5406 991 5478 praesentialiter
1015 5420 1121 5461 una
1162 5404 1442 5462 vobiscum
1477 5402 1799 5459 confirmare
1823 5400 2089 5470 volumus,
2115 5410 2176 5459 ut

603 5497 648 5552 si
674 5511 779 5567 qua
797 5499 865 5553 ad
911 5496 1083 5567 ipsum
1106 5505 1354 5554 sanetum
1380 5480 1659 5563 locum,'in
1693 5496 1941 5563 villabus,
1972 5496 2177 5555 manci-

604 5587 708 5657 piis
731 5588 813 5644 vel
839 5589 1244 5661 quibuscunque
1295 5592 1458 5646 rebus
1500 5605 1531 5645 a
1568 5590 1766 5662 priscis
1812 5590 2029 5660 regibus
2081 5605 2178 5648 seu

606 5679 934 5742 genitoribus
971 5682 1192 5747 nostris,
1220 5682 1300 5738 vel
1313 5684 1483 5739 Deum
1511 5682 1825 5741 timentibus
1848 5682 2177 5754 hominibus,

2503 4479 2573 4529 _——
2584 4446 2661 4501 Dc
2674 4462 2733 4529 eo
2746 4445 2885 4517 quod
2897 4463 2955 4502 οι
2973 4445 3171 4529 brachii
3193 4447 3363 4529 sancti
3384 4446 3631 4529 Piongsii
3653 4451 3803 4521 [regit
3814 4489 3831 4514 ,

2329 4519 2593 4643 Σξὲείίιοο
2618 4518 2765 4588 prius
2791 4532 3022 4583 sensum,
3048 4525 3096 4571 et
3142 4525 3322 4587 postea
3347 4517 3512 4571 vitam
3532 4517 3663 4572 cuni
3688 4517 3832 4591 reg...

2333 4681 2643 4740 liludowius
2669 4680 2850 4751 itaque
2894 4694 2990 4735 rex
3015 4679 3224 4735 cunctis
3250 4679 3437 4736 diebus
3460 4681 3671 4752 absque
3694 4680 3834 4737 bellis

2262 4772 2319 4829 in
2341 4786 2507 4842 regno
2531 4785 2712 4841 regem
2738 4768 2957 4832 habuit;
2986 4769 3081 4823 sed
3100 4768 3315 4824 fortuna
3340 4769 3656 4840 impellente
3679 4787 3832 4842 quon-

2265 4864 2388 4921 dam
2410 4863 2466 4919 in
2501 4861 2756 4918 extremis
2782 4862 2908 4917 vita)
2958 4876 3071 4917 sum
3105 4862 3264 4917 annis
3294 4864 3364 4918 ad
3406 4865 3830 4934 supradictornm

2266 4960 2566 5023 martyrum
2595 4965 2821 5020 corpora
2848 4950 3005 5020 quasi
3031 4964 3196 5006 causa
3236 4953 3505 5008 orationis
3530 4955 3699 5009 venit.
3739 4955 3831 5010 Vo-

2265 5042 2489 5113 lensque
2522 5056 2707 5097 eorum
2733 5041 2955 5113 pignora
2984 5056 3166 5095 secum
3190 5041 3391 5098 habere
3415 5083 3432 5109 ,
3483 5043 3832 5115 discooperire

2267 5134 2572 5207 sepulcrum
2594 5132 2776 5203 iussit.
2792 5131 3001 5203 Corpus
3028 5139 3208 5188 autem
3239 5135 3386 5190 beati
3418 5145 3477 5191 et
3510 5136 3834 5193 excellentis-

2267 5224 2393 5283 simi
2423 5224 2674 5295 martyris
2718 5232 2881 5293 atque
2908 5222 3179 5293 pontificis
3202 5223 3445 5295 Dionysii
3482 5225 3717 5291 intuens,
3745 5225 3835 5279 mi-

2272 5331 2375 5372 nus
2396 5314 2666 5387 religiose,
2701 5313 2827 5369 licet
2860 5314 3071 5383 cupide,
3097 5327 3163 5369 os
3212 5315 3423 5371 brachii
3464 5316 3586 5386 ejus
3610 5316 3761 5387 fregit
3783 5324 3835 5371 et

2274 5407 2472 5479 rapuit,
2495 5405 2883 5475 confestimque
2899 5405 3228 5477 stupefactus
3252 5407 3309 5463 in
3324 5411 3619 5464 amentiam
3632 5409 3833 5464 decidit.

2276 5498 2584 5568 Tantusque
2612 5506 2787 5553 terror
2811 5506 2869 5552 et
2895 5505 3071 5554 metus
3095 5512 3157 5554 ac
3184 5500 3424 5556 tenebrae
3463 5501 3644 5558 locmn
3678 5503 3835 5574 ipsum

2278 5590 2638 5661 repleverunt,
2672 5595 2731 5643 ut
2776 5602 2967 5644 omnes
3009 5589 3101 5659 qui
3147 5589 3370 5645 aderant
3397 5591 3594 5647 timore
3624 5593 3840 5648 maxime

2280 5679 2630 5749 consternati,
2649 5677 2787 5751 fuga:
2810 5679 3119 5751 praesidium
3145 5689 3411 5754 peterent.
3439 5681 3571 5739 Post
3591 5683 3707 5741 hac
3727 5697 3844 5739 vero
