4020 6170
206 370 364 424 {$25

1355 366 1577 422 GESTA
1616 365 1855 423 REGUM
1883 363 2334 453 FRANCORUM.

3353 361 3485 416 H26

1613 498 1790 555 DITIO
1828 498 2148 554 FREHERI.

1613 501 1742 555 Dl'l‘l
1828 498 2148 554 FREHERI.

198 589 468 645 bitahant
518 589 672 659 juxta
731 592 1006 645 Rodanum
1053 590 1294 655 lluvimn,
1339 594 1430 661 qui
1480 497 1794 660 priet-lini:
1827 595 1867 649 Α
1899 590 1941 643 si
1970 589 2038 643 ad
2068 602 2254 656 pacem
2301 590 2624 658 quandoque
2669 590 2886 643 reverti‘
2914 588 3168 658 pottwrit,
3211 588 3367 658 quale
3407 585 3486 646 si-

199 681 540 751 Lugdunum
583 683 874 735 civitatem.
917 681 1142 736 Chlodio
1183 693 1362 735 auzem
1391 698 1485 735 rex
1525 681 1672 734 misit
1696 695 1796 734 cx-

201 770 523 840 ploratores
551 769 617 823 de
648 770 911 839 Dispargo
922 770 1144 824 castello
1164 769 1528 838 Turingorum
1542 782 1714 838 usque
1729 771 1798 823 ad

204 860 414 913 urbem
441 857 818 914 Camaracum.
853 859 972 926 Ipse
997 867 1182 928 postea
1214 874 1336 912 cum
1395 858 1587 930 grandi
1643 873 1797 913 eser-

203 949 332 1002 citu
377 948 624 1002 Rhenum
643 948 938 1010 transiens,
961 947 1134 1002 multo
1180 948 1377 1018 populo
1426 947 1798 1002 Romanorum

203 1047 514 1108 prostrato,
547 1038 729 1092 hostes
758 1036 980 1104 fugavit.
1031 1035 1422 1092 Carbonariam
1468 1038 1660 1092 silvam
1717 1038 1801 1091 in-

205 1146 460 1199 gressus,
484 1129 882 1184 Tornacensem
918 1130 1107 1184 urbem
1151 1129 1405 1184 obtinuit.
1456 1129 1665 1184 Exinde
1709 1144 1799 1182 us—

206 1236 327 1289 que
371 1219 726 1274 Camaracum
758 1220 948 1273 urbem
997 1219 1308 1288 properavit
1347 1220 1578 1289 :ibique
1628 1235 1800 1290 pauco

209 1319 464 1378 tempore
492 1309 756 1374 residens,
796 1309 1094 1374 Romanos,
1125 1325 1264 1379 quos
1283 1311 1358 1364 ibi
1388 1311 1801 1374 invenit,iuter-

209 1402 369 1457 fecit.
421 1403 488 1456 Et
531 1403 725 1458 exinde
755 1417 925 1473 usque
952 1403 1214 1458 Sumnam
1241 1403 1462 1459 ﬂuvium
1488 1405 1670 1458 omnia
1700 1421 1802 1460 oc-

211 1493 460 1561 cupavit.
499 1493 798 1548 Chlodione
848 1507 975 1562 rege
1017 1491 1290 1567 defuncto,
1321 1493 1599 1549 Mcroveus
1627 1495 1681 1548 in
1711 1510 1798 1549 re-

212 1600 385 1653 gnum
417 1585 739 1640 sublimatus
757 1593 860 1648 εει,
890 1585 1239 1656 regnavitque
1258 1586 1486 1642 Chlodio
1513 1602 1685 1642 annos
1705 1587 1795 1642 20.

212 1673 262 1726 Α
297 1673 546 1729 Meroveo
585 1674 767 1744 itaque
806 1690 933 1745 rege
968 1675 1124 1739 utili,
1153 1676 1324 1744 quiin
1372 1692 1534 1746 regno
1561 1677 1802 1732 Franco—

213 1783 342 1820 rum
371 1767 692 1822 sublimatus
709 1777 814 1830 est,
843 1767 1055 1822 celebre
1077 1784 1271 1822 nomen
1296 1783 1450 1838 reges
1463 1768 1798 1824 Francorum

217 1855 552 1914 Merovinchi
581 1857 868 1927 nuncupati
893 1865 1036 1910 sunt.
1070 1857 1188 1927 Ipse
1214 1857 1709 1928 Blerovxeusgenuit
1739 1857 1801 1911 li-

1900 694 2062 747 gnum
2089 678 2317 734 invicem
2365 689 2836 750 reeoguoscercnt.
2885 680 3036 734 'l‘unc
3064 679 3369 734 diviserunt
3393 695 3490 733 au-

1901 779 2051 818 reum
2082 781 2247 819 unum
2276 767 2416 820 inter
2443 782 2502 820 se
2533 767 2590 820 in
2630 767 2866 837 signum.
2909 766 3082 821 Unam
3108 776 3316 836 partetn
3341 769 3492 822 Chil-

1900 856 2114 912 dericus
2143 873 2236 913 rex
2261 874 2440 913 secum
2471 860 2725 928 portavit,
2763 859 2922 912 aliam
2953 874 3082 913 vero
3105 867 3312 928 partem
3335 859 3484 914 Wie-

1901 949 2090 1003 tnadus
2141 950 2380 1013 retinuit,
2413 950 2641 1004 dicens:
2681 949 2912 1015 Quando
2953 949 3114 1003 istam
3161 949 3324 1002 aliam
3349 966 3480 1018 par-

1901 1047 2009 1092 tem
2035 1039 2132 1092 tibi
2164 1040 2531 1100 transmisero,
2562 1039 2704 1094 scias
2725 1052 2812 1093 me
2830 1037 3070 1094 Francos
3086 1047 3260 1092 tecum
3289 1039 3486 1093 habere

1899 1131 2174 1200 placatos;
2207 1140 2334 1186 tunc
2358 1147 2582 1186 securus
2619 1140 2891 1184 revertere
2920 1131 2973 1184 in
3001 1145 3152 1198 pace.
3178 1129 3326 1183 Abiit
3351 1146 3482 1198 ergo

1899 1221 2236 1276 Childericus
2263 1222 2316 1276 iu
2343 1221 2670 1289 Toringiam,
2700 1219 2842 1289 apud
2869 1235 3052 1289 regem
3079 1220 3320 1274 Risinum
3349 1237 3484 1274 uxo-

1901 1326 2120 1379 remque
2149 1309 2266 1378 ejus
2289 1311 2564 1375 Basinam,
2595 1319 2651 1364 et
2681 1310 2877 1364 ibidem
2907 1310 3084 1364 latuit.

1900 1423 2153 1478 Camilli.
2175 1421 2328 1487 Quod
2359 1420 2554 1474 Franci
2571 1437 2726 1491 super
2755 1437 2809 1474 se
2833 1429 3071 1491 statuunt
3101 1419 3352 1490 Egidium
3383 1418 3483 1472 Ro-

1969 1509 2202 1554 manum,
2232 1502 2388 1562 atque
2436 1489 2720 1562 deﬁciunt,
2745 1500 2793 1544 et
2821 1489 3173 1545 Childericum
3209 1491 3487 1559 recipiunt.

1972 1604 2165 1660 Franci
2196 1619 2346 1668 vero,
2385 1603 2572 1657 relicto
2617 1603 2940 1668 Childerico,
2996 1601 3244 1670 Egidium
3283 1602 3482 1670 princi—

1901 1712 2022 1766 pem
2063 1696 2428 1748 Romanorum
2471 1694 2820 1748 elevaverunt
2866 1709 3028 1765 super
3055 1710 3112 1748 se
3145 1709 3363 1762 regem:
3399 1701 3482 1747 te-
3568 1736 3576 1740 -

1901 1796 2092 1842 nentes
2145 1786 2428 1840 consilium
2475 1801 2580 1839 non
2615 1786 2836 1849 bonum,
2877 1786 3150 1854 nimisque
3189 1785 3376 1840 inutile
3405 1794 3483 1838 at-

1901 1892 2006 1946 que
2057 1877 2368 1930 absurdum.
2409 1877 2508 1940 (Qui
2548 1891 2670 1929 cum
2713 1884 2839 1930 octo
2868 1891 3040 1930 annos
3093 1891 3255 1944 super
3279 1892 3373 1930 eos
3399 1892 3484 1930 re-

215 1944 604 2039 ‘i‘l'l‘d19min‘?
623 1945 1006 2010 (Ῑδίίιίετίουων
1054 1958 1264 2017 Patrem
1308 1947 1600 2003 CthdOWi
1635 1946 1802 2003 subli‘
1831 1981 1878 2039 Β
1909 1944 2098 2038 gnaret
2126 2008 2138 2028 ,
2195 1967 2350 2020 finxit
2404 1982 2462 2022 se
2506 1967 2822 2023 Wiomadus
2873 1965 2992 2036 ejus
3045 1967 3387 2022 consiliarius
3435 1969 3513 2022 in'

216 2035 452 2090 niissimi
485 2036 646 2106 regis.

291 2125 463 2180 Erant
483 2135 662 2180 autem
694 2134 818 2181 tunc
849 2127 1040 2182 Franci
1068 2127 1306 2192 fanatici,
1346 2129 1635 2184 adorantes
1655 2129 1804 2185 idola

218 2226 276 2271 et
313 2215 622 2282 simulacra,
653 2227 705 2272 et
753 2234 858 2273 non
904 2220 1186 2274 Dominqu
1244 2221 1368 2275 (ξωιί
1399 2228 1455 2274 et
1483 2229 1668 2283 terrm,
1711 2220 1802 2288 qui

220 2307 428 2362 creavit
477 2321 590 2360 eos.
635 2307 767 2362 Erat
805 2317 980 2364 autem
1028 2320 1153 2364 tunc
1183 2311 1235 2364 in
1263 2312 1365 2364 ista
1399 2320 1553 2380 parte
1598 2309 1802 2364 Gallia-

221 2414 346 2452 rum
374 2413 442 2452 ex
467 2397 722 2452 Romanis
775 2399 1008 2470 Egitiius,
1044 2417 1138 2456 rex
1185 2401 1391 2456 militia:
1414 2401 1802 2467 Romanorum,

223 2492 292 2545 ab
315 2491 640 2560 imperatore
669 2491 865 2546 missus
893 2492 1072 2564 (Grcg.
1106 2493 1232 2546 'l'ur.
1268 2493 1362 2547 lib.
1389 2509 1448 2559 Il,
1481 2510 1528 2546 ε.
1561 2493 1671 2564 10).

259 2604 389 2659 CAP.
420 2601 506 2657 Vl.
553 2631 622 2641 —
671 2604 771 2658 Ubi
821 2605 1150 2662 Childericus
1203 2623 1294 2662 rea:
1343 2607 1540 2678 ejeclus
1603 2607 1770 2662 estde

943 2693 1124 2746 regno.

293 2787 628 2845 Childericus
670 2800 849 2844 amem
886 2805 1001 2854 rex,
1049 2789 1212 2854 filius,
1240 2799 1300 2844 ut
1335 2791 1592 2855 diximus,
1626 2790 1805 2846 Mero-

225 2881 334 2944 vei,
363 2895 488 2936 cum
531 2890 672 2936 esset
719 2881 878 2936 nimis
908 2881 1235 2946 luxuriosus,
1281 2890 1337 2936 et
1366 2890 1614 2952 regnaret
1642 2898 1806 2950 super

227 2970 487 3036 Francos,
517 2971 678 3039 coepit
708 2971 846 3024 ﬁlias
874 2986 1062 3024 eorum
1087 2971 1414 3036 distrahere,
1454 2981 1511 3024 et
1539 2972 1804 3028 violenter

227 3065 477 3120 deludere
515 3080 627 3120 eas.
677 3064 754 3118 Illi
785 3073 964 3119 autem
993 3065 1062 3119 ob
1091 3065 1195 3118 hoc
1245 3064 1405 3118 nimis
1435 3064 1802 3136 indignantes,

229 3157 509 3210 voluerunt
547 3157 791 3212 occidere
836 3171 963 3211 eum
1007 3164 1062 3210 et
1099 3153 1299 3223 ejicere
1352 3157 1420 3210 de
1467 3171 1652 3227 regno.
1711 3156 1804 3213 Ille

229 3256 404 3302 autem
433 3263 553 3302 eum
579 3247 680 3302 hoc
705 3246 980 3310 audiisset,
1014 3247 1322 3316 Toringiam
1367 3249 1541 3316 petiit,
1567 3249 1804 3304 vocavit-

1903 2062 2144 2117 amicitia
2173 2061 2436 2116 familiare
2465 2061 2638 2117 fmdus
2664 2063 2822 2127 inire,
2856 2071 2910 2116 et
2951 2063 3272 2116 hortabatur
3303 2060 3490 2130 Egitlio

1903 2155 2108 2224 aliquos
2143 2154 2383 2210 Francos
2407 2155 2590 2210 dolose
2625 2155 2952 2224 opprimere.
2989 2154 3080 2209 ille
3109 2154 3334 2208 audiens
3359 2169 3488 2208 con-

1905 2245 2082 2298 silium
2117 2243 2254 2312 ejus,
2295 2244 2485 2298 callide
2509 2245 2812 2314 opprimere
2840 2244 3115 2299 nitebatur
3137 2258 3250 2298 eos.
3281 2243 3359 2296 1111
3385 2244 3486 2296 hoc

1904 2333 2276 2398 formidantes,
2304 2335 2470 2389 nimio
2493 2333 2673 2388 furore
2710 2333 2903 2397 attriti,
2937 2333 3221 2388 consilium
3250 2333 3488 2402 expetie-

1903 2421 2031 2479 ru'nt
2065 2441 2094 2478 a
2119 2424 2426 2490 Wiomado,
2456 2425 2584 2494 quid
2625 2439 2786 2492 agere
2817 2425 3096 2478 deberent.
3131 2423 3200 2476 At
3241 2423 3330 2477 ille
3349 2423 3488 2477 dixit

1902 2516 1984 2571 eis
2009 2534 2021 2568 :
2051 2515 2166 2570 Non
2194 2515 2620 2581 reminiscimini,
2653 2531 2753 2570 nec
2779 2514 3095 2578 recordatis,
3128 2513 3360 2582 qualiter
3377 2511 3489 2581 eje-

1903 2616 2096 2663 cerunt
2133 2607 2360 2661 Romani
2379 2607 2742 2676 opprimentes
2758 2613 2968 2675 gentem
2989 2611 3224 2658 vestram
3247 2605 3313 2658 de
3342 2613 3488 2658 terra

1905 2697 2130 2751 eorum?
2152 2695 2401 2766 Ejeeistis
2423 2706 2477 2752 et
2501 2712 2598 2750 vos
2624 2711 2805 2766 regem
2827 2704 3066 2751 vestrum
3098 2693 3285 2748 utilem
3329 2701 3492 2762 atque

1904 2799 2207 2852 strenuum,
2236 2796 2292 2842 et
2319 2787 2568 2843 elevastis
2590 2804 2750 2858 super
2779 2803 2876 2842 vos
2905 2785 3134 2841 militem
3160 2786 3304 2840 hunc
3326 2785 3492 2855 impe-

1905 2880 2101 2935 ratoris
2136 2879 2522 2944 Romanorum,
2573 2879 2878 2943 crudelem,
2918 2877 3122 2932 elatum
3187 2885 3351 2946 atque
3401 2892 3492 2930 su-

1899 2973 2151 3044 perbum.
2204 2969 2333 3026 Sine
2375 2971 2600 3026 consilio
2648 2971 2750 3026 hoc
2798 2969 3022 3034 fecistis,
3061 2984 3168 3024 non
3216 2968 3372 3031 bene,
3397 2967 3492 3022 sed

1903 3064 2040 3118 male
2055 3063 2157 3118 hoc
2173 3061 2469 3134 egistis.llli
2484 3063 2738 3118 dixerunt
2763 3080 2776 3116 :
2797 3061 2933 3128 Quia
2957 3059 3072 3115 sine
3097 3060 3214 3128 lege
3236 3059 3494 3115 abuteba-

1905 3162 1992 3207 tur
2047 3153 2185 3207 filias
2234 3163 2465 3207 nostras.
2519 3152 2752 3208 Paenitet
2797 3167 2896 3206 nos
2941 3151 3044 3204 hoc
3081 3151 3276 3204 fecisse
3300 3158 3488 3202 contra

1903 3257 2082 3312 regem
2113 3248 2376 3295 nostrum.
2412 3241 2628 3296 Utinam
2660 3239 3044 3293 meruissemus
3067 3237 3312 3290 invenire
3335 3253 3486 3299 eum,

229 3353 330 3406 que
351 3337 581 3391 amicum
611 3352 766 3390 suum
792 3337 1156 3397 consiliarium
1185 3337 1400 3392 nomine
1424 3338 1798 3395 Wiomadum:
1831 3321 1876 3382 C
1908 3341 1962 3387 Cl
1987 3347 2106 3385 cum
2132 3347 2264 3400 pace
2288 3337 2539 3398 regnaret
2585 3343 2745 3396 super
2790 3328 2925 3382 I105!
2973 3327 3124 3380 Τυηο
3163 3325 3370 3380 amicus
3400 3325 3488 3379 illc

229 3427 483 3496 petiitque
519 3442 640 3480 eum
670 3442 734 3480 eo
781 3426 1064 3481 consilium
1111 3428 1346 3498 qualiter
1378 3429 1591 3484 animos
1620 3428 1804 3485 furen-

232 3517 356 3570 tium
390 3515 718 3570 Francorum
743 3508 925 3584 posset
961 3517 1228 3588 mitigare,
1275 3518 1535 3573 donantes
1579 3519 1721 3572 inter
1745 3534 1804 3574 se

231 3604 437 3674 signum
485 3604 720 3675 qualiter
763 3615 912 3660 certo
961 3605 1162 3660 indicio
1199 3598 1526 3676 cognoscere
1562 3607 1801 3674 deberet,

1909 3425 2052 3495 regis
2082 3425 2228 3477 misit
2254 3432 2460 3494 partem
2503 3421 2676 3486 solidi,
2735 3438 2893 3491 quem
2922 3421 3074 3492 prius
3100 3422 3242 3476 inter
3264 3436 3323 3476 se
3346 3421 3484 3476 divi—

1906 3522 2114 3578 serunt,
2142 3513 2368 3568 dicens:
2416 3512 2710 3567 Revertere
2742 3512 2808 3566 ad
2863 3527 3086 3580 regnum
3133 3510 3485 3576 Francorum,

1907 3603 2034 3674 quia
2087 3604 2368 3672 pacificata
2419 3613 2545 3658 sunt
2585 3603 2786 3657 omnia.
2829 3601 2920 3656 ille
2971 3617 3098 3656 vero
3155 3615 3488 3670 cognoscens

1429 3715 1662 3770 CODEX
1701 3713 2247 3771 CAMERACENSIS.

231 3815 324 3869 mt,
353 3803 640 3860 interfecit.
669 3805 876 3860 Exinde
901 3818 1070 3874 usque
1107 3802 1365 3874 Sumnam
1398 3803 1614 3858 fluvium
1635 3818 1796 3858 oceu-

231 3877 394 3946 pavit.
428 3875 721 3946 Cblodione
768 3889 894 3946 rege
923 3876 1194 3946 defuncto,
1223 3873 1571 3946 Merovet-hus
1584 3876 1667 3946 de
1705 3889 1797 3946 ge-

232 3941 355 4026 nere
405 3942 522 4026 (δέρε
558 3941 959 4026 ⁸νςεειιιιιῐιηὲξηῖιιε
993 3943 1220 4026 accepit.
1271 3943 1533 4026 Regnavit
1573 3941 1797 4026 Chlqdio

233 4016 382 4071 anuis
417 4012 506 4069 20.
543 4012 758 4083 Abipso
789 4014 1108 4068 Meroveeho
1137 4027 1260 4080 rege
1306 4012 1435 4068 utile
1478 4012 1669 4083 Franci
1695 4013 1799 4068 Me-

233 4086 436 4157 rovingi
461 4094 588 4157 sunt
635 4082 1133 4157 appellatinEodem
1167 4092 1406 4157 tempore
1450 4082 1622 4157 (_3huni
1655 4083 1802 4157 Rbe-

233 4171 356 4208 num
387 4153 736 4218 transierunt,
773 4153 871 4206 Met
884 4153 952 4206 tis
977 4153 1392 4217 succenderunt,
1450 4153 1700 4208 Treveris
1719 4154 1800 4208 di-

233 4232 463 4289 struunt,
506 4225 750 4279 Tuncrus
787 4224 1100 4294 pervadunt,
1139 4223 1636 4294 usquegAurilianis
1681 4238 1802 4294 per-

235 4295 522 4349 venientes.
579 4294 635 4348 ld
673 4293 929 4361 temporis
974 4301 1194 4348 sanctus
1235 4292 1476 4347 Anianus
1511 4292 1800 4362 episcopus

235 4364 514 4434 virtutibus
537 4363 846 4434 praeclarus,
887 4363 1134 4434 veniente
1165 4363 1231 4434 ad
1263 4377 1386 4416 eum
1414 4363 1610 4434 Egeciﬁo
1634 4365 1800 4434 patri-

234 4434 313 4488 cio
366 4431 753 4496 Romanorum,
807 4442 861 4486 et
913 4431 1247 4488 Tursomodo
1295 4447 1418 4500 rege
1463 4431 1794 4499 Gothorum,

235 4503 516 4558 auxiliante
547 4503 795 4566 Domino,
822 4501 996 4557 Chuni
1027 4501 1095 4556 ad
1115 4501 1285 4572 ipsam
1307 4503 1580 4557 civitatem
1607 4512 1800 4558 orante

235 4573 415 4626 sancto
459 4572 690 4635 Aniano,
737 4588 860 4626 cum
909 4571 1158 4626 Attelane
1202 4586 1390 4626 eorum
1436 4585 1560 4642 rege
1605 4571 1800 4628 devicti

235 4649 386 4696 atoue
412 4642 668 4696 prostrati
699 4650 842 4694 sunt.

303 4656 386 4759 pie
412 4656 668 4762 proStrau
699 4656 842 4694 sunt.

313 4709 384 4781 1|.
441 4711 734 4781 pseitaque
760 4711 1107 4766 Merovechus
1146 4709 1328 4781 genuit
1349 4709 1520 4781 lilium
1584 4711 1802 4781 nomine

237 4775 546 4851 Childerjco,
577 4775 668 4847 qui
709 4779 810 4834 fuit
853 4789 1007 4850 pater
1040 4775 1415 4851 Chlodovecho
1445 4795 1568 4851 rege
1602 4780 1802 4851 inclyte

237 4853 386 4914 atque
419 4847 740 4919 fortissimo.
791 4847 954 4904 Erant
1005 4851 1149 4905 enim
1198 4859 1325 4904 tunc
1369 4847 1562 4919 Franci
1609 4847 1801 4919 pagani

237 4927 388 4985 atque
409 4916 648 4982 fanatici,
678 4920 963 4974 adorantes
994 4920 1132 4974 idola
1175 4930 1230 4974 et
1259 4918 1548 4973 simulacra
1573 4936 1587 4973 :
1610 4916 1802 4974 ’et'nnn

238 4985 549 5058 Demaeneti
575 5002 640 5042 ac
686 4996 864 5051 terrae,
894 4990 986 5058 qui
1015 4989 1222 5044 ereavit
1269 5003 1382 5058 eos.
1416 4989 1547 5042 Erat
1589 5004 1804 5058 quoque

241 5065 356 5110 tunc
394 5056 466 5128 ing
498 5056 599 5110 ista
651 5066 803 5125 parte.
850 5056 1143 5128 Galliarum
1181 5073 1246 5128 ex
1282 5057 1537 5113 Romanis
1582 5056 1802 5128 Egidius

240 5141 325 5197 rex
361 5127 428 5180 ab
454 5125 780 5195 imperatore
823 5127 1038 5184 missus,
1095 5127 1431 5182 Childericus
1484 5125 1664 5197 itaque
1707 5143 1802 5182 rex

241 5195 369 5250 [ilius
395 5197 707 5250 Merovecbo
731 5239 745 5260 ,
779 5213 899 5251 cum
931 5205 1073 5250 esset
1101 5197 1261 5251 nimis
1286 5195 1609 5261 luxuriosus,
1635 5205 1690 5252 et
1713 5213 1799 5252 re-

239 5275 414 5335 gnaret
463 5281 624 5334 super
670 5265 924 5327 Francos,
960 5267 1123 5335 erepit
1149 5282 1336 5335 eorum
1368 5267 1504 5321 tilias
1553 5268 1801 5322 deludere

240 5334 389 5405 atque
416 5335 732 5407 distrahere.
783 5335 860 5389 1111
887 5334 1270 5407 enim'grande
1321 5334 1505 5407 furore
1531 5337 1634 5392 hoc
1661 5337 1801 5391 indi-

241 5413 470 5473 gnantes,
502 5405 802 5474 voluerunt
830 5405 1247 5468 occidere‘eum,
1287 5416 1342 5460 et
1381 5405 1576 5474 ejicere
1615 5407 1681 5461 de
1709 5421 1798 5461 re-

241 5490 352 5546 gno.
385 5473 886 5546 lllebceeaudicns,
933 5477 1142 5530 vocavit
1184 5473 1417 5531 amicum
1464 5492 1641 5540 suum,
1670 5492 1801 5546 pru-

242 5545 457 5614 dentem,
468 5543 856 5614 consiliarium,
879 5546 1094 5600 nomine
1123 5546 1475 5608 V’iomadum;
1505 5543 1800 5614 petiiteum

243 5629 298 5670 co
319 5611 614 5684 consilium,
649 5615 771 5684 qual
799 5623 880 5668 ter
912 5615 1124 5670 animus
1151 5614 1442 5668 furentium
1471 5611 1800 5669 Francorum

243 5681 397 5750 possit
459 5681 716 5752 mitigari.
775 5685 924 5738 Tune
968 5685 1231 5738 dederunt
1270 5685 1410 5738 inter
1455 5700 1514 5737 se
1563 5685 1796 5752 signum,

243 5751 459 5826 qualiter
482 5751 629 5808 certa
671 5755 863 5809 indicia
899 5770 1226 5825 cognoscere
1273 5753 1510 5819 deberet,
1541 5753 1585 5810 si
1609 5751 1675 5809 ad
1705 5767 1800 5822 pa-

1900 3819 2017 3874 cem
2043 3803 2476 3873 quandoquidem
2520 3803 2712 3858 reverti
2729 3810 3051 3874 gpoteretur,
3101 3802 3241 3872 quoi
3273 3803 3504 3874 signum

1901 3871 2156 3944 inter'se
2202 3871 2669 3944 recognoscerent.
2721 3871 2872 3928 Tunc
2913 3871 3210 3928 diviserunt
3263 3871 3487 3928 aureum

1902 3959 2066 3998 unum
2091 3943 2390 3998 adinvieein
2418 3944 2471 3998 in
2502 3945 2734 4015 signum,
2767 3959 2927 4015 unam
2971 3945 3312 4015 medietatem
3333 3945 3482 3999 Chil-

1903 4015 2120 4087 (lerieus
2149 4030 2243 4087 rex
2266 4029 2446 4069 secum
2469 4013 2741 4087 portavit,
2762 4013 2922 4068 aliam
2951 4023 3159 4087 partem
3189 4014 3484 4087 Viomadus

1903 4085 2144 4143 retinuit,
2179 4085 2401 4140 dicens:
2455 4084 2678 4155 Quando
2729 4084 2888 4155 istam
2941 4084 3100 4138 aliam
3145 4093 3356 4154 partem
3387 4085 3485 4141 tibi

1903 4155 2273 4218 transmisere,
2310 4155 2452 4210 scias
2483 4171 2564 4210 me
2599 4154 2838 4210 Francos
2885 4163 3058 4209 tecum
3093 4155 3295 4210 habere
3325 4171 3487 4224 paca-

1901 4232 2005 4295 tos,
2043 4233 2098 4278 et
2123 4239 2345 4280 securus
2377 4234 2585 4280 reverte
2629 4225 2682 4279 in
2711 4241 2864 4294 pace.
2914 4225 3064 4278 Abiit
3107 4240 3237 4295 ergo
3267 4226 3485 4281 Chlide-

1901 4294 2047 4349 ricus
2071 4311 2162 4348 rex
2191 4295 2242 4348 in
2271 4295 2605 4366 Torringam,
2633 4295 2773 4364 apud
2798 4309 2978 4365 regem
3006 4294 3246 4349 Bisinum
3268 4295 3487 4351 nomine

1899 4380 2225 4432 uxoremque
2249 4363 2368 4432 ejus
2389 4363 2562 4418 latuit.

1973 4433 2080 4487 \‘ll.
2118 4433 2324 4504 Franci
2354 4449 2484 4490 vero
2511 4433 2698 4488 relicto
2717 4432 3040 4498 Cbilderieo,
3067 4433 3313 4504 Egidium
3335 4434 3510 4504 prin--

1901 4503 2074 4572 eipcm
2112 4503 2476 4574 Romanorum
2507 4504 2562 4557 in
2600 4519 2826 4572 regnum
2861 4519 3044 4574 super
3069 4503 3132 4558 se
3155 4503 3478 4566 statuerunt,

1899 4573 2098 4626 malum
2135 4573 2431 4626 consilium
2475 4581 2794 4628 tractantes.
2843 4573 3095 4640 Quicum
3141 4581 3267 4628 octo
3311 4587 3482 4630 annos

1899 4657 2060 4712 super
2105 4658 2198 4696 eos
2251 4651 2517 4712 regnaret,
2568 4643 2722 4697 tinxit
2749 4657 2808 4696 se
2854 4644 3146 4700 Viomadus
3186 4643 3480 4703 amicitiam

1901 4711 2020 4766 cum
2058 4727 2123 4766 eo
2148 4711 2386 4784 sociare,
2432 4713 2556 4784 dum
2577 4738 2586 4784 ί
2607 4713 2675 4784 ab
2701 4713 2941 4784 eoaquid
2978 4715 3242 4782 cogitaret
3282 4729 3480 4784 cogno-

1900 4791 2095 4845 sceret,
2145 4783 2462 4852 hortabatur
2494 4783 2684 4852 Egidio
2736 4782 2946 4852 aliquos
2988 4784 3236 4852 Francos
3295 4782 3481 4838 dolose

1899 4852 2222 4920 opprimere.
2253 4849 2344 4906 Ille
2371 4849 2596 4922 audieris
2621 4849 2902 4909 consilium
2951 4851 3089 4922 ejus,
3117 4854 3296 4908 acrius
3317 4854 3505 4922 coepit,

1901 4935 2220 4990 oppremere
2249 4936 2361 4976 eos.
2407 4920 2487 4976 Illi
2517 4938 2646 4978 vero
2675 4923 2728 4976 in
2761 4922 2952 4976 timore
2973 4920 3036 4977 ac
3063 4924 3322 4978 seditione
3343 4920 3476 4977 co'n-

1900 4991 2061 5062 versi,
2079 4991 2279 5062 iterum
2309 4991 2590 5062 consilium
2617 5007 2648 5046 a
2675 4992 2934 5062 Viomado
2963 4993 3323 5062 expetierunt,
3347 5007 3478 5062 qua-

1898 5059 2024 5113 liter
2070 5059 2245 5114 facere
2293 5061 2568 5127 deberent,
2596 5069 2650 5116 et
2678 5062 2768 5116 ille
2818 5061 2954 5116 dixit
2989 5059 3106 5117 eivs:
3145 5062 3322 5129 Quare
3366 5059 3476 5117 non

1901 5131 2218 5194 recordatis,
2247 5131 2515 5202 quomodo
2541 5130 2816 5200 eiecerunt
2845 5130 3078 5202 Romani
3099 5139 3502 5202 opprementes'

1901 5208 2116 5268 gentem
2154 5200 2434 5254 vestram?
2478 5199 2786 5256 Decorum
2839 5210 2981 5256 terra
3035 5199 3309 5268 eiecerunt
3356 5216 3472 5258 eos.

1903 5269 2010 5324 Vos
2041 5285 2177 5342 vero
2195 5268 2433 5342 eiecistis
2462 5285 2643 5342 regem
2667 5279 2930 5342 vestrum,
2960 5271 3147 5342 utilem
3175 5279 3232 5326 et
3257 5271 3474 5342 sapien-

1903 5347 2028 5411 tem,
2058 5349 2112 5393 et
2133 5339 2384 5411 clevastis
2412 5339 2584 5411 super
2612 5355 2707 5395 vos
2732 5340 2958 5411 militem
2988 5341 3152 5398 istum
3182 5339 3472 5411 imperato-

1901 5409 2300 5491 ris‘sttperburn
2333 5409 2495 5491 atque
2541 5410 2762 5491 elatum.
2813 5409 3162 5491 Ngn_bonum
3189 5409 3474 5491 consilium

1900 5477 2127 5544 fecistis,
2175 5479 2268 5532 sed
2297 5477 2521 5533 nimium
2576 5479 2796 5533 malum.
2847 5479 2914 5534 Et
2941 5481 3017 5536 illi
3045 5482 3472 5544 responderunt:

1900 5547 2116 5602 Calidas
2167 5549 2311 5602 enim
2345 5557 2464 5602 erat
2495 5549 2670 5611 nobis,
2719 5549 2946 5618 paenitet
2989 5567 3086 5606 nos
3131 5547 3245 5606 lucc
3282 5551 3474 5608 fecisse

1901 5625 2084 5670 contra
2127 5633 2307 5685 regem
2344 5626 2604 5673 nostrum.
2648 5619 2863 5674 Utinam
2918 5624 3300 5678 meruissemus
3327 5623 3476 5676 inve«

1901 5686 2020 5762 nire
2045 5701 2190 5762 eum,
2233 5695 2438 5762 etcum
2488 5703 2623 5762 pace
2666 5699 2920 5762 regnaret
2934 5706 3119 5762 super
3144 5691 3471 5762 nos!‘Tune

1902 5755 2107 5812 anticus
2133 5757 2220 5812 ille
2261 5757 2405 5827 regis
2429 5755 2592 5814 misit.
2613 5755 2820 5828 partem
2846 5755 3037 5828 solidi,
3069 5776 3187 5834 qua:
3214 5763 3368 5832 prius
3389 5761 3469 5820 in:
