4020 6170
217 337 385 393 1429

1382 328 1607 385 essm
1639 324 1880 382 necum
1899 292 2366 380 'rnmcouuu.

3368 317 3509 375 “50

1623 441 1849 500 EDlTlO
1883 438 2207 497 FBEHERI.

215 563 372 620 ΟΜ).
419 562 488 618 Χ.
526 589 599 607 ε.-
634 559 710 615 De
736 559 983 629 petitione
1014 555 1241 626 episcopi
1284 555 1354 629 ad
1383 570 1558 629 regent
1586 551 1823 629 thodo:
1851 554 1898 614 Δ
1923 550 2123 608 cultam
2174 556 2232 605 et
2278 547 2553 605 sordidam
2599 562 2806 604 artuum
2842 549 3006 607 habet
3042 565 3204 621 quam
3253 561 3331 608 tu.
3369 552 3507 622 Quia

303 649 488 695 neum,
518 640 571 684 ut
600 621 813 684 urceum
856 621 1113 691 redderet,
1147 621 1196 679 et
1222 626 1348 696 quia
1374 621 1560 679 desisti
1587 621 1823 693 Toringii

301 702 416 757 sub
443 701 638 756 tributo
663 699 969 753 servierunt.

304 792 399 846 Eo
427 799 669 859 tempore
706 786 887 842 multae
916 784 1160 841 ecclesia:
1187 800 1218 838 a
1246 781 1537 838 Chlodovei
1584 780 1830 837 exercitu

216 883 570 952 depraedatze
594 886 743 935 sunt.
781 879 914 933 Erat
945 877 1091 933 enim
1136 884 1265 932 tunc
1298 875 1564 931 fanaticus
1583 880 1639 930 et
1665 888 1832 946 paga-

218 993 365 1032 nus.
409 976 486 1031 De
509 972 741 1045 quadam
791 978 971 1027 autem
1023 970 1252 1026 ecclesia
1301 986 1526 1027 urceum
1560 968 1693 1043 [Al.,
1729 985 1829 1025 ur-

218 1066 480 1139 ceolum]
526 1066 680 1122 mirae
716 1063 1100 1135 magnitudinis
1156 1062 1444 1133 pulchrum
1495 1062 1671 1118 hostis
1709 1059 1829 1131 ejus

219 1157 464 1222 tulerat,
495 1171 617 1212 cum
656 1152 956 1209 ministerio
1002 1151 1246 1209 ecclesiae
1266 1160 1325 1209 et
1345 1160 1663 1208 ornamenta
1691 1150 1828 1207 mul-

224 1256 313 1303 ta.
362 1247 664 1317 Episcopus
701 1251 881 1299 autem
914 1243 1157 1299 ecclesiae
1193 1242 1361 1312 ipsius
1388 1243 1585 1299 missos
1608 1258 1736 1300 suos
1757 1243 1828 1298 ad

222 1350 427 1405 regem
458 1334 676 1400 direxit,
704 1334 1001 1404 deprecans
1048 1333 1181 1387 utsi
1208 1331 1354 1389 aliud
1388 1332 1457 1389 de
1485 1332 1658 1388 sacris
1681 1331 1828 1388 vasis

222 1426 488 1484 ecclesia:
526 1426 767 1495 recipere
790 1439 898 1479 non
945 1429 1268 1489 mereretur,
1306 1421 1395 1477 vel
1427 1422 1578 1477 illum
1604 1436 1823 1477 urceum

222 1515 470 1571 reddere
503 1511 738 1582 iuberet;
778 1512 907 1567 Hmc
951 1510 1177 1566 audiens
1232 1525 1351 1577 rex,
1381 1511 1461 1566 ait
1500 1511 1570 1565 ad
1631 1511 1828 1567 missos

226 1602 642 1661 ecclesiasticos
663 1616 679 1656 :
710 1600 1009 1671 Sequimini
1031 1615 1130 1656 nos
1150 1615 1321 1669 usque
1342 1599 1615 1657 Sessionis
1639 1599 1827 1672 [Sues-

225 1694 432 1768 sionis]
492 1695 783 1757 civitatem,
839 1693 966 1762 quia
1018 1691 1095 1748 ibi
1144 1700 1338 1748 cuncta
1380 1707 1503 1761 quae
1562 1692 1825 1761 acquisita

228 1796 390 1851 sunt,
424 1783 708 1839 dividenda
752 1790 931 1836 erunt.
970 1780 1217 1851 Cumque
1265 1780 1401 1836 mihi
1426 1795 1624 1835 urceus
1653 1780 1742 1835 ille
1767 1780 1824 1835 in

224 1882 448 1945 partem
475 1871 773 1936 obvenerit,
806 1869 951 1940 quod
991 1871 1276 1941 episcopus
1300 1869 1535 1940 postulat
1561 1869 1822 1939 adimple-

226 1965 680 2020 bimusNeuiens
703 1970 883 2016 autem
902 1976 994 2016 rex
1012 1960 1285 2017 Sessionis
1310 1961 1607 2025 civitatem,
1632 1966 1826 2013 cuncta

228 2059 419 2129 praeda
444 2073 563 2126 quae
588 2056 853 2125 acquisita
878 2063 1035 2120 sunt,
1074 2064 1232 2124 rogat
1258 2052 1453 2109 afferre
1489 2052 1544 2106 in
1567 2051 1827 2115 medium,

232 2150 427 2204 dicens
459 2165 472 2201 :
517 2148 668 2217 Rogo
694 2161 814 2211 vos,
839 2161 874 2200 ο
905 2144 1186 2200 fortissimi
1234 2151 1582 2215 pugnatores,
1608 2149 1666 2195 ut
1694 2139 1847 2195 mihi.

232 2239 371 2292 dare
402 2238 564 2292 istum
613 2252 835 2291 urceum
866 2251 974 2289 non
998 2233 1225 2303 negetis.
1267 2233 1393 2287 llam
1436 2245 1563 2302 rege
1591 2230 1828 2296 dicente,
1870 2278 1871 2281 η

232 2326 314 2381 illi
355 2325 551 2381 Franci
577 2325 671 2395 qui
696 2326 838 2379 bono
861 2323 1042 2378 animo
1067 2322 1306 2387 fuerunt,
1337 2320 1524 2375 dicunt
1552 2318 1627 2372 illi
1656 2335 1670 2372 :
1700 2315 1828 2372 0m-

237 2415 354 2479 nia,
395 2415 628 2485 gloriose
662 2429 783 2479 rex,
823 2428 943 2481 qua:
986 2413 1189 2476 cernis,
1219 2404 1308 2465 tua
1338 2416 1486 2474 sunt,
1528 2417 1582 2464 et
1609 2424 1709 2464 nos
1732 2416 1826 2463 tuo

238 2504 485 2559 dominio
510 2519 697 2558 sumus
722 2501 1012 2572 subjugati.
1051 2501 1203 2568 Quod
1233 2500 1329 2554 tibi
1364 2501 1562 2554 bonum
1590 2499 1825 2563 videtur,

237 2598 346 2653 huc
373 2597 474 2652 fac.
514 2596 703 2652 Nullus
737 2597 881 2652 enim
910 2604 1014 2651 tua:
1054 2593 1312 2664 potestati
1338 2592 1593 2648 resistere
1641 2592 1823 2647 audet.

236 2687 375 2743 Cum
399 2689 516 2742 lucc
556 2687 630 2740 illi
659 2686 965 2756 benigniter
987 2685 1266 2749 dixissent,
1297 2700 1434 2739 unus
1477 2683 1716 2738 Francus
1743 2683 1824 2738 le—

237 2778 326 2832 vis
353 2792 476 2832 cum
498 2775 884 2830 vociferatione
904 2775 1111 2830 elevata
1136 2775 1388 2843 bipenne,
1413 2773 1557 2842 quod
1575 2780 1658 2827 est
1679 2772 1825 2826 fran-

239 2868 409 2931 cisca,
436 2865 703 2936 percussit
721 2880 943 2920 urceum
975 2864 1127 2919 illum
1164 2865 1349 2919 dicens
1375 2880 1389 2917 :
1431 2862 1511 2917 Tu
1536 2862 1670 2917 nihil
1696 2863 1825 2918 hinc

243 2956 502 3025 accipias,
528 2971 645 3020 rex,
672 2950 775 3009 nisi
827 2954 969 3023 quod
997 2954 1089 3008 tibi
1120 2969 1239 3009 sors
1270 2968 1395 3007 vera
1444 2953 1670 3008 dederit.
1709 2952 1821 3009 0b-

242 3046 561 3117 stupefactis
614 3046 888 3111 omnibus,
928 3060 1018 3099 rex
1076 3043 1329 3112 injuriam
1363 3060 1515 3100 suam
1552 3044 1826 3115 patienter

244 3135 442 3202 ferens,
487 3144 877 3206 acceptumque
932 3150 1157 3191 urceum
1209 3136 1397 3190 nuntio
1454 3135 1823 3192 ecclesiastico

1934 651 2108 708 neque
2150 636 2391 709 elypeus,
2438 652 2613 707 neque
2660 638 2867 705 lancea,
2916 654 3093 711 neque
3138 641 3388 713 bipennis
3423 653 3510 701 est

1932 733 2099 789 utilis.
2138 732 2362 803 Accepit
2387 741 2570 788 autem
2613 748 2709 788 rex
2736 731 3058 789 franciscam
3098 731 3233 803 eius,
3261 735 3405 805 quod
3425 744 3511 792 est

1930 826 2202 897 bipennis,
2229 833 2286 881 et
2322 822 2551 895 proiecit
2597 822 2653 879 in
2678 832 2897 879 terram.
2936 824 3007 880 At
3056 825 3147 881 ille
3171 841 3298 881 cum
3355 826 3510 882 incli-

1931 923 2114 972 nasset
2134 930 2193 972 se
2220 914 2465 993 attollere
2488 929 2631 980 eam,
2659 914 2842 970 statim
2862 915 3087 971 elevatis
3124 918 3377 975 manibus
3394 919 3511 977 suis

1931 1020 2028 1062 rex
2053 1006 2373 1062 franciscam
2427 1020 2580 1061 suam
2605 1007 2660 1061 in
2698 1006 2875 1077 capite
2904 1004 3021 1075 ejus
3065 1006 3276 1073 dellxit,
3309 1015 3366 1064 et
3388 1007 3505 1064 ait:

1932 1096 2025 1153 Sic
2057 1105 2115 1151 tu
2164 1095 2432 1153 Sessionis
2481 1097 2698 1153 civitate
2752 1098 3032 1167 superiore
3066 1114 3211 1156 anno
3262 1100 3318 1156 in
3344 1116 3511 1158 urceo

1931 1190 2025 1246 illo
2050 1188 2244 1245 fecisti.
2304 1189 2623 1258 Mortuoque
2665 1188 2777 1254 illo,
2803 1188 2968 1245 alium
2998 1191 3299 1249 exercitum
3325 1206 3418 1248 rex
3441 1194 3511 1250 de

1931 1281 2049 1351 ipso
2074 1294 2267 1350 campo
2297 1278 2462 1349 jussit
2503 1279 2753 1336 recedere
2784 1279 2837 1335 in
2886 1295 3021 1350 pace
3051 1282 3119 1336 ad
3145 1283 3363 1353 propria
3387 1298 3505 1339 sua.

1928 1370 2161 1427 Grandis
2202 1386 2370 1441 pavor
2396 1377 2451 1425 et
2501 1370 2664 1426 timor
2697 1386 2796 1440 pro
2829 1371 2932 1426 hac
2981 1386 3143 1428 causa
3164 1373 3222 1428 in
3266 1372 3508 1431 Franco-

1929 1474 2049 1516 rum
2072 1461 2268 1531 populo
2292 1460 2545 1532 deinceps
2564 1463 2924 1538 consurrexit.
2948 1461 3287 1521 Chlodoveus
3311 1466 3510 1523 exinde

1928 1553 2138 1609 decimo
2182 1566 2326 1606 anno
2376 1552 2527 1624 regni
2560 1552 2643 1608 sui
2690 1562 2962 1609 commoto
3014 1555 3258 1612 exercitu
3308 1571 3508 1628 magno

1925 1644 2083 1699 valde
2109 1643 2162 1698 in
2188 1642 2509 1714 Toringiam-
2529 1644 2700 1698 aliiit:
2742 1644 2994 1715 ipsosque
3041 1645 3306 1717 Toringus
3349 1648 3507 1719 plaga

1928 1749 2123 1805 magna
2152 1733 2469 1804 prostravit.
2509 1733 2837 1803 Devictoque
2875 1735 2994 1804 ipso
3033 1737 3256 1806 populo,
3288 1745 3508 1808 totaque

1926 1839 2118 1880 eorum
2180 1832 2327 1880 terra
2375 1832 2611 1889 vastata,
2670 1824 2817 1894 ipsos
2872 1823 3139 1896 Toringos
3193 1826 3509 1884 tributarios

1853 1881 1903 1942 Β
1927 1916 2262 1973 Francorum
2285 1916 2435 1973 fecit.

1925 2005 2055 2062 CAP.
2095 2006 2188 2060 XI.
2227 2005 2494 2076 -Αριιοά
2528 2003 2844 2076 Aurelianus
2893 2003 3181 2076 legatarius
3227 2003 3509 2064 Chlodovei

1994 2077 2204 2131 restitas
2240 2074 2385 2129 cultu
2424 2076 2698 2196 peregrino
2731 2074 2798 2128 ad
2827 2074 2959 2145 opus
3002 2074 3203 2132 domini
3226 2077 3311 2133 sui
3350 2093 3510 2149 spon-

1995 2146 2129 2196 savit
2159 2144 2420 2196 Chrodclti
2444 2145 2528 2196 de.

1995 2146 2129 2200 sevit
2159 2144 2528 2199 Chrodcltilde.

1995 2233 2176 2306 (σι-89.
2204 2234 2296 2288 lib.
2329 2250 2392 2298 ιι,
2423 2250 2470 2287 c.
2497 2231 2609 2304 28).
2648 2231 2710 2286 In
2747 2231 2840 2287 illo
2898 2240 3141 2302 tempore
3183 2230 3508 2290 Gundeveus

1925 2338 2023 2378 rex
2049 2323 2510 2393 Burgundionum,
2540 2322 2634 2392 qui
2666 2337 2733 2376 ex
2786 2336 2986 2391 genere
3020 2323 3334 2378 Atlianarici
3356 2325 3508 2395 regis

1924 2413 2095 2470 fuisse
2142 2413 2480 2483 perhibetur,
2525 2419 2786 2483 regnavit.
2826 2412 2962 2468 lluic
3015 2410 3233 2468 fuerunt
3276 2422 3509 2483 quatuor

1925 2492 2045 2573 filii:
2093 2502 2479 2570 Gundobadus,
2511 2502 2921 2574 Godegbisclus,
2954 2501 3289 2574 Chilpericus
3312 2512 3368 2559 ct
3393 2504 3506 2559 Go—

1927 2600 2201 2655 domarus.
2240 2597 2615 2654 Gundobadus
2665 2596 2832 2668 igitur
2878 2594 3240 2667 Chilpericum
3281 2594 3507 2652 fratrem

1925 2707 2084 2749 suum
2113 2690 2384 2746 interfecit
2423 2688 2625 2762 gladio,
2677 2702 3008 2757 uxoremque
3036 2686 3154 2756 ejus
3183 2688 3349 2759 ligato
3374 2704 3508 2745 saxo

1924 2784 1994 2839 ad
2039 2783 2232 2838 collum
2259 2783 2313 2837 in
2342 2797 2480 2852 aqua
2510 2795 2706 2837 necare
2752 2779 2889 2853 [Al.,
2915 2796 3140 2851 negare,
3165 2778 3347 2853 neger]
3368 2796 3507 2850 pne-

1922 2873 2085 2945 cepit.
2124 2873 2290 2929 Filias
2317 2872 2435 2943 ejus
2458 2873 2613 2940 duas,
2656 2888 2888 2943 Quarum
2928 2888 3036 2927 una
3063 2872 3246 2930 senior
3267 2873 3505 2929 vocaba-

1925 2976 2015 3024 tur
2051 2967 2288 3030 Cbrona,
2327 2980 2490 3036 quam
2530 2972 2751 3031 mutata
2780 2972 2931 3031 veste
2966 2963 3158 3020 exsilio
3179 2963 3504 3020 condemna-

1922 3059 2023 3125 vit,
2058 3057 2329 3129 juniorem
2379 3071 2508 3112 vero
2549 3056 2768 3113 nomine
2810 3053 3129 3111 Cbrothilde
3170 3052 3303 3126 [Al.,
3327 3053 3503 3109 Chro-

1922 3146 2067 3202 dilde
2123 3155 2172 3200 et
2224 3142 2572 3216 Chrochildej
2626 3145 2786 3200 domo
2842 3142 3083 3197 retinuit.
3164 3140 3506 3197 Cblodoveus

243 3226 492 3292 reddidit,
538 3241 761 3282 servans
812 3225 947 3278 iram
972 3239 1125 3279 suam
1155 3224 1207 3278 in
1242 3225 1404 3281 corde
1455 3240 1555 3281 suo
1593 3225 1822 3281 abscon-
1846 3216 1898 3280 ο
1925 3240 2107 3309 itaque
2151 3238 2277 3293 dum
2320 3236 2633 3305 frequenter
2675 3233 2999 3305 legationem
3050 3232 3107 3287 in
3139 3231 3506 3303 Burgundiam

243 3333 378 3375 sam.
417 3316 715 3373 Transacto
737 3333 901 3383 anno,
945 3315 1283 3373 Chlodoveus
1309 3334 1404 3374 rex
1432 3333 1648 3373 omnem
1669 3332 1826 3374 εχει·-
1922 3329 2186 3393 mitteret,
2238 3324 2563 3383 Cbrothildis
2588 3322 2765 3393 puella
2812 3321 3085 3377 invenitur
3130 3336 3162 3376 a
3206 3321 3504 3392 legatariis.

244 3408 407 3464 citum
429 3424 585 3465 suum
611 3406 774 3477 jussit
809 3422 933 3463 cum
957 3423 1234 3464 armorum
1258 3416 1518 3480 apparatu
1544 3409 1821 3473 advenire,
1923 3417 2026 3486 Qui
2056 3432 2178 3472 cum
2202 3430 2324 3471 eam
2369 3413 2629 3470 vidissent
2671 3412 2971 3484 pulchram,
3019 3411 3318 3482 elegantem
3342 3418 3508 3482 atque

242 3514 583 3562 ostensurum
606 3506 661 3560 in
687 3521 878 3575 campo
911 3505 1126 3572 Martio,
1152 3507 1392 3562 omnium
1437 3521 1713 3561 armorum
1740 3507 1824 3561 ni-
1920 3505 2241 3576 sapientem,
2269 3503 2576 3561 Chlodoveo
2601 3502 2987 3558 nuntiaverunt
3015 3502 3152 3557 haec.
3188 3499 3257 3555 Et
3279 3500 3368 3556 ille
3390 3501 3508 3557 btet.

246 3606 414 3652 torem
441 3599 639 3652 horum
659 3596 864 3650 videre.
900 3596 1108 3651 Verum
1138 3596 1230 3650 ubi
1257 3611 1351 3651 rex
1383 3603 1636 3651 cunctum
1661 3611 1820 3653 exer-
1921 3595 2169 3661 audiens,
2208 3595 2404 3650 iterum
2448 3591 2772 3665 legationem
2801 3590 2870 3647 ad
2909 3588 3302 3647 Gundobadum
3334 3589 3507 3657 misit,

246 3689 406 3744 citum
440 3688 708 3748 circuivit.
730 3687 881 3741 venit
901 3688 971 3742 ad
1003 3688 1276 3743 hominem
1301 3687 1453 3743 illum
1477 3687 1570 3757 qui
1598 3703 1820 3745 urceum
1926 3689 2277 3746 Aurelianum
2317 3686 2631 3759 legatarium
2680 3701 2859 3752 suum,
2888 3682 3263 3741 Chrothildem
3289 3686 3509 3754 ueptan’x

245 3789 394 3836 antea
420 3785 780 3856 percusserat,
830 3784 887 3833 et
916 3777 994 3833 ait
1032 3777 1100 3833 ad
1128 3777 1280 3832 illum
1313 3792 1331 3833 :
1369 3777 1560 3834 Nullus
1590 3787 1700 3835 tam
1728 3780 1817 3836 in-
1928 3796 2083 3838 suam
2103 3781 2172 3837 ab
2205 3780 2296 3836 illo
2323 3786 2530 3851 petens.
2564 3777 2696 3834 Erat
2738 3784 2920 3833 autem
2966 3773 3303 3833 Chrothildis
3343 3772 3511 3832 Chri-

1507 3887 1743 3947 CODEX.
1779 3888 2327 3950 CAMERACENSIS.

320 4004 383 4061 Χ.
422 4002 501 4060 Eo
550 4011 792 4070 tempore
855 4005 1038 4056 multm
1090 4000 1332 4057 ecclesiae
1359 4014 1390 4054 a
1432 3997 1816 4070 Chlodovecho
1916 4001 2054 4056 riam
2089 4012 2242 4057 suam
2269 3997 2325 4054 in
2348 3995 2667 4070 patientiam
2711 3993 2955 4070 mittens,
2996 3998 3392 4070 acceptumque
3413 4011 3513 4070 ur-

250 4075 482 4133 exercitu
504 4064 808 4143 depredatte
829 4078 974 4143 sunt.
999 4071 1238 4141 Eratque
1258 4073 1376 4143 ipse
1401 4078 1528 4125 tunc
1548 4069 1817 4143 fanaticus
1918 4086 2074 4143 ccum
2100 4070 2291 4143 nuntio
2331 4064 2704 4143 ecclesiastico
2744 4064 3002 4131 reddidit,
3029 4079 3258 4143 servans
3288 4064 3425 4143 iram
3448 4066 3517 4122 in.

251 4156 303 4203 et
330 4133 592 4226 paganus;
610 4143 685 4196 De
703 4141 937 4226 quadam
961 4133 1641 4226 autem'ecclésia‘uirceum
1666 4140 1817 4195 mira:
1916 4141 2078 4197 corde
2116 4142 2482 4226 absconsum...
2513 4137 2814 4193 Transacto
2862 4149 3041 4226 armo,
3088 4133 3502 4194 Cblodovechus

252 4204 627 4285 magnitudinis
673 4204 955 4285 pulchrum
998 4211 1181 4267 hostes
1224 4210 1341 4280 ejus
1391 4210 1651 4285 tulerunt,
1687 4224 1816 4285 cum
1919 4226 2016 4266 rex
2040 4225 2254 4285 omnem
2283 4207 2580 4285 exercitum
2609 4221 2762 4262 suum
2786 4204 2926 4285 apud
2950 4219 3233 4285 armorum
3267 4218 3501 4285 appara-

251 4272 953 4347 aliovministerio'ecclesite,
976 4288 1031 4335 et
1052 4272 1367 4337 ornamenta
1390 4280 1577 4336 multa.
1603 4272 1823 4349 Episco-
1920 4288 2035 4335 tum
2051 4279 2217 4349 jussit
2238 4279 2448 4349 venire,
2490 4272 2836 4349 ostensurum
2861 4274 2917 4327 in
2942 4272 3378 4349 campo__b_lar'tio
3398 4276 3507 4329 11ης

253 4370 345 4425 pus
368 4365 545 4409 autem
568 4351 825 4407 Ecclesia:
850 4342 1255 4425 ipsius_missos
1284 4365 1417 4425 suos
1431 4350 1499 4425 ad
1534 4342 1718 4425 regem
1736 4348 1820 4404 di-
1846 4411 1890 4425 ﬁ
1920 4342 2344 4425 rum'armorum
2369 4347 2603 4425 nitorem
2627 4342 3084 4425 nvisurumerunt‘.
3117 4342 3215 4424 Ubi
3242 4356 3506 4425 rexcun-

253 4411 402 4491 rexit,
459 4426 752 4493 deprecans
778 4411 927 4493 uta-si
963 4421 1084 4477 aliis
1116 4422 1265 4493 vasis
1307 4420 1549 4493 ecclesiae
1578 4411 1818 4493 recipere
1846 4411 1894 4472 D
1920 4428 2066 4493 etum
2094 4419 2392 4474 exercitum
2417 4415 2742 4478 circumivit,
2771 4413 2934 4493 venit
2953 4413 3025 4493 ad
3050 4412 3513 4493 hominemjllpm-

255 4511 351 4549 non
376 4481 696 4558 mereretur,
723 4490 807 4560 vel
834 4490 924 4546 illo
946 4507 1108 4547 urceo
1134 4491 1362 4547 reddere
1400 4489 1638 4560 jttberet.
1690 4481 1818 4560 Haec
1920 4489 2013 4560 qui
2038 4500 2206 4560 antea
2223 4501 2409 4542 ursum
2446 4490 2808 4560 percusserat,
2835 4491 2889 4560 e_t
2919 4482 2995 4560 ait
3023 4482 3092 4537 ad
3117 4497 3240 4537 eum
3265 4498 3278 4535 :
3309 4481 3500 4560 Nullus

256 4562 469 4617 audiens
494 4578 627 4634 rex,
641 4550 717 4618 ait
744 4550 811 4634 :id
835 4550 1452 4634 missosccclesiasticos
1472 4576 1486 4612 :
1519 4558 1817 4629 Sequimini
1918 4550 2031 4614 t'am
2068 4558 2268 4634 inculta
2295 4564 2348 4610 et
2394 4550 2610 4634 sordida
2659 4569 2811 4609 arma
2854 4552 3335 4634 babet_quam.tu,
3372 4554 3509 4634 quia-

256 4646 349 4686 nos
381 4647 548 4712 usque
596 4622 903 4686 Suessionis
944 4631 1183 4696 civitate,
1227 4631 1355 4701 quia
1383 4630 1455 4684 ibi
1478 4622 1821 4710 cunctaquai
1917 4644 2094 4752 neque
2116 4629 2359 4698 clypeus,
2379 4640 2553 4695 neque
2582 4626 2793 4689 lancea,
2819 4637 2998 4705 neque
3022 4622 3273 4705 bipennis
3295 4622 3501 4679 esttibi

257 4710 504 4752 acquisita
542 4709 668 4752 sinit
705 4700 990 4752 dividenda
1039 4709 1220 4752 erunt.
1275 4700 1519 4752 Cumtme
1564 4699 1697 4752 mihi
1722 4713 1816 4752 ur-
1917 4700 1996 4752 uti
2021 4702 2085 4752 is.
2123 4696 2349 4752 Accepit
2372 4705 2551 4750 autem
2591 4711 2685 4750 rex
2716 4693 3040 4749 franctscam
3079 4709 3216 4752 eius.
3247 4693 3390 4752 auod
3414 4701 3501 4750 est

257 4693 504 4769 acquisita
542 4709 668 4755 sunt
705 4700 990 4755 dividenda
1039 4693 1220 4755 erunt.
1244 4693 1519 4768 'Cumque
1564 4697 1697 4769 mihi
1716 4693 1816 4769 ur-
1917 4693 2085 4754 utilis.
2123 4693 2349 4767 Accepit
2372 4693 2685 4769 autemrex
2716 4693 3048 4769 francis_cam_
3079 4693 3216 4764 ejus,
3247 4693 3390 4769 quod
3414 4701 3504 4769 est

258 4763 373 4840 ecus
398 4769 483 4822 ille
506 4770 559 4822 in
585 4779 735 4840 parte
758 4770 989 4835 venerit,
1013 4786 1136 4840 quae
1157 4763 1448 4840 episcopus
1469 4768 1705 4840 postulat
1724 4767 1819 4821 ad-
1916 4763 2286 4840 bipennis,et'
2310 4765 2535 4837 projecit
2562 4765 2616 4820 in
2645 4773 2870 4840 terram.
2900 4763 2968 4818 Et
2996 4763 3084 4840 illc
3104 4763 3226 4840 cum
3257 4780 3316 4818 se
3339 4764 3499 4840 ineli-

259 4785 373 4825 ceus
398 4785 483 4822 me
506 4785 559 4822 in
581 4785 735 4893 parte
758 4785 989 4835 venerit,
1013 4786 1136 4840 quae
1157 4785 1441 4840 episcopus
1469 4785 1705 4838 posuuat
1724 4785 1819 4821 au-
1917 4785 2189 4839 mpemus,
2218 4785 2273 4822 et
2310 4785 2535 4837 proment
2562 4785 2616 4820 ιη
2645 4785 2866 4820 terram.
2900 4785 2968 4818 nt
2996 4785 3084 4819 me
3104 4785 3226 4819 cum
3257 4785 3316 4818 se
3340 4785 3498 4819 mcu-

259 4838 516 4908 impleam.
618 4839 804 4893 eniens
853 4848 1033 4894 autem
1080 4855 1175 4894 rex
1220 4838 1529 4894 Suessionis
1575 4837 1818 4908 civitate,
1918 4848 2101 4894 nasset
2129 4836 2384 4907 colligere
2431 4851 2575 4901 eam,
2606 4851 2703 4908 rex
2746 4835 2944 4908 statim
2973 4833 3217 4908 elevatis
3245 4833 3498 4908 manibus

260 4906 437 4965 cuncta
484 4908 665 4978 praeda
712 4924 833 4977 qua:
884 4909 1148 4978 acquisita
1202 4917 1322 4962 erat
1359 4917 1515 4978 rogat
1544 4906 1738 4978 afferre
1750 4906 1819 4978 in

260 4976 500 5043 medium,
533 4976 762 5032 dicens}
800 4979 949 5047 Rogo
965 4976 1094 5047 'vos,
1118 4995 1153 5034 ο
1180 4976 1462 5033 fortissimi
1505 4993 1569 5033 ac
1598 4976 1821 5031 nobilis-

260 5048 368 5104 simi
389 5054 757 5129 ‘pugp‘atores,
801 5046 1015 5129 utiuihi
1065 5049 1210 5129 dare
1247 5049 1409 5129 istum
1460 5062 1685 5129 urceum
1712 5061 1819 5126 non

262 5135 304 5173 ιιι
322 5115 628 5187 εριὶείΗωρ
654 5126 783 5186 rege
808 5116 1038 5187 (licente,
1066 5118 1141 5171 illi
1169 5116 1391 5182 Franci,
1422 5116 1514 5187 qui
1537 5118 1679 5171 bono
1705 5115 1819 5187 ani-

262 5184 345 5242 mo
357 5188 588 5251 fuerunt,
617 5184 767 5240 aiunt
789 5203 803 5239 :
828 5185 1045 5257 Omnia,
1069 5187 1299 5256 gloriose
1325 5184 1590 5257 rerquze
1604 5184 1817 5257 cernis,

264 5268 343 5312 tua
366 5265 508 5321 sunt,
538 5266 594 5311 et
614 5272 711 5311 nos
740 5264 831 5311 tuo
862 5254 1100 5326 dominio
1130 5272 1317 5312 sumus
1352 5254 1636 5326 subjugati.
1665 5254 1821 5322 Quod

265 5329 345 5382 tibi
373 5328 576 5405 bonum
605 5326 834 5391 videtur,
863 5326 967 5379 hoc
987 5325 1092 5381 fac.
1125 5327 1315 5405 “Nullus
1364 5326 1529 5405 enim.
1565 5335 1669 5405 tua:
1716 5340 1818 5405 po-

266 5398 427 5452 testati
474 5397 724 5453 resistere
772 5412 935 5451 ausus
984 5406 1087 5451 est.
1118 5398 1251 5453 Cum
1279 5397 1395 5452 lucc
1418 5395 1489 5449 illi
1516 5395 1820 5465 benigniter

266 5468 522 5532 dixissent,
542 5481 683 5520 unus
702 5465 938 5520 Francus
971 5465 1104 5522 levis
1150 5483 1269 5522 cum
1296 5464 1677 5520 vociferatione
1708 5464 1820 5518 ele-

266 5544 370 5590 vata
394 5536 628 5606 bipenni,
655 5536 902 5605 quodest
931 5535 1499 5606 francisca,percussit
1519 5549 1681 5606 urceo
1702 5533 1815 5606 illo,

268 5603 462 5662 dicensE
499 5607 579 5661 Tu
606 5603 739 5660 nihil
775 5607 899 5660 hinc
935 5606 1189 5672 accipies,
1234 5603 1348 5669 rex,
1399 5605 1504 5659 nisi
1529 5603 1672 5672 quod
1717 5604 1816 5657 tibi

270 5692 367 5733 sors
397 5693 519 5733 vera
545 5679 769 5732 dederit.
803 5673 1200 5747 Obstupefactis
1246 5675 1532 5742 omnibus,
1546 5691 1644 5731 rex
1670 5673 1815 5743 inju-

1919 4910 2030 4964 suis
2058 4903 2379 4964 franciscam
2416 4921 2568 4961 suam
2604 4907 2659 4960 in
2689 4907 2865 4976 capite
2899 4903 3017 4972 ejus
3058 4903 3265 4976 deﬁxit,
3301 4911 3357 4958 et
3382 4904 3493 4959 ait:

1921 4977 2012 5034 Sic
2037 4986 2095 5032 tu
2148 4977 2456 5032 Suessiouis
2499 4976 2717 5031 civitate
2759 4974 3027 5034 superiori
3074 4988 3217 5028 anno
3250 4974 3304 5028 in
3332 4988 3510 5029 urceo

1919 5047 2013 5104 illo
2042 5047 2238 5104 fecisti.
2278 5047 2479 5116 Illoque
2522 5054 2759 5111 mortuo,
2804 5044 2909 5101 alio
2958 5044 3256 5116 exercitum
3307 5059 3403 5099 rex
3421 5045 3498 5116 de

1918 5118 2037 5243 ipso
2056 5134 2245 5188 campo
2261 5113 2423 5185 jussit
2438 5116 2698 5173 decedere
2721 5117 2773 5170 in
2798 5131 2930 5185 pace
2955 5115 3019 5169 ad
3043 5130 3230 5169 eorum
3253 5113 3507 5237 proprias

1970 5190 2152 5243 randis
2190 5203 2358 5243 pavor
2405 5198 2460 5243 ct
2493 5196 2694 5241 tremor
2728 5201 2828 5243 pro
2850 5187 2951 5240 hac
2979 5199 3140 5239 causa
3171 5184 3225 5238 in
3278 5183 3497 5238 ‘ranco-

1970 5190 2152 5244 randis
2178 5183 2379 5259 pavor
2405 5198 2460 5243 ct
2493 5196 2694 5241 tremor
2728 5183 2828 5256 pro
2850 5187 2951 5259 hac
2979 5199 3144 5259 causa
3171 5184 3225 5238 in
3254 5183 3497 5259 Franco-

1919 5274 2040 5313 rum
2066 5254 2263 5329 poptilo
2302 5258 2555 5326 deinceps
2590 5254 2951 5329 consurrexit.
2982 5254 3499 5329 Chlodgvcchusqno

1917 5323 2112 5384 exinde
2137 5323 2351 5383 decimo
2377 5323 2519 5397 anno
2547 5326 2704 5397 regni
2735 5326 3114 5397 suicom‘moto
3158 5323 3503 5397 Francorum.

1918 5400 2121 5470 grande
2141 5399 2295 5453 hoste
2322 5397 2374 5451 in
2402 5392 2718 5470 Torring'am
2748 5395 2901 5461 abiit,
2943 5392 3312 5470 Toringosque
3339 5393 3498 5464 plaga

1918 5465 2113 5540 inagna
2148 5467 2481 5537 prostravit:
2529 5466 2846 5540 devictaque
2889 5465 3324 5540 populerorum,
3381 5470 3497 5518 tota

1918 5534 2194 5593 illa'terra
2228 5544 2460 5602 vastata,
2496 5538 2596 5591 sub
2625 5534 2829 5592 tributo
2856 5534 3060 5591 servire
3081 5534 3230 5591 fecit.

1919 5607 2116 5681 (Capp.
2158 5608 2248 5675 ll,
2280 5607 2346 5662 l2
2372 5616 2428 5663 et
2448 5599 2522 5663 ⁷15
2542 5625 2575 5662 α
2607 5605 2825 5688 vulgatis
2855 5606 3024 5662 Gesti;
3065 5622 3173 5661 nou
3194 5605 3442 5676 (ti/[erunt
3470 5599 3509 5678 )i
