4020 6170
587 351 715 408 1431
1856 328 2040 385 ANON
2052 326 2169 382 YMI

2208 324 2479 382 SIECULI
2522 325 2649 381 VIII.
3672 328 3767 384 ΗΕ

584 475 779 521 sttana.
812 460 1051 527 Quadam
1078 458 1166 512 die
1207 453 1481 510 Dominica
1514 466 1637 505 cum
1658 449 1727 515 ad
1756 450 2044 502 missarum
2070 458 2158 497 so-
2189 444 2235 500 A
2267 441 2513 496 manibus
2548 440 2761 494 vestris.
2803 438 3104 493 Audientes
3162 438 3281 493 haec
3325 437 3677 508 Burgundiones
3702 448 3765 513 qui

587 556 784 613 lemnia
809 551 1139 609 Chrothiidis
1157 549 1413 610 venisset,
1433 543 1759 599 Aurelianus
1785 541 1982 595 missus
2004 537 2166 594 Cblo-

586 646 742 703 dovei
789 642 997 713 accepit
1032 650 1215 696 vestes
1245 635 1601 708 pauperculas
1635 652 1649 688 :
1678 634 1851 688 bonas
1882 644 2014 683 vero
2037 642 2166 682 ves-
2194 686 2199 687 ί

591 752 688 802 tes,
716 753 854 809 quas
907 750 1093 792 secum
1143 732 1407 787 detulerat
1446 728 1580 801 [Al.,
1608 724 1837 780 vestitas
1859 716 2162 789 habuerat],

590 831 810 901 reliquit
834 827 1110 885 sodalibus
1131 826 1244 881 suis
1269 826 1323 879 in
1346 823 1515 886 silvis,
1543 829 1599 874 et
1635 827 1763 874 ante
1788 816 2030 872 ecclesia:
2050 829 2169 869 ma-

590 920 839 977 tricolam
875 919 932 973 in
988 916 1167 972 medio
1216 927 1508 984 pauperum
1565 906 1831 964 consedit.
1873 905 2170 959 Transacta

591 1011 878 1065 missarum
900 1005 1177 1067 solemnia,
1202 1001 1532 1059 Chrothildis
1547 1000 1701 1070 juxta
1729 995 2171 1052 consuetudinem

593 1099 809 1155 solitam
835 1097 1001 1166 erepit
1044 1095 1439 1164 eleemosynam
1481 1104 1708 1159 erogare
1737 1089 1791 1142 in
1815 1085 2167 1157 pauperibus.

591 1188 834 1258 Cumque
858 1188 927 1243 ad
976 1186 1327 1241 Aurelianum
1383 1174 1681 1252 pauperem
1723 1194 1782 1234 se
1829 1177 2172 1232 simulantem

593 1279 850 1341 venisset,
883 1292 1105 1332 aureum
1151 1290 1313 1329 unum
1341 1272 1394 1327 in
1431 1286 1593 1326 manu
1622 1267 1739 1337 ejus
1767 1266 2011 1322 immisit.
2054 1265 2174 1334 Ipse

593 1385 725 1424 vero
745 1368 996 1424 osculans
1026 1380 1241 1421 manum
1291 1361 1495 1431 puellm,
1547 1359 1717 1428 ipsius
1760 1357 1982 1426 pallium
2015 1365 2172 1411 caute

596 1458 842 1515 retraxit.
882 1456 1014 1511 Post
1038 1457 1155 1509 haec
1180 1452 1270 1507 illa
1311 1452 1550 1520 ingressa
1575 1449 1628 1502 in
1661 1445 1971 1502 cubiculum
1994 1461 2172 1510 suum,

596 1549 748 1605 misit
780 1546 1031 1603 ancillam
1083 1560 1236 1599 suam
1264 1555 1459 1597 vocare
1503 1526 1847 1610 peregrinum
1890 1536 2061 1591 illum.
2108 1535 2179 1589 At

598 1639 688 1695 ille
713 1637 969 1693 annulum
997 1651 1027 1691 a
1053 1633 1359 1691 Chlodoveo
1386 1646 1513 1701 rege
1540 1645 1701 1684 manu
1727 1637 1939 1692 tenens,
1970 1642 2179 1682 necnon

597 1730 883 1798 etreliqna
913 1732 1231 1784 ornamenta
1277 1721 1545 1793 sponsalia
1584 1719 1859 1775 recondita
1887 1718 2105 1772 tenebat
2128 1715 2180 1768 in

601 1790 875 1876 sacculum
900 1832 1079 1874 suum.
1111 1814 1279 1882 Quem
1308 1790 1443 1882 ipost
1468 1810 1769 1872 discedens,
1810 1808 1864 1862 in
1888 1807 2007 1874 loco
2035 1813 2179 1859 retro
2210 1790 2255 1849 Β
2283 1813 2422 1854 rere.
2480 1799 2548 1853 Et
2601 1797 2695 1853 illa
2731 1798 2807 1852 ait
2856 1814 2870 1850 :

600 1910 805 1965 ostium
858 1923 1086 1965 camerae
1146 1912 1358 1960 secreto
1402 1901 1639 1971 reliquit.
1679 1899 1777 1955 Cui
1804 1899 1882 1954 ait
1905 1897 2184 1955 Chrotbil-

602 2004 729 2058 dis:
774 2001 871 2057 Dic
917 2000 1075 2071 mihi,
1095 2000 1259 2054 homo
1285 1995 1524 2067 juvenis,
1563 2010 1661 2050 cur
1703 2003 1757 2049 te
1791 2006 2082 2062 pauperem
2107 1991 2183 2047 si-

606 2091 801 2156 mulas,
831 2089 919 2146 vel
942 2103 1043 2159 pro
1080 2102 1185 2157 qua
1214 2100 1378 2141 causa
1429 2085 1702 2139 retraxisti
1732 2083 1954 2155 pallium
1975 2083 2189 2137 meum?

605 2182 673 2236 Et
695 2181 784 2237 ille
811 2180 949 2236 dixit
973 2198 986 2234 :
1017 2178 1314 2248 Loquatur,
1341 2177 1590 2240 obsecro,
1617 2189 1808 2229 servus
1832 2184 1958 2227 tuus
1979 2181 2189 2228 secreto

607 2280 806 2325 tecum.
848 2267 946 2325 Cui
991 2267 1082 2322 illa
1114 2267 1214 2332 ait,
1260 2265 1527 2335 Loquere.
1569 2262 1740 2319 Orsus
1767 2263 1861 2318 ille
1886 2262 2056 2318 dixit:
2082 2262 2189 2317 Do-

609 2361 790 2416 minus
815 2373 967 2415 meus
992 2358 1331 2414 Cblodoveus
1360 2371 1455 2410 rex
1482 2353 1816 2409 Francorum
1841 2352 1988 2408 misit
2016 2367 2102 2407 me
2123 2353 2194 2407 ad

609 2466 701 2520 te;
731 2452 847 2507 vult
874 2459 928 2506 te
957 2451 1059 2505 sibi
1087 2449 1360 2504 associare
1384 2447 1441 2501 in
1465 2446 1729 2518 reginam.
1770 2445 1914 2500 Ecce
1961 2444 2195 2500 annulus

606 2546 744 2615 ejus,
770 2544 849 2601 et'
886 2542 1093 2613 reliqua
1140 2548 1452 2598 ornamenta
1492 2538 1784 2610 sponsalia.
1837 2536 2197 2608 RcSpexitque

611 2647 758 2694 retro
781 2636 979 2692 ostium
1026 2649 1274 2697 camerze,
1318 2647 1424 2686 non
1469 2631 1674 2686 invenit
1703 2628 1975 2685 sacculum
2019 2643 2194 2693 suum,

564 2766 587 2775 ν
612 2735 669 2782 ct
694 2724 1114 2795 perterrefactns
1142 2724 1210 2778 ob
1242 2723 1314 2787 id,
1348 2722 1538 2777 timere
1568 2721 1753 2791 coepit.
1787 2719 1879 2775 llla
1912 2734 2042 2774 vero
2085 2719 2200 2775 sol-

609 2817 781 2882 licita,
821 2817 1058 2885 undique
1093 2814 1393 2884 requisivit,
1418 2813 1640 2868 dicens:
1673 2811 1805 2878 Quis
1848 2810 1973 2865 tulit
1998 2824 2203 2881 paupe-

615 2909 693 2963 ris
742 2907 900 2962 istius
948 2904 1264 2960 sacculum?
1313 2902 1617 2971 Statimque
1664 2909 1747 2956 est
1790 2900 2051 2970 prolatus.
2085 2899 2203 2967 Quo

616 3007 823 3069 aperto,
871 2996 1075 3064 recepit
1100 2994 1189 3048 illa
1225 2993 1538 3048 abscondita
1566 2990 2199 3071 ornamenta_sponsalia.

615 3092 960 3159 Acceptoque
1007 3086 1227 3149 annulo,
1260 3099 1418 3154 quem
1463 3083 1801 3139 Cblodoveus
1842 3097 1939 3137 rex
1983 3081 2205 3136 miserat

618 3193 715 3250 per
784 3176 1132 3232 Aurelianum
1184 3174 1423 3245 reposuit
1468 3174 1617 3229 illum
1654 3174 1706 3228 in
1752 3174 2009 3229 thesauro
2036 3190 2205 3229 avun—

622 3264 733 3326 culi
776 3269 880 3325 sui.
918 3266 1331 3336 Chlodoveoque
1387 3266 1615 3321 salutem
1664 3279 1973 3334 reprecans,
2027 3264 2207 3319 dicere

619 3365 695 3421 illi
721 3365 876 3433 jubet
907 3380 921 3417 :
962 3361 1077 3418 Non
1101 3362 1227 3417 licet
1246 3360 1566 3417 Christiana:
1587 3374 1794 3429 pagano
1823 3359 2043 3414 nubere.
2073 3360 2207 3415 Vide

621 3468 684 3512 ut
711 3458 850 3512 hanc
896 3470 1114 3510 causam
1166 3469 1326 3509 nemo
1373 3452 1590 3507 resciat.
1627 3449 1732 3506 Sed
1775 3451 1915 3506 sicut
1950 3450 2209 3507 Dominus

622 3550 766 3603 Deus
795 3563 969 3611 meus,
1034 3558 1193 3614 quem
1243 3560 1342 3614 ego
1394 3558 1575 3599 coram
1624 3541 1874 3597 omnibus
1925 3540 2205 3615 confiteor,

624 3638 760 3702 vult,
798 3638 878 3693 sic
931 3636 1041 3690 fiat.
1082 3635 1162 3690 Tu
1186 3650 1316 3690 vero
1354 3635 1488 3689 vade
1520 3634 1571 3688 in
1609 3648 1762 3704 pace.
1793 3632 1864 3688 At
1909 3632 2000 3689 ille
2028 3647 2209 3687 rever—

624 3743 733 3788 sus,
768 3725 1035 3781 nuntiavit
1061 3725 1176 3780 haec
1210 3725 1426 3779 domino
1450 3740 1569 3779 suo.

624 3839 753 3892 Car.
785 3839 898 3892 ΧΠ.
923 3867 992 3877 -
1021 3836 1123 3890 Ubi
1151 3836 1473 3891 Cblodoveus
1497 3853 1589 3891 rea:
1641 3838 1782 3891 misit
1815 3838 1885 3891 ad
1926 3837 2211 3892 Gundeba-

926 3906 1052 3959 dum
1080 3923 1174 3975 pro
1199 3922 1391 3975 sponsa
1417 3923 1515 3960 sua
1541 3905 1908 3960 Chrodchilde.

696 3995 856 4049 Anno
880 3995 1126 4049 insecuto
1157 3993 1305 4047 misit
1328 3993 1667 4049 Cblodoveus
1692 3992 2039 4049 Aurelianum
2068 3995 2213 4065 lega-

628 4087 829 4141 tarium
858 4100 1015 4140 suum
1040 4083 1109 4137 ad
1143 4082 1534 4139 Gundobadum
1572 4098 1671 4153 pro
1699 4099 1895 4153 sponsa
1917 4099 2013 4138 sua
2042 4083 2214 4139 Chro-

630 4174 819 4232 tltilde.
857 4173 1099 4229 Audiens
1119 4173 1237 4227 haec
1264 4170 1649 4236 Gundobadus,
1680 4171 1905 4226 territus
1948 4172 2001 4225 in
2053 4160 2215 4227 corde

630 4280 749 4327 suo,
780 4263 857 4317 ait
887 4277 902 4316 :
944 4261 1016 4318 Ut
1057 4261 1235 4317 sciant
1269 4275 1459 4315 omnes
1495 4260 1777 4316 fortissimi
1819 4261 2111 4317 consiliarii
2163 4271 2219 4317 et

631 4353 791 4408 amici
818 4352 921 4408 mei
948 4351 1355 4420 Burgundiones
1400 4349 1613 4419 qualem
1636 4351 1976 4405 occasionem
2022 4352 2218 4421 quaerit

629 4458 725 4497 rex
755 4441 1092 4498 Cblodoveus
1117 4442 1400 4495 adversum
1438 4455 1556 4504 nos,
1584 4439 1711 4509 quia
1749 4455 2024 4510 nunquam
2062 4441 2212 4496 novit

631 4541 848 4601 neptam
879 4546 1076 4586 meam.
1114 4531 1180 4585 Et
1202 4530 1278 4584 ait
1305 4530 1371 4584 ad
1397 4528 1746 4584 Aurelianum
1779 4548 1792 4582 :
1825 4528 1905 4583 ‘l‘u
1932 4531 2216 4600 explorare

630 4622 829 4678 venisti
862 4622 1051 4677 domos
1088 4631 1302 4677 nostras
1318 4622 1602 4677 occasione
1626 4621 1898 4690 quaerendi
1927 4621 2213 4695 [petendi].

630 4713 905 4768 Renuntia
940 4712 1158 4768 domino
1185 4721 1277 4766 tuo
1310 4712 1436 4781 quia
1465 4711 1663 4767 frustra
1700 4713 2037 4767 mendacium
2068 4713 2217 4769 locu.

634 4813 725 4859 tus
743 4812 848 4868 est,
864 4818 1116 4874 sponsam
1140 4802 1340 4881 habere
1362 4809 1577 4870 neptam
1597 4816 1795 4856 meam.
1812 4802 1880 4856 Et
1895 4802 2219 4857 Aurelianus

634 4901 947 4949 constanter
971 4893 1211 4963 loquitur
1238 4892 1306 4953 ei,
1331 4892 1518 4947 dicens
1547 4906 1563 4945 :
1602 4892 1817 4946 Mandat
1848 4893 1943 4946 tibi
1972 4893 2220 4948 dominus

638 4999 792 5040 meus
816 4982 1152 5039 Cblodoveus
1178 4997 1270 5037 rex
1298 4996 1313 5035 :
1342 4980 1399 5037 Si
1424 4982 1507 5037 vis
1534 4982 1663 5036 dare
1686 4983 1738 5036 ei
1766 4996 2016 5052 sponsam
2045 4999 2218 5049 suam,

636 5083 697 5130 ut
723 5076 901 5134 locum
934 5075 984 5131 ei
1012 5088 1285 5145 prmpares
1314 5073 1739 5138 denominatnm,
1763 5074 1853 5128 ubi
1877 5076 1981 5140 vis,
2005 5073 2220 5144 quando

638 5165 969 5222 Cbrotildem
997 5181 1249 5237 sponsam
1279 5180 1429 5220 suam
1466 5165 1708 5234 recipiat.
1742 5164 1838 5219 Sin
1888 5174 2089 5241 autem.
2112 5182 2219 5221 non

636 5257 741 5320 vis,
763 5256 853 5312 ille
881 5272 1005 5312 eum
1034 5258 1272 5311 exercitu
1311 5255 1643 5312 Francorum
1671 5257 1728 5312 in
1755 5273 2040 5313 occursum
2071 5267 2221 5313 tuum

641 5349 828 5403 venire
847 5350 1114 5418 disponet.
1143 5348 1211 5403 Et
1239 5348 1328 5403 ille
1355 5348 1431 5403 ait
1457 5364 1471 5402 :
1500 5348 1818 5418 Ubicunque
1844 5343 2218 5414 vult,‘veniat:

643 5447 698 5495 ct
743 5454 843 5511 ego
886 5448 1074 5496 contra
1102 5453 1225 5495 eum
1255 5440 1334 5494 ire
1362 5439 1588 5509 dispono
1631 5454 1752 5494 cum
1794 5438 1948 5493 hoste
1992 5438 2225 5508 plurimo

644 5520 1203 5600 Burgundionum,ut
1228 5529 1453 5585 decedat
1497 5529 1651 5584 ruina
1699 5528 1817 5598 ejus
1869 5529 1937 5584 ad
1991 5529 2227 5584 interne-

644 5621 875 5684 cionem,
898 5635 1056 5687 quam
1078 5628 1415 5690 perpetratus
1429 5628 1512 5675 est
1533 5636 1716 5675 coram
1743 5619 1925 5675 multis
1951 5621 2220 5689 gentibus,

647 5719 697 5763 et
727 5708 1026 5763 vindicetur
1053 5708 1270 5779 sanguis
1300 5709 1591 5765 multorum
1612 5748 1625 5773 ,
1658 5710 1747 5777 qui
1795 5711 1996 5767 effusus
2038 5720 2121 5768 est
2171 5712 2223 5767 in

2264 540 2420 585 erant
2447 529 2739 584 consiliarii
2766 527 2911 598 ejus;
2931 536 3249 583 metuentes
3278 528 3428 582 valde
3446 529 3566 583 iram
3596 528 3766 590 Franco-

2266 636 2387 673 rum
2414 628 2470 674 et
2507 617 2798 673 Chlodovei
2823 657 2840 682 ,
2875 617 3171 672 consilium
3223 617 3483 672 dederunt
3517 617 3766 677 Gundebado

2268 709 2375 781 [AL
2394 749 2409 774 ,
2438 706 2724 780 Gunbado]
2745 747 2761 767 .
2792 707 3031 762 dicentes
3063 721 3080 760 :
3115 707 3369 776 lnquirat
3395 722 3482 761 rex
3512 722 3540 761 a
3577 709 3764 767 ministris

2267 808 2322 853 et
2349 798 2693 854 cubiculariis
2717 797 2830 852 suis
2853 796 3108 867 publicis,
3131 797 3181 851 si
3203 812 3315 852 non
3342 795 3528 852 fuerint
3556 799 3763 868 aliquando

2268 888 2473 945 deferta
2512 888 2638 961 [Al.,
2671 889 2953 957 deportata
2976 896 3024 941 et
3056 885 3252 957 allata]
3298 900 3512 941 munera
3554 901 3634 956 per
3667 890 3767 959 inge-

2271 981 2418 1036 nium
2442 996 2472 1033 a
2498 979 2771 1050 legatariis
2797 977 3089 1033 Cblodovei
3117 977 3268 1047 regis
3294 992 3309 1030 :
3340 986 3401 1030 ut
3425 993 3522 1031 non
3545 978 3765 1034 inveniatur

2272 1072 2486 1128 occasio
2523 1085 2686 1140 super
2717 1069 2970 1140 populum
3019 1077 3179 1123 tuum
3226 1075 3286 1122 et
3333 1083 3541 1138 regnum
3584 1077 3713 1134 tuum,
3731 1080 3767 1125 ut

2273 1162 2447 1216 victor
2467 1160 2647 1215 valeas
2667 1172 2925 1230 superare
2948 1173 3097 1223 eum,
3120 1172 3192 1213 eo
3221 1159 3367 1227 quod
3395 1158 3539 1213 nimis
3561 1157 3765 1215 furibunda

2275 1260 2358 1308 est
2408 1251 2699 1307 Chlodovei
2760 1250 3020 1319 nequitia.
3082 1249 3526 1320 Burgundiones,
3572 1252 3675 1305 sicut
3716 1262 3768 1307 est

2277 1348 2514 1411 solitum,
2542 1346 2647 1401 hoc
2671 1344 2956 1399 consilium
2977 1341 3256 1398 dederunt
3294 1342 3404 1412 regi
3426 1357 3532 1396 suo.
3556 1342 3767 1411 Requiren-

2279 1448 2467 1507 tesqne
2497 1437 2816 1491 invenerunt
2846 1434 2899 1488 in
2939 1433 3208 1488 thesauro
3235 1432 3381 1503 regis
3403 1430 3768 1492 annnlnm,Cblo-

2281 1530 2435 1584 dovei
2491 1527 2843 1596 inscriptione
2894 1524 2981 1578 vel
3035 1523 3285 1592 imagine
3335 1521 3613 1590 inscriptum
3656 1518 3767 1591 [Al.,

2282 1620 2550 1689 signatum
2579 1627 2627 1671 et
2669 1613 3060 1686 insculptum].
3120 1613 3280 1666 Tunc
3324 1611 3629 1666 contristatns
3665 1609 3769 1662 valde

2287 1709 2651 1765 Gundobadus
2691 1723 2806 1773 rex,
2825 1707 2989 1777 jussit
3012 1705 3255 1775 puellam
3291 1703 3356 1759 de
3383 1704 3477 1757 hac
3498 1717 3626 1757 causa
3646 1702 3765 1770 inqui-

2924 1796 3076 1861 Scio,
3106 1795 3327 1852 domine
3364 1794 3433 1849 mi
3460 1808 3570 1857 rex,
3594 1802 3684 1846 ante
3704 1793 3770 1845 bos

2285 1904 2456 1944 annos
2488 1888 2586 1943 tibi
2623 1903 2723 1958 pro
2768 1900 3218 1957 muneregaurea
3256 1883 3551 1938 munuscula
3588 1897 3612 1936 a
3647 1882 3767 1936 missis

2286 1979 2573 2035 Chlodovei
2618 1978 2825 2034 deferta
2866 1976 3106 2050 [allata],
3137 1984 3196 2031 et
3241 1976 3374 2031 mihi
3428 1974 3605 2029 ancilla:
3639 1981 3767 2027 vestra

2288 2070 2544 2124 annulum
2572 2071 2626 2125 in
2652 2086 2814 2124 manu
2858 2070 3100 2139 positum
3139 2067 3441 2139 parvulum.
3484 2067 3580 2137 Ego
3613 2080 3705 2119 vero
3730 2066 3763 2117 in

2289 2162 2558 2218 thesauris
2580 2163 2777 2217 vestris
2805 2162 2979 2231 ipsum
3012 2159 3260 2217 recondi.
3307 2160 3375 2215 Et
3400 2158 3483 2214 ille
3504 2157 3615 2211 dixit
3640 2174 3651 2208 :
3675 2154 3763 2208 Sim-

2290 2253 2503 2323 pliciter
2526 2261 2581 2308 et
2605 2254 2722 2308 sine
2747 2252 2973 2308 consilio
2995 2252 3104 2308 hoc
3126 2259 3311 2307 actum
3337 2248 3452 2303 fuit.
3473 2247 3763 2316 Acceptaqu

2292 2357 2411 2398 eam
2439 2359 2561 2399 cum
2589 2344 2669 2398 ira
2695 2342 2986 2398 Aureliano
3018 2343 3197 2397 misso
3215 2338 3491 2396 Chlodovei
3515 2335 3694 2391 tradidit.
3707 2332 3762 2385 Ille

2294 2442 2474 2489 autem
2521 2449 2644 2488 cum
2695 2433 2857 2489 sociis
2905 2433 3020 2488 suis
3076 2432 3291 2501 accepit
3338 2426 3653 2485 Cbrothildam
3686 2435 3760 2475 cun

2294 2541 2491 2598 magno
2518 2527 2711 2597 gaudio
2738 2535 2794 2581 et
2836 2526 3045 2593 lmtitia,
3077 2527 3509 2593 adduxeruntque
3537 2535 3633 2575 eam
3656 2516 3756 2572 Chlo-

2297 2620 2496 2683 doveo,
2529 2618 2839 2675 Suessionis
2884 2618 3108 2674 civitate
3145 2619 3200 2673 in
3247 2615 3480 2671 Francia.
3523 2611 3759 2667 Gavisuscst

2299 2717 2479 2763 autem
2507 2707 2844 2764 Cblodoveus
2872 2722 2990 2773 rex,
3013 2724 3249 2778 eamque
3278 2708 3328 2761 in
3358 2701 3684 2765 matrimonium
3698 2694 3758 2750 sibi

2301 2799 2587 2869 copulavit.
2617 2798 2753 2854 Cum
2793 2808 2937 2854 esset
2974 2814 3102 2855 sero
3150 2799 3237 2853 die
3278 2796 3384 2862 illa,
3420 2792 3601 2865 quando
3622 2783 3759 2842 insimul

2304 2891 2530 2961 nuptiali
2560 2905 2710 2945 more
2756 2890 3079 2945 accumbere
3135 2889 3406 2948 deberent,
3439 2883 3517 2939 illa
3557 2872 3757 2949 prudentis

2303 2997 2415 3037 sua:
2465 2996 2617 3036 more
2667 2995 2928 3036 conversa
2972 2988 3030 3035 et
3075 2979 3280 3037 conﬁsa
3324 2978 3375 3032 in
3416 2964 3757 3030 Dominum,aitr

2305 3072 2587 3143 Deinceps,
2619 3073 2834 3128 domine
2864 3072 2939 3128 mi
2985 3088 3108 3139 rex,
3138 3072 3262 3127 audi
3308 3067 3533 3124 ancillam
3578 3070 3685 3114 tuam
3714 3053 3756 3104 l0-

2226 3133 2277 3197 c
2309 3133 2585 3235 quentein,
2613 3172 2668 3219 et
2711 3164 3006 3220 concedere
3050 3133 3289 3236 digneris
3314 3159 3447 3232 quod
3469 3157 3684 3224 deprewr.
3704 3159 3758 3236 att-

2309 3232 2521 3326 tiaquam
2551 3255 2750 3310 famula
2789 3263 2878 3311 tua
2925 3232 3135 3312 vestra;
3170 3248 3497 3310 dominationi
3533 3254 3684 3298 coeam-
3718 3232 3755 3326 ξι

2305 3321 2401 3401 rex
2430 3347 2506 3400 ait
2537 3361 2551 3400 :
2580 3345 2800 3402 Postula
2827 3347 2971 3416 quod
2995 3346 3112 3412 vis,
3137 3356 3192 3402 et
3219 3360 3316 3416 ego
3347 3341 3436 3396 tibi
3465 3321 3755 3420 concaluit-lil

2308 3437 2396 3492 illa
2430 3438 2722 3508 postulavit
2756 3411 2940 3493 dicens
2966 3453 2981 3492 :
3009 3411 3394 3507 Primum'peto
3431 3437 3483 3485 ut
3520 3426 3647 3508 Deum
3680 3411 3750 3468 αῑίί

2308 3507 2522 3581 Patrem
2552 3527 2975 3597 omnipotentem
3007 3528 3221 3590 credas,
3239 3523 3328 3594 qui
3354 3512 3605 3575 tecreavit.

2308 3624 2465 3689 dum,
2493 3595 2749 3680 confitere
2802 3623 3091 3678 Dominum
3135 3620 3315 3676 Iesum
3363 3611 3595 3670 Christum
3633 3595 3751 3653 Filium

2310 3715 2444 3786 ejus,
2467 3717 2559 3785 qui
2586 3724 2640 3772 te
2668 3715 2915 3777 redemit.
2943 3715 3150 3785 Regem
3171 3710 3399 3769 omnium
3420 3714 3596 3773 regum.
3614 3709 3636 3747 ³
3657 3690 3752 3744 me

2312 3810 2378 3866 de
2402 3809 2553 3865 etelis
2600 3809 2846 3863 missum.
2877 3808 3141 3869 Tertium,
3184 3802 3426 3874 Spiritum
3451 3788 3751 3874 sanctum.ch-

2311 3898 2641 3954 iirmatorem
2667 3907 2719 3952 et
2762 3897 3182 3952 illuminatorem
3207 3862 3430 3949 emnium
3452 3883 3676 3953 justornm-
3692 3862 3750 3916 Τί)

2316 3999 2423 4045 tam
2468 3988 2789 4045 ineffabilem
2831 3987 3191 4058 majestatem,
3236 3962 3751 4058 οωηιυοωηίίψβυθξίῖ

2313 4090 2568 4136 aeternam
2612 4095 2865 4151 agnosce,
2905 4048 2958 4134 et
2995 4048 3231 4150 agnitam
3274 4066 3435 4127 crede.
3464 4066 3513 4153 εξ

2314 4141 2676 4240 derelinque:
2693 4169 2784 4239 qui
2826 4141 2934 4224 non
2981 4141 3110 4224 srint
3151 4165 3242 4227 dii,
3290 4157 3376 4215 sed
3418 4141 3629 4215 sculptilia

2316 4233 2648 4329 incendeque
2689 4233 2752 4315 ea
2780 4277 2793 4314 :
2822 4268 2877 4315 et
2924 4259 3183 4315 ecclesias
3226 4257 3420 4309 sanctas
3460 4251 3570 4310 quas
3604 4233 3747 4329 5099*:

2317 4352 2465 4417 disti,
2489 4320 2751 4408 restaura.
2776 4350 3066 4417 Memento,
3088 4362 3281 4419 quaeso,
3296 4320 3748 4427 insupel’ﬁtfﬁluirf

2318 4444 2515 4499 debeas
2557 4443 2859 4513 portionem
2906 4410 3166 4513 genitoris
3200 4435 3299 4492 mei
3337 4438 3385 4486 ει
3406 4410 3626 4517 Seni"???
3830 4464 3831 4483 ι

2319 4550 2454 4605 quos
2478 4532 2774 4589 avunculus
2793 4549 2947 4588 meus
2969 4529 3320 4589 Gnndohadus
3341 4517 3465 4576 malo
3485 4498 3746 4627 om???
3830 4540 3831 4585 ζ

2318 4590 2464 4682 fiscit.
2506 4625 2597 4681 Sic
2632 4626 2950 4695 sanguinem
3000 4638 3185 4680 eorum
3227 4590 3744 4709 Defillusjjgdﬁj:

2319 4677 3207 4803 ειςίάιεῑέέυέέίῖξωιηι-κειει
3243 4677 3739 4803 diuidiae;

2320 4803 2449 4860 deos
2473 4820 2622 4860 meos
2648 4804 3039 4873 derelinquam,
3066 4811 3121 4859 et
3141 4800 3298 4854 Deum
3322 4799 3461 4892 tum:
3478 4774 3622 4892 cf:
3634 4756 3741 4892 ﬁt:

2320 4910 2450 4951 vero
2489 4895 2631 4965 quod
2661 4895 2820 4965 petis,
2849 4849 2912 4949 tit
2938 4904 3144 4964 potero,
3175 4886 3372 4983 faciant.
3414 4849 3735 4984 ll'liajeﬁ'm:

2332 4940 2448 4951 ’ων
2491 4940 2631 4965 1""-
2663 4940 2820 4965 ιη’-ν’
2853 4940 2912 4949 --
2940 4940 3144 4964 ι’ν-ν-νι
3176 4940 3245 4942 -ννί
3357 4971 3369 4983 .
3638 4940 3735 4991 ιωωπ

2321 4986 2540 5052 institit,
2559 4986 2892 5057 supplexque
2916 4986 3108 5041 iterum
3129 4957 3666 5073 postulavit:litvo-“"133:li
3688 5021 3737 5073 es:

2321 5080 2572 5143 obsecro,
2699 5043 2987 5133 Dominum
3016 5043 3179 5132 Deum
3203 5058 3579 5131 omniPO‘emem’
3606 5043 3666 5100 qm
3688 5043 3737 5073 CN
3830 5044 3831 5101 Ῐ

2324 5168 2378 5222 in
2412 5168 2588 5232 cmlis,
2616 5166 2827 5221 adores.

2324 5279 2452 5335 cu.
2494 5278 2628 5333 xm.
2660 5309 2730 5318 —
2759 5276 2912 5342 Quod
2939 5277 3125 5329 iterum
3150 5228 3623 5342 Chtogpreqsgijjm
3645 5218 3732 5273 5"

2590 5312 3672 5433 eademrz‘ItzéWéimiiﬁs....
3688 5363 3726 5422 ad

2399 5396 2965 5494 c1.i.d.1;.i;ii;..2..;
3005 5396 3411 5512 invnurgundinn

2327 5480 2960 5597 c.1'azirgi.:.:.".';.;;,;;'
2965 5480 3066 5596 pi;
3087 5480 3321 5581 ags...
3339 5485 3589 5609 ειιξίξξξπζξ
3600 5480 3718 5609 (ﬁt:

2327 5636 2459 5675 sum.
2490 5577 2877 5674 Gundobaduso
2897 5577 3027 5671 verr'o
3051 5617 3104 5670 in
3143 5614 3214 5667 ira
3258 5577 3719 5699 εοιηιιιοῑιιξηῗίῷὲῖξιῖ

2329 5712 2456 5781 quid
2487 5711 2542 5766 in
2591 5725 2782 5765 manus
2836 5706 3138 5764 Chlodovco
3170 5695 3380 5756 tradetur
3403 5675 3572 5743 τεέηυω
3594 5664 3630 5706 ¹¹¹

2241 4481 2293 4541 D
