  <div class='ocr_page' id='page_1' title='image "/cluster/home/n/w/nwhite01/storage/ocr_20150623/96/hvd.32044052819901/722.png"; bbox 0 0 4020 6170; ppageno 0'>
   <div class='ocr_carea' id='block_1_1' title="bbox 384 339 518 395">
    <p class='ocr_par' dir='ltr' id='par_1_1' title="bbox 384 339 518 395">
     <span class='ocr_line' id='line_1_1' title="bbox 384 339 518 395; baseline 0 0"><span class='ocrx_word' id='word_1_1' title='bbox 384 340 404 395; x_wconf 81' lang='grc'><strong>1</strong></span> <span class='ocrx_word' id='word_1_2' title='bbox 418 339 518 395; x_wconf 63' lang='grc'><strong>335</strong></span> 
     </span>
    </p>
   </div>
   <div class='ocr_carea' id='block_1_2' title="bbox 1513 322 2503 390">
    <p class='ocr_par' dir='ltr' id='par_1_2' title="bbox 1513 322 2503 390">
     <span class='ocr_line' id='line_1_2' title="bbox 1513 322 2503 390; baseline -0.009 -5"><span class='ocrx_word' id='word_1_3' title='bbox 1513 328 1733 385; x_wconf 78' lang='lat' dir='ltr'><strong>CESTA</strong></span> <span class='ocrx_word' id='word_1_4' title='bbox 1773 326 2015 382; x_wconf 79' lang='lat' dir='ltr'><strong>REGUM</strong></span> <span class='ocrx_word' id='word_1_5' title='bbox 2050 322 2503 390; x_wconf 67' lang='lat' dir='ltr'><strong>FRANCORUM,</strong></span> 
     </span>
    </p>
   </div>
   <div class='ocr_carea' id='block_1_3' title="bbox 3493 316 3631 371">
    <p class='ocr_par' dir='ltr' id='par_1_3' title="bbox 3493 316 3631 371">
     <span class='ocr_line' id='line_1_3' title="bbox 3493 316 3631 371; baseline 0.029 -4"><span class='ocrx_word' id='word_1_6' title='bbox 3493 316 3631 371; x_wconf 60' lang='lat' dir='ltr'><strong>I451</strong></span> 
     </span>
    </p>
   </div>
   <div class='ocr_carea' id='block_1_4' title="bbox 1725 418 2311 476">
    <p class='ocr_par' dir='ltr' id='par_1_4' title="bbox 1725 418 2311 476">
     <span class='ocr_line' id='line_1_4' title="bbox 1725 418 2311 476; baseline -0.012 0"><span class='ocrx_word' id='word_1_7' title='bbox 1725 421 1951 476; x_wconf 84' lang='lat' dir='ltr'><strong>EDITIO</strong></span> <span class='ocrx_word' id='word_1_8' title='bbox 1989 418 2311 474; x_wconf 81' lang='lat' dir='ltr'><strong>FREIIEIII.</strong></span> 
     </span>
    </p>
   </div>
   <div class='ocr_carea' id='block_1_5' title="bbox 379 497 3639 581">
    <p class='ocr_par' dir='ltr' id='par_1_5' title="bbox 379 497 3639 581">
     <span class='ocr_line' id='line_1_5' title="bbox 379 497 3639 581; baseline -0.009 1"><span class='ocrx_word' id='word_1_9' title='bbox 379 497 473 581; x_wconf 81' lang='lat' dir='ltr'><strong>aut</strong></span> <span class='ocrx_word' id='word_1_10' title='bbox 518 523 755 581; x_wconf 86' lang='lat' dir='ltr'><strong>thesauri</strong></span> <span class='ocrx_word' id='word_1_11' title='bbox 790 520 942 576; x_wconf 82' lang='lat' dir='ltr'><strong>mei?</strong></span> <span class='ocrx_word' id='word_1_12' title='bbox 976 516 1165 573; x_wconf 77' lang='lat' dir='ltr'><strong>Nonne</strong></span> <span class='ocrx_word' id='word_1_13' title='bbox 1208 517 1507 571; x_wconf 70' lang='lat' dir='ltr'><strong>obtestatus</strong></span> <span class='ocrx_word' id='word_1_14' title='bbox 1540 513 1613 568; x_wconf 92' lang='lat' dir='ltr'><strong>fui</strong></span> <span class='ocrx_word' id='word_1_15' title='bbox 1652 513 1769 577; x_wconf 91' lang='lat' dir='ltr'><strong>tibi,</strong></span> <span class='ocrx_word' id='word_1_16' title='bbox 1798 512 1956 565; x_wconf 83' lang='lat' dir='ltr'><strong>Auri-</strong></span> <span class='ocrx_word' id='word_1_17' title='bbox 1980 517 2030 571; x_wconf 75' lang='grc' dir='ltr'><strong>Α</strong></span> <span class='ocrx_word' id='word_1_18' title='bbox 2058 510 2325 578; x_wconf 82' lang='lat' dir='ltr'><strong>baptismo</strong></span> <span class='ocrx_word' id='word_1_19' title='bbox 2380 518 2701 560; x_wconf 83' lang='lat' dir='ltr'><strong>consecrare</strong></span> <span class='ocrx_word' id='word_1_20' title='bbox 2760 502 2942 556; x_wconf 83' lang='lat' dir='ltr'><strong>voluit.</strong></span> <span class='ocrx_word' id='word_1_21' title='bbox 3009 501 3159 556; x_wconf 86' lang='lat' dir='ltr'><strong>Tunc</strong></span> <span class='ocrx_word' id='word_1_22' title='bbox 3215 516 3319 555; x_wconf 92' lang='lat' dir='ltr'><strong>non</strong></span> <span class='ocrx_word' id='word_1_23' title='bbox 3376 498 3639 554; x_wconf 78' lang='lat' dir='ltr'><strong>credebat</strong></span> 
     </span>
    </p>
   </div>
   <div class='ocr_carea' id='block_1_6' title="bbox 380 603 1956 685">
    <p class='ocr_par' dir='ltr' id='par_1_6' title="bbox 380 603 1956 685">
     <span class='ocr_line' id='line_1_6' title="bbox 380 603 1956 685; baseline -0.009 -14"><span class='ocrx_word' id='word_1_24' title='bbox 380 618 542 675; x_wconf 77' lang='lat' dir='ltr'><strong>liaue,</strong></span> <span class='ocrx_word' id='word_1_25' title='bbox 565 625 625 669; x_wconf 92' lang='lat' dir='ltr'><strong>ut</strong></span> <span class='ocrx_word' id='word_1_26' title='bbox 647 628 752 667; x_wconf 91' lang='lat' dir='ltr'><strong>non</strong></span> <span class='ocrx_word' id='word_1_27' title='bbox 775 611 986 665; x_wconf 82' lang='lat' dir='ltr'><strong>venires</strong></span> <span class='ocrx_word' id='word_1_28' title='bbox 1006 607 1235 677; x_wconf 92' lang='lat' dir='ltr'><strong>amplius</strong></span> <span class='ocrx_word' id='word_1_29' title='bbox 1253 606 1307 660; x_wconf 89' lang='lat' dir='ltr'><strong>in</strong></span> <span class='ocrx_word' id='word_1_30' title='bbox 1341 620 1508 685; x_wconf 86' lang='lat' dir='ltr'><strong>regno</strong></span> <span class='ocrx_word' id='word_1_31' title='bbox 1531 620 1649 658; x_wconf 88' lang='lat' dir='ltr'><strong>meo</strong></span> <span class='ocrx_word' id='word_1_32' title='bbox 1670 603 1956 672; x_wconf 89' lang='lat' dir='ltr'><strong>explorare</strong></span> 
     </span>
    </p>
   </div>
   <div class='ocr_carea' id='block_1_7' title="bbox 380 696 1955 765">
    <p class='ocr_par' dir='ltr' id='par_1_7' title="bbox 380 696 1955 765">
     <span class='ocr_line' id='line_1_7' title="bbox 380 696 1955 765; baseline -0.009 -4"><span class='ocrx_word' id='word_1_33' title='bbox 380 704 734 761; x_wconf 74' lang='lat' dir='ltr'><strong>whstantiam</strong></span> <span class='ocrx_word' id='word_1_34' title='bbox 761 700 970 754; x_wconf 86' lang='lat' dir='ltr'><strong>meam?</strong></span> <span class='ocrx_word' id='word_1_35' title='bbox 997 697 1098 752; x_wconf 87' lang='lat' dir='ltr'><strong>Per</strong></span> <span class='ocrx_word' id='word_1_36' title='bbox 1118 697 1345 753; x_wconf 85' lang='lat' dir='ltr'><strong>salutem</strong></span> <span class='ocrx_word' id='word_1_37' title='bbox 1366 697 1669 765; x_wconf 88' lang='lat' dir='ltr'><strong>principum</strong></span> <span class='ocrx_word' id='word_1_38' title='bbox 1691 696 1955 758; x_wconf 82' lang='lat' dir='ltr'><strong>obtestor,</strong></span> 
     </span>
    </p>
   </div>
   <div class='ocr_carea' id='block_1_8' title="bbox 381 783 1960 861">
    <p class='ocr_par' dir='ltr' id='par_1_8' title="bbox 381 783 1960 861">
     <span class='ocr_line' id='line_1_8' title="bbox 381 783 1960 861; baseline -0.005 -15"><span class='ocrx_word' id='word_1_39' title='bbox 381 803 436 846; x_wconf 89' lang='lat' dir='ltr'><strong>et</strong></span> <span class='ocrx_word' id='word_1_40' title='bbox 472 807 595 848; x_wconf 89' lang='lat' dir='ltr'><strong>cum</strong></span> <span class='ocrx_word' id='word_1_41' title='bbox 619 791 929 861; x_wconf 88' lang='lat' dir='ltr'><strong>juramento</strong></span> <span class='ocrx_word' id='word_1_42' title='bbox 953 786 1207 856; x_wconf 88' lang='lat' dir='ltr'><strong>spondeo,</strong></span> <span class='ocrx_word' id='word_1_43' title='bbox 1238 794 1507 841; x_wconf 71' lang='lat' dir='ltr'><strong>revertere</strong></span> <span class='ocrx_word' id='word_1_44' title='bbox 1529 785 1661 848; x_wconf 86' lang='lat' dir='ltr'><strong>cito,</strong></span> <span class='ocrx_word' id='word_1_45' title='bbox 1686 793 1741 838; x_wconf 89' lang='lat' dir='ltr'><strong>et</strong></span> <span class='ocrx_word' id='word_1_46' title='bbox 1768 783 1960 838; x_wconf 87' lang='lat' dir='ltr'><strong>recede</strong></span> 
     </span>
    </p>
   </div>
   <div class='ocr_carea' id='block_1_9' title="bbox 382 874 1960 948">
    <p class='ocr_par' dir='ltr' id='par_1_9' title="bbox 382 874 1960 948">
     <span class='ocr_line' id='line_1_9' title="bbox 382 874 1960 948; baseline -0.005 -12"><span class='ocrx_word' id='word_1_47' title='bbox 382 897 411 935; x_wconf 91' lang='lat' dir='ltr'><strong>a</strong></span> <span class='ocrx_word' id='word_1_48' title='bbox 438 896 560 935; x_wconf 86' lang='lat' dir='ltr'><strong>me:</strong></span> <span class='ocrx_word' id='word_1_49' title='bbox 588 880 670 934; x_wconf 87' lang='lat' dir='ltr'><strong>sin</strong></span> <span class='ocrx_word' id='word_1_50' title='bbox 698 886 902 943; x_wconf 86' lang='lat' dir='ltr'><strong>autem,</strong></span> <span class='ocrx_word' id='word_1_51' title='bbox 932 892 1031 948; x_wconf 98' lang='lat' dir='ltr'><strong>ego</strong></span> <span class='ocrx_word' id='word_1_52' title='bbox 1058 876 1372 931; x_wconf 85' lang='lat' dir='ltr'><strong>interliciam</strong></span> <span class='ocrx_word' id='word_1_53' title='bbox 1413 885 1484 930; x_wconf 90' lang='lat' dir='ltr'><strong>te.</strong></span> <span class='ocrx_word' id='word_1_54' title='bbox 1515 875 1612 931; x_wconf 90' lang='lat' dir='ltr'><strong>Cui</strong></span> <span class='ocrx_word' id='word_1_55' title='bbox 1637 874 1960 929; x_wconf 81' lang='lat' dir='ltr'><strong>Aurelianus</strong></span> 
     </span>
    </p>
   </div>
   <div class='ocr_carea' id='block_1_10' title="bbox 384 963 1960 1040">
    <p class='ocr_par' dir='ltr' id='par_1_10' title="bbox 384 963 1960 1040">
     <span class='ocr_line' id='line_1_10' title="bbox 384 963 1960 1040; baseline -0.005 -15"><span class='ocrx_word' id='word_1_56' title='bbox 384 969 678 1040; x_wconf 72' lang='lat' dir='ltr'><strong>respondit,</strong></span> <span class='ocrx_word' id='word_1_57' title='bbox 708 968 892 1025; x_wconf 88' lang='lat' dir='ltr'><strong>dicens</strong></span> <span class='ocrx_word' id='word_1_58' title='bbox 922 985 935 1020; x_wconf 89' lang='lat'><strong>:</strong></span> <span class='ocrx_word' id='word_1_59' title='bbox 965 966 1110 1022; x_wconf 86' lang='lat' dir='ltr'><strong>Vivit</strong></span> <span class='ocrx_word' id='word_1_60' title='bbox 1150 965 1396 1020; x_wconf 89' lang='lat' dir='ltr'><strong>dominus</strong></span> <span class='ocrx_word' id='word_1_61' title='bbox 1435 980 1588 1019; x_wconf 89' lang='lat' dir='ltr'><strong>meus</strong></span> <span class='ocrx_word' id='word_1_62' title='bbox 1622 963 1960 1019; x_wconf 91' lang='lat' dir='ltr'><strong>Chlodoveus</strong></span> 
     </span>
    </p>
   </div>
   <div class='ocr_carea' id='block_1_11' title="bbox 384 1055 1960 1129">
    <p class='ocr_par' dir='ltr' id='par_1_11' title="bbox 384 1055 1960 1129">
     <span class='ocr_line' id='line_1_11' title="bbox 384 1055 1960 1129; baseline -0.003 -14"><span class='ocrx_word' id='word_1_63' title='bbox 384 1078 501 1125; x_wconf 89' lang='lat' dir='ltr'><strong>rex,</strong></span> <span class='ocrx_word' id='word_1_64' title='bbox 524 1069 577 1115; x_wconf 92' lang='lat' dir='ltr'><strong>et</strong></span> <span class='ocrx_word' id='word_1_65' title='bbox 598 1060 862 1129; x_wconf 72' lang='lat' dir='ltr'><strong>primatus</strong></span> <span class='ocrx_word' id='word_1_66' title='bbox 880 1057 1340 1126; x_wconf 82' lang='lat' dir='ltr'><strong>magnanimorum</strong></span> <span class='ocrx_word' id='word_1_67' title='bbox 1364 1055 1694 1109; x_wconf 84' lang='lat' dir='ltr'><strong>Francorum</strong></span> <span class='ocrx_word' id='word_1_68' title='bbox 1719 1056 1772 1109; x_wconf 91' lang='lat' dir='ltr'><strong>in</strong></span> <span class='ocrx_word' id='word_1_69' title='bbox 1795 1070 1960 1125; x_wconf 89' lang='lat' dir='ltr'><strong>regno</strong></span> 
     </span>
    </p>
   </div>
   <div class='ocr_carea' id='block_1_12' title="bbox 382 1146 1961 1224">
    <p class='ocr_par' dir='ltr' id='par_1_12' title="bbox 382 1146 1961 1224">
     <span class='ocr_line' id='line_1_12' title="bbox 382 1146 1961 1224; baseline -0.005 -17"><span class='ocrx_word' id='word_1_70' title='bbox 382 1155 499 1224; x_wconf 83' lang='lat' dir='ltr'><strong>ejus</strong></span> <span class='ocrx_word' id='word_1_71' title='bbox 526 1152 603 1224; x_wconf 85' lang='lat' dir='ltr'><strong>[et</strong></span> <span class='ocrx_word' id='word_1_72' title='bbox 629 1150 823 1209; x_wconf 84' lang='lat' dir='ltr'><strong>Franci</strong></span> <span class='ocrx_word' id='word_1_73' title='bbox 864 1150 955 1219; x_wconf 88' lang='lat' dir='ltr'><strong>qui</strong></span> <span class='ocrx_word' id='word_1_74' title='bbox 998 1165 1118 1204; x_wconf 90' lang='lat' dir='ltr'><strong>cum</strong></span> <span class='ocrx_word' id='word_1_75' title='bbox 1170 1164 1235 1202; x_wconf 93' lang='lat' dir='ltr'><strong>eo</strong></span> <span class='ocrx_word' id='word_1_76' title='bbox 1271 1157 1416 1212; x_wconf 90' lang='lat' dir='ltr'><strong>sunt,</strong></span> <span class='ocrx_word' id='word_1_77' title='bbox 1464 1146 1632 1219; x_wconf 87' lang='lat' dir='ltr'><strong>quia],</strong></span> <span class='ocrx_word' id='word_1_78' title='bbox 1682 1148 1807 1216; x_wconf 88' lang='lat' dir='ltr'><strong>quia</strong></span> <span class='ocrx_word' id='word_1_79' title='bbox 1852 1162 1961 1200; x_wconf 90' lang='lat' dir='ltr'><strong>non</strong></span> 
     </span>
    </p>
   </div>
   <div class='ocr_carea' id='block_1_13' title="bbox 384 1238 1957 1309">
    <p class='ocr_par' dir='ltr' id='par_1_13' title="bbox 384 1238 1957 1309">
     <span class='ocr_line' id='line_1_13' title="bbox 384 1238 1957 1309; baseline -0.004 -12"><span class='ocrx_word' id='word_1_80' title='bbox 384 1245 550 1298; x_wconf 81' lang='lat' dir='ltr'><strong>timeo</strong></span> <span class='ocrx_word' id='word_1_81' title='bbox 593 1242 771 1300; x_wconf 85' lang='lat' dir='ltr'><strong>minas</strong></span> <span class='ocrx_word' id='word_1_82' title='bbox 811 1248 950 1304; x_wconf 88' lang='lat' dir='ltr'><strong>tuas,</strong></span> <span class='ocrx_word' id='word_1_83' title='bbox 987 1239 1223 1309; x_wconf 86' lang='lat' dir='ltr'><strong>quandiu</strong></span> <span class='ocrx_word' id='word_1_84' title='bbox 1263 1239 1512 1293; x_wconf 86' lang='lat' dir='ltr'><strong>dominus</strong></span> <span class='ocrx_word' id='word_1_85' title='bbox 1547 1253 1700 1292; x_wconf 89' lang='lat' dir='ltr'><strong>meus</strong></span> <span class='ocrx_word' id='word_1_86' title='bbox 1736 1238 1957 1291; x_wconf 82' lang='lat' dir='ltr'><strong>advivit.</strong></span> 
     </span>
    </p>
   </div>
   <div class='ocr_carea' id='block_1_14' title="bbox 382 1326 1957 1400">
    <p class='ocr_par' dir='ltr' id='par_1_14' title="bbox 382 1326 1957 1400">
     <span class='ocr_line' id='line_1_14' title="bbox 382 1326 1957 1400; baseline -0.003 -13"><span class='ocrx_word' id='word_1_87' title='bbox 382 1334 451 1387; x_wconf 81' lang='lat' dir='ltr'><strong>Et</strong></span> <span class='ocrx_word' id='word_1_88' title='bbox 471 1332 549 1387; x_wconf 92' lang='lat' dir='ltr'><strong>sic</strong></span> <span class='ocrx_word' id='word_1_89' title='bbox 582 1330 799 1385; x_wconf 88' lang='lat' dir='ltr'><strong>mandat</strong></span> <span class='ocrx_word' id='word_1_90' title='bbox 827 1328 968 1384; x_wconf 85' lang='lat' dir='ltr'><strong>filius</strong></span> <span class='ocrx_word' id='word_1_91' title='bbox 998 1337 1121 1383; x_wconf 91' lang='lat' dir='ltr'><strong>tuus</strong></span> <span class='ocrx_word' id='word_1_92' title='bbox 1141 1328 1389 1398; x_wconf 88' lang='lat' dir='ltr'><strong>proprius</strong></span> <span class='ocrx_word' id='word_1_93' title='bbox 1414 1326 1543 1400; x_wconf 79' lang='lat' dir='ltr'><strong>[Al.,</strong></span> <span class='ocrx_word' id='word_1_94' title='bbox 1583 1326 1957 1399; x_wconf 88' lang='lat' dir='ltr'><strong>propinquus],</strong></span> 
     </span>
    </p>
   </div>
   <div class='ocr_carea' id='block_1_15' title="bbox 383 1419 1964 1488">
    <p class='ocr_par' dir='ltr' id='par_1_15' title="bbox 383 1419 1964 1488">
     <span class='ocr_line' id='line_1_15' title="bbox 383 1419 1964 1488; baseline -0.003 -12"><span class='ocrx_word' id='word_1_95' title='bbox 383 1424 632 1478; x_wconf 80' lang='lat' dir='ltr'><strong>dominus</strong></span> <span class='ocrx_word' id='word_1_96' title='bbox 684 1437 836 1476; x_wconf 88' lang='lat' dir='ltr'><strong>meus</strong></span> <span class='ocrx_word' id='word_1_97' title='bbox 879 1419 1215 1475; x_wconf 89' lang='lat' dir='ltr'><strong>Chlodoveus</strong></span> <span class='ocrx_word' id='word_1_98' title='bbox 1268 1434 1383 1481; x_wconf 90' lang='lat' dir='ltr'><strong>rex,</strong></span> <span class='ocrx_word' id='word_1_99' title='bbox 1436 1419 1525 1473; x_wconf 88' lang='lat' dir='ltr'><strong>ubi</strong></span> <span class='ocrx_word' id='word_1_100' title='bbox 1569 1434 1668 1488; x_wconf 90' lang='lat' dir='ltr'><strong>pro</strong></span> <span class='ocrx_word' id='word_1_101' title='bbox 1711 1419 1964 1473; x_wconf 88' lang='lat' dir='ltr'><strong>thesauro</strong></span> 
     </span>
    </p>
   </div>
   <div class='ocr_carea' id='block_1_16' title="bbox 384 1511 1967 1569">
    <p class='ocr_par' dir='ltr' id='par_1_16' title="bbox 384 1511 1967 1569">
     <span class='ocr_line' id='line_1_16' title="bbox 384 1511 1967 1569; baseline -0.002 -2"><span class='ocrx_word' id='word_1_102' title='bbox 384 1516 569 1569; x_wconf 89' lang='lat' dir='ltr'><strong>uxoris</strong></span> <span class='ocrx_word' id='word_1_103' title='bbox 591 1530 700 1569; x_wconf 76' lang='lat' dir='ltr'><strong>sua:</strong></span> <span class='ocrx_word' id='word_1_104' title='bbox 722 1514 953 1568; x_wconf 80' lang='lat' dir='ltr'><strong>domina:</strong></span> <span class='ocrx_word' id='word_1_105' title='bbox 975 1527 1106 1565; x_wconf 72' lang='lat' dir='ltr'><strong>mea:</strong></span> <span class='ocrx_word' id='word_1_106' title='bbox 1129 1526 1250 1565; x_wconf 89' lang='lat' dir='ltr'><strong>cum</strong></span> <span class='ocrx_word' id='word_1_107' title='bbox 1276 1511 1517 1565; x_wconf 83' lang='lat' dir='ltr'><strong>exercitu</strong></span> <span class='ocrx_word' id='word_1_108' title='bbox 1540 1526 1637 1565; x_wconf 92' lang='lat' dir='ltr'><strong>suo</strong></span> <span class='ocrx_word' id='word_1_109' title='bbox 1660 1511 1755 1564; x_wconf 86' lang='lat' dir='ltr'><strong>tibi</strong></span> <span class='ocrx_word' id='word_1_110' title='bbox 1780 1526 1967 1566; x_wconf 89' lang='lat' dir='ltr'><strong>occur-</strong></span> 
     </span>
    </p>
   </div>
   <div class='ocr_carea' id='block_1_17' title="bbox 386 1600 1966 1677">
    <p class='ocr_par' dir='ltr' id='par_1_17' title="bbox 386 1600 1966 1677">
     <span class='ocr_line' id='line_1_17' title="bbox 386 1600 1966 1677; baseline -0.003 -16"><span class='ocrx_word' id='word_1_111' title='bbox 386 1618 486 1661; x_wconf 88' lang='lat' dir='ltr'><strong>ret.</strong></span> <span class='ocrx_word' id='word_1_112' title='bbox 518 1606 683 1677; x_wconf 86' lang='lat' dir='ltr'><strong>Igitur</strong></span> <span class='ocrx_word' id='word_1_113' title='bbox 718 1604 1146 1674; x_wconf 80' lang='lat' dir='ltr'><strong>Burgundiones,</strong></span> <span class='ocrx_word' id='word_1_114' title='bbox 1178 1603 1320 1656; x_wconf 85' lang='lat' dir='ltr'><strong>sicut</strong></span> <span class='ocrx_word' id='word_1_115' title='bbox 1344 1610 1427 1655; x_wconf 90' lang='lat' dir='ltr'><strong>est</strong></span> <span class='ocrx_word' id='word_1_116' title='bbox 1463 1600 1811 1666; x_wconf 90' lang='lat' dir='ltr'><strong>consuetudo,</strong></span> <span class='ocrx_word' id='word_1_117' title='bbox 1842 1603 1966 1657; x_wconf 92' lang='lat' dir='ltr'><strong>dato</strong></span> 
     </span>
    </p>
   </div>
   <div class='ocr_carea' id='block_1_18' title="bbox 384 1690 1967 1762">
    <p class='ocr_par' dir='ltr' id='par_1_18' title="bbox 384 1690 1967 1762">
     <span class='ocr_line' id='line_1_18' title="bbox 384 1690 1967 1762; baseline -0.004 -11"><span class='ocrx_word' id='word_1_118' title='bbox 384 1696 609 1751; x_wconf 81' lang='lat' dir='ltr'><strong>consilio</strong></span> <span class='ocrx_word' id='word_1_119' title='bbox 628 1693 959 1750; x_wconf 88' lang='lat' dir='ltr'><strong>Cundobado</strong></span> <span class='ocrx_word' id='word_1_120' title='bbox 982 1693 1092 1762; x_wconf 90' lang='lat' dir='ltr'><strong>regi</strong></span> <span class='ocrx_word' id='word_1_121' title='bbox 1119 1706 1216 1745; x_wconf 90' lang='lat' dir='ltr'><strong>suo</strong></span> <span class='ocrx_word' id='word_1_122' title='bbox 1243 1691 1495 1744; x_wconf 88' lang='lat' dir='ltr'><strong>dixerunt</strong></span> <span class='ocrx_word' id='word_1_123' title='bbox 1527 1707 1539 1743; x_wconf 94' lang='lat'><strong>:</strong></span> <span class='ocrx_word' id='word_1_124' title='bbox 1565 1690 1641 1743; x_wconf 90' lang='lat' dir='ltr'><strong>Da</strong></span> <span class='ocrx_word' id='word_1_125' title='bbox 1668 1699 1839 1759; x_wconf 76' lang='lat' dir='ltr'><strong>nepta:</strong></span> <span class='ocrx_word' id='word_1_126' title='bbox 1862 1698 1967 1745; x_wconf 69' lang='lat' dir='ltr'><strong>tua:</strong></span> 
     </span>
    </p>
   </div>
   <div class='ocr_carea' id='block_1_19' title="bbox 385 1767 1962 1855">
    <p class='ocr_par' dir='ltr' id='par_1_19' title="bbox 385 1767 1962 1855">
     <span class='ocr_line' id='line_1_19' title="bbox 385 1767 1962 1855; baseline -0.006 -15"><span class='ocrx_word' id='word_1_127' title='bbox 385 1785 585 1855; x_wconf 91' lang='lat' dir='ltr'><strong>aliquid</strong></span> <span class='ocrx_word' id='word_1_128' title='bbox 606 1786 670 1839; x_wconf 91' lang='lat' dir='ltr'><strong>de</strong></span> <span class='ocrx_word' id='word_1_129' title='bbox 691 1767 945 1837; x_wconf 81' lang='lat' dir='ltr'><strong>facultate</strong></span> <span class='ocrx_word' id='word_1_130' title='bbox 974 1781 1213 1836; x_wconf 86' lang='lat' dir='ltr'><strong>thesauri</strong></span> <span class='ocrx_word' id='word_1_131' title='bbox 1238 1780 1319 1834; x_wconf 92' lang='lat' dir='ltr'><strong>sui</strong></span> <span class='ocrx_word' id='word_1_132' title='bbox 1341 1780 1431 1849; x_wconf 89' lang='lat' dir='ltr'><strong>qui</strong></span> <span class='ocrx_word' id='word_1_133' title='bbox 1456 1779 1504 1833; x_wconf 89' lang='lat' dir='ltr'><strong>ei</strong></span> <span class='ocrx_word' id='word_1_134' title='bbox 1534 1778 1813 1848; x_wconf 90' lang='lat' dir='ltr'><strong>contingit,</strong></span> <span class='ocrx_word' id='word_1_135' title='bbox 1837 1777 1962 1847; x_wconf 88' lang='lat' dir='ltr'><strong>quia</strong></span> 
     </span>
    </p>
   </div>
   <div class='ocr_carea' id='block_1_20' title="bbox 2056 590 3639 660">
    <p class='ocr_par' dir='ltr' id='par_1_20' title="bbox 2056 590 3639 660">
     <span class='ocr_line' id='line_1_20' title="bbox 2056 590 3639 660; baseline -0.007 -6"><span class='ocrx_word' id='word_1_136' title='bbox 2056 598 2389 654; x_wconf 85' lang='lat' dir='ltr'><strong>Cblodoveus</strong></span> <span class='ocrx_word' id='word_1_137' title='bbox 2411 594 2694 648; x_wconf 89' lang='lat' dir='ltr'><strong>Dominum</strong></span> <span class='ocrx_word' id='word_1_138' title='bbox 2724 592 2890 646; x_wconf 89' lang='lat' dir='ltr'><strong>Deum</strong></span> <span class='ocrx_word' id='word_1_139' title='bbox 2916 592 3056 647; x_wconf 56' lang='lat' dir='ltr'><strong>curii.</strong></span> <span class='ocrx_word' id='word_1_140' title='bbox 3099 591 3300 660; x_wconf 80' lang='lat' dir='ltr'><strong>Regina</strong></span> <span class='ocrx_word' id='word_1_141' title='bbox 3328 590 3471 645; x_wconf 91' lang='lat' dir='ltr'><strong>enim</strong></span> <span class='ocrx_word' id='word_1_142' title='bbox 3499 603 3639 659; x_wconf 86' lang='lat' dir='ltr'><strong>quo-</strong></span> 
     </span>
    </p>
   </div>
   <div class='ocr_carea' id='block_1_21' title="bbox 2058 681 3637 756">
    <p class='ocr_par' dir='ltr' id='par_1_21' title="bbox 2058 681 3637 756">
     <span class='ocr_line' id='line_1_21' title="bbox 2058 681 3637 756; baseline -0.005 -14"><span class='ocrx_word' id='word_1_143' title='bbox 2058 689 2185 743; x_wconf 86' lang='lat' dir='ltr'><strong>tidie</strong></span> <span class='ocrx_word' id='word_1_144' title='bbox 2230 685 2557 756; x_wconf 62' lang='lat' dir='ltr'><strong>praedicabat</strong></span> <span class='ocrx_word' id='word_1_145' title='bbox 2594 699 2737 737; x_wconf 91' lang='lat' dir='ltr'><strong>eum.</strong></span> <span class='ocrx_word' id='word_1_146' title='bbox 2782 682 2851 735; x_wconf 86' lang='lat' dir='ltr'><strong>At</strong></span> <span class='ocrx_word' id='word_1_147' title='bbox 2894 682 2984 736; x_wconf 90' lang='lat' dir='ltr'><strong>ille</strong></span> <span class='ocrx_word' id='word_1_148' title='bbox 3012 682 3226 736; x_wconf 83' lang='lat' dir='ltr'><strong>nolebat</strong></span> <span class='ocrx_word' id='word_1_149' title='bbox 3264 681 3452 736; x_wconf 89' lang='lat' dir='ltr'><strong>audire</strong></span> <span class='ocrx_word' id='word_1_150' title='bbox 3492 694 3637 735; x_wconf 87' lang='lat' dir='ltr'><strong>eam.</strong></span> 
     </span>
    </p>
   </div>
   <div class='ocr_carea' id='block_1_22' title="bbox 2057 772 3641 845">
    <p class='ocr_par' dir='ltr' id='par_1_22' title="bbox 2057 772 3641 845">
     <span class='ocr_line' id='line_1_22' title="bbox 2057 772 3641 845; baseline -0.004 -14"><span class='ocrx_word' id='word_1_151' title='bbox 2057 778 2266 832; x_wconf 86' lang='lat' dir='ltr'><strong>Interea</strong></span> <span class='ocrx_word' id='word_1_152' title='bbox 2314 775 2499 845; x_wconf 85' lang='lat' dir='ltr'><strong>regina</strong></span> <span class='ocrx_word' id='word_1_153' title='bbox 2546 783 2702 844; x_wconf 88' lang='lat' dir='ltr'><strong>parat</strong></span> <span class='ocrx_word' id='word_1_154' title='bbox 2743 773 2810 827; x_wconf 87' lang='lat' dir='ltr'><strong>ad</strong></span> <span class='ocrx_word' id='word_1_155' title='bbox 2864 773 3192 842; x_wconf 87' lang='lat' dir='ltr'><strong>baptismum</strong></span> <span class='ocrx_word' id='word_1_156' title='bbox 3243 772 3433 836; x_wconf 84' lang='lat' dir='ltr'><strong>lilium,</strong></span> <span class='ocrx_word' id='word_1_157' title='bbox 3480 778 3641 826; x_wconf 88' lang='lat' dir='ltr'><strong>ornat</strong></span> 
     </span>
    </p>
   </div>
   <div class='ocr_carea' id='block_1_23' title="bbox 2057 863 3641 933">
    <p class='ocr_par' dir='ltr' id='par_1_23' title="bbox 2057 863 3641 933">
     <span class='ocr_line' id='line_1_23' title="bbox 2057 863 3641 933; baseline -0.003 -11"><span class='ocrx_word' id='word_1_158' title='bbox 2057 867 2340 922; x_wconf 88' lang='lat' dir='ltr'><strong>ecclesiam</strong></span> <span class='ocrx_word' id='word_1_159' title='bbox 2368 866 2499 919; x_wconf 84' lang='lat' dir='ltr'><strong>velis</strong></span> <span class='ocrx_word' id='word_1_160' title='bbox 2527 874 2688 933; x_wconf 84' lang='lat' dir='ltr'><strong>atque</strong></span> <span class='ocrx_word' id='word_1_161' title='bbox 2714 863 2937 917; x_wconf 87' lang='lat' dir='ltr'><strong>cortinis</strong></span> <span class='ocrx_word' id='word_1_162' title='bbox 2967 877 2981 915; x_wconf 88' lang='lat'><strong>:</strong></span> <span class='ocrx_word' id='word_1_163' title='bbox 3009 863 3055 916; x_wconf 92' lang='lat' dir='ltr'><strong>si</strong></span> <span class='ocrx_word' id='word_1_164' title='bbox 3087 863 3356 932; x_wconf 89' lang='lat' dir='ltr'><strong>quomodo</strong></span> <span class='ocrx_word' id='word_1_165' title='bbox 3379 878 3475 917; x_wconf 87' lang='lat' dir='ltr'><strong>cor</strong></span> <span class='ocrx_word' id='word_1_166' title='bbox 3496 863 3641 933; x_wconf 87' lang='lat' dir='ltr'><strong>regis</strong></span> 
     </span>
    </p>
   </div>
   <div class='ocr_carea' id='block_1_24' title="bbox 2059 949 3637 1023">
    <p class='ocr_par' dir='ltr' id='par_1_24' title="bbox 2059 949 3637 1023">
     <span class='ocr_line' id='line_1_24' title="bbox 2059 949 3637 1023; baseline -0.003 -13"><span class='ocrx_word' id='word_1_167' title='bbox 2059 958 2127 1012; x_wconf 90' lang='lat' dir='ltr'><strong>ad</strong></span> <span class='ocrx_word' id='word_1_168' title='bbox 2164 954 2490 1011; x_wconf 88' lang='lat' dir='ltr'><strong>credendum</strong></span> <span class='ocrx_word' id='word_1_169' title='bbox 2547 966 2905 1023; x_wconf 89' lang='lat' dir='ltr'><strong>compungere</strong></span> <span class='ocrx_word' id='word_1_170' title='bbox 2966 959 3149 1020; x_wconf 89' lang='lat' dir='ltr'><strong>posset</strong></span> <span class='ocrx_word' id='word_1_171' title='bbox 3192 949 3433 1022; x_wconf 75' lang='lat' dir='ltr'><strong>[Regina</strong></span> <span class='ocrx_word' id='word_1_172' title='bbox 3477 966 3637 1016; x_wconf 87' lang='lat' dir='ltr'><strong>vero,</strong></span> 
     </span>
    </p>
   </div>
   <div class='ocr_carea' id='block_1_25' title="bbox 2060 1043 3643 1115">
    <p class='ocr_par' dir='ltr' id='par_1_25' title="bbox 2060 1043 3643 1115">
     <span class='ocr_line' id='line_1_25' title="bbox 2060 1043 3643 1115; baseline -0.003 -13"><span class='ocrx_word' id='word_1_173' title='bbox 2060 1050 2201 1103; x_wconf 92' lang='lat' dir='ltr'><strong>idem</strong></span> <span class='ocrx_word' id='word_1_174' title='bbox 2230 1055 2474 1110; x_wconf 91' lang='lat' dir='ltr'><strong>tentans,</strong></span> <span class='ocrx_word' id='word_1_175' title='bbox 2506 1046 2685 1100; x_wconf 89' lang='lat' dir='ltr'><strong>omnia</strong></span> <span class='ocrx_word' id='word_1_176' title='bbox 2726 1060 2845 1115; x_wconf 71' lang='lat' dir='ltr'><strong>qua:</strong></span> <span class='ocrx_word' id='word_1_177' title='bbox 2884 1044 2952 1099; x_wconf 90' lang='lat' dir='ltr'><strong>ad</strong></span> <span class='ocrx_word' id='word_1_178' title='bbox 2985 1043 3313 1112; x_wconf 89' lang='lat' dir='ltr'><strong>baptismum</strong></span> <span class='ocrx_word' id='word_1_179' title='bbox 3339 1043 3643 1097; x_wconf 89' lang='lat' dir='ltr'><strong>necessaria</strong></span> 
     </span>
    </p>
   </div>
   <div class='ocr_carea' id='block_1_26' title="bbox 2058 1128 3642 1205">
    <p class='ocr_par' dir='ltr' id='par_1_26' title="bbox 2058 1128 3642 1205">
     <span class='ocr_line' id='line_1_26' title="bbox 2058 1128 3642 1205; baseline -0.003 -13"><span class='ocrx_word' id='word_1_180' title='bbox 2058 1138 2379 1193; x_wconf 86' lang='lat' dir='ltr'><strong>videbantur</strong></span> <span class='ocrx_word' id='word_1_181' title='bbox 2408 1128 2652 1201; x_wconf 87' lang='lat' dir='ltr'><strong>adornat,</strong></span> <span class='ocrx_word' id='word_1_182' title='bbox 2679 1136 2954 1205; x_wconf 87' lang='lat' dir='ltr'><strong>filiumque</strong></span> <span class='ocrx_word' id='word_1_183' title='bbox 2981 1135 3218 1190; x_wconf 88' lang='lat' dir='ltr'><strong>velatum</strong></span> <span class='ocrx_word' id='word_1_184' title='bbox 3255 1143 3420 1205; x_wconf 88' lang='lat' dir='ltr'><strong>atque</strong></span> <span class='ocrx_word' id='word_1_185' title='bbox 3446 1134 3642 1189; x_wconf 86' lang='lat' dir='ltr'><strong>fascia-</strong></span> 
     </span>
    </p>
   </div>
   <div class='ocr_carea' id='block_1_27' title="bbox 2062 1224 3646 1296">
    <p class='ocr_par' dir='ltr' id='par_1_27' title="bbox 2062 1224 3646 1296">
     <span class='ocr_line' id='line_1_27' title="bbox 2062 1224 3646 1296; baseline -0.002 -14"><span class='ocrx_word' id='word_1_186' title='bbox 2062 1235 2175 1282; x_wconf 92' lang='lat' dir='ltr'><strong>tum</strong></span> <span class='ocrx_word' id='word_1_187' title='bbox 2204 1227 2435 1281; x_wconf 86' lang='lat' dir='ltr'><strong>latenter</strong></span> <span class='ocrx_word' id='word_1_188' title='bbox 2454 1227 2830 1296; x_wconf 89' lang='lat' dir='ltr'><strong>haptizandum</strong></span> <span class='ocrx_word' id='word_1_189' title='bbox 2860 1224 3033 1288; x_wconf 84' lang='lat' dir='ltr'><strong>oll&#39;ert,</strong></span> <span class='ocrx_word' id='word_1_190' title='bbox 3061 1241 3169 1294; x_wconf 94' lang='lat' dir='ltr'><strong>quo</strong></span> <span class='ocrx_word' id='word_1_191' title='bbox 3196 1241 3262 1280; x_wconf 87' lang='lat' dir='ltr'><strong>eo</strong></span> <span class='ocrx_word' id='word_1_192' title='bbox 3291 1224 3482 1279; x_wconf 88' lang='lat' dir='ltr'><strong>melius</strong></span> <span class='ocrx_word' id='word_1_193' title='bbox 3502 1224 3646 1294; x_wconf 87' lang='lat' dir='ltr'><strong>regis</strong></span> 
     </span>
    </p>
   </div>
   <div class='ocr_carea' id='block_1_28' title="bbox 2062 1315 3647 1389">
    <p class='ocr_par' dir='ltr' id='par_1_28' title="bbox 2062 1315 3647 1389">
     <span class='ocr_line' id='line_1_28' title="bbox 2062 1315 3647 1389; baseline -0.003 -15"><span class='ocrx_word' id='word_1_194' title='bbox 2062 1320 2275 1374; x_wconf 90' lang='lat' dir='ltr'><strong>animus</strong></span> <span class='ocrx_word' id='word_1_195' title='bbox 2306 1320 2372 1373; x_wconf 89' lang='lat' dir='ltr'><strong>ad</strong></span> <span class='ocrx_word' id='word_1_196' title='bbox 2414 1318 2742 1374; x_wconf 85' lang='lat' dir='ltr'><strong>credendum</strong></span> <span class='ocrx_word' id='word_1_197' title='bbox 2790 1315 3283 1389; x_wconf 88' lang='lat' dir='ltr'><strong>compungeretur].</strong></span> <span class='ocrx_word' id='word_1_198' title='bbox 3336 1315 3647 1385; x_wconf 84' lang='lat' dir='ltr'><strong>Baptizatus</strong></span> 
     </span>
    </p>
   </div>
   <div class='ocr_carea' id='block_1_29' title="bbox 2063 1406 3641 1478">
    <p class='ocr_par' dir='ltr' id='par_1_29' title="bbox 2063 1406 3641 1478">
     <span class='ocr_line' id='line_1_29' title="bbox 2063 1406 3641 1478; baseline -0.003 -15"><span class='ocrx_word' id='word_1_199' title='bbox 2063 1417 2148 1464; x_wconf 92' lang='lat' dir='ltr'><strong>est</strong></span> <span class='ocrx_word' id='word_1_200' title='bbox 2190 1418 2369 1463; x_wconf 92' lang='lat' dir='ltr'><strong>autem</strong></span> <span class='ocrx_word' id='word_1_201' title='bbox 2395 1424 2552 1478; x_wconf 90' lang='lat' dir='ltr'><strong>puer,</strong></span> <span class='ocrx_word' id='word_1_202' title='bbox 2583 1424 2742 1478; x_wconf 90' lang='lat' dir='ltr'><strong>quem</strong></span> <span class='ocrx_word' id='word_1_203' title='bbox 2775 1409 2827 1461; x_wconf 93' lang='lat' dir='ltr'><strong>in</strong></span> <span class='ocrx_word' id='word_1_204' title='bbox 2858 1407 2997 1461; x_wconf 88' lang='lat' dir='ltr'><strong>albis</strong></span> <span class='ocrx_word' id='word_1_205' title='bbox 3036 1407 3360 1478; x_wconf 88' lang='lat' dir='ltr'><strong>lngomirum</strong></span> <span class='ocrx_word' id='word_1_206' title='bbox 3407 1406 3641 1470; x_wconf 90' lang='lat' dir='ltr'><strong>vocavit,</strong></span> 
     </span>
    </p>
   </div>
   <div class='ocr_carea' id='block_1_30' title="bbox 2064 1493 3648 1571">
    <p class='ocr_par' dir='ltr' id='par_1_30' title="bbox 2064 1493 3648 1571">
     <span class='ocr_line' id='line_1_30' title="bbox 2064 1493 3648 1571; baseline -0.001 -20"><span class='ocrx_word' id='word_1_207' title='bbox 2064 1498 2157 1567; x_wconf 88' lang='lat' dir='ltr'><strong>qui</strong></span> <span class='ocrx_word' id='word_1_208' title='bbox 2188 1498 2241 1551; x_wconf 92' lang='lat' dir='ltr'><strong>in</strong></span> <span class='ocrx_word' id='word_1_209' title='bbox 2267 1498 2397 1568; x_wconf 90' lang='lat' dir='ltr'><strong>ipsis</strong></span> <span class='ocrx_word' id='word_1_210' title='bbox 2434 1498 2573 1552; x_wconf 89' lang='lat' dir='ltr'><strong>albis</strong></span> <span class='ocrx_word' id='word_1_211' title='bbox 2602 1498 2837 1552; x_wconf 85' lang='lat' dir='ltr'><strong>transiit.</strong></span> <span class='ocrx_word' id='word_1_212' title='bbox 2872 1496 2985 1551; x_wconf 85' lang='lat' dir='ltr'><strong>Rex</strong></span> <span class='ocrx_word' id='word_1_213' title='bbox 3012 1506 3191 1571; x_wconf 80' lang='lat' dir='ltr'><strong>autem</strong></span> <span class='ocrx_word' id='word_1_214' title='bbox 3232 1497 3297 1551; x_wconf 91' lang='lat' dir='ltr'><strong>de</strong></span> <span class='ocrx_word' id='word_1_215' title='bbox 3324 1504 3500 1551; x_wconf 87' lang='lat' dir='ltr'><strong>morte</strong></span> <span class='ocrx_word' id='word_1_216' title='bbox 3530 1493 3648 1563; x_wconf 83' lang='lat' dir='ltr'><strong>ejus</strong></span> 
     </span>
    </p>
   </div>
   <div class='ocr_carea' id='block_1_31' title="bbox 2066 1586 3689 1656">
    <p class='ocr_par' dir='ltr' id='par_1_31' title="bbox 2066 1586 3689 1656">
     <span class='ocr_line' id='line_1_31' title="bbox 2066 1586 3689 1656; baseline 0 -15"><span class='ocrx_word' id='word_1_217' title='bbox 2066 1588 2227 1642; x_wconf 91' lang='lat' dir='ltr'><strong>nimis</strong></span> <span class='ocrx_word' id='word_1_218' title='bbox 2271 1588 2651 1651; x_wconf 88' lang='lat' dir='ltr'><strong>contristatus,</strong></span> <span class='ocrx_word' id='word_1_219' title='bbox 2710 1587 2994 1656; x_wconf 83' lang='lat' dir='ltr'><strong>reputabat</strong></span> <span class='ocrx_word' id='word_1_220' title='bbox 3037 1586 3362 1655; x_wconf 88' lang='lat' dir='ltr'><strong>increpando</strong></span> <span class='ocrx_word' id='word_1_221' title='bbox 3415 1586 3643 1640; x_wconf 88' lang='lat' dir='ltr'><strong>dicens:</strong></span> <span class='ocrx_word' id='word_1_222' title='bbox 3680 1633 3689 1641; x_wconf 92' lang='lat'><strong>.</strong></span> 
     </span>
    </p>
   </div>
   <div class='ocr_carea' id='block_1_32' title="bbox 2066 1677 3649 1745">
    <p class='ocr_par' dir='ltr' id='par_1_32' title="bbox 2066 1677 3649 1745">
     <span class='ocr_line' id='line_1_32' title="bbox 2066 1677 3649 1745; baseline 0.001 -14"><span class='ocrx_word' id='word_1_223' title='bbox 2066 1679 2203 1745; x_wconf 87' lang='lat' dir='ltr'><strong>Quia</strong></span> <span class='ocrx_word' id='word_1_224' title='bbox 2225 1679 2269 1733; x_wconf 91' lang='lat' dir='ltr'><strong>si</strong></span> <span class='ocrx_word' id='word_1_225' title='bbox 2294 1679 2347 1731; x_wconf 90' lang='lat' dir='ltr'><strong>in</strong></span> <span class='ocrx_word' id='word_1_226' title='bbox 2390 1679 2606 1732; x_wconf 87' lang='lat' dir='ltr'><strong>nomine</strong></span> <span class='ocrx_word' id='word_1_227' title='bbox 2632 1677 2857 1732; x_wconf 89' lang='lat' dir='ltr'><strong>deorum</strong></span> <span class='ocrx_word' id='word_1_228' title='bbox 2887 1694 3129 1732; x_wconf 91' lang='lat' dir='ltr'><strong>meorum</strong></span> <span class='ocrx_word' id='word_1_229' title='bbox 3157 1678 3433 1732; x_wconf 90' lang='lat' dir='ltr'><strong>dedicatus</strong></span> <span class='ocrx_word' id='word_1_230' title='bbox 3462 1677 3649 1732; x_wconf 82' lang='lat' dir='ltr'><strong>fuisset</strong></span> 
     </span>
    </p>
   </div>
   <div class='ocr_carea' id='block_1_33' title="bbox 2067 1766 3650 1836">
    <p class='ocr_par' dir='ltr' id='par_1_33' title="bbox 2067 1766 3650 1836">
     <span class='ocr_line' id='line_1_33' title="bbox 2067 1766 3650 1836; baseline -0.001 -15"><span class='ocrx_word' id='word_1_231' title='bbox 2067 1784 2220 1836; x_wconf 91' lang='lat' dir='ltr'><strong>puer,</strong></span> <span class='ocrx_word' id='word_1_232' title='bbox 2252 1768 2477 1821; x_wconf 74' lang='lat' dir='ltr'><strong>vixisset</strong></span> <span class='ocrx_word' id='word_1_233' title='bbox 2502 1768 2708 1836; x_wconf 91' lang='lat' dir='ltr'><strong>utique.</strong></span> <span class='ocrx_word' id='word_1_234' title='bbox 2734 1766 2870 1832; x_wconf 87' lang='lat' dir='ltr'><strong>Quia</strong></span> <span class='ocrx_word' id='word_1_235' title='bbox 2899 1768 2951 1820; x_wconf 92' lang='lat' dir='ltr'><strong>in</strong></span> <span class='ocrx_word' id='word_1_236' title='bbox 2991 1767 3207 1821; x_wconf 87' lang='lat' dir='ltr'><strong>nomine</strong></span> <span class='ocrx_word' id='word_1_237' title='bbox 3238 1767 3331 1821; x_wconf 93' lang='lat' dir='ltr'><strong>Dei</strong></span> <span class='ocrx_word' id='word_1_238' title='bbox 3360 1768 3525 1821; x_wconf 82' lang='lat' dir='ltr'><strong>vestri</strong></span> <span class='ocrx_word' id='word_1_239' title='bbox 3555 1767 3650 1820; x_wconf 88' lang='lat' dir='ltr'><strong>ba-</strong></span> 
     </span>
    </p>
   </div>
   <div class='ocr_carea' id='block_1_34' title="bbox 385 1856 3646 1946">
    <p class='ocr_par' dir='ltr' id='par_1_34' title="bbox 385 1856 3646 1946">
     <span class='ocr_line' id='line_1_34' title="bbox 385 1856 3646 1946; baseline -0.002 -29"><span class='ocrx_word' id='word_1_240' title='bbox 385 1877 464 1931; x_wconf 66' lang='lat' dir='ltr'><strong>sic</strong></span> <span class='ocrx_word' id='word_1_241' title='bbox 492 1891 611 1930; x_wconf 72' lang='lat' dir='ltr'><strong>esse</strong></span> <span class='ocrx_word' id='word_1_242' title='bbox 644 1875 850 1946; x_wconf 57' lang='lat' dir='ltr'><strong>justum</strong></span> <span class='ocrx_word' id='word_1_243' title='bbox 876 1872 1203 1928; x_wconf 54' lang='lat' dir='ltr'><strong>decernitur,</strong></span> <span class='ocrx_word' id='word_1_244' title='bbox 1252 1872 1567 1940; x_wconf 73' lang='lat' dir='ltr'><strong>“abeasque</strong></span> <span class='ocrx_word' id='word_1_245' title='bbox 1595 1869 1769 1926; x_wconf 63' lang='lat' dir='ltr'><strong>[muns</strong></span> <span class='ocrx_word' id='word_1_246' title='bbox 1796 1880 1851 1925; x_wconf 76' lang='grc' dir='ltr'><strong>ει</strong></span> <span class='ocrx_word' id='word_1_247' title='bbox 1878 1887 1967 1940; x_wconf 71' lang='lat' dir='ltr'><strong>pa-</strong></span> <span class='ocrx_word' id='word_1_248' title='bbox 1994 1856 2042 1915; x_wconf 81' lang='grc' dir='ltr'><strong>Β</strong></span> <span class='ocrx_word' id='word_1_249' title='bbox 2069 1861 2298 1929; x_wconf 89' lang='lat' dir='ltr'><strong>ptizatus</strong></span> <span class='ocrx_word' id='word_1_250' title='bbox 2317 1868 2416 1924; x_wconf 90' lang='lat' dir='ltr'><strong>est,</strong></span> <span class='ocrx_word' id='word_1_251' title='bbox 2447 1860 2630 1914; x_wconf 90' lang='lat' dir='ltr'><strong>vivere</strong></span> <span class='ocrx_word' id='word_1_252' title='bbox 2651 1874 2755 1913; x_wconf 92' lang='lat' dir='ltr'><strong>non</strong></span> <span class='ocrx_word' id='word_1_253' title='bbox 2783 1859 2976 1929; x_wconf 89' lang='lat' dir='ltr'><strong>potuit.</strong></span> <span class='ocrx_word' id='word_1_254' title='bbox 3011 1859 3211 1929; x_wconf 80' lang='lat' dir='ltr'><strong>Regina</strong></span> <span class='ocrx_word' id='word_1_255' title='bbox 3240 1874 3371 1913; x_wconf 86' lang='lat' dir='ltr'><strong>vero</strong></span> <span class='ocrx_word' id='word_1_256' title='bbox 3396 1860 3607 1914; x_wconf 89' lang='lat' dir='ltr'><strong>dicebat</strong></span> <span class='ocrx_word' id='word_1_257' title='bbox 3634 1877 3646 1911; x_wconf 94' lang='lat'>:</span> 
     </span>
    </p>
   </div>
   <div class='ocr_carea' id='block_1_35' title="bbox 387 1961 1970 2034">
    <p class='ocr_par' dir='ltr' id='par_1_35' title="bbox 387 1961 1970 2034">
     <span class='ocr_line' id='line_1_35' title="bbox 387 1961 1970 2034; baseline -0.003 -13"><span class='ocrx_word' id='word_1_258' title='bbox 387 1982 504 2021; x_wconf 87' lang='lat' dir='ltr'><strong>cem</strong></span> <span class='ocrx_word' id='word_1_259' title='bbox 538 1982 660 2022; x_wconf 91' lang='lat' dir='ltr'><strong>cum</strong></span> <span class='ocrx_word' id='word_1_260' title='bbox 690 1964 995 2021; x_wconf 89' lang='lat' dir='ltr'><strong>Chlodoveo</strong></span> <span class='ocrx_word' id='word_1_261' title='bbox 1036 1971 1090 2018; x_wconf 90' lang='lat' dir='ltr'><strong>et</strong></span> <span class='ocrx_word' id='word_1_262' title='bbox 1122 1971 1281 2034; x_wconf 88' lang='lat' dir='ltr'><strong>gente</strong></span> <span class='ocrx_word' id='word_1_263' title='bbox 1315 1962 1673 2025; x_wconf 88' lang='lat' dir='ltr'><strong>Francorum;</strong></span> <span class='ocrx_word' id='word_1_264' title='bbox 1714 1977 1784 2016; x_wconf 89' lang='lat' dir='ltr'><strong>ne</strong></span> <span class='ocrx_word' id='word_1_265' title='bbox 1830 1961 1970 2016; x_wconf 88' lang='lat' dir='ltr'><strong>forte</strong></span> 
     </span>
    </p>
   </div>
   <div class='ocr_carea' id='block_1_36' title="bbox 388 2048 1969 2120">
    <p class='ocr_par' dir='ltr' id='par_1_36' title="bbox 388 2048 1969 2120">
     <span class='ocr_line' id='line_1_36' title="bbox 388 2048 1969 2120; baseline -0.003 -11"><span class='ocrx_word' id='word_1_266' title='bbox 388 2056 596 2110; x_wconf 90' lang='lat' dir='ltr'><strong>irrnant</strong></span> <span class='ocrx_word' id='word_1_267' title='bbox 642 2056 695 2108; x_wconf 93' lang='lat' dir='ltr'><strong>in</strong></span> <span class='ocrx_word' id='word_1_268' title='bbox 749 2063 947 2107; x_wconf 89' lang='lat' dir='ltr'><strong>terram</strong></span> <span class='ocrx_word' id='word_1_269' title='bbox 985 2062 1247 2116; x_wconf 91' lang='lat' dir='ltr'><strong>nostram,</strong></span> <span class='ocrx_word' id='word_1_270' title='bbox 1278 2050 1405 2120; x_wconf 91' lang='lat' dir='ltr'><strong>quia</strong></span> <span class='ocrx_word' id='word_1_271' title='bbox 1439 2050 1664 2120; x_wconf 90' lang='lat' dir='ltr'><strong>populus</strong></span> <span class='ocrx_word' id='word_1_272' title='bbox 1693 2048 1969 2105; x_wconf 55' lang='lat' dir='ltr'><strong>ferocissi-</strong></span> 
     </span>
    </p>
   </div>
   <div class='ocr_carea' id='block_1_37' title="bbox 387 2139 1969 2215">
    <p class='ocr_par' dir='ltr' id='par_1_37' title="bbox 387 2139 1969 2215">
     <span class='ocr_line' id='line_1_37' title="bbox 387 2139 1969 2215; baseline -0.003 -16"><span class='ocrx_word' id='word_1_273' title='bbox 387 2161 507 2199; x_wconf 88' lang='lat' dir='ltr'><strong>mus</strong></span> <span class='ocrx_word' id='word_1_274' title='bbox 551 2152 636 2199; x_wconf 89' lang='lat' dir='ltr'><strong>est</strong></span> <span class='ocrx_word' id='word_1_275' title='bbox 680 2142 912 2215; x_wconf 90' lang='lat' dir='ltr'><strong>[validus</strong></span> <span class='ocrx_word' id='word_1_276' title='bbox 940 2151 995 2197; x_wconf 92' lang='lat' dir='ltr'><strong>et</strong></span> <span class='ocrx_word' id='word_1_277' title='bbox 1037 2141 1182 2197; x_wconf 89' lang='lat' dir='ltr'><strong>ferus</strong></span> <span class='ocrx_word' id='word_1_278' title='bbox 1229 2139 1356 2212; x_wconf 90' lang='lat' dir='ltr'><strong>est],</strong></span> <span class='ocrx_word' id='word_1_279' title='bbox 1412 2141 1529 2195; x_wconf 89' lang='lat' dir='ltr'><strong>sine</strong></span> <span class='ocrx_word' id='word_1_280' title='bbox 1569 2140 1679 2194; x_wconf 90' lang='lat' dir='ltr'><strong>Deo</strong></span> <span class='ocrx_word' id='word_1_281' title='bbox 1706 2141 1969 2196; x_wconf 79' lang='lat' dir='ltr'><strong>existens.</strong></span> 
     </span>
    </p>
   </div>
   <div class='ocr_carea' id='block_1_38' title="bbox 384 2232 1972 2306">
    <p class='ocr_par' dir='ltr' id='par_1_38' title="bbox 384 2232 1972 2306">
     <span class='ocr_line' id='line_1_38' title="bbox 384 2232 1972 2306; baseline -0.004 -14"><span class='ocrx_word' id='word_1_282' title='bbox 384 2238 726 2306; x_wconf 83' lang='lat' dir='ltr'><strong>Audiensque</strong></span> <span class='ocrx_word' id='word_1_283' title='bbox 753 2252 939 2291; x_wconf 89' lang='lat' dir='ltr'><strong>eorum</strong></span> <span class='ocrx_word' id='word_1_284' title='bbox 967 2237 1250 2291; x_wconf 86' lang='lat' dir='ltr'><strong>consilium</strong></span> <span class='ocrx_word' id='word_1_285' title='bbox 1276 2235 1670 2297; x_wconf 82' lang='lat' dir='ltr'><strong>Cundobadus,</strong></span> <span class='ocrx_word' id='word_1_286' title='bbox 1704 2232 1849 2287; x_wconf 91' lang='lat' dir='ltr'><strong>dedit</strong></span> <span class='ocrx_word' id='word_1_287' title='bbox 1876 2246 1972 2302; x_wconf 89' lang='lat' dir='ltr'><strong>per</strong></span> 
     </span>
    </p>
   </div>
   <div class='ocr_carea' id='block_1_39' title="bbox 386 2326 1971 2397">
    <p class='ocr_par' dir='ltr' id='par_1_39' title="bbox 386 2326 1971 2397">
     <span class='ocr_line' id='line_1_39' title="bbox 386 2326 1971 2397; baseline -0.003 -15"><span class='ocrx_word' id='word_1_288' title='bbox 386 2343 579 2383; x_wconf 88' lang='lat' dir='ltr'><strong>manus</strong></span> <span class='ocrx_word' id='word_1_289' title='bbox 604 2327 883 2383; x_wconf 81' lang='lat' dir='ltr'><strong>Auriliano</strong></span> <span class='ocrx_word' id='word_1_290' title='bbox 904 2329 972 2382; x_wconf 90' lang='lat' dir='ltr'><strong>ad</strong></span> <span class='ocrx_word' id='word_1_291' title='bbox 985 2336 1195 2397; x_wconf 87' lang='lat' dir='ltr'><strong>partem</strong></span> <span class='ocrx_word' id='word_1_292' title='bbox 1216 2326 1520 2383; x_wconf 90' lang='lat' dir='ltr'><strong>Chlodoveo</strong></span> <span class='ocrx_word' id='word_1_293' title='bbox 1538 2326 1828 2380; x_wconf 85' lang='lat' dir='ltr'><strong>maximam</strong></span> <span class='ocrx_word' id='word_1_294' title='bbox 1851 2341 1971 2395; x_wconf 89' lang='lat' dir='ltr'><strong>par-</strong></span> 
     </span>
    </p>
   </div>
   <div class='ocr_carea' id='block_1_40' title="bbox 388 2416 1971 2488">
    <p class='ocr_par' dir='ltr' id='par_1_40' title="bbox 388 2416 1971 2488">
     <span class='ocr_line' id='line_1_40' title="bbox 388 2416 1971 2488; baseline -0.002 -16"><span class='ocrx_word' id='word_1_295' title='bbox 388 2428 493 2472; x_wconf 88' lang='lat' dir='ltr'><strong>tem</strong></span> <span class='ocrx_word' id='word_1_296' title='bbox 521 2434 587 2473; x_wconf 85' lang='lat' dir='ltr'><strong>ex</strong></span> <span class='ocrx_word' id='word_1_297' title='bbox 610 2419 861 2473; x_wconf 91' lang='lat' dir='ltr'><strong>thesauro</strong></span> <span class='ocrx_word' id='word_1_298' title='bbox 890 2433 1008 2482; x_wconf 90' lang='lat' dir='ltr'><strong>suo,</strong></span> <span class='ocrx_word' id='word_1_299' title='bbox 1035 2426 1091 2472; x_wconf 90' lang='lat' dir='ltr'><strong>et</strong></span> <span class='ocrx_word' id='word_1_300' title='bbox 1111 2416 1492 2488; x_wconf 85' lang='lat' dir='ltr'><strong>supellectilem</strong></span> <span class='ocrx_word' id='word_1_301' title='bbox 1520 2416 1971 2486; x_wconf 89' lang='lat' dir='ltr'><strong>pretiosissimam</strong></span> 
     </span>
    </p>
   </div>
   <div class='ocr_carea' id='block_1_41' title="bbox 386 2505 1971 2577">
    <p class='ocr_par' dir='ltr' id='par_1_41' title="bbox 386 2505 1971 2577">
     <span class='ocr_line' id='line_1_41' title="bbox 386 2505 1971 2577; baseline -0.001 -16"><span class='ocrx_word' id='word_1_302' title='bbox 386 2516 559 2575; x_wconf 74' lang='lat' dir='ltr'><strong>nepta:</strong></span> <span class='ocrx_word' id='word_1_303' title='bbox 609 2523 720 2562; x_wconf 68' lang='lat' dir='ltr'><strong>suae</strong></span> <span class='ocrx_word' id='word_1_304' title='bbox 773 2507 1103 2562; x_wconf 71' lang='lat' dir='ltr'><strong>Chrothilda:</strong></span> <span class='ocrx_word' id='word_1_305' title='bbox 1148 2508 1348 2577; x_wconf 76' lang='lat' dir='ltr'><strong>regina:</strong></span> <span class='ocrx_word' id='word_1_306' title='bbox 1399 2506 1713 2562; x_wconf 88' lang='lat' dir='ltr'><strong>transmisit.</strong></span> <span class='ocrx_word' id='word_1_307' title='bbox 1762 2505 1971 2559; x_wconf 89' lang='lat' dir='ltr'><strong>Aurum</strong></span> 
     </span>
    </p>
   </div>
   <div class='ocr_carea' id='block_1_42' title="bbox 386 2597 1972 2671">
    <p class='ocr_par' dir='ltr' id='par_1_42' title="bbox 386 2597 1972 2671">
     <span class='ocr_line' id='line_1_42' title="bbox 386 2597 1972 2671; baseline -0.001 -19"><span class='ocrx_word' id='word_1_308' title='bbox 386 2615 599 2668; x_wconf 85' lang='lat' dir='ltr'><strong>quoque</strong></span> <span class='ocrx_word' id='word_1_309' title='bbox 626 2600 851 2653; x_wconf 92' lang='lat' dir='ltr'><strong>multum</strong></span> <span class='ocrx_word' id='word_1_310' title='bbox 872 2608 927 2654; x_wconf 92' lang='lat' dir='ltr'><strong>et</strong></span> <span class='ocrx_word' id='word_1_311' title='bbox 954 2608 1255 2671; x_wconf 85' lang='lat' dir='ltr'><strong>argentum,</strong></span> <span class='ocrx_word' id='word_1_312' title='bbox 1280 2597 1742 2667; x_wconf 89' lang='lat' dir='ltr'><strong>fabricaturasque</strong></span> <span class='ocrx_word' id='word_1_313' title='bbox 1763 2597 1972 2668; x_wconf 87' lang='lat' dir='ltr'><strong>specio-</strong></span> 
     </span>
    </p>
   </div>
   <div class='ocr_carea' id='block_1_43' title="bbox 386 2687 1972 2759">
    <p class='ocr_par' dir='ltr' id='par_1_43' title="bbox 386 2687 1972 2759">
     <span class='ocr_line' id='line_1_43' title="bbox 386 2687 1972 2759; baseline -0.003 -14"><span class='ocrx_word' id='word_1_314' title='bbox 386 2690 648 2752; x_wconf 88' lang='lat' dir='ltr'><strong>sissimas,</strong></span> <span class='ocrx_word' id='word_1_315' title='bbox 681 2690 900 2744; x_wconf 84' lang='lat' dir='ltr'><strong>tradens</strong></span> <span class='ocrx_word' id='word_1_316' title='bbox 928 2689 1122 2759; x_wconf 87' lang='lat' dir='ltr'><strong>legato,</strong></span> <span class='ocrx_word' id='word_1_317' title='bbox 1162 2690 1274 2743; x_wconf 89' lang='lat' dir='ltr'><strong>ait:</strong></span> <span class='ocrx_word' id='word_1_318' title='bbox 1312 2688 1451 2755; x_wconf 84' lang='lat' dir='ltr'><strong>Quid</strong></span> <span class='ocrx_word' id='word_1_319' title='bbox 1482 2698 1650 2743; x_wconf 80' lang='lat' dir='ltr'><strong>restat</strong></span> <span class='ocrx_word' id='word_1_320' title='bbox 1676 2688 1843 2753; x_wconf 82' lang='lat' dir='ltr'><strong>aliud,</strong></span> <span class='ocrx_word' id='word_1_321' title='bbox 1868 2687 1972 2742; x_wconf 90' lang='lat' dir='ltr'><strong>nisi</strong></span> 
     </span>
    </p>
   </div>
   <div class='ocr_carea' id='block_1_44' title="bbox 387 2781 1977 2852">
    <p class='ocr_par' dir='ltr' id='par_1_44' title="bbox 387 2781 1977 2852">
     <span class='ocr_line' id='line_1_44' title="bbox 387 2781 1977 2852; baseline 0.001 -18"><span class='ocrx_word' id='word_1_322' title='bbox 387 2791 448 2836; x_wconf 90' lang='lat' dir='ltr'><strong>ut</strong></span> <span class='ocrx_word' id='word_1_323' title='bbox 479 2798 638 2836; x_wconf 87' lang='lat' dir='ltr'><strong>omne</strong></span> <span class='ocrx_word' id='word_1_324' title='bbox 664 2798 889 2852; x_wconf 85' lang='lat' dir='ltr'><strong>regnum</strong></span> <span class='ocrx_word' id='word_1_325' title='bbox 920 2798 1097 2836; x_wconf 90' lang='lat' dir='ltr'><strong>meum</strong></span> <span class='ocrx_word' id='word_1_326' title='bbox 1128 2798 1250 2836; x_wconf 91' lang='lat' dir='ltr'><strong>cum</strong></span> <span class='ocrx_word' id='word_1_327' title='bbox 1274 2781 1580 2836; x_wconf 88' lang='lat' dir='ltr'><strong>Chlodoveo</strong></span> <span class='ocrx_word' id='word_1_328' title='bbox 1608 2781 1881 2836; x_wconf 85' lang='lat' dir='ltr'><strong>dividam?</strong></span> <span class='ocrx_word' id='word_1_329' title='bbox 1907 2781 1977 2835; x_wconf 82' lang='lat' dir='ltr'><strong>Et</strong></span> 
     </span>
    </p>
   </div>
   <div class='ocr_carea' id='block_1_45' title="bbox 386 2871 1970 2934">
    <p class='ocr_par' dir='ltr' id='par_1_45' title="bbox 386 2871 1970 2934">
     <span class='ocr_line' id='line_1_45' title="bbox 386 2871 1970 2934; baseline -0.001 -8"><span class='ocrx_word' id='word_1_330' title='bbox 386 2872 525 2927; x_wconf 80' lang='lat' dir='ltr'><strong>dixit</strong></span> <span class='ocrx_word' id='word_1_331' title='bbox 567 2872 635 2926; x_wconf 90' lang='lat' dir='ltr'><strong>ad</strong></span> <span class='ocrx_word' id='word_1_332' title='bbox 672 2871 1010 2926; x_wconf 81' lang='lat' dir='ltr'><strong>Aurilianum</strong></span> <span class='ocrx_word' id='word_1_333' title='bbox 1040 2889 1052 2924; x_wconf 88' lang='lat'><strong>:</strong></span> <span class='ocrx_word' id='word_1_334' title='bbox 1085 2872 1313 2926; x_wconf 89' lang='lat' dir='ltr'><strong>Reverte</strong></span> <span class='ocrx_word' id='word_1_335' title='bbox 1370 2872 1437 2925; x_wconf 91' lang='lat' dir='ltr'><strong>ad</strong></span> <span class='ocrx_word' id='word_1_336' title='bbox 1472 2872 1747 2925; x_wconf 84' lang='lat' dir='ltr'><strong>dominum</strong></span> <span class='ocrx_word' id='word_1_337' title='bbox 1797 2880 1970 2934; x_wconf 89' lang='lat' dir='ltr'><strong>tuum,</strong></span> 
     </span>
    </p>
   </div>
   <div class='ocr_carea' id='block_1_46' title="bbox 387 2959 1973 3030">
    <p class='ocr_par' dir='ltr' id='par_1_46' title="bbox 387 2959 1973 3030">
     <span class='ocr_line' id='line_1_46' title="bbox 387 2959 1973 3030; baseline -0.001 -17"><span class='ocrx_word' id='word_1_338' title='bbox 387 2961 513 3030; x_wconf 90' lang='lat' dir='ltr'><strong>quia</strong></span> <span class='ocrx_word' id='word_1_339' title='bbox 539 2960 708 3015; x_wconf 88' lang='lat' dir='ltr'><strong>habes</strong></span> <span class='ocrx_word' id='word_1_340' title='bbox 735 2960 879 3029; x_wconf 88' lang='lat' dir='ltr'><strong>quod</strong></span> <span class='ocrx_word' id='word_1_341' title='bbox 904 2960 953 3013; x_wconf 91' lang='lat' dir='ltr'><strong>ei</strong></span> <span class='ocrx_word' id='word_1_342' title='bbox 983 2959 1216 3024; x_wconf 79' lang='lat' dir='ltr'><strong>deferas,</strong></span> <span class='ocrx_word' id='word_1_343' title='bbox 1247 2976 1471 3014; x_wconf 90' lang='lat' dir='ltr'><strong>munera</strong></span> <span class='ocrx_word' id='word_1_344' title='bbox 1508 2959 1675 3013; x_wconf 90' lang='lat' dir='ltr'><strong>multa</strong></span> <span class='ocrx_word' id='word_1_345' title='bbox 1702 2974 1823 3027; x_wconf 69' lang='lat' dir='ltr'><strong>qua:</strong></span> <span class='ocrx_word' id='word_1_346' title='bbox 1865 2974 1973 3012; x_wconf 87' lang='lat' dir='ltr'><strong>non</strong></span> 
     </span>
    </p>
   </div>
   <div class='ocr_carea' id='block_1_47' title="bbox 388 3049 1975 3107">
    <p class='ocr_par' dir='ltr' id='par_1_47' title="bbox 388 3049 1975 3107">
     <span class='ocr_line' id='line_1_47' title="bbox 388 3049 1975 3107; baseline -0.001 -3"><span class='ocrx_word' id='word_1_347' title='bbox 388 3051 693 3107; x_wconf 81' lang='lat' dir='ltr'><strong>laborastis.</strong></span> <span class='ocrx_word' id='word_1_348' title='bbox 729 3051 797 3106; x_wconf 87' lang='lat' dir='ltr'><strong>Et</strong></span> <span class='ocrx_word' id='word_1_349' title='bbox 835 3052 911 3105; x_wconf 89' lang='lat' dir='ltr'><strong>ait</strong></span> <span class='ocrx_word' id='word_1_350' title='bbox 937 3050 1287 3106; x_wconf 85' lang='lat' dir='ltr'><strong>Auriliauus:</strong></span> <span class='ocrx_word' id='word_1_351' title='bbox 1324 3051 1489 3106; x_wconf 84' lang='lat' dir='ltr'><strong>Filius</strong></span> <span class='ocrx_word' id='word_1_352' title='bbox 1531 3060 1654 3105; x_wconf 91' lang='lat' dir='ltr'><strong>tuus</strong></span> <span class='ocrx_word' id='word_1_353' title='bbox 1681 3060 1763 3105; x_wconf 92' lang='lat' dir='ltr'><strong>est</strong></span> <span class='ocrx_word' id='word_1_354' title='bbox 1801 3049 1975 3104; x_wconf 92' lang='lat' dir='ltr'><strong>domi-</strong></span> 
     </span>
    </p>
   </div>
   <div class='ocr_carea' id='block_1_48' title="bbox 390 3141 1972 3207">
    <p class='ocr_par' dir='ltr' id='par_1_48' title="bbox 390 3141 1972 3207">
     <span class='ocr_line' id='line_1_48' title="bbox 390 3141 1972 3207; baseline -0.001 -12"><span class='ocrx_word' id='word_1_355' title='bbox 390 3158 495 3196; x_wconf 91' lang='lat' dir='ltr'><strong>nus</strong></span> <span class='ocrx_word' id='word_1_356' title='bbox 526 3155 679 3197; x_wconf 90' lang='lat' dir='ltr'><strong>meus</strong></span> <span class='ocrx_word' id='word_1_357' title='bbox 707 3141 1041 3197; x_wconf 89' lang='lat' dir='ltr'><strong>Chlodoveus</strong></span> <span class='ocrx_word' id='word_1_358' title='bbox 1071 3158 1165 3197; x_wconf 91' lang='lat' dir='ltr'><strong>rex</strong></span> <span class='ocrx_word' id='word_1_359' title='bbox 1196 3157 1210 3195; x_wconf 90' lang='lat'><strong>:</strong></span> <span class='ocrx_word' id='word_1_360' title='bbox 1242 3142 1422 3207; x_wconf 86' lang='lat' dir='ltr'><strong>omnia</strong></span> <span class='ocrx_word' id='word_1_361' title='bbox 1453 3152 1636 3198; x_wconf 85' lang='lat' dir='ltr'><strong>vestra</strong></span> <span class='ocrx_word' id='word_1_362' title='bbox 1664 3141 1972 3197; x_wconf 90' lang='lat' dir='ltr'><strong>communia</strong></span> 
     </span>
    </p>
   </div>
   <div class='ocr_carea' id='block_1_49' title="bbox 2071 1950 3652 2022">
    <p class='ocr_par' dir='ltr' id='par_1_49' title="bbox 2071 1950 3652 2022">
     <span class='ocr_line' id='line_1_49' title="bbox 2071 1950 3652 2022; baseline 0.001 -17"><span class='ocrx_word' id='word_1_363' title='bbox 2071 1950 2182 2005; x_wconf 88' lang='lat' dir='ltr'><strong>Deo</strong></span> <span class='ocrx_word' id='word_1_364' title='bbox 2211 1953 2411 2022; x_wconf 89' lang='lat' dir='ltr'><strong>gratias</strong></span> <span class='ocrx_word' id='word_1_365' title='bbox 2440 1966 2538 2021; x_wconf 89' lang='lat' dir='ltr'><strong>ago</strong></span> <span class='ocrx_word' id='word_1_366' title='bbox 2584 1951 2708 2021; x_wconf 87' lang='lat' dir='ltr'><strong>quia</strong></span> <span class='ocrx_word' id='word_1_367' title='bbox 2740 1965 2827 2004; x_wconf 90' lang='lat' dir='ltr'><strong>me</strong></span> <span class='ocrx_word' id='word_1_368' title='bbox 2856 1965 2960 2004; x_wconf 93' lang='lat' dir='ltr'><strong>non</strong></span> <span class='ocrx_word' id='word_1_369' title='bbox 2989 1951 3142 2005; x_wconf 87' lang='lat' dir='ltr'><strong>duxit</strong></span> <span class='ocrx_word' id='word_1_370' title='bbox 3181 1951 3454 2022; x_wconf 84' lang='lat' dir='ltr'><strong>indignam</strong></span> <span class='ocrx_word' id='word_1_371' title='bbox 3485 1961 3545 2005; x_wconf 92' lang='lat' dir='ltr'><strong>ut</strong></span> <span class='ocrx_word' id='word_1_372' title='bbox 3588 1952 3652 2006; x_wconf 89' lang='lat' dir='ltr'><strong>de</strong></span> 
     </span>
    </p>
   </div>
   <div class='ocr_carea' id='block_1_50' title="bbox 2071 2042 3652 2113">
    <p class='ocr_par' dir='ltr' id='par_1_50' title="bbox 2071 2042 3652 2113">
     <span class='ocr_line' id='line_1_50' title="bbox 2071 2042 3652 2113; baseline 0 -17"><span class='ocrx_word' id='word_1_373' title='bbox 2071 2051 2227 2097; x_wconf 89' lang='lat' dir='ltr'><strong>utero</strong></span> <span class='ocrx_word' id='word_1_374' title='bbox 2256 2057 2376 2097; x_wconf 89' lang='lat' dir='ltr'><strong>meo</strong></span> <span class='ocrx_word' id='word_1_375' title='bbox 2400 2042 2815 2112; x_wconf 88' lang='lat' dir='ltr'><strong>primogenitum</strong></span> <span class='ocrx_word' id='word_1_376' title='bbox 2844 2043 2896 2095; x_wconf 91' lang='lat' dir='ltr'><strong>in</strong></span> <span class='ocrx_word' id='word_1_377' title='bbox 2946 2057 3111 2113; x_wconf 88' lang='lat' dir='ltr'><strong>regno</strong></span> <span class='ocrx_word' id='word_1_378' title='bbox 3158 2058 3256 2097; x_wconf 90' lang='lat' dir='ltr'><strong>suo</strong></span> <span class='ocrx_word' id='word_1_379' title='bbox 3297 2044 3539 2112; x_wconf 90' lang='lat' dir='ltr'><strong>recipere</strong></span> <span class='ocrx_word' id='word_1_380' title='bbox 3568 2043 3652 2096; x_wconf 90' lang='lat' dir='ltr'><strong>di-</strong></span> 
     </span>
    </p>
   </div>
   <div class='ocr_carea' id='block_1_51' title="bbox 2071 2133 3653 2203">
    <p class='ocr_par' dir='ltr' id='par_1_51' title="bbox 2071 2133 3653 2203">
     <span class='ocr_line' id='line_1_51' title="bbox 2071 2133 3653 2203; baseline 0.001 -17"><span class='ocrx_word' id='word_1_381' title='bbox 2071 2141 2344 2203; x_wconf 89' lang='lat' dir='ltr'><strong>gnaretur.</strong></span> <span class='ocrx_word' id='word_1_382' title='bbox 2376 2133 2490 2203; x_wconf 85' lang='lat' dir='ltr'><strong>Ego</strong></span> <span class='ocrx_word' id='word_1_383' title='bbox 2534 2140 2714 2185; x_wconf 91' lang='lat' dir='ltr'><strong>autem</strong></span> <span class='ocrx_word' id='word_1_384' title='bbox 2744 2133 2948 2186; x_wconf 80' lang='lat' dir='ltr'><strong>milium</strong></span> <span class='ocrx_word' id='word_1_385' title='bbox 2978 2133 3218 2188; x_wconf 85' lang='lat' dir='ltr'><strong>dolorem</strong></span> <span class='ocrx_word' id='word_1_386' title='bbox 3244 2134 3297 2187; x_wconf 91' lang='lat' dir='ltr'><strong>in</strong></span> <span class='ocrx_word' id='word_1_387' title='bbox 3341 2135 3503 2189; x_wconf 88' lang='lat' dir='ltr'><strong>corde</strong></span> <span class='ocrx_word' id='word_1_388' title='bbox 3534 2150 3653 2189; x_wconf 86' lang='lat' dir='ltr'><strong>meo</strong></span> 
     </span>
    </p>
   </div>
   <div class='ocr_carea' id='block_1_52' title="bbox 2071 2219 3650 2292">
    <p class='ocr_par' dir='ltr' id='par_1_52' title="bbox 2071 2219 3650 2292">
     <span class='ocr_line' id='line_1_52' title="bbox 2071 2219 3650 2292; baseline 0.002 -19"><span class='ocrx_word' id='word_1_389' title='bbox 2071 2234 2170 2289; x_wconf 90' lang='lat' dir='ltr'><strong>pro</strong></span> <span class='ocrx_word' id='word_1_390' title='bbox 2181 2222 2282 2275; x_wconf 88' lang='lat' dir='ltr'><strong>hac</strong></span> <span class='ocrx_word' id='word_1_391' title='bbox 2302 2236 2462 2275; x_wconf 87' lang='lat' dir='ltr'><strong>causa</strong></span> <span class='ocrx_word' id='word_1_392' title='bbox 2483 2221 2708 2274; x_wconf 78' lang='lat' dir='ltr'><strong>retineo.</strong></span> <span class='ocrx_word' id='word_1_393' title='bbox 2728 2219 2919 2275; x_wconf 87' lang='lat' dir='ltr'><strong>Postea</strong></span> <span class='ocrx_word' id='word_1_394' title='bbox 2936 2226 3065 2276; x_wconf 84' lang='lat' dir='ltr'><strong>vero</strong></span> <span class='ocrx_word' id='word_1_395' title='bbox 3086 2222 3445 2292; x_wconf 87' lang='lat' dir='ltr'><strong>genuitalium</strong></span> <span class='ocrx_word' id='word_1_396' title='bbox 3461 2222 3650 2289; x_wconf 82' lang='lat' dir='ltr'><strong>lilium,</strong></span> 
     </span>
    </p>
   </div>
   <div class='ocr_carea' id='block_1_53' title="bbox 2072 2310 3654 2382">
    <p class='ocr_par' dir='ltr' id='par_1_53' title="bbox 2072 2310 3654 2382">
     <span class='ocr_line' id='line_1_53' title="bbox 2072 2310 3654 2382; baseline 0.003 -18"><span class='ocrx_word' id='word_1_397' title='bbox 2072 2327 2231 2382; x_wconf 90' lang='lat' dir='ltr'><strong>quem</strong></span> <span class='ocrx_word' id='word_1_398' title='bbox 2260 2312 2592 2380; x_wconf 84' lang='lat' dir='ltr'><strong>baptizatum</strong></span> <span class='ocrx_word' id='word_1_399' title='bbox 2620 2310 3024 2366; x_wconf 90' lang='lat' dir='ltr'><strong>Chlodomirum</strong></span> <span class='ocrx_word' id='word_1_400' title='bbox 3047 2315 3279 2367; x_wconf 86' lang='lat' dir='ltr'><strong>vocavit.</strong></span> <span class='ocrx_word' id='word_1_401' title='bbox 3306 2313 3374 2367; x_wconf 83' lang='lat' dir='ltr'><strong>Et</strong></span> <span class='ocrx_word' id='word_1_402' title='bbox 3406 2314 3495 2368; x_wconf 90' lang='lat' dir='ltr'><strong>hic</strong></span> <span class='ocrx_word' id='word_1_403' title='bbox 3527 2330 3654 2368; x_wconf 91' lang='lat' dir='ltr'><strong>cum</strong></span> 
     </span>
    </p>
   </div>
   <div class='ocr_carea' id='block_1_54' title="bbox 2072 2400 3656 2472">
    <p class='ocr_par' dir='ltr' id='par_1_54' title="bbox 2072 2400 3656 2472">
     <span class='ocr_line' id='line_1_54' title="bbox 2072 2400 3656 2472; baseline 0.001 -18"><span class='ocrx_word' id='word_1_404' title='bbox 2072 2409 2333 2471; x_wconf 65' lang='lat' dir='ltr'><strong>mgrotare</strong></span> <span class='ocrx_word' id='word_1_405' title='bbox 2354 2402 2626 2470; x_wconf 80' lang='lat' dir='ltr'><strong>cmpisset,</strong></span> <span class='ocrx_word' id='word_1_406' title='bbox 2649 2401 2786 2455; x_wconf 80' lang='lat' dir='ltr'><strong>dixit</strong></span> <span class='ocrx_word' id='word_1_407' title='bbox 2810 2416 2903 2454; x_wconf 90' lang='lat' dir='ltr'><strong>rex</strong></span> <span class='ocrx_word' id='word_1_408' title='bbox 2932 2420 2944 2455; x_wconf 91' lang='lat'>:</span> <span class='ocrx_word' id='word_1_409' title='bbox 2965 2400 3079 2455; x_wconf 88' lang='lat' dir='ltr'><strong>Non</strong></span> <span class='ocrx_word' id='word_1_410' title='bbox 3109 2411 3287 2472; x_wconf 89' lang='lat' dir='ltr'><strong>potest</strong></span> <span class='ocrx_word' id='word_1_411' title='bbox 3310 2401 3452 2457; x_wconf 89' lang='lat' dir='ltr'><strong>aliud</strong></span> <span class='ocrx_word' id='word_1_412' title='bbox 3474 2402 3575 2456; x_wconf 90' lang='lat' dir='ltr'><strong>nisi</strong></span> <span class='ocrx_word' id='word_1_413' title='bbox 3598 2410 3656 2456; x_wconf 84' lang='lat' dir='ltr'><strong>ut</strong></span> 
     </span>
    </p>
   </div>
   <div class='ocr_carea' id='block_1_55' title="bbox 2074 2491 3655 2564">
    <p class='ocr_par' dir='ltr' id='par_1_55' title="bbox 2074 2491 3655 2564">
     <span class='ocr_line' id='line_1_55' title="bbox 2074 2491 3655 2564; baseline -0.003 -15"><span class='ocrx_word' id='word_1_414' title='bbox 2074 2493 2139 2549; x_wconf 86' lang='lat' dir='ltr'><strong>de</strong></span> <span class='ocrx_word' id='word_1_415' title='bbox 2188 2494 2292 2547; x_wconf 89' lang='lat' dir='ltr'><strong>isto</strong></span> <span class='ocrx_word' id='word_1_416' title='bbox 2340 2492 2417 2546; x_wconf 89' lang='lat' dir='ltr'><strong>sic</strong></span> <span class='ocrx_word' id='word_1_417' title='bbox 2460 2492 2531 2547; x_wconf 90' lang='lat' dir='ltr'><strong>sit</strong></span> <span class='ocrx_word' id='word_1_418' title='bbox 2572 2493 2841 2562; x_wconf 82' lang='lat' dir='ltr'><strong>quomodo</strong></span> <span class='ocrx_word' id='word_1_419' title='bbox 2876 2491 2978 2546; x_wconf 89' lang='lat' dir='ltr'><strong>fuit</strong></span> <span class='ocrx_word' id='word_1_420' title='bbox 3023 2502 3079 2547; x_wconf 91' lang='lat' dir='ltr'><strong>et</strong></span> <span class='ocrx_word' id='word_1_421' title='bbox 3127 2494 3194 2549; x_wconf 92' lang='lat' dir='ltr'><strong>de</strong></span> <span class='ocrx_word' id='word_1_422' title='bbox 3222 2492 3390 2548; x_wconf 81' lang='lat' dir='ltr'><strong>fratre</strong></span> <span class='ocrx_word' id='word_1_423' title='bbox 3417 2494 3567 2564; x_wconf 87' lang='lat' dir='ltr'><strong>ejus,</strong></span> <span class='ocrx_word' id='word_1_424' title='bbox 3598 2500 3655 2545; x_wconf 75' lang='lat' dir='ltr'><strong>u&#39;</strong></span> 
     </span>
    </p>
   </div>
   <div class='ocr_carea' id='block_1_56' title="bbox 2072 2580 3657 2653">
    <p class='ocr_par' dir='ltr' id='par_1_56' title="bbox 2072 2580 3657 2653">
     <span class='ocr_line' id='line_1_56' title="bbox 2072 2580 3657 2653; baseline 0.001 -17"><span class='ocrx_word' id='word_1_425' title='bbox 2072 2580 2373 2653; x_wconf 86' lang='lat' dir='ltr'><strong>baptizatus</strong></span> <span class='ocrx_word' id='word_1_426' title='bbox 2390 2583 2442 2637; x_wconf 93' lang='lat' dir='ltr'><strong>in</strong></span> <span class='ocrx_word' id='word_1_427' title='bbox 2467 2584 2682 2637; x_wconf 87' lang='lat' dir='ltr'><strong>nomine</strong></span> <span class='ocrx_word' id='word_1_428' title='bbox 2701 2583 2796 2636; x_wconf 89' lang='lat' dir='ltr'><strong>Dei</strong></span> <span class='ocrx_word' id='word_1_429' title='bbox 2818 2582 2980 2637; x_wconf 88' lang='lat' dir='ltr'><strong>vestri</strong></span> <span class='ocrx_word' id='word_1_430' title='bbox 3007 2581 3114 2637; x_wconf 93' lang='lat' dir='ltr'><strong>cito</strong></span> <span class='ocrx_word' id='word_1_431' title='bbox 3134 2584 3417 2637; x_wconf 87' lang='lat' dir='ltr'><strong>moriatur.</strong></span> <span class='ocrx_word' id='word_1_432' title='bbox 3442 2582 3549 2637; x_wconf 89' lang='lat' dir='ltr'><strong>Sed</strong></span> <span class='ocrx_word' id='word_1_433' title='bbox 3568 2582 3657 2638; x_wconf 86' lang='lat' dir='ltr'><strong>hic</strong></span> 
     </span>
    </p>
   </div>
   <div class='ocr_carea' id='block_1_57' title="bbox 2073 2674 3653 2745">
    <p class='ocr_par' dir='ltr' id='par_1_57' title="bbox 2073 2674 3653 2745">
     <span class='ocr_line' id='line_1_57' title="bbox 2073 2674 3653 2745; baseline -0.001 -16"><span class='ocrx_word' id='word_1_434' title='bbox 2073 2683 2263 2729; x_wconf 90' lang='lat' dir='ltr'><strong>orante</strong></span> <span class='ocrx_word' id='word_1_435' title='bbox 2286 2675 2491 2745; x_wconf 81' lang='lat' dir='ltr'><strong>regina,</strong></span> <span class='ocrx_word' id='word_1_436' title='bbox 2513 2684 2569 2729; x_wconf 90' lang='lat' dir='ltr'><strong>et</strong></span> <span class='ocrx_word' id='word_1_437' title='bbox 2589 2674 2799 2729; x_wconf 85' lang='lat' dir='ltr'><strong>Domini</strong></span> <span class='ocrx_word' id='word_1_438' title='bbox 2851 2675 3223 2739; x_wconf 87' lang='lat' dir='ltr'><strong>misericordia</strong></span> <span class='ocrx_word' id='word_1_439' title='bbox 3269 2682 3653 2745; x_wconf 62' lang='lat' dir='ltr'><strong>prxcurrente,</strong></span> 
     </span>
    </p>
   </div>
   <div class='ocr_carea' id='block_1_58' title="bbox 2075 2765 3659 2835">
    <p class='ocr_par' dir='ltr' id='par_1_58' title="bbox 2075 2765 3659 2835">
     <span class='ocr_line' id='line_1_58' title="bbox 2075 2765 3659 2835; baseline -0.001 -17"><span class='ocrx_word' id='word_1_440' title='bbox 2075 2765 2279 2833; x_wconf 88' lang='lat' dir='ltr'><strong>recepit</strong></span> <span class='ocrx_word' id='word_1_441' title='bbox 2305 2766 2611 2818; x_wconf 89' lang='lat' dir='ltr'><strong>sanitatem.</strong></span> <span class='ocrx_word' id='word_1_442' title='bbox 2646 2765 2846 2835; x_wconf 83' lang='lat' dir='ltr'><strong>Regina</strong></span> <span class='ocrx_word' id='word_1_443' title='bbox 2868 2780 3085 2835; x_wconf 88' lang='lat' dir='ltr'><strong>quoque</strong></span> <span class='ocrx_word' id='word_1_444' title='bbox 3114 2781 3219 2819; x_wconf 89' lang='lat' dir='ltr'><strong>non</strong></span> <span class='ocrx_word' id='word_1_445' title='bbox 3246 2765 3496 2819; x_wconf 88' lang='lat' dir='ltr'><strong>cessabat</strong></span> <span class='ocrx_word' id='word_1_446' title='bbox 3516 2779 3659 2833; x_wconf 71' lang='lat' dir='ltr'><strong>prm-</strong></span> 
     </span>
    </p>
   </div>
   <div class='ocr_carea' id='block_1_59' title="bbox 2075 2852 3659 2923">
    <p class='ocr_par' dir='ltr' id='par_1_59' title="bbox 2075 2852 3659 2923">
     <span class='ocr_line' id='line_1_59' title="bbox 2075 2852 3659 2923; baseline 0 -15"><span class='ocrx_word' id='word_1_447' title='bbox 2075 2852 2257 2909; x_wconf 90' lang='lat' dir='ltr'><strong>dieare</strong></span> <span class='ocrx_word' id='word_1_448' title='bbox 2285 2868 2466 2923; x_wconf 85' lang='lat' dir='ltr'><strong>regem</strong></span> <span class='ocrx_word' id='word_1_449' title='bbox 2498 2863 2557 2907; x_wconf 92' lang='lat' dir='ltr'><strong>ut</strong></span> <span class='ocrx_word' id='word_1_450' title='bbox 2586 2853 2756 2907; x_wconf 89' lang='lat' dir='ltr'><strong>Deum</strong></span> <span class='ocrx_word' id='word_1_451' title='bbox 2776 2869 2964 2907; x_wconf 88' lang='lat' dir='ltr'><strong>verum</strong></span> <span class='ocrx_word' id='word_1_452' title='bbox 2995 2854 3217 2920; x_wconf 89' lang='lat' dir='ltr'><strong>coleret,</strong></span> <span class='ocrx_word' id='word_1_453' title='bbox 3250 2863 3305 2909; x_wconf 92' lang='lat' dir='ltr'><strong>et</strong></span> <span class='ocrx_word' id='word_1_454' title='bbox 3353 2854 3495 2908; x_wconf 89' lang='lat' dir='ltr'><strong>idola</strong></span> <span class='ocrx_word' id='word_1_455' title='bbox 3540 2868 3659 2923; x_wconf 69' lang='lat' dir='ltr'><strong>quae</strong></span> 
     </span>
    </p>
   </div>
   <div class='ocr_carea' id='block_1_60' title="bbox 2076 2944 3659 3015">
    <p class='ocr_par' dir='ltr' id='par_1_60' title="bbox 2076 2944 3659 3015">
     <span class='ocr_line' id='line_1_60' title="bbox 2076 2944 3659 3015; baseline -0.001 -14"><span class='ocrx_word' id='word_1_456' title='bbox 2076 2946 2286 3001; x_wconf 89' lang='lat' dir='ltr'><strong>colebat</strong></span> <span class='ocrx_word' id='word_1_457' title='bbox 2307 2961 2452 3010; x_wconf 71' lang='lat' dir='ltr'><strong>,vana</strong></span> <span class='ocrx_word' id='word_1_458' title='bbox 2482 2944 2901 3015; x_wconf 89' lang='lat' dir='ltr'><strong>derelinqueret.</strong></span> <span class='ocrx_word' id='word_1_459' title='bbox 2927 2946 3033 3000; x_wconf 89' lang='lat' dir='ltr'><strong>Sed</strong></span> <span class='ocrx_word' id='word_1_460' title='bbox 3061 2946 3207 3001; x_wconf 93' lang='lat' dir='ltr'><strong>nullo</strong></span> <span class='ocrx_word' id='word_1_461' title='bbox 3237 2947 3395 3001; x_wconf 92' lang='lat' dir='ltr'><strong>modo</strong></span> <span class='ocrx_word' id='word_1_462' title='bbox 3420 2946 3659 3000; x_wconf 89' lang='lat' dir='ltr'><strong>animum</strong></span> 
     </span>
    </p>
   </div>
   <div class='ocr_carea' id='block_1_61' title="bbox 2075 3037 3657 3109">
    <p class='ocr_par' dir='ltr' id='par_1_61' title="bbox 2075 3037 3657 3109">
     <span class='ocr_line' id='line_1_61' title="bbox 2075 3037 3657 3109; baseline -0.001 -16"><span class='ocrx_word' id='word_1_463' title='bbox 2075 3039 2195 3109; x_wconf 86' lang='lat' dir='ltr'><strong>ejus</strong></span> <span class='ocrx_word' id='word_1_464' title='bbox 2223 3038 2290 3092; x_wconf 92' lang='lat' dir='ltr'><strong>ad</strong></span> <span class='ocrx_word' id='word_1_465' title='bbox 2312 3037 2640 3093; x_wconf 87' lang='lat' dir='ltr'><strong>credendum</strong></span> <span class='ocrx_word' id='word_1_466' title='bbox 2670 3052 3009 3092; x_wconf 88' lang='lat' dir='ltr'><strong>commovere</strong></span> <span class='ocrx_word' id='word_1_467' title='bbox 3029 3040 3221 3108; x_wconf 90' lang='lat' dir='ltr'><strong>potuit,</strong></span> <span class='ocrx_word' id='word_1_468' title='bbox 3251 3039 3422 3093; x_wconf 87' lang='lat' dir='ltr'><strong>donec</strong></span> <span class='ocrx_word' id='word_1_469' title='bbox 3446 3038 3657 3093; x_wconf 90' lang='lat' dir='ltr'><strong>tandem</strong></span> 
     </span>
    </p>
   </div>
   <div class='ocr_carea' id='block_1_62' title="bbox 2061 3127 3660 3199">
    <p class='ocr_par' dir='ltr' id='par_1_62' title="bbox 2061 3127 3660 3199">
     <span class='ocr_line' id='line_1_62' title="bbox 2061 3127 3660 3199; baseline -0.001 -16"><span class='ocrx_word' id='word_1_470' title='bbox 2061 3129 2367 3199; x_wconf 82' lang='lat' dir='ltr'><strong>aliquando</strong></span> <span class='ocrx_word' id='word_1_471' title='bbox 2394 3127 2592 3183; x_wconf 81' lang='lat' dir='ltr'><strong>lellum</strong></span> <span class='ocrx_word' id='word_1_472' title='bbox 2620 3135 2808 3181; x_wconf 89' lang='lat' dir='ltr'><strong>contra</strong></span> <span class='ocrx_word' id='word_1_473' title='bbox 2836 3127 3166 3182; x_wconf 85' lang='lat' dir='ltr'><strong>Alamannos</strong></span> <span class='ocrx_word' id='word_1_474' title='bbox 3192 3127 3503 3196; x_wconf 85' lang='lat' dir='ltr'><strong>Suevosque</strong></span> <span class='ocrx_word' id='word_1_475' title='bbox 3546 3143 3660 3182; x_wconf 54' lang='lat' dir='ltr'><strong>mo.</strong></span> 
     </span>
    </p>
   </div>
   <div class='ocr_carea' id='block_1_63' title="bbox 389 3215 3662 3304">
    <p class='ocr_par' dir='ltr' id='par_1_63' title="bbox 389 3215 3662 3304">
     <span class='ocr_line' id='line_1_63' title="bbox 389 3215 3662 3304; baseline -0.002 -17"><span class='ocrx_word' id='word_1_476' title='bbox 389 3241 570 3287; x_wconf 88' lang='lat' dir='ltr'><strong>erunt.</strong></span> <span class='ocrx_word' id='word_1_477' title='bbox 603 3233 671 3288; x_wconf 86' lang='lat' dir='ltr'><strong>Et</strong></span> <span class='ocrx_word' id='word_1_478' title='bbox 712 3232 964 3288; x_wconf 86' lang='lat' dir='ltr'><strong>dixerunt</strong></span> <span class='ocrx_word' id='word_1_479' title='bbox 990 3233 1260 3303; x_wconf 89' lang='lat' dir='ltr'><strong>sapientes</strong></span> <span class='ocrx_word' id='word_1_480' title='bbox 1302 3232 1740 3304; x_wconf 87' lang='lat' dir='ltr'><strong>Burgundionum</strong></span> <span class='ocrx_word' id='word_1_481' title='bbox 1766 3247 1780 3285; x_wconf 89' lang='lat'><strong>:</strong></span> <span class='ocrx_word' id='word_1_482' title='bbox 1816 3231 1976 3285; x_wconf 91' lang='lat' dir='ltr'><strong>Vivat</strong></span> <span class='ocrx_word' id='word_1_483' title='bbox 2004 3215 2050 3278; x_wconf 83' lang='lat' dir='ltr'><strong>C</strong></span> <span class='ocrx_word' id='word_1_484' title='bbox 2080 3229 2252 3282; x_wconf 62' lang='lat' dir='ltr'><strong>vetet.</strong></span> <span class='ocrx_word' id='word_1_485' title='bbox 2287 3221 2340 3274; x_wconf 77' lang='lat' dir='ltr'><strong>in</strong></span> <span class='ocrx_word' id='word_1_486' title='bbox 2364 3234 2470 3288; x_wconf 86' lang='lat' dir='ltr'><strong>quo</strong></span> <span class='ocrx_word' id='word_1_487' title='bbox 2500 3218 2810 3287; x_wconf 73' lang='lat' dir='ltr'><strong>complllsus</strong></span> <span class='ocrx_word' id='word_1_488' title='bbox 2828 3225 2913 3271; x_wconf 74' lang='grc' dir='ltr'><strong>εει</strong></span> <span class='ocrx_word' id='word_1_489' title='bbox 2931 3216 3175 3272; x_wconf 61' lang='lat' dir='ltr'><strong>conﬁteri</strong></span> <span class='ocrx_word' id='word_1_490' title='bbox 3206 3233 3365 3287; x_wconf 80' lang='lat' dir='ltr'><strong>quem</strong></span> <span class='ocrx_word' id='word_1_491' title='bbox 3390 3228 3547 3273; x_wconf 68' lang='lat' dir='ltr'><strong>antea</strong></span> <span class='ocrx_word' id='word_1_492' title='bbox 3573 3234 3662 3273; x_wconf 77' lang='lat' dir='ltr'><strong>ne-</strong></span> 
     </span>
    </p>
   </div>
   <div class='ocr_carea' id='block_1_64' title="bbox 391 3324 1972 3399">
    <p class='ocr_par' dir='ltr' id='par_1_64' title="bbox 391 3324 1972 3399">
     <span class='ocr_line' id='line_1_64' title="bbox 391 3324 1972 3399; baseline -0.003 -18"><span class='ocrx_word' id='word_1_493' title='bbox 391 3342 488 3381; x_wconf 85' lang='lat' dir='ltr'><strong>rcx</strong></span> <span class='ocrx_word' id='word_1_494' title='bbox 512 3327 604 3396; x_wconf 94' lang='lat' dir='ltr'><strong>qui</strong></span> <span class='ocrx_word' id='word_1_495' title='bbox 632 3326 765 3381; x_wconf 90' lang='lat' dir='ltr'><strong>tales</strong></span> <span class='ocrx_word' id='word_1_496' title='bbox 788 3327 953 3382; x_wconf 90' lang='lat' dir='ltr'><strong>habet</strong></span> <span class='ocrx_word' id='word_1_497' title='bbox 976 3326 1160 3382; x_wconf 89' lang='lat' dir='ltr'><strong>leodos</strong></span> <span class='ocrx_word' id='word_1_498' title='bbox 1181 3324 1313 3399; x_wconf 83' lang='lat' dir='ltr'><strong>[Al.,</strong></span> <span class='ocrx_word' id='word_1_499' title='bbox 1340 3324 1569 3397; x_wconf 78' lang='lat' dir='ltr'><strong>leodos].</strong></span> <span class='ocrx_word' id='word_1_500' title='bbox 1595 3324 1972 3392; x_wconf 85' lang='lat' dir='ltr'><strong>Reversusque</strong></span> 
     </span>
    </p>
   </div>
   <div class='ocr_carea' id='block_1_65' title="bbox 391 3414 1974 3472">
    <p class='ocr_par' dir='ltr' id='par_1_65' title="bbox 391 3414 1974 3472">
     <span class='ocr_line' id='line_1_65' title="bbox 391 3414 1974 3472; baseline -0.003 -3"><span class='ocrx_word' id='word_1_501' title='bbox 391 3423 474 3470; x_wconf 83' lang='lat' dir='ltr'><strong>est</strong></span> <span class='ocrx_word' id='word_1_502' title='bbox 520 3414 833 3471; x_wconf 84' lang='lat' dir='ltr'><strong>Aurilianus</strong></span> <span class='ocrx_word' id='word_1_503' title='bbox 876 3432 1001 3472; x_wconf 91' lang='lat' dir='ltr'><strong>cum</strong></span> <span class='ocrx_word' id='word_1_504' title='bbox 1042 3417 1311 3471; x_wconf 88' lang='lat' dir='ltr'><strong>thesauris</strong></span> <span class='ocrx_word' id='word_1_505' title='bbox 1363 3416 1544 3470; x_wconf 88' lang='lat' dir='ltr'><strong>multis</strong></span> <span class='ocrx_word' id='word_1_506' title='bbox 1593 3414 1661 3468; x_wconf 89' lang='lat' dir='ltr'><strong>ad</strong></span> <span class='ocrx_word' id='word_1_507' title='bbox 1698 3415 1974 3469; x_wconf 91' lang='lat' dir='ltr'><strong>dominum</strong></span> 
     </span>
    </p>
   </div>
   <div class='ocr_carea' id='block_1_66' title="bbox 390 3503 1974 3575">
    <p class='ocr_par' dir='ltr' id='par_1_66' title="bbox 390 3503 1974 3575">
     <span class='ocr_line' id='line_1_66' title="bbox 390 3503 1974 3575; baseline -0.003 -14"><span class='ocrx_word' id='word_1_508' title='bbox 390 3521 545 3561; x_wconf 85' lang='lat' dir='ltr'><strong>suum</strong></span> <span class='ocrx_word' id='word_1_509' title='bbox 590 3506 643 3561; x_wconf 93' lang='lat' dir='ltr'><strong>in</strong></span> <span class='ocrx_word' id='word_1_510' title='bbox 685 3506 990 3575; x_wconf 85' lang='lat' dir='ltr'><strong>Franciam.</strong></span> <span class='ocrx_word' id='word_1_511' title='bbox 1039 3506 1375 3562; x_wconf 87' lang='lat' dir='ltr'><strong>Chlodoveus</strong></span> <span class='ocrx_word' id='word_1_512' title='bbox 1424 3520 1553 3560; x_wconf 91' lang='lat' dir='ltr'><strong>vero</strong></span> <span class='ocrx_word' id='word_1_513' title='bbox 1597 3519 1690 3558; x_wconf 88' lang='lat' dir='ltr'><strong>rex</strong></span> <span class='ocrx_word' id='word_1_514' title='bbox 1740 3503 1974 3558; x_wconf 90' lang='lat' dir='ltr'><strong>habebat</strong></span> 
     </span>
    </p>
   </div>
   <div class='ocr_carea' id='block_1_67' title="bbox 390 3595 1834 3661">
    <p class='ocr_par' dir='ltr' id='par_1_67' title="bbox 390 3595 1834 3661">
     <span class='ocr_line' id='line_1_67' title="bbox 390 3595 1834 3661; baseline -0.005 -8"><span class='ocrx_word' id='word_1_515' title='bbox 390 3609 517 3654; x_wconf 92' lang='lat' dir='ltr'><strong>tunc</strong></span> <span class='ocrx_word' id='word_1_516' title='bbox 543 3598 711 3652; x_wconf 76' lang='lat' dir='ltr'><strong>[ilium</strong></span> <span class='ocrx_word' id='word_1_517' title='bbox 736 3599 802 3653; x_wconf 91' lang='lat' dir='ltr'><strong>de</strong></span> <span class='ocrx_word' id='word_1_518' title='bbox 829 3598 1147 3661; x_wconf 84' lang='lat' dir='ltr'><strong>concubina,</strong></span> <span class='ocrx_word' id='word_1_519' title='bbox 1176 3597 1395 3651; x_wconf 90' lang='lat' dir='ltr'><strong>nomine</strong></span> <span class='ocrx_word' id='word_1_520' title='bbox 1420 3595 1834 3649; x_wconf 79' lang='lat' dir='ltr'><strong>Theudoricum.</strong></span> 
     </span>
    </p>
   </div>
   <div class='ocr_carea' id='block_1_68' title="bbox 389 3687 1971 3759">
    <p class='ocr_par' dir='ltr' id='par_1_68' title="bbox 389 3687 1971 3759">
     <span class='ocr_line' id='line_1_68' title="bbox 389 3687 1971 3759; baseline -0.003 -14"><span class='ocrx_word' id='word_1_521' title='bbox 389 3688 519 3745; x_wconf 64' lang='lat' dir='ltr'><strong>Car.</strong></span> <span class='ocrx_word' id='word_1_522' title='bbox 543 3689 682 3743; x_wconf 76' lang='lat' dir='ltr'><strong>XIV.</strong></span> <span class='ocrx_word' id='word_1_523' title='bbox 708 3720 780 3729; x_wconf 96' lang='lat'><strong>—</strong></span> <span class='ocrx_word' id='word_1_524' title='bbox 810 3690 886 3743; x_wconf 86' lang='lat' dir='ltr'><strong>De</strong></span> <span class='ocrx_word' id='word_1_525' title='bbox 904 3689 1275 3759; x_wconf 64' lang='lat' dir='ltr'><strong>pra&#39;dicatione</strong></span> <span class='ocrx_word' id='word_1_526' title='bbox 1313 3687 1677 3759; x_wconf 71' lang='lat' dir='ltr'><strong>Chrodcliildis</strong></span> <span class='ocrx_word' id='word_1_527' title='bbox 1710 3689 1779 3742; x_wconf 81' lang='lat' dir='ltr'><strong>ad</strong></span> <span class='ocrx_word' id='word_1_528' title='bbox 1809 3687 1971 3743; x_wconf 80' lang='lat' dir='ltr'><strong>Chlo-</strong></span> 
     </span>
    </p>
   </div>
   <div class='ocr_carea' id='block_1_69' title="bbox 674 3757 1683 3828">
    <p class='ocr_par' dir='ltr' id='par_1_69' title="bbox 674 3757 1683 3828">
     <span class='ocr_line' id='line_1_69' title="bbox 674 3757 1683 3828; baseline 0.001 -18"><span class='ocrx_word' id='word_1_529' title='bbox 674 3757 913 3822; x_wconf 79' lang='lat' dir='ltr'><strong>doveum,</strong></span> <span class='ocrx_word' id='word_1_530' title='bbox 939 3768 992 3812; x_wconf 86' lang='lat' dir='ltr'><strong>ut</strong></span> <span class='ocrx_word' id='word_1_531' title='bbox 1016 3757 1203 3828; x_wconf 83' lang='lat' dir='ltr'><strong>Regem</strong></span> <span class='ocrx_word' id='word_1_532' title='bbox 1231 3774 1408 3827; x_wconf 83' lang='lat' dir='ltr'><strong>regum</strong></span> <span class='ocrx_word' id='word_1_533' title='bbox 1437 3757 1683 3812; x_wconf 79' lang='lat' dir='ltr'><strong>crederet.</strong></span> 
     </span>
    </p>
   </div>
   <div class='ocr_carea' id='block_1_70' title="bbox 460 3846 1974 3917">
    <p class='ocr_par' dir='ltr' id='par_1_70' title="bbox 460 3846 1974 3917">
     <span class='ocr_line' id='line_1_70' title="bbox 460 3846 1974 3917; baseline -0.001 -15"><span class='ocrx_word' id='word_1_534' title='bbox 460 3846 518 3902; x_wconf 92' lang='lat' dir='ltr'><strong>ln</strong></span> <span class='ocrx_word' id='word_1_535' title='bbox 544 3846 647 3902; x_wconf 88' lang='lat' dir='ltr'><strong>illis</strong></span> <span class='ocrx_word' id='word_1_536' title='bbox 669 3846 857 3902; x_wconf 93' lang='lat' dir='ltr'><strong>diebus</strong></span> <span class='ocrx_word' id='word_1_537' title='bbox 881 3846 1123 3901; x_wconf 88' lang='lat' dir='ltr'><strong>dilatavit</strong></span> <span class='ocrx_word' id='word_1_538' title='bbox 1150 3846 1488 3902; x_wconf 87' lang='lat' dir='ltr'><strong>Chlodoveus</strong></span> <span class='ocrx_word' id='word_1_539' title='bbox 1519 3847 1853 3917; x_wconf 79' lang='lat' dir='ltr'><strong>ampliﬁcans</strong></span> <span class='ocrx_word' id='word_1_540' title='bbox 1888 3861 1974 3901; x_wconf 90' lang='lat' dir='ltr'><strong>re-</strong></span> 
     </span>
    </p>
   </div>
   <div class='ocr_carea' id='block_1_71' title="bbox 368 3935 1974 4008">
    <p class='ocr_par' dir='ltr' id='par_1_71' title="bbox 368 3935 1974 4008">
     <span class='ocr_line' id='line_1_71' title="bbox 368 3935 1974 4008; baseline 0.001 -17"><span class='ocrx_word' id='word_1_541' title='bbox 368 3953 553 4007; x_wconf 55' lang='lat' dir='ltr'><strong>,gnum</strong></span> <span class='ocrx_word' id='word_1_542' title='bbox 602 3953 759 3992; x_wconf 89' lang='lat' dir='ltr'><strong>suum</strong></span> <span class='ocrx_word' id='word_1_543' title='bbox 809 3952 980 4006; x_wconf 89' lang='lat' dir='ltr'><strong>usque</strong></span> <span class='ocrx_word' id='word_1_544' title='bbox 1043 3935 1366 4006; x_wconf 87' lang='lat' dir='ltr'><strong>Sequanam.</strong></span> <span class='ocrx_word' id='word_1_545' title='bbox 1417 3936 1675 4006; x_wconf 83' lang='lat' dir='ltr'><strong>Sequenti</strong></span> <span class='ocrx_word' id='word_1_546' title='bbox 1732 3947 1974 4008; x_wconf 79' lang='lat' dir='ltr'><strong>tempore</strong></span> 
     </span>
    </p>
   </div>
   <div class='ocr_carea' id='block_1_72' title="bbox 389 4029 1973 4107">
    <p class='ocr_par' dir='ltr' id='par_1_72' title="bbox 389 4029 1973 4107">
     <span class='ocr_line' id='line_1_72' title="bbox 389 4029 1973 4107; baseline -0.004 -15"><span class='ocrx_word' id='word_1_547' title='bbox 389 4049 561 4107; x_wconf 83' lang='lat' dir='ltr'><strong>usque</strong></span> <span class='ocrx_word' id='word_1_548' title='bbox 586 4032 777 4103; x_wconf 88' lang='lat' dir='ltr'><strong>Ligere</strong></span> <span class='ocrx_word' id='word_1_549' title='bbox 803 4030 962 4087; x_wconf 86' lang='lat' dir='ltr'><strong>fluvio</strong></span> <span class='ocrx_word' id='word_1_550' title='bbox 986 4030 1287 4101; x_wconf 89' lang='lat' dir='ltr'><strong>occupavit.</strong></span> <span class='ocrx_word' id='word_1_551' title='bbox 1312 4029 1639 4099; x_wconf 84' lang='lat' dir='ltr'><strong>Accepitque</strong></span> <span class='ocrx_word' id='word_1_552' title='bbox 1662 4030 1973 4085; x_wconf 81' lang='lat' dir='ltr'><strong>Anrilianus</strong></span> 
     </span>
    </p>
   </div>
   <div class='ocr_carea' id='block_1_73' title="bbox 391 4121 1967 4191">
    <p class='ocr_par' dir='ltr' id='par_1_73' title="bbox 391 4121 1967 4191">
     <span class='ocr_line' id='line_1_73' title="bbox 391 4121 1967 4191; baseline -0.007 -6"><span class='ocrx_word' id='word_1_553' title='bbox 391 4138 630 4185; x_wconf 90' lang='lat' dir='ltr'><strong>castrum</strong></span> <span class='ocrx_word' id='word_1_554' title='bbox 667 4122 1117 4187; x_wconf 83' lang='lat' dir='ltr'><strong>Miliduneusium,</strong></span> <span class='ocrx_word' id='word_1_555' title='bbox 1149 4135 1310 4190; x_wconf 89' lang='lat' dir='ltr'><strong>quem</strong></span> <span class='ocrx_word' id='word_1_556' title='bbox 1348 4121 1402 4174; x_wconf 92' lang='lat' dir='ltr'><strong>in</strong></span> <span class='ocrx_word' id='word_1_557' title='bbox 1448 4121 1701 4175; x_wconf 90' lang='lat' dir='ltr'><strong>ducatum</strong></span> <span class='ocrx_word' id='word_1_558' title='bbox 1741 4121 1967 4191; x_wconf 87' lang='lat' dir='ltr'><strong>accepit.</strong></span> 
     </span>
    </p>
   </div>
   <div class='ocr_carea' id='block_1_74' title="bbox 391 4207 1968 4285">
    <p class='ocr_par' dir='ltr' id='par_1_74' title="bbox 391 4207 1968 4285">
     <span class='ocr_line' id='line_1_74' title="bbox 391 4207 1968 4285; baseline -0.005 -13"><span class='ocrx_word' id='word_1_559' title='bbox 391 4214 647 4285; x_wconf 86' lang='lat' dir='ltr'><strong>Concepit</strong></span> <span class='ocrx_word' id='word_1_560' title='bbox 666 4229 795 4267; x_wconf 89' lang='lat' dir='ltr'><strong>vero</strong></span> <span class='ocrx_word' id='word_1_561' title='bbox 813 4221 869 4267; x_wconf 91' lang='lat' dir='ltr'><strong>et</strong></span> <span class='ocrx_word' id='word_1_562' title='bbox 885 4209 1233 4273; x_wconf 87' lang='lat' dir='ltr'><strong>Chrothildis,</strong></span> <span class='ocrx_word' id='word_1_563' title='bbox 1255 4209 1569 4278; x_wconf 87' lang='lat' dir='ltr'><strong>peperitque</strong></span> <span class='ocrx_word' id='word_1_564' title='bbox 1592 4207 1779 4271; x_wconf 82' lang='lat' dir='ltr'><strong>lilium,</strong></span> <span class='ocrx_word' id='word_1_565' title='bbox 1808 4225 1968 4278; x_wconf 89' lang='lat' dir='ltr'><strong>quem</strong></span> 
     </span>
    </p>
   </div>
   <div class='ocr_carea' id='block_1_75' title="bbox 2081 3319 2322 3380">
    <p class='ocr_par' dir='ltr' id='par_1_75' title="bbox 2081 3319 2322 3380">
     <span class='ocr_line' id='line_1_75' title="bbox 2081 3319 2322 3380; baseline -0.008 -16"><span class='ocrx_word' id='word_1_566' title='bbox 2081 3319 2322 3380; x_wconf 80' lang='lat' dir='ltr'><strong>gaverat.</strong></span> 
     </span>
    </p>
   </div>
   <div class='ocr_carea' id='block_1_76' title="bbox 2077 3416 3660 3482">
    <p class='ocr_par' dir='ltr' id='par_1_76' title="bbox 2077 3416 3660 3482">
     <span class='ocr_line' id='line_1_76' title="bbox 2077 3416 3660 3482; baseline 0.001 -8"><span class='ocrx_word' id='word_1_567' title='bbox 2077 3417 2208 3475; x_wconf 70' lang='lat' dir='ltr'><strong>Car.</strong></span> <span class='ocrx_word' id='word_1_568' title='bbox 2226 3416 2623 3472; x_wconf 79' lang='lat' dir='ltr'><strong>XV.—Bellum</strong></span> <span class='ocrx_word' id='word_1_569' title='bbox 2645 3426 2828 3472; x_wconf 79' lang='lat' dir='ltr'><strong>contra</strong></span> <span class='ocrx_word' id='word_1_570' title='bbox 2849 3416 3195 3482; x_wconf 80' lang='lat' dir='ltr'><strong>Alamannos,</strong></span> <span class='ocrx_word' id='word_1_571' title='bbox 3222 3418 3309 3473; x_wconf 82' lang='lat' dir='ltr'><strong>ubi</strong></span> <span class='ocrx_word' id='word_1_572' title='bbox 3338 3418 3660 3476; x_wconf 73' lang='lat' dir='ltr'><strong>Chlodoveus</strong></span> 
     </span>
    </p>
   </div>
   <div class='ocr_carea' id='block_1_77' title="bbox 2149 3486 3661 3561">
    <p class='ocr_par' dir='ltr' id='par_1_77' title="bbox 2149 3486 3661 3561">
     <span class='ocr_line' id='line_1_77' title="bbox 2149 3486 3661 3561; baseline 0.003 -20"><span class='ocrx_word' id='word_1_573' title='bbox 2149 3488 2451 3561; x_wconf 72' lang='lat' dir='ltr'><strong>necessitate</strong></span> <span class='ocrx_word' id='word_1_574' title='bbox 2484 3486 2779 3561; x_wconf 58' lang='lat' dir='ltr'><strong>campaigns</strong></span> <span class='ocrx_word' id='word_1_575' title='bbox 2806 3488 3177 3561; x_wconf 45' lang='grc' dir='ltr'><strong>τετριωῂυοοω</strong></span> <span class='ocrx_word' id='word_1_576' title='bbox 3202 3488 3403 3543; x_wconf 81' lang='lat' dir='ltr'><strong>invocat</strong></span> <span class='ocrx_word' id='word_1_577' title='bbox 3426 3491 3481 3544; x_wconf 84' lang='lat' dir='ltr'><strong>in</strong></span> <span class='ocrx_word' id='word_1_578' title='bbox 3500 3490 3661 3561; x_wconf 85' lang='lat' dir='ltr'><strong>adju-</strong></span> 
     </span>
    </p>
   </div>
   <div class='ocr_carea' id='block_1_78' title="bbox 2147 3556 3291 3627">
    <p class='ocr_par' dir='ltr' id='par_1_78' title="bbox 2147 3556 3291 3627">
     <span class='ocr_line' id='line_1_78' title="bbox 2147 3556 3291 3627; baseline 0.002 -17"><span class='ocrx_word' id='word_1_579' title='bbox 2147 3559 2306 3623; x_wconf 81' lang='lat' dir='ltr'><strong>torio,</strong></span> <span class='ocrx_word' id='word_1_580' title='bbox 2336 3566 2385 3611; x_wconf 86' lang='lat' dir='ltr'><strong>et</strong></span> <span class='ocrx_word' id='word_1_581' title='bbox 2410 3574 2443 3610; x_wconf 89' lang='lat' dir='ltr'><strong>a</strong></span> <span class='ocrx_word' id='word_1_582' title='bbox 2471 3566 2651 3611; x_wconf 77' lang='lat' dir='ltr'><strong>sancto</strong></span> <span class='ocrx_word' id='word_1_583' title='bbox 2690 3556 2939 3611; x_wconf 80' lang='lat' dir='ltr'><strong>Remedio</strong></span> <span class='ocrx_word' id='word_1_584' title='bbox 2977 3557 3291 3627; x_wconf 75' lang='lat' dir='ltr'><strong>baptizatur.</strong></span> 
     </span>
    </p>
   </div>
   <div class='ocr_carea' id='block_1_79' title="bbox 2149 3663 3659 3729">
    <p class='ocr_par' dir='ltr' id='par_1_79' title="bbox 2149 3663 3659 3729">
     <span class='ocr_line' id='line_1_79' title="bbox 2149 3663 3659 3729; baseline 0.003 -12"><span class='ocrx_word' id='word_1_585' title='bbox 2149 3663 2373 3718; x_wconf 89' lang='lat' dir='ltr'><strong>Factum</strong></span> <span class='ocrx_word' id='word_1_586' title='bbox 2405 3672 2706 3729; x_wconf 87' lang='lat' dir='ltr'><strong>estautem,</strong></span> <span class='ocrx_word' id='word_1_587' title='bbox 2737 3664 3062 3720; x_wconf 89' lang='lat' dir='ltr'><strong>bellantibus</strong></span> <span class='ocrx_word' id='word_1_588' title='bbox 3080 3665 3223 3719; x_wconf 89' lang='lat' dir='ltr'><strong>inter</strong></span> <span class='ocrx_word' id='word_1_589' title='bbox 3249 3680 3307 3720; x_wconf 87' lang='lat' dir='ltr'><strong>se</strong></span> <span class='ocrx_word' id='word_1_590' title='bbox 3332 3666 3659 3721; x_wconf 83' lang='lat' dir='ltr'><strong>Francorum</strong></span> 
     </span>
    </p>
   </div>
   <div class='ocr_carea' id='block_1_80' title="bbox 2076 3753 3661 3820">
    <p class='ocr_par' dir='ltr' id='par_1_80' title="bbox 2076 3753 3661 3820">
     <span class='ocr_line' id='line_1_80' title="bbox 2076 3753 3661 3820; baseline 0.002 -13"><span class='ocrx_word' id='word_1_591' title='bbox 2076 3753 2315 3807; x_wconf 87' lang='lat' dir='ltr'><strong>exercitu</strong></span> <span class='ocrx_word' id='word_1_592' title='bbox 2347 3770 2470 3808; x_wconf 88' lang='lat' dir='ltr'><strong>cum</strong></span> <span class='ocrx_word' id='word_1_593' title='bbox 2504 3753 2839 3820; x_wconf 81' lang='lat' dir='ltr'><strong>Alamannis,</strong></span> <span class='ocrx_word' id='word_1_594' title='bbox 2874 3762 2933 3807; x_wconf 92' lang='lat' dir='ltr'><strong>ut</strong></span> <span class='ocrx_word' id='word_1_595' title='bbox 2957 3753 3249 3809; x_wconf 79' lang='lat' dir='ltr'><strong>Chlodovci</strong></span> <span class='ocrx_word' id='word_1_596' title='bbox 3278 3756 3549 3811; x_wconf 85' lang='lat' dir='ltr'><strong>exercitus</strong></span> <span class='ocrx_word' id='word_1_597' title='bbox 3577 3756 3661 3810; x_wconf 83' lang='lat' dir='ltr'><strong>ni-</strong></span> 
     </span>
    </p>
   </div>
   <div class='ocr_carea' id='block_1_81' title="bbox 2078 3842 3661 3917">
    <p class='ocr_par' dir='ltr' id='par_1_81' title="bbox 2078 3842 3661 3917">
     <span class='ocr_line' id='line_1_81' title="bbox 2078 3842 3661 3917; baseline 0.003 -19"><span class='ocrx_word' id='word_1_598' title='bbox 2078 3844 2182 3899; x_wconf 90' lang='lat' dir='ltr'><strong>mis</strong></span> <span class='ocrx_word' id='word_1_599' title='bbox 2210 3842 2505 3902; x_wconf 82' lang='lat' dir='ltr'><strong>corrueret.</strong></span> <span class='ocrx_word' id='word_1_600' title='bbox 2549 3845 2862 3900; x_wconf 84' lang='lat' dir='ltr'><strong>Aurilianus</strong></span> <span class='ocrx_word' id='word_1_601' title='bbox 2909 3846 3123 3900; x_wconf 88' lang='lat' dir='ltr'><strong>intuens</strong></span> <span class='ocrx_word' id='word_1_602' title='bbox 3170 3861 3374 3917; x_wconf 77' lang='lat' dir='ltr'><strong>regem,</strong></span> <span class='ocrx_word' id='word_1_603' title='bbox 3403 3846 3479 3901; x_wconf 91' lang='lat' dir='ltr'><strong>ait</strong></span> <span class='ocrx_word' id='word_1_604' title='bbox 3510 3864 3523 3900; x_wconf 89' lang='lat'><strong>:</strong></span> <span class='ocrx_word' id='word_1_605' title='bbox 3552 3847 3661 3902; x_wconf 85' lang='lat' dir='ltr'><strong>Do-</strong></span> 
     </span>
    </p>
   </div>
   <div class='ocr_carea' id='block_1_82' title="bbox 2078 3935 3658 4002">
    <p class='ocr_par' dir='ltr' id='par_1_82' title="bbox 2078 3935 3658 4002">
     <span class='ocr_line' id='line_1_82' title="bbox 2078 3935 3658 4002; baseline 0.001 -13"><span class='ocrx_word' id='word_1_606' title='bbox 2078 3935 2222 3989; x_wconf 88' lang='lat' dir='ltr'><strong>mine</strong></span> <span class='ocrx_word' id='word_1_607' title='bbox 2268 3937 2338 3990; x_wconf 92' lang='lat' dir='ltr'><strong>mi</strong></span> <span class='ocrx_word' id='word_1_608' title='bbox 2387 3952 2502 4002; x_wconf 81' lang='lat' dir='ltr'><strong>rex,</strong></span> <span class='ocrx_word' id='word_1_609' title='bbox 2547 3937 2710 3992; x_wconf 91' lang='lat' dir='ltr'><strong>crede</strong></span> <span class='ocrx_word' id='word_1_610' title='bbox 2755 3936 3125 3992; x_wconf 87' lang='lat' dir='ltr'><strong>tantummodo</strong></span> <span class='ocrx_word' id='word_1_611' title='bbox 3174 3936 3460 3991; x_wconf 89' lang='lat' dir='ltr'><strong>Dominum</strong></span> <span class='ocrx_word' id='word_1_612' title='bbox 3514 3938 3658 4002; x_wconf 76' lang='lat' dir='ltr'><strong>cmli,</strong></span> 
     </span>
    </p>
   </div>
   <div class='ocr_carea' id='block_1_83' title="bbox 2077 4027 3663 4098">
    <p class='ocr_par' dir='ltr' id='par_1_83' title="bbox 2077 4027 3663 4098">
     <span class='ocr_line' id='line_1_83' title="bbox 2077 4027 3663 4098; baseline 0 -16"><span class='ocrx_word' id='word_1_613' title='bbox 2077 4044 2236 4098; x_wconf 86' lang='lat' dir='ltr'><strong>quem</strong></span> <span class='ocrx_word' id='word_1_614' title='bbox 2281 4029 2496 4083; x_wconf 90' lang='lat' dir='ltr'><strong>domina</strong></span> <span class='ocrx_word' id='word_1_615' title='bbox 2536 4044 2654 4083; x_wconf 92' lang='lat' dir='ltr'><strong>mea</strong></span> <span class='ocrx_word' id='word_1_616' title='bbox 2685 4027 3018 4083; x_wconf 89' lang='lat' dir='ltr'><strong>Cbrothildis</strong></span> <span class='ocrx_word' id='word_1_617' title='bbox 3048 4027 3232 4098; x_wconf 82' lang='lat' dir='ltr'><strong>regina</strong></span> <span class='ocrx_word' id='word_1_618' title='bbox 3262 4028 3539 4097; x_wconf 59' lang='lat' dir='ltr'><strong>praedicat.</strong></span> <span class='ocrx_word' id='word_1_619' title='bbox 3570 4027 3663 4082; x_wconf 92' lang='grc'><strong>1110</strong></span> 
     </span>
    </p>
   </div>
   <div class='ocr_carea' id='block_1_84' title="bbox 2077 4117 3663 4188">
    <p class='ocr_par' dir='ltr' id='par_1_84' title="bbox 2077 4117 3663 4188">
     <span class='ocr_line' id='line_1_84' title="bbox 2077 4117 3663 4188; baseline 0.001 -17"><span class='ocrx_word' id='word_1_620' title='bbox 2077 4134 2206 4174; x_wconf 87' lang='lat' dir='ltr'><strong>vero</strong></span> <span class='ocrx_word' id='word_1_621' title='bbox 2231 4118 2453 4174; x_wconf 88' lang='lat' dir='ltr'><strong>elevatis</strong></span> <span class='ocrx_word' id='word_1_622' title='bbox 2493 4119 2560 4173; x_wconf 90' lang='lat' dir='ltr'><strong>ad</strong></span> <span class='ocrx_word' id='word_1_623' title='bbox 2588 4117 2783 4174; x_wconf 85' lang='lat' dir='ltr'><strong>coelum</strong></span> <span class='ocrx_word' id='word_1_624' title='bbox 2825 4118 3016 4183; x_wconf 87' lang='lat' dir='ltr'><strong>oculis,</strong></span> <span class='ocrx_word' id='word_1_625' title='bbox 3063 4126 3364 4173; x_wconf 89' lang='lat' dir='ltr'><strong>commotus</strong></span> <span class='ocrx_word' id='word_1_626' title='bbox 3408 4118 3663 4188; x_wconf 85' lang='lat' dir='ltr'><strong>lacrymis</strong></span> 
     </span>
    </p>
   </div>
   <div class='ocr_carea' id='block_1_85' title="bbox 2074 4209 3663 4281">
    <p class='ocr_par' dir='ltr' id='par_1_85' title="bbox 2074 4209 3663 4281">
     <span class='ocr_line' id='line_1_85' title="bbox 2074 4209 3663 4281; baseline -0.001 -16"><span class='ocrx_word' id='word_1_627' title='bbox 2074 4211 2149 4265; x_wconf 91' lang='lat' dir='ltr'><strong>ait</strong></span> <span class='ocrx_word' id='word_1_628' title='bbox 2175 4229 2187 4263; x_wconf 90' lang='lat'>:</span> <span class='ocrx_word' id='word_1_629' title='bbox 2212 4209 2341 4266; x_wconf 81' lang='lat' dir='ltr'><strong>Jesu</strong></span> <span class='ocrx_word' id='word_1_630' title='bbox 2369 4210 2601 4275; x_wconf 91' lang='lat' dir='ltr'><strong>Christe,</strong></span> <span class='ocrx_word' id='word_1_631' title='bbox 2623 4227 2784 4281; x_wconf 87' lang='lat' dir='ltr'><strong>quem</strong></span> <span class='ocrx_word' id='word_1_632' title='bbox 2815 4211 3145 4267; x_wconf 90' lang='lat' dir='ltr'><strong>Cbrothildis</strong></span> <span class='ocrx_word' id='word_1_633' title='bbox 3174 4210 3359 4281; x_wconf 88' lang='lat' dir='ltr'><strong>regina</strong></span> <span class='ocrx_word' id='word_1_634' title='bbox 3384 4225 3501 4264; x_wconf 85' lang='lat' dir='ltr'><strong>mea</strong></span> <span class='ocrx_word' id='word_1_635' title='bbox 3522 4225 3663 4279; x_wconf 72' lang='lat' dir='ltr'><strong>prac-</strong></span> 
     </span>
    </p>
   </div>
   <div class='ocr_carea' id='block_1_86' title="bbox 1628 4297 2437 4355">
    <p class='ocr_par' dir='ltr' id='par_1_86' title="bbox 1628 4297 2437 4355">
     <span class='ocr_line' id='line_1_86' title="bbox 1628 4297 2437 4355; baseline 0.001 -2"><span class='ocrx_word' id='word_1_636' title='bbox 1628 4297 1862 4354; x_wconf 79' lang='lat' dir='ltr'><strong>CODEX</strong></span> <span class='ocrx_word' id='word_1_637' title='bbox 1893 4299 2437 4355; x_wconf 69' lang='lat' dir='ltr'><strong>CAMERACENSIS.</strong></span> 
     </span>
    </p>
   </div>
   <div class='ocr_carea' id='block_1_87' title="bbox 458 4387 3656 4459">
    <p class='ocr_par' dir='ltr' id='par_1_87' title="bbox 458 4387 3656 4459">
     <span class='ocr_line' id='line_1_87' title="bbox 458 4387 3656 4459; baseline -0.002 -9"><span class='ocrx_word' id='word_1_638' title='bbox 458 4394 597 4451; x_wconf 71' lang='lat' dir='ltr'><strong>XIV.</strong></span> <span class='ocrx_word' id='word_1_639' title='bbox 626 4392 703 4447; x_wconf 86' lang='lat' dir='ltr'><strong>Eo</strong></span> <span class='ocrx_word' id='word_1_640' title='bbox 726 4400 967 4459; x_wconf 90' lang='lat' dir='ltr'><strong>tempore</strong></span> <span class='ocrx_word' id='word_1_641' title='bbox 990 4387 1233 4459; x_wconf 88' lang='lat' dir='ltr'><strong>dilatavit</strong></span> <span class='ocrx_word' id='word_1_642' title='bbox 1261 4387 1701 4459; x_wconf 75' lang='lat' dir='ltr'><strong>Chlodovechus.</strong></span> <span class='ocrx_word' id='word_1_643' title='bbox 1728 4387 1964 4459; x_wconf 81' lang='lat' dir='ltr'><strong>ampliﬁ-</strong></span> <span class='ocrx_word' id='word_1_644' title='bbox 1998 4395 2046 4454; x_wconf 81' lang='grc' dir='ltr'><strong>ι)</strong></span> <span class='ocrx_word' id='word_1_645' title='bbox 2068 4403 2199 4442; x_wconf 90' lang='lat' dir='ltr'><strong>vero</strong></span> <span class='ocrx_word' id='word_1_646' title='bbox 2219 4390 2403 4459; x_wconf 88' lang='lat' dir='ltr'><strong>genuit</strong></span> <span class='ocrx_word' id='word_1_647' title='bbox 2424 4388 2584 4443; x_wconf 91' lang='lat' dir='ltr'><strong>alium</strong></span> <span class='ocrx_word' id='word_1_648' title='bbox 2617 4389 2804 4451; x_wconf 83' lang='lat' dir='ltr'><strong>filium,</strong></span> <span class='ocrx_word' id='word_1_649' title='bbox 2835 4404 2996 4458; x_wconf 88' lang='lat' dir='ltr'><strong>quem</strong></span> <span class='ocrx_word' id='word_1_650' title='bbox 3044 4388 3375 4459; x_wconf 87' lang='lat' dir='ltr'><strong>baptizatum</strong></span> <span class='ocrx_word' id='word_1_651' title='bbox 3422 4387 3656 4459; x_wconf 85' lang='lat' dir='ltr'><strong>Chlodo-</strong></span> 
     </span>
    </p>
   </div>
   <div class='ocr_carea' id='block_1_88' title="bbox 350 4457 1965 4534">
    <p class='ocr_par' dir='ltr' id='par_1_88' title="bbox 350 4457 1965 4534">
     <span class='ocr_line' id='line_1_88' title="bbox 350 4457 1965 4534; baseline -0.014 -13"><span class='ocrx_word' id='word_1_652' title='bbox 350 4458 355 4477; x_wconf 64' lang='grc'><strong><em>⁸</em></strong></span> <span class='ocrx_word' id='word_1_653' title='bbox 391 4482 520 4522; x_wconf 87' lang='lat' dir='ltr'><strong>caus</strong></span> <span class='ocrx_word' id='word_1_654' title='bbox 548 4477 773 4534; x_wconf 85' lang='lat' dir='ltr'><strong>regnum</strong></span> <span class='ocrx_word' id='word_1_655' title='bbox 797 4457 955 4534; x_wconf 80' lang='lat' dir='ltr'><strong>suum</strong></span> <span class='ocrx_word' id='word_1_656' title='bbox 980 4474 1150 4534; x_wconf 77' lang='lat' dir='ltr'><strong>usque</strong></span> <span class='ocrx_word' id='word_1_657' title='bbox 1177 4457 1795 4534; x_wconf 78' lang='lat' dir='ltr'><strong>Sequanaln._Sequ_emi</strong></span> <span class='ocrx_word' id='word_1_658' title='bbox 1820 4457 1965 4534; x_wconf 62' lang='lat' dir='ltr'><strong>1.3m-</strong></span> 
     </span>
    </p>
   </div>
   <div class='ocr_carea' id='block_1_89' title="bbox 394 4525 1977 4605">
    <p class='ocr_par' dir='ltr' id='par_1_89' title="bbox 394 4525 1977 4605">
     <span class='ocr_line' id='line_1_89' title="bbox 394 4525 1977 4605; baseline -0.005 -16"><span class='ocrx_word' id='word_1_659' title='bbox 394 4550 524 4605; x_wconf 88' lang='lat' dir='ltr'><strong>pore</strong></span> <span class='ocrx_word' id='word_1_660' title='bbox 551 4525 722 4601; x_wconf 68' lang='lat' dir='ltr'><strong>usque</strong></span> <span class='ocrx_word' id='word_1_661' title='bbox 752 4530 952 4605; x_wconf 69' lang='lat' dir='ltr'><strong>Ligure</strong></span> <span class='ocrx_word' id='word_1_662' title='bbox 974 4525 1134 4605; x_wconf 62' lang='lat' dir='ltr'><strong>fluvio</strong></span> <span class='ocrx_word' id='word_1_663' title='bbox 1157 4525 1457 4596; x_wconf 83' lang='lat' dir='ltr'><strong>occupavit.</strong></span> <span class='ocrx_word' id='word_1_664' title='bbox 1497 4525 1835 4605; x_wconf 85' lang='lat' dir='ltr'><strong>Accepitque</strong></span> <span class='ocrx_word' id='word_1_665' title='bbox 1872 4528 1977 4581; x_wconf 86' lang='lat' dir='ltr'><strong>Au-</strong></span> 
     </span>
    </p>
   </div>
   <div class='ocr_carea' id='block_1_90' title="bbox 395 4599 1972 4666">
    <p class='ocr_par' dir='ltr' id='par_1_90' title="bbox 395 4599 1972 4666">
     <span class='ocr_line' id='line_1_90' title="bbox 395 4599 1972 4666; baseline -0.003 -9"><span class='ocrx_word' id='word_1_666' title='bbox 395 4599 620 4657; x_wconf 69' lang='lat' dir='ltr'><strong>i‘ilianus</strong></span> <span class='ocrx_word' id='word_1_667' title='bbox 637 4599 881 4656; x_wconf 77' lang='lat' dir='ltr'><strong>castrum</strong></span> <span class='ocrx_word' id='word_1_668' title='bbox 905 4599 1344 4666; x_wconf 80' lang='lat' dir='ltr'><strong>Malidunensem,</strong></span> <span class='ocrx_word' id='word_1_669' title='bbox 1372 4610 1699 4666; x_wconf 89' lang='lat' dir='ltr'><strong>omnemque</strong></span> <span class='ocrx_word' id='word_1_670' title='bbox 1721 4599 1972 4652; x_wconf 90' lang='lat' dir='ltr'><strong>ducatum</strong></span> 
     </span>
    </p>
   </div>
   <div class='ocr_carea' id='block_1_91' title="bbox 396 4665 1975 4740">
    <p class='ocr_par' dir='ltr' id='par_1_91' title="bbox 396 4665 1975 4740">
     <span class='ocr_line' id='line_1_91' title="bbox 396 4665 1975 4740; baseline -0.003 -14"><span class='ocrx_word' id='word_1_671' title='bbox 396 4671 627 4740; x_wconf 87' lang='lat' dir='ltr'><strong>regionis</strong></span> <span class='ocrx_word' id='word_1_672' title='bbox 646 4670 817 4740; x_wconf 85' lang='lat' dir='ltr'><strong>istius.</strong></span> <span class='ocrx_word' id='word_1_673' title='bbox 838 4668 987 4740; x_wconf 70' lang='lat' dir='ltr'><strong>Tunc</strong></span> <span class='ocrx_word' id='word_1_674' title='bbox 1006 4668 1249 4735; x_wconf 92' lang='lat' dir='ltr'><strong>concepit</strong></span> <span class='ocrx_word' id='word_1_675' title='bbox 1266 4665 1642 4740; x_wconf 79' lang='lat' dir='ltr'><strong>Chrodchildis</strong></span> <span class='ocrx_word' id='word_1_676' title='bbox 1656 4683 1725 4722; x_wconf 91' lang='lat' dir='ltr'><strong>ex</strong></span> <span class='ocrx_word' id='word_1_677' title='bbox 1745 4666 1975 4722; x_wconf 88' lang='lat' dir='ltr'><strong>Chlodo-</strong></span> 
     </span>
    </p>
   </div>
   <div class='ocr_carea' id='block_1_92' title="bbox 397 4736 1976 4863">
    <p class='ocr_par' dir='ltr' id='par_1_92' title="bbox 397 4736 1976 4863">
     <span class='ocr_line' id='line_1_92' title="bbox 397 4736 1976 4807; baseline -0.001 -16"><span class='ocrx_word' id='word_1_678' title='bbox 397 4736 515 4803; x_wconf 78' lang='lat' dir='ltr'><strong>veo,</strong></span> <span class='ocrx_word' id='word_1_679' title='bbox 543 4748 598 4794; x_wconf 86' lang='lat' dir='ltr'><strong>et</strong></span> <span class='ocrx_word' id='word_1_680' title='bbox 679 4739 819 4807; x_wconf 88' lang='lat' dir='ltr'><strong>perit</strong></span> <span class='ocrx_word' id='word_1_681' title='bbox 840 4737 1026 4801; x_wconf 84' lang='lat' dir='ltr'><strong>filium,</strong></span> <span class='ocrx_word' id='word_1_682' title='bbox 1041 4752 1199 4805; x_wconf 90' lang='lat' dir='ltr'><strong>quem</strong></span> <span class='ocrx_word' id='word_1_683' title='bbox 1222 4751 1346 4790; x_wconf 88' lang='lat' dir='ltr'><strong>cum</strong></span> <span class='ocrx_word' id='word_1_684' title='bbox 1364 4736 1633 4804; x_wconf 88' lang='lat' dir='ltr'><strong>baptismo</strong></span> <span class='ocrx_word' id='word_1_685' title='bbox 1658 4751 1976 4791; x_wconf 87' lang='lat' dir='ltr'><strong>consecrare</strong></span> 
     </span>
     <span class='ocr_line' id='line_1_93' title="bbox 398 4754 1974 4863; baseline -0.001 -1"><span class='ocrx_word' id='word_1_686' title='bbox 398 4808 573 4863; x_wconf 84' lang='lat' dir='ltr'><strong>vellet.</strong></span> <span class='ocrx_word' id='word_1_687' title='bbox 589 4754 702 4863; x_wconf 46' lang='grc' dir='ltr'><strong>ὦ)ξο</strong></span> <span class='ocrx_word' id='word_1_688' title='bbox 717 4808 862 4861; x_wconf 92' lang='lat' dir='ltr'><strong>enim</strong></span> <span class='ocrx_word' id='word_1_689' title='bbox 882 4806 1133 4862; x_wconf 88' lang='lat' dir='ltr'><strong>credebat</strong></span> <span class='ocrx_word' id='word_1_690' title='bbox 1147 4821 1241 4860; x_wconf 90' lang='lat' dir='ltr'><strong>rex</strong></span> <span class='ocrx_word' id='word_1_691' title='bbox 1259 4804 1543 4859; x_wconf 92' lang='lat' dir='ltr'><strong>Dominum</strong></span> <span class='ocrx_word' id='word_1_692' title='bbox 1558 4805 1742 4861; x_wconf 89' lang='lat' dir='ltr'><strong>Deum.</strong></span> <span class='ocrx_word' id='word_1_693' title='bbox 1769 4807 1974 4863; x_wconf 65' lang='lat' dir='ltr'><strong>Regina</strong></span> 
     </span>
    </p>
   </div>
   <div class='ocr_carea' id='block_1_93' title="bbox 398 4810 747 4864">
    <p class='ocr_par' dir='ltr' id='par_1_93' title="bbox 398 4810 747 4864">
     <span class='ocr_line' id='line_1_94' title="bbox 398 4810 747 4864; baseline -0.006 -2"><span class='ocrx_word' id='word_1_694' title='bbox 398 4810 573 4864; x_wconf 83' lang='lat' dir='ltr'><strong>vellet.</strong></span> <span class='ocrx_word' id='word_1_695' title='bbox 589 4810 702 4863; x_wconf 83' lang='lat' dir='ltr'><strong>Non</strong></span> <span class='ocrx_word' id='word_1_696' title='bbox 717 4822 747 4861; x_wconf 94' lang='lat' dir='ltr'><strong>e</strong></span> 
     </span>
    </p>
   </div>
   <div class='ocr_carea' id='block_1_94' title="bbox 752 4804 2039 4877">
    <p class='ocr_par' dir='ltr' id='par_1_94' title="bbox 752 4804 2039 4877">
     <span class='ocr_line' id='line_1_95' title="bbox 752 4804 2039 4877; baseline 0.001 -17"><span class='ocrx_word' id='word_1_697' title='bbox 752 4808 862 4877; x_wconf 90' lang='lat' dir='ltr'><strong>nim</strong></span> <span class='ocrx_word' id='word_1_698' title='bbox 882 4804 1133 4862; x_wconf 81' lang='lat' dir='ltr'><strong>credebat</strong></span> <span class='ocrx_word' id='word_1_699' title='bbox 1147 4821 1241 4860; x_wconf 90' lang='lat' dir='ltr'><strong>rex</strong></span> <span class='ocrx_word' id='word_1_700' title='bbox 1259 4804 1543 4877; x_wconf 75' lang='lat' dir='ltr'><strong>Dominum</strong></span> <span class='ocrx_word' id='word_1_701' title='bbox 1558 4805 1742 4877; x_wconf 89' lang='lat' dir='ltr'><strong>Deum.</strong></span> <span class='ocrx_word' id='word_1_702' title='bbox 1769 4807 1974 4877; x_wconf 82' lang='lat' dir='ltr'><strong>Regina</strong></span> <span class='ocrx_word' id='word_1_703' title='bbox 2034 4817 2039 4823; x_wconf 80' lang='lat'>‘</span> 
     </span>
    </p>
   </div>
   <div class='ocr_carea' id='block_1_95' title="bbox 396 4874 1975 4946">
    <p class='ocr_par' dir='ltr' id='par_1_95' title="bbox 396 4874 1975 4946">
     <span class='ocr_line' id='line_1_96' title="bbox 396 4874 1975 4946; baseline -0.001 -14"><span class='ocrx_word' id='word_1_704' title='bbox 396 4880 539 4933; x_wconf 89' lang='lat' dir='ltr'><strong>enim</strong></span> <span class='ocrx_word' id='word_1_705' title='bbox 562 4876 801 4946; x_wconf 87' lang='lat' dir='ltr'><strong>quotidie</strong></span> <span class='ocrx_word' id='word_1_706' title='bbox 826 4877 1153 4946; x_wconf 57' lang='lat' dir='ltr'><strong>praedicabat</strong></span> <span class='ocrx_word' id='word_1_707' title='bbox 1179 4889 1322 4946; x_wconf 85' lang='lat' dir='ltr'><strong>eum,</strong></span> <span class='ocrx_word' id='word_1_708' title='bbox 1354 4883 1410 4929; x_wconf 90' lang='lat' dir='ltr'><strong>et</strong></span> <span class='ocrx_word' id='word_1_709' title='bbox 1435 4874 1523 4929; x_wconf 92' lang='lat' dir='ltr'><strong>ille</strong></span> <span class='ocrx_word' id='word_1_710' title='bbox 1546 4876 1760 4931; x_wconf 91' lang='lat' dir='ltr'><strong>nolebat</strong></span> <span class='ocrx_word' id='word_1_711' title='bbox 1788 4874 1975 4932; x_wconf 79' lang='lat' dir='ltr'><strong>audire</strong></span> 
     </span>
    </p>
   </div>
   <div class='ocr_carea' id='block_1_96' title="bbox 397 4943 1977 5015">
    <p class='ocr_par' dir='ltr' id='par_1_96' title="bbox 397 4943 1977 5015">
     <span class='ocr_line' id='line_1_97' title="bbox 397 4943 1977 5015; baseline -0.001 -14"><span class='ocrx_word' id='word_1_712' title='bbox 397 4964 536 5001; x_wconf 91' lang='lat' dir='ltr'><strong>eam.</strong></span> <span class='ocrx_word' id='word_1_713' title='bbox 563 4943 980 5015; x_wconf 10' lang='lat' dir='ltr'><strong>Interearregina</strong></span> <span class='ocrx_word' id='word_1_714' title='bbox 1002 4954 1162 5015; x_wconf 89' lang='lat' dir='ltr'><strong>parat</strong></span> <span class='ocrx_word' id='word_1_715' title='bbox 1183 4946 1249 4997; x_wconf 88' lang='lat' dir='ltr'><strong>ad</strong></span> <span class='ocrx_word' id='word_1_716' title='bbox 1265 4943 1591 5013; x_wconf 89' lang='lat' dir='ltr'><strong>baptismum</strong></span> <span class='ocrx_word' id='word_1_717' title='bbox 1615 4946 1800 5009; x_wconf 84' lang='lat' dir='ltr'><strong>filium,</strong></span> <span class='ocrx_word' id='word_1_718' title='bbox 1815 4955 1977 5000; x_wconf 85' lang='lat' dir='ltr'><strong>ornat</strong></span> 
     </span>
    </p>
   </div>
   <div class='ocr_carea' id='block_1_97' title="bbox 396 5013 1976 5096">
    <p class='ocr_par' dir='ltr' id='par_1_97' title="bbox 396 5013 1976 5096">
     <span class='ocr_line' id='line_1_98' title="bbox 396 5013 1976 5096; baseline -0.001 -25"><span class='ocrx_word' id='word_1_719' title='bbox 396 5016 676 5096; x_wconf 75' lang='lat' dir='ltr'><strong>ecclesiam</strong></span> <span class='ocrx_word' id='word_1_720' title='bbox 692 5013 825 5069; x_wconf 87' lang='lat' dir='ltr'><strong>velis</strong></span> <span class='ocrx_word' id='word_1_721' title='bbox 846 5013 1019 5083; x_wconf 76' lang='lat' dir='ltr'><strong>atque</strong></span> <span class='ocrx_word' id='word_1_722' title='bbox 1032 5015 1258 5096; x_wconf 66' lang='lat' dir='ltr'><strong>cortinis</strong></span> <span class='ocrx_word' id='word_1_723' title='bbox 1278 5028 1293 5065; x_wconf 92' lang='lat'><strong>:</strong></span> <span class='ocrx_word' id='word_1_724' title='bbox 1313 5015 1593 5096; x_wconf 79' lang='lat' dir='ltr'><strong>quomodo</strong></span> <span class='ocrx_word' id='word_1_725' title='bbox 1615 5030 1711 5096; x_wconf 84' lang='lat' dir='ltr'><strong>cor</strong></span> <span class='ocrx_word' id='word_1_726' title='bbox 1737 5017 1878 5087; x_wconf 87' lang='lat' dir='ltr'><strong>regis</strong></span> <span class='ocrx_word' id='word_1_727' title='bbox 1906 5016 1976 5070; x_wconf 88' lang='lat' dir='ltr'><strong>ad</strong></span> 
     </span>
    </p>
   </div>
   <div class='ocr_carea' id='block_1_98' title="bbox 397 5084 1971 5155">
    <p class='ocr_par' dir='ltr' id='par_1_98' title="bbox 397 5084 1971 5155">
     <span class='ocr_line' id='line_1_99' title="bbox 397 5084 1971 5155; baseline -0.001 -15"><span class='ocrx_word' id='word_1_728' title='bbox 397 5085 729 5155; x_wconf 77' lang='lat' dir='ltr'><strong>credendum</strong></span> <span class='ocrx_word' id='word_1_729' title='bbox 739 5094 1176 5155; x_wconf 82' lang='lat' dir='ltr'><strong>compungerent.</strong></span> <span class='ocrx_word' id='word_1_730' title='bbox 1195 5084 1505 5155; x_wconf 72' lang='lat' dir='ltr'><strong>Baptizatus</strong></span> <span class='ocrx_word' id='word_1_731' title='bbox 1514 5091 1600 5155; x_wconf 90' lang='lat' dir='ltr'><strong>est</strong></span> <span class='ocrx_word' id='word_1_732' title='bbox 1618 5084 1971 5155; x_wconf 56' lang='lat' dir='ltr'><strong>autem&#39;puer,</strong></span> 
     </span>
    </p>
   </div>
   <div class='ocr_carea' id='block_1_99' title="bbox 397 5152 1976 5225">
    <p class='ocr_par' dir='ltr' id='par_1_99' title="bbox 397 5152 1976 5225">
     <span class='ocr_line' id='line_1_100' title="bbox 397 5152 1976 5225; baseline 0.001 -16"><span class='ocrx_word' id='word_1_733' title='bbox 397 5170 556 5225; x_wconf 89' lang='lat' dir='ltr'><strong>quem</strong></span> <span class='ocrx_word' id='word_1_734' title='bbox 586 5155 640 5208; x_wconf 93' lang='lat' dir='ltr'><strong>in</strong></span> <span class='ocrx_word' id='word_1_735' title='bbox 666 5153 802 5225; x_wconf 84' lang='lat' dir='ltr'><strong>albis</strong></span> <span class='ocrx_word' id='word_1_736' title='bbox 828 5152 1150 5225; x_wconf 63' lang='lat' dir='ltr'><strong>lngomirem</strong></span> <span class='ocrx_word' id='word_1_737' title='bbox 1174 5154 1389 5225; x_wconf 85' lang='lat' dir='ltr'><strong>vocavit</strong></span> <span class='ocrx_word' id='word_1_738' title='bbox 1419 5172 1431 5206; x_wconf 89' lang='lat'><strong>:</strong></span> <span class='ocrx_word' id='word_1_739' title='bbox 1462 5155 1553 5222; x_wconf 92' lang='lat' dir='ltr'><strong>qui</strong></span> <span class='ocrx_word' id='word_1_740' title='bbox 1579 5154 1634 5225; x_wconf 88' lang='lat' dir='ltr'><strong>in</strong></span> <span class='ocrx_word' id='word_1_741' title='bbox 1663 5155 1806 5224; x_wconf 91' lang='lat' dir='ltr'><strong>ipsas</strong></span> <span class='ocrx_word' id='word_1_742' title='bbox 1819 5152 1976 5211; x_wconf 81' lang='lat' dir='ltr'><strong>albas</strong></span> 
     </span>
    </p>
   </div>
   <div class='ocr_carea' id='block_1_100' title="bbox 395 5223 1975 5295">
    <p class='ocr_par' dir='ltr' id='par_1_100' title="bbox 395 5223 1975 5295">
     <span class='ocr_line' id='line_1_101' title="bbox 395 5223 1975 5295; baseline 0 -16"><span class='ocrx_word' id='word_1_743' title='bbox 395 5223 664 5295; x_wconf 70' lang='lat' dir='ltr'><strong>a-grotans</strong></span> <span class='ocrx_word' id='word_1_744' title='bbox 691 5224 850 5295; x_wconf 65' lang='lat' dir='ltr'><strong>obiit.</strong></span> <span class='ocrx_word' id='word_1_745' title='bbox 866 5223 977 5295; x_wconf 85' lang='lat' dir='ltr'><strong>Pro</strong></span> <span class='ocrx_word' id='word_1_746' title='bbox 997 5238 1104 5293; x_wconf 92' lang='lat' dir='ltr'><strong>quo</strong></span> <span class='ocrx_word' id='word_1_747' title='bbox 1129 5238 1225 5295; x_wconf 73' lang='lat' dir='ltr'><strong>rex</strong></span> <span class='ocrx_word' id='word_1_748' title='bbox 1245 5223 1404 5295; x_wconf 81' lang='lat' dir='ltr'><strong>nimis</strong></span> <span class='ocrx_word' id='word_1_749' title='bbox 1423 5223 1793 5295; x_wconf 83' lang='lat' dir='ltr'><strong>contristatus,</strong></span> <span class='ocrx_word' id='word_1_750' title='bbox 1819 5240 1975 5293; x_wconf 89' lang='lat' dir='ltr'><strong>repu-</strong></span> 
     </span>
    </p>
   </div>
   <div class='ocr_carea' id='block_1_101' title="bbox 399 5292 1973 5364">
    <p class='ocr_par' dir='ltr' id='par_1_101' title="bbox 399 5292 1973 5364">
     <span class='ocr_line' id='line_1_102' title="bbox 399 5292 1973 5364; baseline 0.001 -16"><span class='ocrx_word' id='word_1_751' title='bbox 399 5292 546 5348; x_wconf 73' lang='lat' dir='ltr'><strong>tabat</strong></span> <span class='ocrx_word' id='word_1_752' title='bbox 565 5292 909 5364; x_wconf 84' lang='lat' dir='ltr'><strong>increpando,</strong></span> <span class='ocrx_word' id='word_1_753' title='bbox 927 5292 1116 5364; x_wconf 81' lang='lat' dir='ltr'><strong>dicens</strong></span> <span class='ocrx_word' id='word_1_754' title='bbox 1148 5311 1164 5364; x_wconf 68' lang='grc' dir='ltr'>ς</span> <span class='ocrx_word' id='word_1_755' title='bbox 1193 5292 1327 5359; x_wconf 89' lang='lat' dir='ltr'><strong>Quia</strong></span> <span class='ocrx_word' id='word_1_756' title='bbox 1353 5293 1396 5348; x_wconf 91' lang='lat' dir='ltr'><strong>si</strong></span> <span class='ocrx_word' id='word_1_757' title='bbox 1427 5294 1480 5364; x_wconf 88' lang='lat' dir='ltr'><strong>in</strong></span> <span class='ocrx_word' id='word_1_758' title='bbox 1510 5294 1727 5349; x_wconf 90' lang='lat' dir='ltr'><strong>nomine</strong></span> <span class='ocrx_word' id='word_1_759' title='bbox 1751 5292 1973 5351; x_wconf 82' lang='lat' dir='ltr'><strong>deorum</strong></span> 
     </span>
    </p>
   </div>
   <div class='ocr_carea' id='block_1_102' title="bbox 397 5361 1975 5436">
    <p class='ocr_par' dir='ltr' id='par_1_102' title="bbox 397 5361 1975 5436">
     <span class='ocr_line' id='line_1_103' title="bbox 397 5361 1975 5436; baseline 0.001 -18"><span class='ocrx_word' id='word_1_760' title='bbox 397 5378 642 5436; x_wconf 85' lang='lat' dir='ltr'><strong>meorum</strong></span> <span class='ocrx_word' id='word_1_761' title='bbox 670 5361 807 5436; x_wconf 58' lang='lat' dir='ltr'><strong>puer</strong></span> <span class='ocrx_word' id='word_1_762' title='bbox 835 5362 1115 5436; x_wconf 81' lang='lat' dir='ltr'><strong>dedicatus</strong></span> <span class='ocrx_word' id='word_1_763' title='bbox 1141 5361 1349 5436; x_wconf 88' lang='lat' dir='ltr'><strong>fuisset,</strong></span> <span class='ocrx_word' id='word_1_764' title='bbox 1366 5363 1589 5436; x_wconf 84' lang='lat' dir='ltr'><strong>vixisset</strong></span> <span class='ocrx_word' id='word_1_765' title='bbox 1614 5365 1819 5436; x_wconf 88' lang='lat' dir='ltr'><strong>utique.</strong></span> <span class='ocrx_word' id='word_1_766' title='bbox 1839 5364 1975 5431; x_wconf 88' lang='lat' dir='ltr'><strong>Quia</strong></span> 
     </span>
    </p>
   </div>
   <div class='ocr_carea' id='block_1_103' title="bbox 402 5431 1975 5505">
    <p class='ocr_par' dir='ltr' id='par_1_103' title="bbox 402 5431 1975 5505">
     <span class='ocr_line' id='line_1_104' title="bbox 402 5431 1975 5505; baseline 0.001 -18"><span class='ocrx_word' id='word_1_767' title='bbox 402 5431 697 5505; x_wconf 71' lang='lat' dir='ltr'><strong>innomine</strong></span> <span class='ocrx_word' id='word_1_768' title='bbox 716 5431 811 5487; x_wconf 86' lang='lat' dir='ltr'><strong>Dei</strong></span> <span class='ocrx_word' id='word_1_769' title='bbox 839 5435 1006 5505; x_wconf 84' lang='lat' dir='ltr'><strong>vestri</strong></span> <span class='ocrx_word' id='word_1_770' title='bbox 1036 5434 1340 5505; x_wconf 75' lang='lat' dir='ltr'><strong>baptizatus</strong></span> <span class='ocrx_word' id='word_1_771' title='bbox 1366 5434 1683 5505; x_wconf 83' lang='lat' dir='ltr'><strong>est,vivere</strong></span> <span class='ocrx_word' id='word_1_772' title='bbox 1712 5431 1838 5489; x_wconf 57' lang='lat' dir='ltr'><strong>~non</strong></span> <span class='ocrx_word' id='word_1_773' title='bbox 1879 5451 1975 5505; x_wconf 86' lang='lat' dir='ltr'><strong>p0-</strong></span> 
     </span>
    </p>
   </div>
   <div class='ocr_carea' id='block_1_104' title="bbox 400 5501 1974 5584">
    <p class='ocr_par' dir='ltr' id='par_1_104' title="bbox 400 5501 1974 5584">
     <span class='ocr_line' id='line_1_105' title="bbox 400 5501 1974 5584; baseline 0.001 -27"><span class='ocrx_word' id='word_1_774' title='bbox 400 5503 519 5557; x_wconf 92' lang='lat' dir='ltr'><strong>tuit.</strong></span> <span class='ocrx_word' id='word_1_775' title='bbox 544 5501 747 5584; x_wconf 77' lang='lat' dir='ltr'><strong>Regina</strong></span> <span class='ocrx_word' id='word_1_776' title='bbox 774 5517 904 5584; x_wconf 66' lang='lat' dir='ltr'><strong>vero</strong></span> <span class='ocrx_word' id='word_1_777' title='bbox 930 5501 1184 5584; x_wconf 62' lang='lat' dir='ltr'><strong>dicebat:</strong></span> <span class='ocrx_word' id='word_1_778' title='bbox 1218 5502 1327 5584; x_wconf 86' lang='lat' dir='ltr'><strong>Deo</strong></span> <span class='ocrx_word' id='word_1_779' title='bbox 1354 5504 1555 5573; x_wconf 86' lang='lat' dir='ltr'><strong>gratias</strong></span> <span class='ocrx_word' id='word_1_780' title='bbox 1579 5519 1700 5584; x_wconf 87' lang='lat' dir='ltr'><strong>ago,</strong></span> <span class='ocrx_word' id='word_1_781' title='bbox 1732 5505 1858 5584; x_wconf 78' lang='lat' dir='ltr'><strong>quia</strong></span> <span class='ocrx_word' id='word_1_782' title='bbox 1881 5501 1974 5560; x_wconf 57' lang='lat' dir='ltr'><strong>&#39;me</strong></span> 
     </span>
    </p>
   </div>
   <div class='ocr_carea' id='block_1_105' title="bbox 400 5572 1971 5644">
    <p class='ocr_par' dir='ltr' id='par_1_105' title="bbox 400 5572 1971 5644">
     <span class='ocr_line' id='line_1_106' title="bbox 400 5572 1971 5644; baseline 0.002 -18"><span class='ocrx_word' id='word_1_783' title='bbox 400 5587 505 5644; x_wconf 84' lang='lat' dir='ltr'><strong>non</strong></span> <span class='ocrx_word' id='word_1_784' title='bbox 536 5572 688 5628; x_wconf 83' lang='lat' dir='ltr'><strong>duxit</strong></span> <span class='ocrx_word' id='word_1_785' title='bbox 722 5572 1015 5644; x_wconf 90' lang='lat' dir='ltr'><strong>indignam,</strong></span> <span class='ocrx_word' id='word_1_786' title='bbox 1048 5581 1109 5644; x_wconf 85' lang='lat' dir='ltr'><strong>ut</strong></span> <span class='ocrx_word' id='word_1_787' title='bbox 1134 5573 1201 5626; x_wconf 87' lang='lat' dir='ltr'><strong>de</strong></span> <span class='ocrx_word' id='word_1_788' title='bbox 1234 5572 1388 5626; x_wconf 86' lang='lat' dir='ltr'><strong>utero</strong></span> <span class='ocrx_word' id='word_1_789' title='bbox 1416 5589 1535 5644; x_wconf 81' lang='lat' dir='ltr'><strong>meo</strong></span> <span class='ocrx_word' id='word_1_790' title='bbox 1556 5572 1971 5644; x_wconf 85' lang='lat' dir='ltr'><strong>primogenitum</strong></span> 
     </span>
    </p>
   </div>
   <div class='ocr_carea' id='block_1_106' title="bbox 400 5642 1974 5712">
    <p class='ocr_par' dir='ltr' id='par_1_106' title="bbox 400 5642 1974 5712">
     <span class='ocr_line' id='line_1_107' title="bbox 400 5642 1974 5712; baseline 0.002 -17"><span class='ocrx_word' id='word_1_791' title='bbox 400 5642 451 5712; x_wconf 82' lang='lat' dir='ltr'><strong>in</strong></span> <span class='ocrx_word' id='word_1_792' title='bbox 474 5657 644 5712; x_wconf 79' lang='lat' dir='ltr'><strong>regno</strong></span> <span class='ocrx_word' id='word_1_793' title='bbox 662 5658 760 5698; x_wconf 90' lang='lat' dir='ltr'><strong>suo</strong></span> <span class='ocrx_word' id='word_1_794' title='bbox 781 5642 1020 5712; x_wconf 86' lang='lat' dir='ltr'><strong>reeipere</strong></span> <span class='ocrx_word' id='word_1_795' title='bbox 1048 5642 1299 5711; x_wconf 87' lang='lat' dir='ltr'><strong>dignatus</strong></span> <span class='ocrx_word' id='word_1_796' title='bbox 1316 5652 1418 5695; x_wconf 89' lang='lat' dir='ltr'><strong>est.</strong></span> <span class='ocrx_word' id='word_1_797' title='bbox 1452 5642 1569 5711; x_wconf 87' lang='lat' dir='ltr'><strong>Ego</strong></span> <span class='ocrx_word' id='word_1_798' title='bbox 1609 5642 1789 5697; x_wconf 82' lang='lat' dir='ltr'><strong>autem</strong></span> <span class='ocrx_word' id='word_1_799' title='bbox 1828 5645 1974 5699; x_wconf 93' lang='lat' dir='ltr'><strong>nullo</strong></span> 
     </span>
    </p>
   </div>
   <div class='ocr_carea' id='block_1_107' title="bbox 400 5710 1973 5777">
    <p class='ocr_par' dir='ltr' id='par_1_107' title="bbox 400 5710 1973 5777">
     <span class='ocr_line' id='line_1_108' title="bbox 400 5710 1973 5777; baseline 0.003 -12"><span class='ocrx_word' id='word_1_800' title='bbox 400 5710 585 5768; x_wconf 82' lang='lat' dir='ltr'><strong>dolore</strong></span> <span class='ocrx_word' id='word_1_801' title='bbox 611 5713 664 5768; x_wconf 90' lang='lat' dir='ltr'><strong>in</strong></span> <span class='ocrx_word' id='word_1_802' title='bbox 689 5711 852 5769; x_wconf 91' lang='lat' dir='ltr'><strong>corde</strong></span> <span class='ocrx_word' id='word_1_803' title='bbox 880 5710 1000 5767; x_wconf 83' lang='lat' dir='ltr'><strong>meo</strong></span> <span class='ocrx_word' id='word_1_804' title='bbox 1023 5710 1123 5777; x_wconf 82' lang='lat' dir='ltr'><strong>pro</strong></span> <span class='ocrx_word' id='word_1_805' title='bbox 1145 5714 1245 5766; x_wconf 89' lang='lat' dir='ltr'><strong>hac</strong></span> <span class='ocrx_word' id='word_1_806' title='bbox 1269 5727 1431 5767; x_wconf 86' lang='lat' dir='ltr'><strong>causa</strong></span> <span class='ocrx_word' id='word_1_807' title='bbox 1463 5710 1686 5767; x_wconf 76' lang='lat' dir='ltr'><strong>retineo.</strong></span> <span class='ocrx_word' id='word_1_808' title='bbox 1713 5713 1839 5769; x_wconf 81' lang='lat' dir='ltr'><strong>l‘ost</strong></span> <span class='ocrx_word' id='word_1_809' title='bbox 1860 5715 1973 5769; x_wconf 61' lang='lat' dir='ltr'><strong>hate</strong></span> 
     </span>
    </p>
   </div>
   <div class='ocr_carea' id='block_1_108' title="bbox 2078 4457 3659 4528">
    <p class='ocr_par' dir='ltr' id='par_1_108' title="bbox 2078 4457 3659 4528">
     <span class='ocr_line' id='line_1_109' title="bbox 2078 4457 3659 4528; baseline 0.001 -16"><span class='ocrx_word' id='word_1_810' title='bbox 2078 4457 2287 4528; x_wconf 75' lang='lat' dir='ltr'><strong>mirum</strong></span> <span class='ocrx_word' id='word_1_811' title='bbox 2301 4460 2532 4512; x_wconf 86' lang='lat' dir='ltr'><strong>vocavit.</strong></span> <span class='ocrx_word' id='word_1_812' title='bbox 2564 4460 2631 4513; x_wconf 88' lang='lat' dir='ltr'><strong>Et</strong></span> <span class='ocrx_word' id='word_1_813' title='bbox 2658 4459 2746 4513; x_wconf 92' lang='lat' dir='ltr'><strong>hic</strong></span> <span class='ocrx_word' id='word_1_814' title='bbox 2774 4457 2897 4513; x_wconf 87' lang='lat' dir='ltr'><strong>cum</strong></span> <span class='ocrx_word' id='word_1_815' title='bbox 2925 4457 3190 4528; x_wconf 73' lang='lat' dir='ltr'><strong>aegrotare</strong></span> <span class='ocrx_word' id='word_1_816' title='bbox 3218 4457 3492 4525; x_wconf 87' lang='lat' dir='ltr'><strong>coepisset,</strong></span> <span class='ocrx_word' id='word_1_817' title='bbox 3521 4458 3659 4514; x_wconf 87' lang='lat' dir='ltr'><strong>dixit</strong></span> 
     </span>
    </p>
   </div>
   <div class='ocr_carea' id='block_1_109' title="bbox 2077 4526 3658 4599">
    <p class='ocr_par' dir='ltr' id='par_1_109' title="bbox 2077 4526 3658 4599">
     <span class='ocr_line' id='line_1_110' title="bbox 2077 4526 3658 4599; baseline 0.001 -17"><span class='ocrx_word' id='word_1_818' title='bbox 2077 4543 2172 4599; x_wconf 84' lang='lat' dir='ltr'><strong>rex</strong></span> <span class='ocrx_word' id='word_1_819' title='bbox 2198 4546 2210 4581; x_wconf 88' lang='lat'>:</span> <span class='ocrx_word' id='word_1_820' title='bbox 2246 4526 2358 4599; x_wconf 83' lang='lat' dir='ltr'><strong>Non</strong></span> <span class='ocrx_word' id='word_1_821' title='bbox 2387 4537 2565 4598; x_wconf 88' lang='lat' dir='ltr'><strong>potest</strong></span> <span class='ocrx_word' id='word_1_822' title='bbox 2588 4528 2753 4592; x_wconf 91' lang='lat' dir='ltr'><strong>aliud,</strong></span> <span class='ocrx_word' id='word_1_823' title='bbox 2770 4528 2871 4581; x_wconf 90' lang='lat' dir='ltr'><strong>nisi</strong></span> <span class='ocrx_word' id='word_1_824' title='bbox 2887 4538 2957 4599; x_wconf 12' lang='lat' dir='ltr'><strong>ret</strong></span> <span class='ocrx_word' id='word_1_825' title='bbox 2980 4526 3047 4583; x_wconf 84' lang='lat' dir='ltr'><strong>de</strong></span> <span class='ocrx_word' id='word_1_826' title='bbox 3073 4529 3176 4582; x_wconf 90' lang='lat' dir='ltr'><strong>isto</strong></span> <span class='ocrx_word' id='word_1_827' title='bbox 3198 4528 3275 4583; x_wconf 90' lang='lat' dir='ltr'><strong>sic</strong></span> <span class='ocrx_word' id='word_1_828' title='bbox 3296 4528 3369 4599; x_wconf 86' lang='lat' dir='ltr'><strong>sit</strong></span> <span class='ocrx_word' id='word_1_829' title='bbox 3390 4530 3658 4599; x_wconf 83' lang='lat' dir='ltr'><strong>quomodo</strong></span> 
     </span>
    </p>
   </div>
   <div class='ocr_carea' id='block_1_110' title="bbox 2076 4597 3656 4668">
    <p class='ocr_par' dir='ltr' id='par_1_110' title="bbox 2076 4597 3656 4668">
     <span class='ocr_line' id='line_1_111' title="bbox 2076 4597 3656 4668; baseline 0.002 -17"><span class='ocrx_word' id='word_1_830' title='bbox 2076 4598 2178 4651; x_wconf 88' lang='lat' dir='ltr'><strong>fuit</strong></span> <span class='ocrx_word' id='word_1_831' title='bbox 2207 4599 2272 4653; x_wconf 88' lang='lat' dir='ltr'><strong>de</strong></span> <span class='ocrx_word' id='word_1_832' title='bbox 2304 4597 2471 4652; x_wconf 86' lang='lat' dir='ltr'><strong>fratre</strong></span> <span class='ocrx_word' id='word_1_833' title='bbox 2499 4599 2632 4668; x_wconf 91' lang='lat' dir='ltr'><strong>ejus,</strong></span> <span class='ocrx_word' id='word_1_834' title='bbox 2668 4607 2728 4652; x_wconf 93' lang='lat' dir='ltr'><strong>ut</strong></span> <span class='ocrx_word' id='word_1_835' title='bbox 2754 4598 3059 4668; x_wconf 87' lang='lat' dir='ltr'><strong>baptizatus</strong></span> <span class='ocrx_word' id='word_1_836' title='bbox 3087 4598 3141 4652; x_wconf 92' lang='lat' dir='ltr'><strong>in</strong></span> <span class='ocrx_word' id='word_1_837' title='bbox 3191 4597 3420 4652; x_wconf 77' lang='lat' dir='ltr'><strong>nomine</strong></span> <span class='ocrx_word' id='word_1_838' title='bbox 3445 4597 3656 4668; x_wconf 82' lang='lat' dir='ltr'><strong>Christi</strong></span> 
     </span>
    </p>
   </div>
   <div class='ocr_carea' id='block_1_111' title="bbox 2074 4667 3655 4739">
    <p class='ocr_par' dir='ltr' id='par_1_111' title="bbox 2074 4667 3655 4739">
     <span class='ocr_line' id='line_1_112' title="bbox 2074 4667 3655 4739; baseline 0.001 -17"><span class='ocrx_word' id='word_1_839' title='bbox 2074 4670 2242 4722; x_wconf 89' lang='lat' dir='ltr'><strong>vestri</strong></span> <span class='ocrx_word' id='word_1_840' title='bbox 2283 4669 2389 4722; x_wconf 90' lang='lat' dir='ltr'><strong>cito</strong></span> <span class='ocrx_word' id='word_1_841' title='bbox 2433 4667 2712 4722; x_wconf 85' lang='lat' dir='ltr'><strong>moriatur.</strong></span> <span class='ocrx_word' id='word_1_842' title='bbox 2762 4667 2869 4722; x_wconf 85' lang='lat' dir='ltr'><strong>Sed</strong></span> <span class='ocrx_word' id='word_1_843' title='bbox 2907 4677 3098 4723; x_wconf 79' lang='lat' dir='ltr'><strong>orante</strong></span> <span class='ocrx_word' id='word_1_844' title='bbox 3128 4670 3331 4739; x_wconf 87' lang='lat' dir='ltr'><strong>regina,</strong></span> <span class='ocrx_word' id='word_1_845' title='bbox 3359 4676 3415 4722; x_wconf 91' lang='lat' dir='ltr'><strong>et</strong></span> <span class='ocrx_word' id='word_1_846' title='bbox 3440 4667 3655 4739; x_wconf 89' lang='lat' dir='ltr'><strong>Domini</strong></span> 
     </span>
    </p>
   </div>
   <div class='ocr_carea' id='block_1_112' title="bbox 2076 4738 3657 4809">
    <p class='ocr_par' dir='ltr' id='par_1_112' title="bbox 2076 4738 3657 4809">
     <span class='ocr_line' id='line_1_113' title="bbox 2076 4738 3657 4809; baseline 0.001 -18"><span class='ocrx_word' id='word_1_847' title='bbox 2076 4739 2442 4793; x_wconf 88' lang='lat' dir='ltr'><strong>misericordia</strong></span> <span class='ocrx_word' id='word_1_848' title='bbox 2473 4746 2857 4809; x_wconf 70' lang='lat' dir='ltr'><strong>prmcurrente,</strong></span> <span class='ocrx_word' id='word_1_849' title='bbox 2885 4740 3087 4808; x_wconf 90' lang='lat' dir='ltr'><strong>recepit</strong></span> <span class='ocrx_word' id='word_1_850' title='bbox 3113 4738 3418 4809; x_wconf 73' lang='lat' dir='ltr'><strong>sanitatem.</strong></span> <span class='ocrx_word' id='word_1_851' title='bbox 3452 4738 3657 4809; x_wconf 85' lang='lat' dir='ltr'><strong>Regina</strong></span> 
     </span>
    </p>
   </div>
   <div class='ocr_carea' id='block_1_113' title="bbox 2073 4808 3688 4878">
    <p class='ocr_par' dir='ltr' id='par_1_113' title="bbox 2073 4808 3688 4878">
     <span class='ocr_line' id='line_1_114' title="bbox 2073 4808 3688 4878; baseline 0 -17"><span class='ocrx_word' id='word_1_852' title='bbox 2073 4809 2205 4863; x_wconf 79' lang='lat' dir='ltr'><strong>vero</strong></span> <span class='ocrx_word' id='word_1_853' title='bbox 2235 4824 2338 4862; x_wconf 91' lang='lat' dir='ltr'><strong>non</strong></span> <span class='ocrx_word' id='word_1_854' title='bbox 2367 4809 2615 4863; x_wconf 89' lang='lat' dir='ltr'><strong>cessabat</strong></span> <span class='ocrx_word' id='word_1_855' title='bbox 2641 4808 2937 4878; x_wconf 68' lang='lat' dir='ltr'><strong>prmdicare</strong></span> <span class='ocrx_word' id='word_1_856' title='bbox 2968 4825 3149 4878; x_wconf 88' lang='lat' dir='ltr'><strong>regem</strong></span> <span class='ocrx_word' id='word_1_857' title='bbox 3176 4818 3234 4862; x_wconf 91' lang='lat' dir='ltr'><strong>ut</strong></span> <span class='ocrx_word' id='word_1_858' title='bbox 3258 4808 3428 4863; x_wconf 91' lang='lat' dir='ltr'><strong>Deum</strong></span> <span class='ocrx_word' id='word_1_859' title='bbox 3466 4808 3688 4863; x_wconf 63' lang='lat' dir='ltr'><strong>verum&#39;</strong></span> 
     </span>
    </p>
   </div>
   <div class='ocr_carea' id='block_1_114' title="bbox 2076 4878 3656 4947">
    <p class='ocr_par' dir='ltr' id='par_1_114' title="bbox 2076 4878 3656 4947">
     <span class='ocr_line' id='line_1_115' title="bbox 2076 4878 3656 4947; baseline -0.001 -15"><span class='ocrx_word' id='word_1_860' title='bbox 2076 4878 2299 4943; x_wconf 90' lang='lat' dir='ltr'><strong>coleret,</strong></span> <span class='ocrx_word' id='word_1_861' title='bbox 2321 4887 2377 4933; x_wconf 93' lang='lat' dir='ltr'><strong>et</strong></span> <span class='ocrx_word' id='word_1_862' title='bbox 2411 4879 2553 4932; x_wconf 91' lang='lat' dir='ltr'><strong>idola</strong></span> <span class='ocrx_word' id='word_1_863' title='bbox 2594 4895 2733 4932; x_wconf 88' lang='lat' dir='ltr'><strong>vana</strong></span> <span class='ocrx_word' id='word_1_864' title='bbox 2775 4894 2894 4947; x_wconf 67' lang='lat' dir='ltr'><strong>quae</strong></span> <span class='ocrx_word' id='word_1_865' title='bbox 2920 4878 3133 4933; x_wconf 90' lang='lat' dir='ltr'><strong>colebat</strong></span> <span class='ocrx_word' id='word_1_866' title='bbox 3161 4880 3507 4947; x_wconf 87' lang='lat' dir='ltr'><strong>relinqueret.</strong></span> <span class='ocrx_word' id='word_1_867' title='bbox 3549 4878 3656 4932; x_wconf 88' lang='lat' dir='ltr'><strong>Sed</strong></span> 
     </span>
    </p>
   </div>
   <div class='ocr_carea' id='block_1_115' title="bbox 2076 4947 3655 5014">
    <p class='ocr_par' dir='ltr' id='par_1_115' title="bbox 2076 4947 3655 5014">
     <span class='ocr_line' id='line_1_116' title="bbox 2076 4947 3655 5014; baseline 0 -13"><span class='ocrx_word' id='word_1_868' title='bbox 2076 4947 2221 5003; x_wconf 92' lang='lat' dir='ltr'><strong>nullo</strong></span> <span class='ocrx_word' id='word_1_869' title='bbox 2245 4949 2401 5002; x_wconf 88' lang='lat' dir='ltr'><strong>modo</strong></span> <span class='ocrx_word' id='word_1_870' title='bbox 2427 4949 2664 5002; x_wconf 88' lang='lat' dir='ltr'><strong>animum</strong></span> <span class='ocrx_word' id='word_1_871' title='bbox 2693 4948 2809 5014; x_wconf 75' lang='lat' dir='ltr'><strong>ejus</strong></span> <span class='ocrx_word' id='word_1_872' title='bbox 2839 4949 2905 5003; x_wconf 90' lang='lat' dir='ltr'><strong>ad</strong></span> <span class='ocrx_word' id='word_1_873' title='bbox 2948 4949 3273 5004; x_wconf 86' lang='lat' dir='ltr'><strong>credendum</strong></span> <span class='ocrx_word' id='word_1_874' title='bbox 3312 4963 3655 5002; x_wconf 87' lang='lat' dir='ltr'><strong>commovere</strong></span> 
     </span>
    </p>
   </div>
   <div class='ocr_carea' id='block_1_116' title="bbox 2073 5018 3654 5087">
    <p class='ocr_par' dir='ltr' id='par_1_116' title="bbox 2073 5018 3654 5087">
     <span class='ocr_line' id='line_1_117' title="bbox 2073 5018 3654 5087; baseline -0.001 -15"><span class='ocrx_word' id='word_1_875' title='bbox 2073 5025 2305 5087; x_wconf 79' lang='lat' dir='ltr'><strong>poterat,</strong></span> <span class='ocrx_word' id='word_1_876' title='bbox 2338 5018 2509 5073; x_wconf 89' lang='lat' dir='ltr'><strong>donec</strong></span> <span class='ocrx_word' id='word_1_877' title='bbox 2539 5019 2756 5073; x_wconf 87' lang='lat' dir='ltr'><strong>tandem</strong></span> <span class='ocrx_word' id='word_1_878' title='bbox 2777 5018 3065 5087; x_wconf 85' lang='lat' dir='ltr'><strong>aliquando</strong></span> <span class='ocrx_word' id='word_1_879' title='bbox 3092 5018 3290 5073; x_wconf 92' lang='lat' dir='ltr'><strong>bellum</strong></span> <span class='ocrx_word' id='word_1_880' title='bbox 3311 5028 3499 5074; x_wconf 80' lang='lat' dir='ltr'><strong>contra</strong></span> <span class='ocrx_word' id='word_1_881' title='bbox 3526 5018 3654 5072; x_wconf 78' lang='lat' dir='ltr'><strong>Ala-</strong></span> 
     </span>
    </p>
   </div>
   <div class='ocr_carea' id='block_1_117' title="bbox 2075 5087 3655 5159">
    <p class='ocr_par' dir='ltr' id='par_1_117' title="bbox 2075 5087 3655 5159">
     <span class='ocr_line' id='line_1_118' title="bbox 2075 5087 3655 5159; baseline 0.001 -18"><span class='ocrx_word' id='word_1_882' title='bbox 2075 5103 2303 5142; x_wconf 87' lang='lat' dir='ltr'><strong>mannos</strong></span> <span class='ocrx_word' id='word_1_883' title='bbox 2332 5087 2645 5159; x_wconf 86' lang='lat' dir='ltr'><strong>Suevosque</strong></span> <span class='ocrx_word' id='word_1_884' title='bbox 2683 5097 2992 5142; x_wconf 88' lang='lat' dir='ltr'><strong>moveretur</strong></span> <span class='ocrx_word' id='word_1_885' title='bbox 3044 5106 3058 5141; x_wconf 90' lang='lat'><strong>:</strong></span> <span class='ocrx_word' id='word_1_886' title='bbox 3113 5089 3169 5144; x_wconf 86' lang='lat' dir='ltr'><strong>in</strong></span> <span class='ocrx_word' id='word_1_887' title='bbox 3207 5104 3315 5159; x_wconf 91' lang='lat' dir='ltr'><strong>quo</strong></span> <span class='ocrx_word' id='word_1_888' title='bbox 3347 5088 3655 5159; x_wconf 89' lang='lat' dir='ltr'><strong>compulsus</strong></span> 
     </span>
    </p>
   </div>
   <div class='ocr_carea' id='block_1_118' title="bbox 2074 5158 3108 5229">
    <p class='ocr_par' dir='ltr' id='par_1_118' title="bbox 2074 5158 3108 5229">
     <span class='ocr_line' id='line_1_119' title="bbox 2074 5158 3108 5229; baseline -0.001 -17"><span class='ocrx_word' id='word_1_889' title='bbox 2074 5166 2163 5229; x_wconf 89' lang='lat' dir='ltr'><strong>est</strong></span> <span class='ocrx_word' id='word_1_890' title='bbox 2176 5158 2419 5229; x_wconf 67' lang='lat' dir='ltr'><strong>conliteri</strong></span> <span class='ocrx_word' id='word_1_891' title='bbox 2450 5174 2610 5227; x_wconf 90' lang='lat' dir='ltr'><strong>quem</strong></span> <span class='ocrx_word' id='word_1_892' title='bbox 2648 5166 2775 5212; x_wconf 89' lang='lat' dir='ltr'><strong>ante</strong></span> <span class='ocrx_word' id='word_1_893' title='bbox 2795 5166 3108 5229; x_wconf 90' lang='lat' dir='ltr'><strong>negaverat.</strong></span> 
     </span>
    </p>
   </div>
   <div class='ocr_carea' id='block_1_119' title="bbox 2145 5227 3656 5299">
    <p class='ocr_par' dir='ltr' id='par_1_119' title="bbox 2145 5227 3656 5299">
     <span class='ocr_line' id='line_1_120' title="bbox 2145 5227 3656 5299; baseline 0.001 -18"><span class='ocrx_word' id='word_1_894' title='bbox 2145 5228 2259 5282; x_wconf 71' lang='lat' dir='ltr'><strong>XV.</strong></span> <span class='ocrx_word' id='word_1_895' title='bbox 2295 5227 2516 5299; x_wconf 82' lang='lat' dir='ltr'><strong>Factum</strong></span> <span class='ocrx_word' id='word_1_896' title='bbox 2539 5237 2621 5283; x_wconf 85' lang='lat' dir='ltr'><strong>est</strong></span> <span class='ocrx_word' id='word_1_897' title='bbox 2643 5236 2844 5292; x_wconf 90' lang='lat' dir='ltr'><strong>autem,</strong></span> <span class='ocrx_word' id='word_1_898' title='bbox 2860 5227 3225 5299; x_wconf 79' lang='lat' dir='ltr'><strong>pugnantibus</strong></span> <span class='ocrx_word' id='word_1_899' title='bbox 3250 5228 3389 5284; x_wconf 90' lang='lat' dir='ltr'><strong>inter</strong></span> <span class='ocrx_word' id='word_1_900' title='bbox 3408 5244 3466 5284; x_wconf 90' lang='lat' dir='ltr'><strong>se</strong></span> <span class='ocrx_word' id='word_1_901' title='bbox 3487 5227 3656 5299; x_wconf 85' lang='lat' dir='ltr'><strong>Fran-</strong></span> 
     </span>
    </p>
   </div>
   <div class='ocr_carea' id='block_1_120' title="bbox 2075 5296 3657 5369">
    <p class='ocr_par' dir='ltr' id='par_1_120' title="bbox 2075 5296 3657 5369">
     <span class='ocr_line' id='line_1_121' title="bbox 2075 5296 3657 5369; baseline 0.002 -18"><span class='ocrx_word' id='word_1_902' title='bbox 2075 5312 2261 5352; x_wconf 87' lang='lat' dir='ltr'><strong>corum</strong></span> <span class='ocrx_word' id='word_1_903' title='bbox 2286 5306 2375 5369; x_wconf 79' lang='lat' dir='ltr'><strong>_et</strong></span> <span class='ocrx_word' id='word_1_904' title='bbox 2408 5296 2828 5369; x_wconf 72' lang='lat' dir='ltr'><strong>Alamannorum</strong></span> <span class='ocrx_word' id='word_1_905' title='bbox 2857 5296 3117 5369; x_wconf 73' lang='lat' dir='ltr'><strong>exet-citu,</strong></span> <span class='ocrx_word' id='word_1_906' title='bbox 3150 5309 3208 5352; x_wconf 92' lang='lat' dir='ltr'><strong>ut</strong></span> <span class='ocrx_word' id='word_1_907' title='bbox 3234 5299 3461 5369; x_wconf 85' lang='lat' dir='ltr'><strong>populus</strong></span> <span class='ocrx_word' id='word_1_908' title='bbox 3490 5298 3657 5355; x_wconf 88' lang='lat' dir='ltr'><strong>Chlo-</strong></span> 
     </span>
    </p>
   </div>
   <div class='ocr_carea' id='block_1_121' title="bbox 2075 5367 3655 5433">
    <p class='ocr_par' dir='ltr' id='par_1_121' title="bbox 2075 5367 3655 5433">
     <span class='ocr_line' id='line_1_122' title="bbox 2075 5367 3655 5433; baseline 0.001 -12"><span class='ocrx_word' id='word_1_909' title='bbox 2075 5367 2297 5422; x_wconf 89' lang='lat' dir='ltr'><strong>dovechi</strong></span> <span class='ocrx_word' id='word_1_910' title='bbox 2328 5367 2486 5421; x_wconf 90' lang='lat' dir='ltr'><strong>nimis</strong></span> <span class='ocrx_word' id='word_1_911' title='bbox 2513 5368 2752 5422; x_wconf 89' lang='lat' dir='ltr'><strong>caderet.</strong></span> <span class='ocrx_word' id='word_1_912' title='bbox 2782 5368 3095 5424; x_wconf 83' lang='lat' dir='ltr'><strong>Aurilianus</strong></span> <span class='ocrx_word' id='word_1_913' title='bbox 3124 5367 3560 5433; x_wconf 26' lang='lat' dir='ltr'><strong>haee’vi—dens,ait</strong></span> <span class='ocrx_word' id='word_1_914' title='bbox 3586 5368 3655 5424; x_wconf 88' lang='lat' dir='ltr'><strong>ad</strong></span> 
     </span>
    </p>
   </div>
   <div class='ocr_carea' id='block_1_122' title="bbox 2076 5437 3653 5505">
    <p class='ocr_par' dir='ltr' id='par_1_122' title="bbox 2076 5437 3653 5505">
     <span class='ocr_line' id='line_1_123' title="bbox 2076 5437 3653 5505; baseline 0.002 -15"><span class='ocrx_word' id='word_1_915' title='bbox 2076 5453 2256 5505; x_wconf 83' lang='lat' dir='ltr'><strong>regem</strong></span> <span class='ocrx_word' id='word_1_916' title='bbox 2294 5452 2307 5490; x_wconf 92' lang='lat'>:</span> <span class='ocrx_word' id='word_1_917' title='bbox 2346 5437 2572 5491; x_wconf 89' lang='lat' dir='ltr'><strong>Domine</strong></span> <span class='ocrx_word' id='word_1_918' title='bbox 2610 5439 2682 5491; x_wconf 92' lang='lat' dir='ltr'><strong>mi</strong></span> <span class='ocrx_word' id='word_1_919' title='bbox 2718 5454 2840 5502; x_wconf 86' lang='lat' dir='ltr'><strong>rex,</strong></span> <span class='ocrx_word' id='word_1_920' title='bbox 2870 5441 3029 5493; x_wconf 88' lang='lat' dir='ltr'><strong>crede</strong></span> <span class='ocrx_word' id='word_1_921' title='bbox 3067 5441 3435 5494; x_wconf 81' lang='lat' dir='ltr'><strong>tantummodo</strong></span> <span class='ocrx_word' id='word_1_922' title='bbox 3483 5440 3653 5495; x_wconf 89' lang='lat' dir='ltr'><strong>Deum</strong></span> 
     </span>
    </p>
   </div>
   <div class='ocr_carea' id='block_1_123' title="bbox 2074 5508 3664 5579">
    <p class='ocr_par' dir='ltr' id='par_1_123' title="bbox 2074 5508 3664 5579">
     <span class='ocr_line' id='line_1_124' title="bbox 2074 5508 3664 5579; baseline 0.003 -18"><span class='ocrx_word' id='word_1_923' title='bbox 2074 5509 2195 5579; x_wconf 62' lang='lat' dir='ltr'><strong>cmli</strong></span> <span class='ocrx_word' id='word_1_924' title='bbox 2226 5523 2383 5579; x_wconf 87' lang='lat' dir='ltr'><strong>quem</strong></span> <span class='ocrx_word' id='word_1_925' title='bbox 2434 5508 2617 5579; x_wconf 85' lang='lat' dir='ltr'><strong>regina</strong></span> <span class='ocrx_word' id='word_1_926' title='bbox 2673 5515 2760 5561; x_wconf 90' lang='lat' dir='ltr'><strong>tua</strong></span> <span class='ocrx_word' id='word_1_927' title='bbox 2806 5510 3079 5579; x_wconf 52' lang='lat' dir='ltr'><strong>praedicat.</strong></span> <span class='ocrx_word' id='word_1_928' title='bbox 3127 5510 3219 5564; x_wconf 92' lang='lat' dir='ltr'><strong>Ille</strong></span> <span class='ocrx_word' id='word_1_929' title='bbox 3261 5526 3388 5563; x_wconf 86' lang='lat' dir='ltr'><strong>vero</strong></span> <span class='ocrx_word' id='word_1_930' title='bbox 3434 5508 3664 5579; x_wconf 67' lang='lat' dir='ltr'><strong>elevatis</strong></span> 
     </span>
    </p>
   </div>
   <div class='ocr_carea' id='block_1_124' title="bbox 2075 5576 3652 5650">
    <p class='ocr_par' dir='ltr' id='par_1_124' title="bbox 2075 5576 3652 5650">
     <span class='ocr_line' id='line_1_125' title="bbox 2075 5576 3652 5650; baseline 0.003 -22"><span class='ocrx_word' id='word_1_931' title='bbox 2075 5577 2141 5650; x_wconf 69' lang='lat' dir='ltr'><strong>ad</strong></span> <span class='ocrx_word' id='word_1_932' title='bbox 2190 5576 2390 5650; x_wconf 64' lang='lat' dir='ltr'><strong>caelum</strong></span> <span class='ocrx_word' id='word_1_933' title='bbox 2427 5577 2635 5641; x_wconf 85' lang='lat' dir='ltr'><strong>oculis,</strong></span> <span class='ocrx_word' id='word_1_934' title='bbox 2663 5576 2963 5650; x_wconf 10' lang='lat' dir='ltr'><strong>conuiuatus</strong></span> <span class='ocrx_word' id='word_1_935' title='bbox 3011 5578 3263 5650; x_wconf 87' lang='lat' dir='ltr'><strong>Iacrymis</strong></span> <span class='ocrx_word' id='word_1_936' title='bbox 3312 5579 3485 5635; x_wconf 81' lang='lat' dir='ltr'><strong>dixit&#39;</strong></span> <span class='ocrx_word' id='word_1_937' title='bbox 3522 5578 3652 5634; x_wconf 81' lang='lat' dir='ltr'><strong>Jesu</strong></span> 
     </span>
    </p>
   </div>
   <div class='ocr_carea' id='block_1_125' title="bbox 2074 5645 3655 5720">
    <p class='ocr_par' dir='ltr' id='par_1_125' title="bbox 2074 5645 3655 5720">
     <span class='ocr_line' id='line_1_126' title="bbox 2074 5645 3655 5720; baseline 0.003 -21"><span class='ocrx_word' id='word_1_938' title='bbox 2074 5645 2497 5720; x_wconf 42' lang='lat' dir='ltr'><strong>Christedluem</strong></span> <span class='ocrx_word' id='word_1_939' title='bbox 2540 5649 2914 5720; x_wconf 71' lang='lat' dir='ltr'><strong>Cln&#39;odrbildis</strong></span> <span class='ocrx_word' id='word_1_940' title='bbox 2952 5665 3088 5720; x_wconf 87' lang='lat' dir='ltr'><strong>uxor</strong></span> <span class='ocrx_word' id='word_1_941' title='bbox 3113 5645 3227 5704; x_wconf 81' lang='lat' dir='ltr'><strong>mea</strong></span> <span class='ocrx_word' id='word_1_942' title='bbox 3256 5651 3512 5720; x_wconf 74' lang='lat' dir='ltr'><strong>pncdicat</strong></span> <span class='ocrx_word' id='word_1_943' title='bbox 3535 5665 3655 5720; x_wconf 79' lang='lat' dir='ltr'><strong>esse</strong></span> 
     </span>
    </p>
   </div>
   <div class='ocr_carea' id='block_1_126' title="bbox 2077 5715 3651 5787">
    <p class='ocr_par' dir='ltr' id='par_1_126' title="bbox 2077 5715 3651 5787">
     <span class='ocr_line' id='line_1_127' title="bbox 2077 5715 3651 5787; baseline 0.003 -17"><span class='ocrx_word' id='word_1_944' title='bbox 2077 5715 2272 5771; x_wconf 80' lang='lat' dir='ltr'><strong>Filium</strong></span> <span class='ocrx_word' id='word_1_945' title='bbox 2315 5715 2690 5787; x_wconf 73' lang='lat' dir='ltr'><strong>Dei-vi\i,qui</strong></span> <span class='ocrx_word' id='word_1_946' title='bbox 2748 5719 3001 5775; x_wconf 81' lang='lat' dir='ltr'><strong>subvenis</strong></span> <span class='ocrx_word' id='word_1_947' title='bbox 3046 5720 3098 5776; x_wconf 91' lang='lat' dir='ltr'><strong>in</strong></span> <span class='ocrx_word' id='word_1_948' title='bbox 3148 5715 3529 5785; x_wconf 77' lang='lat' dir='ltr'><strong>tribulatione,</strong></span> <span class='ocrx_word' id='word_1_949' title='bbox 3558 5719 3651 5786; x_wconf 82' lang='lat' dir='ltr'><strong>qui</strong></span> 
     </span>
    </p>
   </div>
  </div>
