4020 6170
390 295 418 348 1
428 292 530 348 457

1521 285 1747 343 (ΞΕΒΤΔ
1782 282 2026 342 REGUM
2061 281 2511 341 FRANCORUM.

3507 281 3647 343 ηδε

1985 395 2308 452 FREIIERI.

1770 398 1812 452 D
1836 396 1902 452 Ti

380 493 644 565 pi‘rrexit.
691 492 770 548 illi
813 493 929 548 haec
971 490 1270 556 audientes,
1314 487 1612 545 exercitum
1665 396 1963 542 mfxiinugt

2069 397 2364 543 inﬁget
2406 485 2706 542 subversio.
2747 486 3009 557 Deinceps
3042 501 3232 543 omnes
3271 486 3513 544 ecclesia:
3548 488 3646 546 Dei

381 582 644 653 colligunt
680 580 1137 651 Burgundionum.
1183 578 1577 647 Venientesqne
1612 576 1837 632 Divione
1872 591 1971 641 ca-_

381 683 559 730 strum
607 686 769 742 super
814 671 1108 726 Hoscarum
1139 667 1271 741 [Αι.,
1299 666 1580 740 Oscaram]
1619 666 1861 732 iiuvium,
1888 666 1963 721 ibi

380 766 527 821 inter
565 780 625 820 se
662 763 816 818 valde
843 761 1101 818 atrociter
1144 759 1556 839 conﬂigentibus
1583 758 1887 814 Chiodoveo
1910 765 1967 815 et

380 855 717 912 Gundobado
740 868 805 908 ac
829 851 1204 923 Godcghisclo,
1228 850 1637 921 Burgundiones
1662 858 1812 920 terga
1837 865 1963 905 ver-

381 953 586 1002 terunt.
623 944 960 1001 Cblodoveus
992 959 1227 1014 quoque,
1254 945 1395 1000 sicut
1421 944 1647 1007 solebat,
1672 943 1845 998 vietor
1871 959 1965 999 ex-

379 1037 543 1093 stitit.
579 1035 894 1104 Alliictoque
918 1036 1156 1091 exercitu
1187 1035 1648 1106 Burgundionum,
1672 1033 1965 1090 Gundeba-

304 1142 318 1159 κ
380 1127 486 1182 dus
524 1135 580 1181 et
629 1124 1013 1195 Godeghiselus
1048 1125 1101 1178 in
1146 1123 1325 1194 fugam
1346 1124 1488 1179 versi
1517 1125 1605 1178 vix
1650 1132 1959 1179 evaserunt.

378 1217 747 1274 Gundobadus
781 1217 835 1271 in
861 1215 1194 1271 Avenionem
1223 1214 1497 1270 civitatem
1536 1229 1702 1283 super
1741 1214 1965 1270 Rhoda-

378 1326 512 1368 num
540 1311 834 1381 ingressus,
867 1309 940 1363 ibi
974 1310 1039 1363 se
1064 1308 1303 1364 reclusit.
1353 1307 1461 1362 Sed
1499 1306 1838 1363 Chlodovens
1866 1321 1960 1361 rex

379 1401 509 1456 illuc
533 1415 656 1454 eum
688 1407 1005 1470 persecutus
1032 1398 1263 1453 obsedit.
1293 1397 1396 1465 Qui
1422 1414 1543 1453 cum
1575 1398 1749 1467 ipsam
1775 1398 1965 1453 urbem

377 1490 668 1561 eil'ringere
712 1506 819 1545 non
865 1490 1184 1559 potuissent,
1227 1488 1503 1558 regionem
1548 1488 1694 1542 illam
1736 1488 1964 1543 nimium

380 1589 731 1637 vastaverunt
766 1579 978 1635 Franci.
1022 1578 1384 1634 Gundobadus
1408 1579 1592 1649 itaque
1617 1579 1766 1633 misit
1788 1578 1967 1634 consi-

381 1669 599 1724 liarium
624 1684 781 1724 suum
810 1668 1127 1738 sapientem,
1168 1666 1424 1724 Aredium
1469 1669 1706 1734 nomine,
1750 1676 1810 1723 ut
1851 1668 1968 1724 ani-

382 1778 532 1817 mum
558 1760 784 1816 furentis
807 1760 1096 1817 Chlodovei
1144 1761 1288 1831 regis
1325 1775 1424 1831 per
1467 1776 1623 1815 suum
1679 1760 1966 1816 consilium

2064 585 2120 632 et
2146 579 2486 641 s:-cerdotes,
2520 577 2622 632 hoc
2659 578 2961 647 exemplum
3014 578 3323 644 imitantes,
3367 594 3540 648 usque
3582 579 3650 635 ad

2062 682 2301 736 pnescns
2349 668 2491 737 ipsas
2536 667 2814 725 triduanas
2860 666 3081 722 litanias
3134 668 3335 738 ubique
3375 667 3651 726 celebrare

2063 768 2330 815 noscuntu
2338 776 2383 813 r.

2062 870 2192 927 CAP.
2224 868 2385 925 XVII.
2424 897 2497 911 —-
2541 869 2615 923 De
2651 867 2921 924 miraculis
2957 868 3050 922 Dei
3087 867 3378 923 Cltlodovco
3407 871 3648 930 ostemis.

2222 951 2271 994 et
2296 941 2421 1012 quia
2447 938 2658 994 devictis
2681 938 2864 994 Gothis
2894 938 3165 993 Alaricum
3199 940 3481 1008 interfecit.

2135 1029 2339 1102 (Greg.,
2370 1027 2462 1082 lib.
2489 1045 2550 1094 tt,
2577 1046 2624 1082 c.
2641 1027 2755 1099 5'7.)
2775 1028 2832 1083 in
2858 1028 2963 1083 illis
2985 1028 3174 1083 diebus
3196 1043 3287 1084 rex
3313 1028 3653 1087 Chlodovcus

2063 1138 2186 1178 cum
2213 1122 2447 1177 venisset
2485 1121 2725 1176 Parisius
2767 1121 3073 1186 civitatem,
3103 1121 3181 1175 ait
3210 1121 3279 1175 ad
3320 1121 3561 1192 reginam
3599 1134 3653 1178 et

2063 1214 2130 1268 ad
2153 1213 2406 1284 populum
2429 1228 2585 1268 suum
2611 1226 2626 1264 :
2660 1211 2805 1266 Satis
2840 1212 2973 1266 mihi
3001 1211 3287 1267 molestum
3316 1221 3401 1267 est
3426 1212 3651 1284 [durum

2062 1302 2304 1374 videtur]
2335 1302 2478 1372 quod
2500 1300 2660 1356 Gotbi
2689 1299 2877 1355 Ariani
2914 1308 3120 1370 partem
3156 1300 3417 1370 optimam
3445 1301 3649 1357 Gallia-

2064 1411 2185 1450 rum
2224 1404 2426 1450 tcnent.
2479 1396 2678 1450 Eamus
2721 1409 2843 1449 cum
2891 1394 2987 1448 Dei
3031 1392 3253 1458 auxilio,
3287 1402 3341 1449 et
3372 1392 3653 1462 ejiciamus

2063 1499 2159 1540 eos
2183 1487 2250 1539 de
2273 1485 2385 1554 ipsa
2415 1492 2580 1548 terra,
2605 1484 2913 1552 nostrisque
2934 1498 3055 1537 eam
3083 1482 3378 1537 ditionibus
3403 1482 3654 1551 subjicia-

2065 1590 2206 1637 mus,
2229 1574 2353 1644 quia
2380 1574 2531 1627 valde
2560 1575 2699 1629 bona
2737 1581 2839 1628 est.
2888 1571 3206 1640 Piacuitque
3235 1574 3337 1627 hoc
3365 1572 3651 1626 consilium

2064 1665 2377 1735 proceribus
2406 1662 2759 1718 Francorum.
2793 1663 2945 1717 Tunc
2970 1662 3265 1718 Chrotildis
3303 1663 3488 1733 regina
3523 1678 3653 1718 con-

2067 1754 2248 1809 silium
2277 1753 2423 1809 dedit
2449 1754 2557 1823 regi
2587 1754 2810 1808 dicens:
2843 1752 3087 1817 Faciens,
3119 1753 3325 1822 inquit,
3359 1751 3519 1808 faciet
3548 1753 3653 1807 Do-

380 1854 644 1923 optimum
669 1851 964 1923 mitigaret.
1001 1829 1380 1921 Dederuhtque
1400 1850 1450 1907 ei
1484 1866 1706 1906 munera
1731 1851 1965 1917 infinita,
1992 1829 2042 1889 Β
2071 1844 2251 1899 minus
2274 1843 2416 1898 Deus
2442 1842 2725 1897 victoriam
2753 1844 2805 1897 in
2832 1843 3082 1897 manibus
3110 1844 3313 1897 domini
3345 1845 3449 1899 mei
3488 1844 3651 1913 regis.

381 1945 500 2000 auri
528 1953 583 2000 et
606 1943 812 2016 argenti
839 1944 1075 2013 pondera
1105 1942 1293 2007 multa,
1324 1950 1486 2012 atque
1514 1956 1573 1999 se
1597 1943 1698 1998 sub
1718 1942 1837 2013 ejus
1865 1943 1966 1998 tri-

378 2035 512 2089 buto
535 2031 974 2104 subjugaverunt.
1004 2031 1341 2088 Chlodoveus
1363 2047 1492 2087 vero
1526 2031 1722 2087 ablatis
1754 2032 1971 2087 thesau-

382 2123 462 2180 ris
506 2139 628 2177 cutn
669 2123 850 2192 prteda
889 2122 1124 2176 maxima
1169 2137 1293 2178 cum
1344 2121 1677 2178 Francorum
1726 2123 1969 2179 exercitu

380 2229 635 2270 reversus
660 2220 744 2267 est
766 2212 957 2267 victor.

451 2307 510 2361 in
537 2306 623 2360 bis
649 2304 980 2373 temporibus
1027 2301 1130 2358 fuit
1174 2302 1230 2358 in
1270 2302 1532 2359 Viennam
1567 2304 1757 2359 urbem
1784 2312 1970 2359 terrze-

382 2409 564 2455 motus
586 2398 874 2461 maximus,
908 2395 1001 2451 ubi
1036 2395 1219 2452 multa:
1257 2396 1500 2453 ecclesia:
1524 2405 1579 2452 et
1615 2398 1807 2453 domus
1832 2397 1970 2451 mul-

360 2501 563 2547 torum
614 2506 891 2547 concussa!
936 2488 1152 2545 fuerunt
1200 2497 1257 2545 et
1302 2490 1594 2546 subversae.
1653 2489 1729 2545 ibi
1779 2489 1968 2547 bestire

382 2586 566 2639 multm
605 2584 942 2646 oberrantes,
974 2580 1118 2651 lupi,
1160 2579 1273 2636 ursi
1319 2595 1385 2636 ac
1423 2579 1592 2635 cervi.
1631 2579 1969 2649 ingressique

378 2689 482 2748 per
500 2681 710 2745 portam
750 2672 1020 2737 civitatis,
1060 2671 1393 2726 devorabam
1433 2669 1713 2740 plurimos.
1753 2668 1861 2722 Per
1880 2676 1965 2723 to-

383 2772 499 2819 tum
523 2771 702 2818 autem
741 2776 942 2816 annum
982 2760 1086 2815 hoc
1130 2757 1420 2814 faciebant.
1468 2756 1735 2829 (Gregor.,
1780 2756 1872 2811 lib.
1902 2772 1964 2821 ιι,

382 2869 498 2923 cap.
543 2851 672 2921 56).
708 2850 845 2905 Nam
882 2850 1131 2905 veniente
1153 2846 1433 2902 Dominica
1479 2846 1819 2902 solemnitate
1860 2844 1966 2902 diei

381 2950 586 2997 sancite
617 2941 857 3006 Pascbae,
889 2947 1107 2995 sanctus
1154 2937 1477 3001 Mamertus,
1523 2935 1615 3007 qui
1650 2936 1703 2991 in
1739 2952 1804 2992 ea
1831 2937 1967 2991 urbe

381 3041 502 3087 erat
522 3032 822 3102 cpiscopus,
852 3030 980 3086 dum
1007 3028 1297 3084 missarum
1334 3025 1594 3083 solemnia
1625 3022 1770 3099 [Al.,
1797 3026 1968 3082 sacri-

384 3121 530 3193 ﬁcia]
554 3122 668 3193 ipsa
692 3120 874 3190 vigilia
902 3118 1229 3183 celebraret,
1268 3116 1528 3186 palatium
1550 3131 1762 3186 quoque
1786 3116 1965 3186 regale

2070 1933 2175 1988 Sed
2199 1942 2256 1988 tu
2286 1934 2412 1989 audi
2445 1933 2695 1989 ancillam
2720 1940 2888 1997 tuam,
2917 1940 2972 1987 et
2999 1931 3260 1987 faciamus
3286 1932 3570 1988 ecclesiam
3600 1933 3654 1988 iu

2068 2025 2330 2079 honorem
2375 2023 2673 2079 beatissimi
2703 2022 2847 2078 Petri
2886 2022 3147 2093 principis
3179 2024 3568 2092 apostolorum,
3596 2026 3673 2078 ut'

2067 2114 2137 2169 sit
2163 2114 2255 2168 tibi
2280 2113 2568 2167 auxiliator
2590 2113 2644 2167 in
2669 2112 2830 2168 bello.
2852 2114 2916 2167 Et
2939 2128 3029 2167 rex
3052 2114 3158 2167 ait:
3186 2113 3368 2169 Placet
3390 2115 3494 2170 hoc
3511 2115 3655 2184 quod

2068 2203 2325 2269 hortaris,
2356 2203 2429 2257 ita
2470 2202 2750 2258 faciamus.
2774 2202 2927 2258 Tunc
2959 2220 3053 2257 rex
3079 2202 3306 2273 projccit
3330 2221 3360 2259 a
3390 2220 3449 2260 se
3492 2206 3546 2260 in
3575 2205 3656 2260 di-

2067 2301 2275 2348 rectum
2302 2292 2587 2363 bipennem
2615 2308 2788 2359 suam,
2814 2294 2955 2362 quod
2985 2302 3068 2348 est
3086 2293 3370 2373 francisca,
3397 2304 3453 2349 et
3477 2295 3649 2363 dixit;

2066 2380 2256 2439 Fiatur
2297 2382 2527 2438 ecclesia
2579 2383 2864 2438 beatorum
2903 2382 3291 2454 apostoiorum,
3343 2387 3469 2440 dum
3502 2386 3656 2444 auxi—
3732 2432 3741 2439 ,

2066 2473 2231 2529 iiante
2250 2474 2358 2528 Deo
2384 2463 2725 2529 revertimur.
2747 2472 3051 2529 Commovit
3077 2482 3257 2529 autem
3282 2490 3376 2530 rex
3395 2484 3655 2531 cunctum

2067 2567 2365 2622 exercitum
2394 2580 2573 2632 suum,
2602 2566 2860 2636 populum
2907 2564 3242 2622 Francorum
3265 2608 3281 2633 ,
3322 2576 3378 2623 et
3420 2567 3657 2623 Pictavis

2065 2656 2283 2712 direxit.
2326 2656 2401 2711 ibi
2440 2657 2586 2712 enim
2612 2666 2743 2711 tunc
2783 2650 3033 2711 Alaricus
3058 2671 3150 2712 rex
3178 2655 3475 2713 Gothorum
3509 2673 3656 2714 com-

2066 2750 2400 2805 morabatur.
2452 2748 2523 2803 At
2554 2764 2681 2803 vero
2730 2765 2852 2803 cum
2904 2748 3073 2803 multa
3112 2765 3239 2820 pars
3281 2749 3518 2805 hostium
3557 2765 3658 2819 per

2066 2843 2399 2899 territorium
2447 2843 2789 2897 Turonorum
2835 2841 3327 2916 [Al.,'i‘orinicum]
3378 2844 3654 2912 transiret,

2064 2934 2322 3005 praecepit
2349 2950 2463 2999 rex,
2489 2949 2587 3003 pro
2619 2934 2917 2989 reverentia
2958 2934 3129 2988 sancti
3159 2934 3397 3000 Martini,
3431 2943 3491 2989 ut
3520 2934 3657 2989 nih-t

2065 3024 2212 3079 aliud
2255 3025 2360 3080 nisi
2406 3025 2629 3079 herbam
2670 3034 3059 3095 prmsumerent
3091 3028 3338 3096 accipere
3366 3026 3434 3081 ad
3464 3041 3654 3081 eorum

2064 3131 2235 3188 equos
2279 3115 2713 3170 sustentandum.
2752 3114 2959 3170 Direxit
2990 3114 3172 3184 itaque
3210 3116 3429 3171 nuntios
3459 3131 3554 3170 rex
3580 3122 3653 3171 ad

384 3214 528 3283 quod
549 3213 605 3268 in
622 3213 841 3268 civitate
858 3221 978 3267 erat
997 3210 1179 3266 divino
1198 3211 1320 3280 igne
1340 3225 1657 3273 succensum
1677 3218 1780 3266 est.
1804 3210 1967 3266 Cum-
1988 3195 2037 3258 Ο
2068 3210 2211 3265 beati
2262 3207 2478 3262 Martini
2512 3207 2793 3261 basilicam
2828 3221 2952 3260 cum
2985 3205 3299 3260 muneribus
3341 3205 3556 3270 multis,
3601 3211 3656 3261 et

382 3321 491 3375 que
517 3306 635 3360 haec
658 3313 965 3375 agerentur,
1005 3303 1470 3374 appropinquante
1503 3302 1833 3359 Ascensione
1860 3303 1966 3359 Do-

382 3394 541 3460 mini,
570 3393 762 3449 indixit
774 3392 1041 3465 jejunium
1069 3394 1381 3449 triduanum
1403 3393 1489 3447 vir
1520 3392 1619 3448 Dei
1648 3400 1870 3448 sanctus
1908 3391 1966 3446 in

383 3482 602 3554 populo,
640 3498 763 3539 cum
789 3483 994 3554 gemitu
1018 3490 1074 3538 ct
1100 3482 1427 3538 contritione
1463 3481 1705 3550 spiritus,
1731 3480 1967 3535 instituit

382 3573 573 3627 orandi
599 3572 839 3637 modum,
862 3571 1056 3627 edendi
1079 3571 1292 3635 seriem,
1318 3570 1576 3640 erogandi
1605 3568 1831 3624 hilarem
1858 3571 1969 3626 dis-

381 3661 774 3731 pensationem.
818 3659 970 3715 Tunc
996 3658 1126 3731 [Αι.,
1163 3667 1219 3713 et
1244 3659 1568 3715 contritione
1611 3658 1834 3728 spiritus
1878 3661 1965 3717 his

382 3752 716 3823 temporibus
741 3765 956 3823 semper
974 3750 1258 3806 celebrari.
1284 3750 1456 3823 Tunc]
1477 3751 1711 3808 cessavit
1728 3752 1843 3823 ipsa
1870 3754 1965 3809 tri-

2064 3318 2205 3372 equo
2226 3315 2325 3355 suo
2349 3298 2710 3362 velocissimo,
2727 3310 2885 3367 quem
2905 3314 3000 3353 rex
3030 3299 3246 3353 amabat
3266 3299 3581 3368 plurimum,
3598 3306 3657 3353 et

2067 3396 2183 3451 ait:
2216 3393 2314 3457 ite,
2349 3400 2406 3446 et
2443 3390 2666 3446 forsitan
2710 3389 2953 3445 victoriae
2984 3389 3189 3460 aliquid
3223 3406 3289 3446 ex
3318 3399 3508 3446 sancto
3538 3407 3661 3447 ser-

2065 3500 2227 3541 mone
2254 3481 2534 3553 accipietis
2561 3496 2592 3534 a
2625 3479 2921 3549 Scripturis
2945 3479 3170 3535 sanctis.
3203 3479 3357 3537 Tunc
3381 3480 3522 3536 datis
3542 3496 3665 3535 mu-

2066 3574 2288 3630 neribus
2312 3571 2537 3627 nuntius
2560 3571 2696 3627 dixit
2720 3588 2733 3623 :
2768 3569 2826 3624 Si
2853 3578 2907 3631 tu
2940 3569 3081 3625 Deus
3104 3567 3322 3639 adjutor
3340 3570 3474 3626 mihi
3499 3585 3576 3629 es.
3609 3577 3667 3625 et

2068 3673 2282 3736 gentem
2310 3662 2451 3717 hanc
2475 3661 2806 3717 incredulam
2835 3660 2930 3715 tibi
2962 3659 3095 3715 meis
3135 3661 3389 3718 inanibus
3413 3660 3660 3716 tradide-

2069 3757 2166 3823 ris,
2199 3756 2253 3809 in
2299 3754 2545 3824 ingressu
2592 3750 2856 3816 basilicae,
2891 3758 3077 3807 sancte
3118 3750 3368 3818 Martiae,
3404 3751 3657 3823 dignatus

1577 3863 1809 3920 CODEX
1844 3862 2388 3923 CAMERACENSIS.

386 3973 536 4021 num,
560 3954 925 4025 Gundebadus
947 3962 1003 4009 et
1019 3952 1406 4025 Godeghiselus
1428 3953 1482 4009 in
1511 3954 1691 4025 fugam
1712 3958 1852 4013 versi
1869 3958 1960 4012 vix

385 4035 694 4084 evaserunt.
723 4024 1084 4080 Gundobadus
1118 4024 1191 4079 in’
1212 4024 1528 4080 Avennione
1555 4024 1771 4081 civitate
1799 4043 1962 4084 suber

386 4098 704 4152 Rhodanum
733 4096 1029 4165 ingressus,
1056 4094 1131 4165 ibi
1159 4109 1239 4165 se
1265 4094 1504 4150 reclusit.
1553 4094 1961 4154 Chlodovechus

388 4168 497 4223 illic
536 4182 659 4220 eum
701 4163 1016 4236 persecutus
1061 4163 1289 4236 obsedit,
1320 4173 1587 4236 quatenus
1630 4166 1697 4219 de
1744 4167 1962 4223 civitate

388 4233 718 4293 extractum‘
740 4235 1093 4289 interimeret.
1135 4233 1288 4306 Quod
1334 4233 1427 4289 ille
1471 4234 1718 4300 audiens,
1760 4252 1962 4306 pavore

388 4307 727 4379 perterritus,
761 4306 1034 4359 metuebat
1059 4319 1127 4358 ne
1153 4304 1202 4358 ei
1229 4319 1377 4379 mors
1397 4306 1677 4379 repentina
1712 4304 1963 4379 succede-

2060 3957 2332 4042 jucundus
2441 3953 2668 4036 fabulis,
2697 3960 2962 4042 strenuus
2993 3952 3051 4042 in
3067 3952 3653 4042 consiliisﬁju'stus‘in

2060 4022 2298 4100 judiciis,
2322 4034 2376 4079 ct
2399 4025 2451 4079 in
2472 4023 2776 4100 commissis
2793 4023 2985 4078 fidelis.
3010 4022 3248 4100 Denique
3277 4022 3655 4100 Chlodoveciio

2066 4094 2189 4155 cum
2230 4110 2389 4150 omne
2425 4096 2664 4150 exercitu
2697 4094 2841 4149 circa
2872 4108 3057 4148 muros
3084 4095 3236 4147 urbis
3264 4096 3555 4160 residente,
3580 4096 3658 4152 ait

2064 4168 2327 4223 Aridius:
2379 4165 2439 4246 Si
2486 4166 2805 4246 dignanter,
2846 4178 2880 4218 ο
2926 4179 3046 4227 rex,
3093 4163 3264 4233 gloria
3319 4166 3655 4246 celsitudinis

2068 4248 2176 4294 tua:
2200 4235 2743 4308 paucoshumiiitatis
2789 4248 2922 4288 mea:
2970 4248 3253 4308 sermones
3299 4235 3463 4308 vellet
3510 4237 3641 4290 acci-

2067 4303 2218 4378 pere,
2246 4306 2547 4378 consilium,
2572 4305 2696 4358 licet
2723 4318 2833 4378 non
2855 4303 3079 4378 egeatis,
3105 4311 3282 4356 tamen
3306 4303 3424 4378 fide
3440 4305 3650 4378 integra

390 4371 490 4433 ret.
521 4375 765 4430 ilabebat
791 4382 1181 4448 tamen_sccum
1207 4374 1386 4448 virum
1414 4371 1678 4448 illustrem
1695 4374 1960 4448 Atidium,
1992 4389 2043 4448 ι)
2068 4371 2454 4448 miniStrarcm.
2480 4374 2733 4442 idemque
2752 4371 2848 4448 vel
2864 4371 2959 4425 tibi
2978 4387 3330 4448 _co_t_igruum,_
3342 4373 3427 4427 vel
3455 4371 3653 4448 civita-

387 4456 667 4515 strenuum
689 4455 850 4515 atque
879 4445 1194 4515 sapientem.
1222 4443 1394 4515 Quem
1421 4445 1486 4499 ad
1526 4460 1585 4499 se
1621 4447 1963 4515 accersitum,

393 4520 509 4572 ait:
546 4513 867 4570 Vallant‘me
895 4514 1132 4585 undique
1154 4513 1449 4585 angustiae,
1493 4522 1548 4569 et
1594 4515 1723 4584 quid
1770 4514 1966 4571 faciam

394 4587 602 4657 ignoro,
632 4585 758 4657 quia
788 4582 1058 4657 venerunt
1072 4583 1125 4637 bi
1154 4582 1372 4637 barbari
1402 4582 1710 4657 supernos,
1731 4592 1792 4657 ut
1814 4585 1970 4657 nobis

394 4651 733 4725 interemptis
748 4654 1022 4725 regionem
1042 4660 1209 4725 totam
1231 4651 1497 4725 evertant.
1513 4651 1601 4725 Ad
1619 4654 1733 4725 haec
1751 4653 1970 4725 Aridius

394 4725 470 4779 ait
500 4721 764 4793 :Oportet
796 4721 849 4776 te
892 4723 1061 4778 lenire
1100 4721 1369 4793 feritatem
1404 4723 1637 4778 hominis
1680 4721 1861 4793 hujus,
1901 4741 1970 4782 ne

464 4791 601 4847 reas;
641 4791 793 4864 Nune
817 4807 968 4864 ergo,
995 4793 1040 4847 si
1067 4792 1245 4864 placet
1269 4793 1323 4846 in
1340 4793 1521 4864 oculis
1548 4794 1674 4864 tuis,
1701 4791 1802 4863 ego
1839 4810 1871 4848 a
1916 4803 1972 4864 te

411 4866 580 4933 'ugere
611 4870 668 4916 et
699 4862 766 4916 ad
791 4862 914 4917 eum
945 4863 1179 4933 transire
1201 4862 1592 4918 consimulabo.
1619 4862 1863 4932 Cumque
1903 4863 1971 4919 ad

394 4931 518 4989 enin
540 4946 842 5003 accessero,
872 4947 972 5002 ego
980 4931 1186 5003 faciam
1215 4940 1276 4986 ut
1302 4946 1477 5003 neque
1505 4940 1579 5003 te,
1619 4931 1793 5003 neque
1831 4933 1973 4988 banc

396 5011 625 5058 noceant
654 5000 944 5072 regionem.
963 5000 1209 5072 ATantum
1239 5008 1299 5054 ut
1325 5002 1466 5072 quod
1488 5002 1582 5056 tibi
1610 5000 1814 5072 per'me
1845 5018 1974 5056 con-

393 5073 575 5128 silium
597 5069 1003 5125 demandaverit
1030 5069 1249 5139 implere
1271 5069 1490 5125 studeas
1504 5111 1519 5135 ,
1542 5069 1713 5127 donec
1749 5087 1972 5127 causam

396 5151 544 5197 tuam
560 5140 816 5211 Dominus
832 5138 1142 5211 prosperam
1164 5138 1342 5195 facere
1367 5155 1464 5195 sua
1484 5142 1683 5211 pietate
1702 5141 1969 5211 dignetur.

396 5212 464 5267 Et
517 5211 626 5277 ille,
672 5208 911 5281 Faciam,
959 5208 1161 5281 inquit,
1200 5208 1556 5281 quodcunque
1608 5208 1969 5281 mandaveris.

394 5281 519 5336 ihec
539 5296 604 5336 co
627 5280 864 5343 dicente,
886 5278 1006 5333 vale
1032 5278 1485 5335 dicens’Aredius
1519 5281 1785 5346 discessit,
1807 5288 1864 5334 et
1905 5279 1970 5333 ad

392 5350 830 5422 Cblodovecbum
860 5363 1042 5422 regem
1083 5347 1290 5415 abiens,
1314 5350 1429 5403 ait:
1460 5351 1599 5405 Ecce
1627 5365 1727 5422 ego
1754 5350 1973 5422 humilis

396 5430 538 5487 tuus,
558 5420 799 5492 piissime
837 5418 953 5492 rex,
976 5418 1045 5492 ad
1076 5426 1224 5492 tuam
1264 5422 1560 5492 potentiam
1600 5418 1780 5492 venio,
1812 5419 1976 5492 relin-

395 5488 746 5561 quens'illum
792 5489 1154 5561 miserrimum
1187 5488 1596 5561 Guhdobadum.
1626 5490 1780 5561 Quod
1809 5490 1971 5561 sime

306 5594 313 5602 -
394 5558 568 5631 pictas
597 5569 687 5631 tua
719 5558 959 5629 recipere
985 5559 1255 5631 dignatur,
1279 5560 1545 5631 integrum
1574 5559 1974 5631 rmegfamulurn

395 5628 560 5702 atque
589 5628 993 5702 fidelem,tu__et
1014 5628 1213 5698 pestcri
1244 5630 1318 5684 tui
1347 5628 1633 5702 habebitis.
1660 5628 1841 5702 Quem
1886 5628 1975 5702 ille

395 5698 797 5774 promptissime
843 5699 1122 5773 colligens,
1151 5714 1334 5756 secum
1375 5698 1614 5756 retinuit.
1658 5699 1791 5756 Erat
1827 5699 1973 5755 enim

2070 4447 2215 4501 tibus
2234 4447 2359 4507 erit,
2390 4458 2488 4513 per
2512 4440 2660 4511 quas
2682 4442 2937 4513 transire
2961 4440 3249 4513 deliberas.
3290 4442 3421 4508 Cur,
3452 4443 3651 4513 inquit,

2069 4516 2273 4571 retines
2291 4509 2610 4575 exercitum,
2624 4527 2747 4567 cum
2766 4510 2886 4565 loco
2909 4509 3223 4566 firmissimo
3250 4520 3373 4567 tuus
3402 4509 3653 4569 rcsedeat

2067 4584 2355 4640 inimicus?
2382 4581 2737 4653 Depopularis
2748 4595 2931 4653 agros,
2949 4581 3148 4651 prtedia
3170 4581 3437 4653 depascis,
3463 4583 3654 4639 vineas

2066 4650 2812 4724 desecas,iolivefta'succidis,
2844 4650 3139 4724 omnesque
3183 4650 3392 4724 fructus
3418 4653 3654 4724 regionis

2067 4726 2285 4780 evertis.
2309 4721 2529 4777 interim
2558 4729 2615 4776 et
2642 4720 2717 4776 illi
2757 4735 2952 4792 nocere
2997 4721 3131 4775 nihil
3173 4723 3453 4792 prazvalcs.
3482 4720 3655 4778 'Mitte

2065 4795 2248 4865 potius
2266 4792 2608 4865 legationem,
2631 4799 2689 4847 et
2714 4791 2976 4845 tributum
3002 4792 3148 4865 quod
3176 4791 3291 4865 tibi
3338 4793 3497 4865 annis
3534 4794 3652 4848 sin-

2066 4862 2205 4944 gulis
2225 4862 2491 4944 dissolvat
2519 4862 2734 4944 impone
2779 4878 2793 4915 :
2831 4869 2894 4944 ut
2930 4868 3007 4944 et_
3027 4862 3176 4944 regio
3204 4862 3352 4944 salva
3380 4863 3480 4944 sit,
3510 4871 3568 4944 et
3596 4871 3650 4944 tu

2072 4930 2270 4988 iributa
2311 4930 2620 4988 dissolventi
2665 4941 2926 5001 perpetuo
2952 4930 3355 5001 rdominaveris.
3406 4931 3563 4999 Quod
3605 4932 3650 4986 si

2069 5003 2322 5067 noluerit,
2355 5012 2482 5057 tunc
2516 5002 2657 5072 quod
2693 5000 2912 5072 libuerit
2940 5000 3123 5072 facies.
3156 5002 3274 5068 Quo
3302 5003 3527 5057 consilio
3555 5018 3650 5056 rex

2070 5080 2313 5143 accepto,
2338 5073 2547 5126 hostem
2569 5072 2760 5143 patriai
2781 5071 2957 5143 redire
2970 5071 3127 5142 jubet
3146 5072 3210 5126 ad
3232 5073 3470 5143 propria.
3500 5072 3654 5143 Tune

2069 5139 2234 5197 missa
2266 5143 2534 5214 legatione
2559 5139 2630 5214 ad
2659 5139 3083 5214 Gundobadum,
3113 5150 3175 5214 ut
3192 5139 3246 5214 ei
3272 5139 3383 5214 per
3413 5140 3655 5214 singulos

2072 5227 2245 5283 annos
2284 5209 2501 5283 tributa
2556 5212 2804 5283 imposita
2848 5209 3074 5283 reddere
3122 5209 3327 5283 debeat
3367 5209 3538 5283 jubet.
3583 5210 3655 5265 Et

2073 5282 2162 5337 ille
2186 5282 2328 5336 etde
2352 5280 2913 5355 praesente’solvittet
2957 5280 3209 5355 deinceps
3254 5280 3551 5355 soluturum
3583 5296 3654 5355 se
3755 5347 3765 5355 ο

2073 5366 2192 5407 esse
2219 5350 2503 5422 promittit.
2528 5350 2938 5422 Chlodovechus
2960 5366 3089 5405 vero
3115 5350 3310 5408 ablatis
3357 5352 3650 5419 thesauris,

2072 5437 2196 5491 cum
2222 5421 2406 5491 prteda
2432 5421 2667 5476 maxima
2690 5435 2939 5491 reversus
2963 5429 3048 5476 est
3069 5422 3262 5476 victor.

2145 5490 2242 5546 liis
2265 5491 2599 5561 temporibus
2629 5491 2730 5561 fuit
2754 5491 2807 5561 in
2837 5490 3098 5561 Viennam
3128 5492 3317 5547 urbem
3345 5500 3504 5547 terrae
3531 5507 3654 5547 mo.

2075 5567 2185 5624 tus,
2200 5569 2333 5631 etc.,
2363 5559 2417 5614 ut
2446 5560 2691 5631 inﬂecti;
2718 5559 3035 5630 vulgaribus,
3065 5578 3227 5631 usque
3255 5561 3324 5615 ad
3369 5563 3480 5616 Inzc
3501 5566 3655 5616 verba

2074 5631 2260 5753 ξέιρίἷὶσ
2312 5630 2382 5687 28
2429 5649 2443 5687 :
2491 5630 2599 5687 Sed
2645 5630 2952 5687 Cbramnus
2997 5630 3171 5687 noluit
3210 5630 3418 5688 ’ussum
3482 5631 3657 5704 patris

2156 5716 2189 5753 n
2208 5716 2322 5753 ere.

2077 5715 2322 5770 tmptere.
