4020 6170
508 307 531 360 1
544 304 645 360 439

1725 297 1911 354 ANON
1922 296 2036 352 “ll
2077 294 2351 351 SIECULI
2395 295 2520 351 \‘Ill.

3616 293 3730 346 Hi0

505 428 622 472 esto
652 415 782 469 mibi
807 414 1060 477 revelare,
1099 422 1157 466 ut
1186 415 1352 467 sciam
1384 414 1427 467 si
1460 412 1722 481 propitius
1751 410 1882 463 mihi
1908 410 1984 463 sis
2011 410 2083 462 fa-
2112 412 2157 465 Α
2185 422 2341 476 equo,
2373 419 2431 461 ut
2474 424 2596 461 eum
2644 408 2928 474 reciperet,
2971 406 3300 460 transmisit.
3344 401 3543 470 Quibus
3579 409 3712 469 datis.

507 506 652 560 mulo
678 512 787 557 tuo.
814 502 1162 557 Venientibus
1191 511 1369 555 autem
1395 501 1578 577 pueris
1602 500 1669 553 ad
1695 499 1835 553 beati
1874 498 2085 553 Martini

509 596 811 658 ecclesiam,
839 611 961 648 cum
991 594 1056 648 ad
1092 595 1206 662 ipsa
1233 594 1414 647 limina
1450 592 1763 647 introissent
1789 590 2087 659 [pervenis-

512 694 676 767 sent],
690 693 1027 763 primicerius
1039 691 1277 746 ecclesire
1290 693 1427 745 hanc
1447 691 1794 759 antiphonam
1811 689 2084 759 imposuit,

512 786 731 840 dicens:
765 781 1097 837 Prrecinxisti
1124 796 1228 845 me,
1266 780 1510 839 Domine,
1544 778 1611 832 ad
1638 777 1855 840 bellum,
1883 786 1937 832 et
1964 793 2089 846 sup-

506 874 761 942 plantasti
798 873 1134 941 insurgentes
1172 871 1224 924 in
1263 886 1348 924 me
1376 871 1566 923 subtus
1593 883 1714 923 me:
1749 876 1803 922 et
1842 868 2087 921 inimico-

508 979 629 1017 rum
657 978 897 1017 meorum
930 961 1121 1015 dedisti
1167 960 1296 1014 mihi
1332 960 1579 1020 dorsum,
1618 970 1672 1013 et
1718 958 1962 1012 odientes
2003 972 2088 1012 me

510 1051 892 1121 disperdidisti.
918 1051 1069 1117 Quod
1090 1049 1428 1119 psallentium
1453 1057 1510 1101 ut
1533 1048 1842 1109 audierunt,
1865 1047 2090 1099 Domino

506 1143 707 1213 gratias
733 1150 972 1211 agentes,
1000 1141 1221 1195 dimisso
1248 1139 1320 1193 ibi
1359 1154 1498 1207 equo
1528 1137 1702 1205 regis,
1744 1144 1797 1189 et
1825 1135 1929 1189 alia
1964 1150 2086 1187 mu-

508 1249 635 1286 nera
665 1232 852 1296 multa,
879 1246 1000 1285 cum
1026 1230 1209 1284 lmtitia
1238 1238 1293 1282 et
1318 1228 1677 1284 exsultatione
1702 1226 2089 1278 nuntiaverunt

507 1323 639 1393 regi.
671 1322 804 1377 Cum
833 1322 1068 1376 venisset
1089 1329 1267 1374 autem
1301 1334 1393 1373 rex
1419 1317 1484 1371 ad
1509 1318 1727 1371 fluvium
1758 1317 2087 1370 Vinccnnam

506 1429 626 1467 cum
672 1413 913 1467 exercitu
949 1428 1066 1475 suo,
1097 1412 1150 1465 in
1180 1426 1287 1480 quo
1322 1411 1441 1464 loco
1469 1425 1591 1463 eum
1616 1409 1814 1461 vadare
1844 1408 2085 1471 deberet,

507 1522 612 1559 non
643 1505 967 1560 inveniebat.
998 1504 1356 1558 lnundaverat
1377 1503 1520 1556 enim
1550 1517 1579 1555 a
1610 1500 1952 1554 multitudine
1976 1498 2088 1566 plu-

508 1594 735 1647 viarum.
788 1595 1223 1664 Dcprccatusque
1248 1601 1331 1648 est
1369 1592 1653 1646 Dominum
1701 1599 1759 1644 ut
1796 1591 1846 1643 ei
1891 1590 2085 1643 vadum

506 1686 834 1748 ostenderet,
866 1693 919 1738 et
950 1695 1105 1739 nocte
1138 1685 1227 1737 illa
1254 1684 1450 1737 ibidem
1474 1681 1595 1735 fuit.
1629 1681 1782 1734 Mane
1804 1690 1982 1734 autem
2011 1681 2089 1733 fa-

506 1782 618 1839 cto,
648 1791 805 1829 cerva
836 1777 984 1828 mira:
1008 1774 1185 1843 magni
1215 1774 1392 1827 udinis
1417 1782 1543 1826 ante
1576 1787 1669 1826 eos
1695 1772 1788 1825 Dei
1814 1772 2089 1826 voluntate

510 1864 688 1938 [nutu]
730 1867 1034 1935 praecedens
1065 1866 1258 1919 vadum
1299 1865 1557 1919 ostendit.
1606 1863 1807 1931 lllaque
1840 1864 2089 1925 vadante,

506 1956 734 2026 populus
778 1972 992 2026 quoque
1040 1972 1271 2026 sequens
1316 1956 1551 2010 vadavit.
1601 1956 1860 2010 Veniente
1909 1965 2089 2009 autem

509 2063 633 2119 rege
662 2049 801 2117 apud
822 2048 1059 2103 Pictavis
1083 2049 1376 2113 civitatem,
1404 2048 1528 2102 dum
1557 2049 1741 2117 procul
1768 2049 1834 2101 ab
1861 2048 2091 2103 ecclesia

505 2139 678 2192 sancti
709 2139 898 2193 llilarii
925 2140 1159 2194 tentoria
1189 2139 1413 2203 fixisset,
1442 2154 1505 2192 ea
1534 2147 1691 2193 nocte
1713 2139 1914 2208 pharus
1935 2140 2090 2208 ignea

506 2226 741 2302 [igneus]
756 2247 823 2286 ex
842 2244 905 2284 ea
924 2232 1074 2286 visus
1103 2239 1185 2285 est
1211 2230 1406 2284 exisse.
1424 2229 1685 2300 Apparuit
1710 2243 1901 2298 nempe
1928 2245 2093 2299 super

507 2321 619 2389 ipsa
659 2322 889 2376 tentoria
913 2322 967 2375 in
996 2337 1100 2375 aux
1125 2322 1256 2374 lium
1283 2320 1590 2376 Chlodoveo
1613 2321 1723 2390 regi
1746 2336 1868 2375 cum
1892 2320 2091 2375 virtute

504 2412 647 2466 beati
688 2413 897 2468 llilarii.
925 2413 1189 2483 Prmcepit
1222 2429 1352 2484 ergo
1391 2421 1518 2467 tunc
1562 2428 1655 2468 rex
1686 2414 1827 2468 hosti
1874 2430 1993 2479 suo,
2032 2424 2092 2470 ut

504 2518 604 2556 nec
633 2504 829 2568 cibum,
864 2520 963 2559 nec
987 2505 1095 2558 ulla
1125 2506 1389 2573 stipendia
1413 2505 1479 2559 de
1516 2505 1633 2575 ipso
1656 2520 1794 2574 pago
1821 2505 2087 2572 tollerent,

502 2606 678 2663 neque
703 2596 865 2649 etiam
894 2596 1084 2664 spolia.
1119 2595 1457 2650 Chlodoveus
1479 2606 1655 2650 autem
1690 2612 1783 2651 rex
1822 2612 1943 2651 cum
1971 2597 2093 2650 Ala-

504 2686 618 2739 rico
647 2700 769 2754 rege
796 2685 1094 2740 Gothorum
1128 2688 1181 2741 in
1208 2703 1397 2757 campo
1420 2688 1703 2757 Vogladise
1731 2687 1840 2761 [ΑΙ.
1860 2730 1875 2754 ,
1902 2689 2092 2744 Vocla-

505 2774 752 2846 dinense]
778 2789 938 2842 super
972 2774 1191 2830 ﬂuvium
1217 2776 1441 2839 Clinno,
1492 2778 1743 2833 milliario
1783 2780 1994 2834 decimo
2022 2781 2091 2836 ab

504 2868 638 2921 urbe
663 2866 884 2921 Pietava
908 2869 1177 2924 convenit.
1216 2869 1429 2938 lllisque
1466 2869 1607 2924 inter
1640 2886 1698 2925 se
1732 2887 2093 2941 compugnan-

508 2958 673 3019 tilaus,
705 2957 866 3014 Gothi
902 2975 1025 3014 cum
1062 2976 1191 3030 rege
1237 2976 1337 3015 suo
1383 2961 1548 3017 nimis
1587 2962 1787 3017 collesi
1837 2963 2088 3037 [collisi]

508 3057 653 3117 terga
687 3056 983 3115 verterunt,
1019 3058 1074 3104 et
1104 3050 1440 3106 Cblodoveus
1484 3068 1580 3107 rex
1603 3093 1618 3116 ,
1660 3044 1807 3108 'sicut
1848 3054 2055 3109 solebat

505 3139 680 3193 vietor
720 3140 946 3195 exstitit.
989 3141 1231 3211 Cumque
1264 3140 1539 3197 Alaricum
1588 3143 1936 3210 interficeret,
1984 3147 2091 3203 duo

503 3230 664 3285 Gothi
690 3248 810 3286 cum
836 3234 1011 3288 contis
1036 3248 1160 3288 eum
1185 3250 1251 3290 ex
1276 3236 1503 3290 adverso
1532 3236 1585 3290 in
1610 3236 1777 3293 latere
1806 3237 2086 3295 ferierunt.

505 3323 610 3377 Sed
639 3334 859 3394 pmpter
885 3325 1108 3380 loricam
1150 3342 1255 3395 qua
1302 3327 1521 3383 indutus
1550 3336 1668 3383 erat
1697 3344 1803 3384 non
1829 3330 2091 3387 livorave-

510 3424 635 3467 runt
672 3429 792 3469 eum
825 3414 980 3487 [nihil
1007 3417 1056 3470 ei
1083 3418 1429 3490 nocuerunt].
1460 3419 1723 3475 Dominus
1766 3421 1909 3475 enim
1940 3423 2092 3492 adju-

502 3503 661 3556 vabat
688 3519 807 3558 eum
842 3505 895 3558 in
939 3506 1147 3561 cunctis
1184 3522 1304 3577 qua:
1345 3510 1555 3580 agebat.
1606 3511 1871 3567 Maximus
1908 3521 2088 3570 autem

503 3601 632 3648 tunc
665 3593 737 3648 ibi
766 3594 1131 3652 Arvernorum
1160 3600 1417 3669 populus,
1467 3603 1559 3671 qui
1603 3621 1724 3659 cum
1767 3606 2090 3677 Apollonare

502 3681 639 3737 duce
666 3694 905 3748 venerat,
937 3689 1143 3741 corruit
1168 3689 1222 3743 in
1249 3690 1426 3761 gladio
1456 3692 1808 3760 Francorum,
1844 3713 1966 3752 cum
1997 3714 2087 3755 se-

505 3778 783 3834 natoribus
815 3781 1019 3835 multis.
1046 3783 1123 3837 De
1150 3783 1252 3838 hac
1277 3799 1455 3854 pugna
1481 3785 1783 3845 Amalricus
1803 3792 1974 3845 evasit
1992 3807 2091 3861 per

502 3869 707 3938 fugam,
727 3870 866 3923 ﬁlius
885 3870 1105 3937 Alarici,
1126 3882 1182 3927 et
1202 3874 1254 3927 in
1280 3873 1496 3944 Spahiis
1518 3877 1835 3952 [Hispaniis]
1864 3896 2089 3952 regnum

500 3959 670 4028 patris
691 3960 772 4013 sui
804 3963 1072 4030 sagaciter
1097 3966 1319 4033 recepit.
1349 3967 1687 4024 Chlodoveus
1712 3980 1891 4026 autem
1915 3974 2090 4029 Theo-

504 4050 745 4104 dericum
774 4050 941 4105 ﬁlium
969 4067 1126 4107 suum
1149 4069 1245 4123 per
1281 4055 1590 4114 Albiensem
1616 4068 1672 4115 et
1701 4061 1931 4118 Rotinus
1957 4063 2088 4119 civi-

502 4149 669 4195 tatem
694 4140 761 4195 ad
789 4141 1092 4197 Arvernum
1119 4144 1323 4216 dirigit.
1356 4147 1456 4213 Qui
1495 4164 1753 4220 pergens,
1777 4168 1967 4209 omnes
1990 4171 2084 4208 ur-

502 4230 597 4285 bes
622 4230 740 4285 illas
765 4248 796 4285 a
825 4231 1021 4288 ﬁnibus
1046 4232 1346 4290 Gothorum
1370 4252 1542 4308 usque
1572 4240 1935 4311 Burgundiam
1966 4245 2089 4300 sub-

493 4320 724 4391 iugavit,
750 4330 804 4376 et
827 4323 880 4376 in
898 4331 1221 4393 potestatem
1241 4328 1411 4395 patris
1433 4330 1517 4384 sui
1540 4332 1794 4386 restituit.
1820 4333 2087 4405 Regnavit

2073 3093 2165 3159 ὀ

2187 513 2357 568 equus
2385 498 2473 552 ille
2499 498 2803 551 nullatenus
2826 512 2884 550 se
2920 497 3105 573 movit.
3140 498 3215 550 At
3244 496 3335 551 ille
3365 500 3476 551 ait:
3509 500 3625 554 Date
3645 502 3729 557 illis

2188 590 2323 644 alios
2365 597 2582 643 centum
2626 587 2844 642 solidos.
2880 586 3123 655 Cumque
3173 587 3318 640 alios
3361 587 3551 645 solidos
3581 592 3725 647 dedis.

2188 689 2329 744 sent,
2357 680 2538 735 statim
2583 679 2698 747 ipse
2722 693 2894 746 equus
2924 678 3129 731 solutus
3155 677 3317 731 abiit.
3348 678 3495 731 Tunc
3528 696 3636 733 cum
3660 682 3726 736 la!-

2188 773 2307 826 titia
2338 787 2431 825 rex
2456 771 2531 825 ait
2555 786 2570 824 :
2607 771 2742 825 Vere
2772 771 2963 824 beatus
2976 768 3263 831 Martinus
3286 771 3459 825 bonus
3484 781 3561 826 est
3587 773 3632 826 in
3654 790 3727 828 au-

2189 862 2338 925 xilio,
2369 861 2463 915 sed
2490 876 2649 914 carus
2678 860 2731 912 in
2755 860 2991 928 negotio.
3028 859 3109 913 Ab
3140 860 3439 914 Anastasio
3457 852 3730 930 imperatore

2188 953 2396 1021 accepit
2419 961 2545 1006 tunc
2566 935 2844 1005 codicillos
2864 950 3210 1005 Ghlodoveus
3233 966 3330 1005 rex
3354 965 3452 1020 pro
3472 954 3725 1008 consulatu.

2189 1044 2392 1098 Tunica
2421 1043 2618 1097 blattea
2653 1042 2874 1096 indutus
2904 1056 3000 1095 rex
3036 1042 3087 1094 in
3114 1040 3350 1095 basilica
3375 1042 3511 1096 beati
3531 1041 3726 1107 Martini,

2187 1146 2386 1185 corona
2410 1145 2571 1183 aurea
2596 1129 2648 1183 in
2683 1128 2861 1198 capite
2889 1143 2987 1181 suo
3010 1144 3023 1180 :
3053 1143 3290 1183 ascenso
3323 1144 3485 1198 equo,
3510 1141 3728 1186 autumet

2187 1230 2467 1291 argentum
2496 1219 2549 1273 in
2575 1220 2796 1281 atrium,
2825 1219 2968 1286 quod
3003 1228 3085 1272 est
3124 1218 3275 1272 inter
3305 1220 3568 1275 civitatem
3593 1232 3640 1275 et
3660 1239 3728 1277 cc-

2188 1310 2406 1364 clesiam
2430 1308 2573 1361 beati
2599 1306 2834 1370 Martini,
2853 1315 3120 1375 praesente
3147 1308 3354 1377 populo
3377 1324 3531 1363 manu
3554 1313 3730 1381 propria

2187 1398 2388 1468 sparsit
2409 1396 2718 1468 [erogavit],
2739 1405 2903 1465 atque
2931 1396 3211 1451 voluntate
3248 1398 3614 1467 benignissima
3638 1401 3726 1454 dis-

2188 1487 2449 1558 pensavit.
2492 1486 2576 1540 Ab
2604 1501 2668 1540 ea
2696 1487 2784 1540 die
2809 1494 3066 1554 tanquam
3091 1486 3288 1541 consul
3312 1494 3365 1541 et
3393 1488 3639 1557 Augustus
3664 1497 3731 1544 est

2189 1578 2504 1648 appellatus.
2539 1578 2615 1632 De
2644 1578 2871 1632 Toronis
2903 1586 3084 1632 autem
3122 1592 3403 1648 egressus,
3430 1579 3645 1635 Parisius
3667 1580 3727 1634 ci-

2187 1674 2411 1727 vitatem
2435 1673 2675 1737 veniens,
2707 1674 2778 1726 ibi
2808 1674 2993 1727 sedem
3030 1675 3183 1744 regni
3215 1678 3300 1729 sui
3340 1676 3601 1729 constituit

2122 1751 2162 1807 Β
2190 1785 2321 1841 Car.
2337 1782 2816 1839 XVlll.—Bellum
2846 1782 3124 1838 Chlodom‘
3144 1794 3334 1840 contra
3356 1784 3724 1856 Ragnacharim

2740 1865 3009 1924 parentem
3037 1872 3218 1908 suum.

2262 1963 2476 2035 (Greg.,
2505 1964 2595 2017 lib.
2636 1980 2700 2028 ll,
2746 1980 2795 2017 c.
2845 1962 2974 2030 42.)
3021 1964 3231 2019 Deinde
3260 1972 3553 2019 commotus
3575 1972 3722 2018 contra

2191 2054 2623 2127 Ragnacharium
2660 2052 2800 2126 [Al.,
2833 2054 3242 2123 liagneharium
3274 2064 3321 2108 et
3354 2051 3724 2123 Regnabat-ium]

2191 2154 2469 2217 parentem
2496 2159 2671 2199 suum.
2706 2144 2837 2197 Erat
2862 2153 3042 2198 autem
3067 2145 3185 2213 ipse
3216 2144 3599 2214 Ragnacbarius
3614 2143 3723 2211 apud

2190 2236 2547 2291 Camaracum
2592 2235 2865 2289 civitatem
2907 2234 3128 2289 effrenis
3173 2236 3229 2290 in
3271 2236 3495 2291 luxuria.
3530 2234 3723 2288 llabctat

2190 2341 2406 2398 quoque
2447 2327 2815 2383 consiliarium
2852 2327 3069 2382 nomine
3107 2328 3379 2384 Faronem
3421 2328 3569 2382 simili
3601 2342 3721 2394 spur-

2190 2420 2317 2475 citia
2342 2418 2682 2474 lutulentum.
2716 2419 2850 2473 Cum
2875 2420 3017 2473 enim
3050 2420 3261 2490 aliquid
3297 2420 3524 2474 muneris
3547 2416 3721 2471 autcilii

2191 2509 2240 2564 ei
2268 2508 2459 2563 deferti
2481 2517 2682 2572 essent,
2722 2507 2970 2562 dicebat:
3003 2507 3126 2564 Sint
3153 2510 3255 2564 ista
3278 2509 3425 2569 mihi,
3446 2515 3495 2561 et
3518 2521 3620 2560 meo
3638 2505 3717 2558 Fa-

2190 2599 2307 2653 roni
2343 2597 2672 2653 consiliario.
2705 2598 2811 2652 Pro
2838 2614 2942 2667 qua
2970 2614 3135 2654 causa
3176 2599 3433 2669 indignati
3462 2594 3628 2650 Franci
3648 2592 3717 2662 qui

2190 2697 2346 2744 erant
2370 2704 2493 2744 curn
2528 2704 2613 2754 eo,
2643 2689 3054 2744 consentiebant
3076 2689 3410 2752 Chlodoveo,
3431 2698 3716 2742 marmoreu-

2193 2786 2274 2833 tes
2302 2794 2426 2833 eum
2453 2778 2712 2834 adversus
2742 2778 3201 2850 Ragnacharium.
3232 2779 3486 2847 Deditque
3503 2777 3573 2830 eis
3591 2773 3712 2829 Chlo

2191 2870 2393 2925 dovcus
2418 2868 2685 2938 stipendia
2712 2884 2809 2938 pro
2844 2869 2945 2923 hac
2979 2885 3166 2932 causa,
3216 2868 3419 2923 balteos
3441 2874 3491 2919 et
3513 2862 3715 2919 armellas

2193 2959 2520 3016 assimilatas
2543 2961 2610 3016 de
2634 2977 2789 3025 auro,
2819 2960 2912 3016 sed
2938 2961 3004 3016 de
3040 2962 3189 3017 intus
3218 2976 3445 3017 teramen
3469 2967 3517 3013 et
3536 2969 3713 3025 caprum

2195 3048 2326 3121 [A!.,
2356 3050 2623 3122 cobrium]
2653 3059 2770 3105 erat
2796 3050 3137 3117 deauratum,
3167 3053 3270 3107 sub
3291 3052 3411 3105 dolo
3432 3048 3715 3113 factum,pro

2194 3156 2418 3196 munere
2460 3141 2706 3197 leudibus
2747 3141 3129 3212 Ragnacbarii,
3159 3142 3388 3212 qualiter
3411 3154 3555 3209 super
3577 3138 3710 3205 ipsum

2192 3230 2485 3285 invitarent
2511 3246 2656 3286 eum.
2694 3230 2976 3286 Commoto
3003 3229 3343 3287 Chlodoveus
3374 3227 3589 3284 exemita
3610 3238 3710 3278 con-

2192 3330 2275 3376 tra
2301 3321 2735 3393 Ragnacharium
2765 3330 3045 3392 parentem
3072 3338 3252 3388 suum,
3279 3322 3421 3377 misit
3451 3315 3710 3387 Ragnacha-

2193 3415 2308 3469 rius
2356 3413 2723 3483 speculatores
2768 3413 2837 3468 ad
2887 3415 3350 3485 cognoscendum,
3400 3411 3705 3474 interrogans,

2190 3503 2344 3573 cujus
2365 3513 2517 3567 esset,
2536 3504 2707 3559 hostis
2736 3503 2940 3573 major?
2984 3503 3086 3571 Qui
3134 3500 3442 3572 interrogati
3468 3491 3705 3565 responde-

2192 3605 2320 3678 runt
2346 3596 2700 3651 mentientes:
2741 3593 2862 3651 Tibi
2888 3604 2971 3650 est
3000 3594 3211 3660 fortior,
3236 3602 3287 3650 et
3310 3601 3396 3647 tuo
3421 3586 3589 3644 Faroni
3609 3597 3706 3678 cen-

2191 3675 2414 3743 siliario.
2442 3687 2731 3743 Venientes
2767 3695 2945 3741 autem
2975 3686 3311 3743 Chlodoveus
3353 3693 3404 3739 et
3443 3675 3705 3746 Ragnaeha'

2189 3779 2304 3833 rius
2328 3778 2394 3832 ad
2422 3794 2678 3850 pugnam,
2707 3777 3026 3848 fortiterque
3049 3781 3195 3835 inter
3217 3794 3275 3835 se
3301 3775 3594 3848 pneliantes,
3623 3765 3704 3819 Ra-

2188 3869 2518 3940 gnacharius
2540 3884 2738 3924 czesum
2761 3884 2989 3925 cernens
3013 3871 3308 3926 exercitum
3352 3879 3493 3921 suum
3511 3902 3524 3926 ,
3557 3857 3701 3925 fugere

2189 3961 2398 4015 nititur.
2429 3959 2536 4015 Sed
2578 3961 2646 4016 ab
2685 3959 2817 4030 ipsis
2861 3961 3214 4016 traditoriLus
3237 3955 3629 4027 comprehensus,
3654 3942 3703 3994 li‘

2138 4090 2145 4097 ο
2189 4052 2329 4121 galis
2353 4066 2381 4105 a
2419 4059 2569 4123 tergo
2600 4052 2871 4116 manibus,
2912 4067 3018 4106 una
3048 4068 3170 4107 cum
3202 4047 3440 4107 Birrhario
3464 4042 3605 4096 fratre
3623 4045 3698 4087 suo

2188 4140 2494 4195 Chlodoveo
2532 4148 2906 4210 prmsentatur.
2936 4141 3034 4197 Cui
3071 4142 3208 4197 dixit
3245 4138 3581 4196 Chlodovens:
3613 4125 3697 4180 Cur

2188 4232 2483 4287 liumiliasti
2506 4241 2722 4303 gentem
2748 4240 3012 4299 nostram,
3030 4241 3090 4287 ut
3112 4242 3163 4288 te
3192 4230 3370 4287 vinciri
3389 4211 3693 4298 permitteres?

2188 4323 2376 4379 Nonne
2405 4324 2595 4379 melius
2627 4323 2723 4377 tibi
2770 4322 2933 4379 fuerit
2959 4326 3137 4379 mori?
3172 4326 3237 4379 Et
3262 4322 3450 4377 elevata
3491 4314 3692 4382 ϋίρεωιον

502 4415 667 4485 igitur
699 4416 945 4473 Alaricus
981 4420 1139 4475 annis
1183 4421 1290 4486 ης
1328 4422 1667 4482 Cblodoveus
1695 4443 1909 4498 quoque
1946 4433 2087 4502 apud
2115 4441 2164 4502 D
2191 4418 2245 4472 ίη
2272 4427 2434 4488 εθρυῑ
2458 4415 2573 4484 eius
2602 4415 2818 4481 deﬁxit.
2858 4424 2915 4470 et
2944 4426 3186 4472 mortuus
3221 4423 3317 4472 est.
3350 4407 3687 4467 Comei-susque

504 4503 938 4572 Burdigalensem
981 4506 1088 4578 [AL
1110 4551 1125 4574 ,
1162 4509 1570 4586 Burdalensem]
1608 4516 1880 4573 civitatem
1916 4501 2088 4576 totam
2121 4501 2126 4502 ί
2188 4513 2257 4567 ad
2285 4511 2507 4566 fratrem
2532 4509 2668 4579 ejus,
2699 4510 2809 4564 ait:
2850 4509 2908 4564 Si
2952 4518 3008 4563 tu
3048 4510 3293 4565 solatium
3328 4502 3466 4559 fratri
3490 4508 3567 4552 tuo
3586 4501 3688 4586 pl??-

502 4592 730 4649 hiemem
780 4597 1000 4652 resedit.
1051 4598 1356 4657 Thesauros
1403 4620 1534 4659 vero
1580 4607 1845 4676 plurimos
1885 4611 2086 4668 Alarici

500 4683 642 4751 regis
667 4683 733 4737 de
761 4683 993 4741 Tholosa
1023 4688 1265 4755 abstulit,
1289 4707 1586 4764 omnesque
1607 4698 1771 4753 urbes
1795 4698 1915 4754 illas
1944 4702 2087 4756 acci-

499 4770 673 4840 piens,
703 4773 1043 4830 Ecolosinam
1073 4779 1348 4835 civitatem
1374 4784 1616 4849 veniens,
1646 4795 1852 4843 tantam
1881 4790 1931 4844 ei
1962 4807 2089 4861 gra-

502 4862 632 4915 tiam
680 4863 821 4920 Deus
854 4868 1113 4935 contulit,
1160 4878 1219 4924 ut
1248 4872 1300 4925 in
1337 4872 1454 4941 ejus
1483 4878 1773 4937 adventum
1801 4883 1940 4936 muri
1967 4883 2085 4952 ejus

500 4952 741 5025 funditus
783 4968 1113 5013 corruerent.
1160 4959 1466 5019 Interfeetis
1494 4982 1709 5037 quoque
1754 4968 1946 5026 Gothis
1991 4974 2083 5041 qui

500 5043 695 5097 ibidem
723 5057 895 5111 erant,
923 5048 1095 5117 ipsam
1129 5052 1316 5105 urbem
1362 5056 1737 5122 apprehendit.
1785 5052 1981 5129 Atque'
2009 5064 2081 5118 ita

498 5138 642 5190 omni
668 5145 811 5193 terra
834 5156 1023 5195 eorum
1048 5142 1353 5213 subjugata,
1382 5146 1437 5200 in
1465 5146 1761 5205 Santonico
1789 5150 1920 5223 [AI.,
1952 5153 2084 5208 San-

499 5229 681 5301 toneo]
725 5231 809 5286 vel
851 5232 1234 5306 Burdigalense
1270 5235 1510 5294 Francos
1549 5243 1807 5311 prmeepit
1840 5260 2080 5311 manere,

501 5319 564 5383 ad
590 5321 869 5376 delendam
894 5322 1193 5381 Gothorum
1215 5337 1429 5398 gentem
1447 5328 1648 5401 (Greg.,
1672 5331 1763 5386 lib.
1794 5350 1859 5399 ll,
1886 5350 1935 5389 c.
1965 5336 2078 5405 58).

502 5411 700 5467 Deinde
739 5414 970 5472 Turonis
996 5418 1270 5474 civitatem
1314 5436 1601 5488 reversus,
1648 5425 1818 5479 multa
1858 5442 2082 5484 munera

502 5501 734 5558 basilica:
768 5506 912 5560 beati
938 5507 1155 5577 Martini
1187 5511 1394 5567 tribuit.
1427 5514 1608 5583 Equus
1631 5530 1782 5579 vero,
1805 5530 1964 5584 quem
1988 5535 2082 5573 an-

501 5600 586 5647 tea
614 5593 683 5648 ad
712 5594 879 5662 ipsam
909 5599 1193 5656 ecclesiam
1224 5603 1621 5670 transmiserat,
1652 5604 1795 5659 illius
1834 5608 2083 5664 matricu-

501 5681 653 5741 lan'is
692 5684 849 5739 datus
881 5696 980 5741 est.
1025 5689 1114 5744 lllc
1158 5708 1287 5746 vero
1335 5702 1549 5748 centum
1600 5695 1799 5750 solidos
1835 5712 1935 5765 pro
1966 5697 2081 5766 ipso

2185 4603 2415 4667 buisses,
2444 4602 2533 4656 ille
2560 4575 2755 4671 ligatus
2775 4616 2882 4655 non
2912 4598 3120 4654 fuisset.
3148 4598 3395 4655 Similiter
3415 4599 3462 4646 et
3486 4575 3684 4671 ipsutnill

2185 4696 2360 4763 capite
2397 4670 2712 4763 percussum
2760 4694 3068 4756 interfecit,
3114 4704 3168 4749 et
3216 4697 3442 4747 mortuus
3464 4686 3549 4736 est.
3588 4670 3686 4725 Post

2184 4793 2411 4838 mortem
2439 4800 2648 4847 eorum,
2698 4792 3085 4853 cognoscentes
3116 4785 3389 4839 traditores
3427 4780 3582 4827 eorum
3612 4772 3683 4811 all-

2184 4891 2329 4938 rum,
2359 4875 2502 4943 quod
2531 4890 2563 4928 a
2598 4873 2903 4929 Chlodoveo
2944 4883 3294 4945 acceperant,
3328 4880 3435 4925 esse
3455 4858 3679 4953 vitiatum]

2185 4967 2436 5022 dixerunt
2464 4968 2567 5022 hoc
2593 4968 2725 5037 regi.
2762 4966 2875 5021 Rex
2900 4978 3079 5023 autem
3110 4965 3437 5037 respondens,
3462 4949 3570 5008 dixit
3591 4949 3677 4997 eis:

2184 5058 2376 5114 Merito
2398 5059 2504 5113 tale
2530 5074 2721 5113 aurum
2744 5059 2902 5114 debet
2922 5060 3185 5130 accipere,
3201 5058 3288 5129 qui
3306 5044 3541 5110 domi]mm
3558 5040 3677 5130 ⁵¹¹¹¹ξ¹¹

2184 5151 2251 5205 ad
2277 5158 2507 5205 mortem
2534 5150 2716 5205 tradit.
2750 5148 2993 5206 Sufﬁciat
3018 5117 3171 5209 vobis
3197 5117 3351 5205 vitam
3378 5117 3676 5213 tantummtftjf

2183 5243 2383 5297 habere
2411 5255 2744 5305 concessam,
2778 5254 2847 5294 ne
2892 5240 3033 5298 inter
3077 5245 3335 5297 tormenta
3358 5217 3591 5286 deficiatis.
3614 5203 3671 5305 Ill!

2184 5343 2365 5388 autem
2390 5331 2505 5386 hate
2533 5330 2812 5385 audientes
2829 5371 2845 5395 ,
2891 5332 3120 5401 gratiam
3145 5341 3198 5386 et
3234 5328 3383 5384 vitam
3407 5295 3671 5401 501³³³³³ῳο

2183 5424 2441 5493 optabant
2464 5423 2663 5477 habere
2684 5396 2957 5490 adeptam,
2988 5424 3090 5477 hoc
3112 5423 3211 5479 sibi
3230 5415 3446 5476 sufﬁcere
3467 5396 3665 5500 ἀίαῆίξξξδς

2184 5489 2423 5568 Fuerunt
2468 5519 2647 5567 autem
2693 5489 3004 5580 supradicto
3052 5503 3401 5581 Ragnachaﬁo

2184 5621 2412 5677 quorum
2436 5602 2604 5658 frater
2625 5603 2984 5673 Regnemirus
3002 5594 3355 5676 [Rignentiris]
3371 5582 3548 5673 nomine

2183 5665 2542 5754 Genomannis
2573 5665 2844 5748 civitatem
2873 5665 3400 5761 jul'eiiteletlodoveo
3417 5684 3519 5737 νεεδ
3539 5665 3661 5716 mm‘
