4020 6170
380 314 514 371 Mil

1473 308 1699 365 GESTA
1736 304 1978 361 REGUM
2013 298 2460 361 FRANCORUM.

3505 298 3642 361 hil?

376 431 557 487 fectus
582 443 683 487 est.
713 435 916 500 Quibus
943 436 1172 489 mortuis
1208 432 1288 486 vel
1315 429 1640 500 peremptis,
1668 439 1828 480 omne
1873 436 1963 476 rc-
1992 431 2041 487 Α
2067 421 2193 475 dum
2221 422 2287 475 ad
2315 429 2529 475 sanctos
2558 418 2795 489 Agauuis
2818 418 3044 488 fugeret,
3074 423 3392 472 consecutus
3419 424 3503 471 cst
3520 431 3643 471 eum

377 538 545 591 gnum
575 537 762 578 eorum
791 533 847 579 et
868 525 1149 579 thesauros
1174 521 1511 577 Chlodoveus
1534 514 1760 585 accepit.
1792 513 1959 566 Inter-

380 608 645 680 l‘cetisque
690 614 872 670 multis
897 624 952 670 et
989 615 1201 685 magnis
1241 613 1487 682 regibus,
1528 608 1609 662 vel
1644 605 1961 677 parentibus

382 704 518 767 suis,
545 718 666 772 post
695 707 811 761 hare
831 708 1011 762 omnia
1038 716 1284 762 mortuus
1306 715 1390 760 est
1418 704 1753 759 Chlodoveus
1784 715 1876 754 rex
1907 700 1961 753 in

382 810 535 863 pace.
565 804 620 849 et
647 799 887 866 sepultus
914 809 995 853 est
1024 800 1077 852 in
1106 798 1326 853 basilica
1350 794 1518 850 sancti
1548 792 1692 847 Petri
1712 789 1960 860 apostoli,

385 900 550 953 quam
576 886 793 954 ipse,vel
817 888 999 957 regina
1024 903 1118 941 sua
1148 886 1545 941 ardilicaverant
1570 880 1746 951 (Greg.
1775 879 1865 932 lib.
1895 894 1955 943 tt,

386 991 435 1027 c.
467 973 581 1044 45).
613 973 852 1029 Mortuus
872 986 954 1029 est
972 985 1150 1029 autem
1177 991 1317 1029 anno
1341 973 1375 1026 5
1396 979 1679 1041 postquam
1700 984 1825 1023 cum
1841 968 1965 1021 Ala-

388 1065 504 1119 rico
551 1079 673 1134 rege
721 1064 1017 1121 Gothorum
1063 1065 1336 1135 pugnavit.
1393 1062 1764 1132 lleguavitque
1806 1059 1966 1114 simul

390 1155 548 1208 annis
577 1154 665 1209 50.
697 1154 743 1208 A
771 1156 997 1210 transitu
1024 1156 1195 1210 sancti
1224 1154 1438 1208 Martini
1472 1167 1640 1222 usque
1668 1152 1736 1206 ad
1764 1150 1965 1205 transi-

394 1251 506 1297 tum
523 1243 807 1299 Ghlodovei
829 1246 971 1315 regis
983 1244 1200 1300 fuerunt
1213 1244 1337 1299 anni
1364 1244 1480 1299 112.
1498 1241 1827 1298 Cltrothildis
1839 1254 1967 1295 vero

394 1333 576 1401 regina
619 1342 741 1403 post
771 1343 999 1388 mortem
1037 1335 1136 1388 viri
1185 1334 1266 1388 sui
1296 1333 1524 1387 Toronis
1550 1331 1821 1386 civitatem
1856 1328 1967 1383 fre-

394 1434 622 1494 quenter
656 1427 903 1496 pergens,
936 1427 1003 1480 ad
1032 1425 1309 1481 basilicam
1336 1424 1477 1479 beati
1520 1421 1734 1476 Martini
1774 1420 1967 1475 diutis-

395 1519 529 1570 sime
554 1528 906 1583 commorata,
934 1518 1160 1572 Domino
1185 1515 1470 1579 serviebat,
1501 1522 1555 1569 et
1582 1512 1821 1567 Parisius
1844 1524 1970 1565 raro

399 1605 673 1661 visitabat.

396 1715 524 1772 Car.
553 1716 694 1771 XIX.
717 1748 788 1757 —
816 1717 889 1771 De
909 1727 1070 1771 morte
1094 1716 1390 1781 Chlodovei,
1412 1725 1459 1769 et
1480 1717 1602 1786 quia
1625 1723 1852 1786 quatuor
1869 1713 1970 1786 ﬁlii

467 1788 666 1909 fjusjn
698 1804 850 1857 regno
878 1799 1265 1842 successerunt:
1296 1797 1343 1840 et
1371 1788 1435 1841 de
1463 1784 1739 1851 Danis'qui
1762 1786 1816 1838 in
1844 1784 1972 1838 Gal-

488 1875 567 1909 tus
591 1868 817 1909 trruuut.

488 1875 567 1911 tas
591 1868 817 1912 trruuul.

471 1970 674 2043 (Greg.,
699 1970 791 2026 lib.
822 1987 904 2038 ιιι,
934 1988 982 2026 c.
1015 1971 1152 2043 1-5.)
1182 1971 1346 2043 lgitur
1365 1979 1485 2042 post
1511 1980 1740 2027 mortem
1766 1970 1866 2025 viri
1890 1971 1974 2026 sui

400 2060 688 2117 Chlodovei
717 2061 876 2131 regis,
894 2069 1127 2131 quatuor
1147 2062 1238 2116 lilii
1258 2060 1394 2129 ejus,
1411 2062 1802 2128 Theudericus,
1823 2061 1979 2117 Chlo-

403 2152 659 2214 domirus,
712 2150 1087 2207 Cbildebertus
1126 2162 1179 2207 et
1222 2151 1558 2219 Chlotarius,
1590 2167 1816 2221 regnum
1861 2152 1978 2223 ejus

402 2241 700 2296 diviserunt
724 2242 1023 2310 aequaliter.
1064 2242 1306 2303 Habebat
1333 2259 1546 2313 quoque
1575 2253 1703 2299 tunc
1731 2244 1979 2300 Theudev

402 2333 549 2387 ricus
578 2331 746 2386 lilium
778 2333 995 2386 nomine
1021 2333 1473 2400 Theudobertum,
1501 2342 1778 2390 strenuum
1798 2342 1852 2390 et
1875 2336 1979 2390 uti-

405 2421 511 2476 lem
537 2439 548 2474 :
589 2422 889 2492 elevatique
922 2431 1046 2478 sunt
1076 2423 1129 2477 in
1161 2438 1352 2491 magna
1382 2424 1640 2493 potentia.
1675 2424 1979 2478 Amalricus

405 2528 618 2582 quoque
644 2513 783 2569 illius
808 2514 1006 2570 Alarici
1043 2516 1185 2586 regis
1209 2515 1506 2571 Gothorum
1530 2532 1769 2573 sororem
1795 2531 1978 2572 eorum

406 2601 477 2656 ad
503 2601 808 2673 conjugium
838 2605 1012 2674 petiit.
1060 2606 1230 2672 Quam
1273 2606 1346 2660 illi
1376 2622 1480 2661 non
1521 2618 1813 2679 negantes,
1858 2624 1981 2663 cum

406 2694 736 2748 ornamentis
761 2694 980 2763 optimis
1007 2696 1439 2762 transmiserunt,
1480 2712 1709 2767 eamque
1735 2701 1850 2769 ipse
1878 2700 1981 2755 sibi

409 2783 463 2836 in
492 2783 893 2841 matrimonium
919 2787 1227 2855 assumpsit.
1246 2787 1301 2840 ln
1329 2786 1421 2840 illo
1446 2794 1684 2855 tempore
1704 2788 1837 2842 Dani
1857 2804 1981 2844 cum

410 2887 533 2942 rege
560 2887 657 2927 suo
685 2873 901 2927 nomine
941 2874 1265 2946 Chochilago
1296 2875 1426 2948 [Al.,
1458 2874 1769 2933 Chohilaieo
1795 2888 1853 2935 et
1880 2880 1984 2936 Co-

411 2962 608 3034 chilag]
631 3003 646 3029 ,
692 2979 815 3018 cum
853 2965 1043 3019 navale
1080 2967 1233 3021 hoste
1269 2980 1368 3036 per
1411 2968 1578 3025 altum
1606 2983 1756 3023 mare
1781 2969 1984 3028 Gallias

413 3062 688 3123 appetunt,
724 3053 1060 3110 Theuderico
1085 3072 1280 3128 pagum
1318 3059 1591 3115 Attuarios
1622 3060 1704 3114 vel
1734 3061 1869 3118 alios
1890 3063 1982 3119 de-

413 3152 687 3199 vastantes
722 3153 882 3213 atque
903 3146 1254 3215 captivantes,
1276 3147 1461 3223 plenas
1482 3164 1647 3204 naves
1669 3149 1735 3204 de
1757 3152 1985 3221 captivis

413 3234 707 3299 habentes,
755 3235 865 3289 alto
893 3252 1041 3292 mare
1081 3238 1363 3303 intrantes,
1396 3254 1487 3293 rex
1519 3254 1707 3293 eorum
1736 3240 1804 3294 ad
1836 3241 1986 3298 littus

414 3324 578 3378 maris
610 3326 808 3379 resedit
835 3324 1044 3399 [plenas
1076 3342 1239 3382 naves
1267 3327 1780 3399 implebantspoliis,
1806 3346 1989 3386 nume-

416 3430 581 3484 reque
610 3418 978 3486 captivorum:
1011 3419 1285 3489 altumque
1331 3437 1479 3476 mare
1506 3430 1787 3488 secantes,
1822 3438 1987 3479 naves

415 3508 777 3577 impellebant,
806 3526 928 3581 rege
951 3526 1136 3566 eorum
1163 3528 1285 3567 cum
1305 3513 1541 3567 exercitu
1563 3513 1631 3566 ad
1653 3512 1804 3568 littus
1820 3514 1989 3569 maris

416 3596 677 3670 sedente].
710 3600 862 3665 Quod
892 3617 1012 3654 cum
1055 3601 1390 3656 Theuderico
1430 3602 1732 3656 nuntiatum
1766 3602 1986 3669 fuisset,

417 3688 854 3742 Thcudobertum
884 3689 1050 3743 lilium
1085 3705 1241 3745 suum
1285 3706 1408 3745 cum
1448 3706 1643 3760 magno
1667 3694 1906 3748 exercitu
1934 3695 1990 3748 in

419 3779 523 3835 illis
551 3780 790 3850 partibus
817 3780 1070 3852 dirigens.
1099 3782 1199 3848 Qui
1230 3798 1566 3853 consequens
1592 3800 1706 3851 eos,
1735 3788 1991 3856 pugnavit

419 3887 541 3924 cum
568 3870 646 3925 eis
671 3872 814 3925 caede
843 3873 1098 3935 maxima,
1139 3882 1299 3943 atque
1342 3874 1471 3944 ipsis
1492 3877 1782 3944 prostratis
1812 3892 1990 3947 regem

396 3979 605 4017 *eorum
635 3962 921 4032 interfecit,
968 3966 1204 4036 prmdam
1232 3966 1383 4032 tulit,
1427 3977 1483 4022 et
1512 3968 1567 4022 in
1603 3976 1803 4037 terram
1838 3984 1990 4024 suam

421 4054 674 4108 restituit.

421 4165 548 4219 CAP.
571 4166 691 4221 XX.
707 4197 779 4206 —
793 4164 945 4232 Quod
967 4166 1296 4222 Chlodmirus
1318 4177 1366 4222 et
1388 4167 1746 4223 Childebertus
1767 4180 1816 4223 et
1838 4169 1992 4224 Chlo-

542 4236 724 4290 darius
752 4236 937 4290 bellum
967 4238 1145 4291 ineunt
1169 4238 1416 4293 adversus
1444 4239 1863 4310 Burgundiones.

494 4349 673 4422 (Greg.
688 4350 779 4404 lib.
809 4367 889 4415 ιιι,
922 4367 967 4404 c.
999 4350 1032 4405 6
1057 4359 1112 4405 et
1138 4350 1217 4421 3.)
1244 4350 1301 4405 In
1331 4351 1436 4407 illis
1462 4352 1651 4407 diebus
1670 4351 1997 4409 Cbrotltildis

424 4441 606 4509 regina
636 4456 758 4495 eum
780 4440 1016 4494 venisset
1044 4439 1300 4504 Parisius,
1331 4441 1408 4495 ait
1428 4442 1495 4496 ad
1522 4441 1661 4496 filios
1681 4456 1845 4496 suos:
1878 4442 1993 4495 Non

426 4549 510 4587 me
534 4532 773 4603 pmnitet,
797 4548 831 4587 ο
853 4531 945 4587 lilii
972 4532 1102 4597 mei,
1128 4547 1223 4587 vos
1248 4533 1474 4588 dulciter
1491 4534 1777 4588 enutrisse.
1800 4532 1997 4589 Precor

427 4626 626 4693 itaque,
656 4623 1004 4693 indignamini
1034 4638 1195 4693 super
1222 4624 1469 4693 injuriam
1507 4639 1714 4689 meam,
1747 4632 1802 4678 et
1829 4624 2000 4694 patris

429 4713 531 4765 mei
561 4722 616 4765 et
649 4716 836 4767 matris
865 4728 998 4767 mea:
1043 4723 1269 4767 mortem
1304 4713 1590 4768 vindicate.
1629 4713 1708 4768 llli
1750 4713 1864 4769 hate
1905 4728 2000 4767 au-

429 4800 654 4866 dientes,
682 4801 736 4854 in
777 4801 856 4854 ira
888 4816 1080 4871 magna
1118 4802 1391 4867 commoti,
1428 4817 1553 4856 cum
1585 4802 1816 4855 maximo
1839 4816 1997 4856 exer-

430 4890 541 4945 citu
567 4890 927 4960 Burgundiam
954 4899 1171 4961 petunt,
1219 4900 1405 4947 contra
1435 4892 1780 4948 Sismundum
1809 4900 1863 4947 et
1894 4892 2001 4947 Go-

431 4978 709 5033 domarum
758 4978 907 5051 [Αι.,
940 4979 1340 5049 Sigismundum
1374 4990 1429 5037 et
1458 4980 1807 5055 Gotmarum]
1851 4998 2001 5053 reges

434 5065 925 5123 ﬁliosGundobadi.
954 5068 1105 5124 Tunc
1143 5070 1397 5140 temporis
1424 5071 1727 5127 aedificabat
1753 5071 2001 5127 Sismun-

434 5159 532 5212 dus
552 5172 643 5212 rex
671 5159 1050 5212 monasterium
1070 5168 1379 5214 sanctorum
1402 5171 1702 5231 martyrum
1721 5162 2003 5233 Agaunen-

434 5251 570 5306 sium
606 5251 659 5305 in
701 5250 1028 5322 Burgundia,
1058 5252 1227 5306 sancti
1268 5252 1512 5308 Mauricii
1541 5254 1744 5310 scilicet
1770 5270 1891 5310 cum
1917 5271 2006 5311 so-

334 5350 340 5357 '
436 5343 530 5397 eiis
555 5342 665 5397 suis
690 5358 781 5397 sex
808 5341 1041 5396 millibus
1068 5344 1355 5399 sexcentis.
1381 5344 1460 5398 Illi
1494 5353 1671 5399 autem
1702 5360 2006 5401 commove-

434 5441 558 5486 runt
582 5432 789 5486 hostem
816 5431 1249 5500 Burgundionum
1281 5441 1467 5489 contra
1496 5433 1895 5489 Chlodomirum
1921 5451 2006 5490 re-

433 5538 576 5591 gem,
620 5530 673 5576 et
715 5522 1113 5576 Childebertum
1140 5532 1196 5578 et
1222 5522 1559 5578 Chlotarium
1590 5524 1783 5579 fratres
1805 5565 1820 5589 ,
1870 5526 2005 5582 filios

434 5612 742 5667 Chlodovei.
774 5611 884 5665 lllis
928 5611 1068 5665 inter
1108 5627 1166 5667 se
1194 5613 1710 5683 compugnantibus,
1756 5612 2008 5684 fugerunt

436 5706 559 5760 euasi
597 5704 998 5776 Burgundiones
1019 5720 1140 5759 cum
1170 5704 1489 5761 Godomaro.
1532 5704 1852 5760 Sismundus
1881 5720 2008 5761 vero

2063 510 2461 571 Chlodomirus.
2490 511 2948 580 apprehenditque
2968 524 3091 563 eum
3116 524 3236 563 cum
3260 521 3428 562 uxore
3446 515 3502 562 et
3522 507 3647 563 liliis

2063 601 2214 670 ejus:
2248 610 2540 671 captosque
2576 602 2628 654 in
2661 616 2797 670 pago
2827 600 3120 654 Aurilianis
3149 613 3243 653 eos
3271 599 3520 660 adduxit,
3566 607 3648 651 at-

2064 705 2168 759 que
2190 691 2245 744 in
2272 706 2548 745 carcerem
2578 689 2779 744 retrudi
2800 687 2982 756 jussit.
3010 688 3205 743 Beatus
3232 698 3412 742 autem
3431 688 3645 751 Avitus,

2065 780 2159 849 qui
2195 787 2313 834 erat
2350 789 2479 835 tunc
2504 779 2585 832 vir
2608 785 2845 841 sanctus,
2876 779 3012 832 abba
3037 779 3089 832 in
3116 777 3487 831 Aurelianensi
3514 777 3646 832 civi-

2067 881 2197 936 tate,
2233 872 2624 940 deprecabatur
2666 869 3067 925 Chlodomirum
3115 868 3559 940 [Chlodomerim]
3591 877 3649 923 ut

2068 981 2173 1020 non
2198 966 2472 1022 occideret
2495 981 2608 1021 eos.
2641 965 2748 1021 Sed
2775 967 2866 1022 ille
2889 966 3103 1021 nolebat
3128 965 3315 1020 audire
3333 980 3476 1020 eum.
3500 966 3651 1020 Tunc

2070 1058 2341 1114 interfecit
2369 1067 2476 1114 tam
2504 1059 2851 1115 Sismundum
2881 1068 2937 1114 et
2961 1074 3185 1114 uxorem
3216 1058 3332 1128 ejus
3356 1100 3371 1124 ,
3410 1075 3570 1130 quam
3599 1071 3653 1115 et

2071 1146 2209 1203 filios
2240 1146 2376 1215 ejus,
2403 1147 2736 1219 projecitque
2778 1164 2874 1204 eos
2900 1150 2951 1204 in
2985 1157 3206 1219 puteum
3233 1149 3287 1203 in
3311 1148 3428 1205 loco
3456 1150 3545 1221 qui
3566 1150 3651 1204 di-

2071 1238 2215 1292 citur
2238 1236 2496 1292 Colomna
2522 1239 2662 1293 vico.

2079 1325 2209 1382 CAP.
2244 1326 2385 1380 XXI.
2407 1324 2645 1399 —Quod
2678 1328 2865 1380 iterum
2902 1326 3233 1399 Chlodmirus
3259 1327 3654 1399 Burgundiones

2524 1397 2745 1451 devictos
2771 1397 3072 1466 interfectus
3097 1408 3194 1451 est.

2143 1485 2272 1541 Post
2320 1487 2436 1541 hznc
2488 1482 2683 1541 iterutb
2738 1487 3027 1541 commovit
3076 1487 3372 1541 exercitum
3421 1486 3654 1542 Chlodo—

2073 1578 2242 1631 mirus
2264 1617 2278 1639 ,
2328 1577 2379 1630 in
2412 1576 2772 1647 Burgundiam
2807 1592 3038 1647 pergens
3063 1587 3251 1630 contra
3293 1576 3654 1631 Godomarutn

2077 1666 2209 1739 [.-ll.,
2239 1665 2627 1737 Gaismarum].
2666 1665 2908 1735 Cumque
2936 1666 3169 1721 venisset
3194 1682 3316 1721 cum
3343 1682 3536 1735 magno
3565 1667 3654 1719 Ito-

2005 1779 2045 1837 Β
2076 1767 2156 1811 ste
2187 1774 2241 1811 ιιι
2268 1771 2403 1827 pago
2429 1755 2749 1819 Viennense,
2775 1756 2828 1809 in
2853 1756 2971 1810 loco
2998 1758 3090 1827 qui
3114 1756 3314 1811 dicitur
3341 1755 3656 1812 Visoroncia

2078 1842 2425 1917 [Visroneia],
2449 1852 2505 1898 et
2527 1843 2863 1899 Godomarus
2882 1843 3072 1898 locatis
3093 1845 3342 1915 gentibus
3362 1854 3485 1900 eum
3505 1844 3661 1901 Chlo-

2076 1935 2285 1991 domiro
2307 1934 2666 2007 praeliaretur,
2693 1935 3101 2005 Burgundiones
3122 1936 3275 1990 valde
3313 1936 3512 1992 coll-.csi
3537 1952 3658 1992 cum

2076 2024 2381 2080 Godomaro
2404 2025 2673 2096 fugerunt.
2692 2024 2933 2095 Cumque
2957 2041 3051 2080 eos
3071 2036 3485 2097 persequeretur
3504 2025 3662 2081 Chlo-

2076 2114 2339 2180 domirus,
2362 2115 2522 2170 nimis
2542 2115 2694 2169 valde
2715 2116 3090 2186 praecucurrit,
3118 2116 3549 2187 antecedensque
3568 2132 3664 2172 eos
3740 2190 3747 2193 _

2077 2223 2198 2263 cum
2225 2222 2364 2278 equo
2386 2208 2539 2262 valde
2563 2208 2755 2273 veloci,
2779 2209 2833 2263 in
2856 2210 3034 2264 medio
3056 2225 3240 2265 eorum
3261 2210 3538 2281 ingressus
3557 2221 3660 2266 est.

2080 2297 2185 2352 Sed
2214 2313 2277 2351 ex
2306 2298 2530 2352 adversa
2570 2307 2722 2369 parte
2749 2313 3037 2368 percussus
3061 2300 3292 2364 corruit,
3332 2308 3385 2355 et
3420 2308 3664 2356 mortuus

2077 2372 2178 2441 est.
2207 2386 2358 2454 Quod
2388 2388 2630 2442 videntes
2660 2388 2882 2452 Franci,
2915 2390 3081 2444 nimio
3115 2389 3296 2445 dolore
3322 2399 3374 2445 et
3405 2390 3484 2444 ira
3508 2405 3660 2445 com-

2079 2478 2233 2543 moti,
2262 2477 2623 2533 Godomarum
2661 2489 3046 2549 persequentes
3080 2481 3479 2547 exterminant,
3524 2481 3660 2535 Bur-

2080 2568 2380 2637 gundiones
2406 2569 2700 2637 perimunt,
2731 2579 3061 2639 cunctasque
3101 2570 3349 2641 regiones
3374 2572 3661 2626 devastan—

2082 2664 2185 2721 tes,
2216 2672 2246 2709 a
2271 2672 2439 2727 puero
2465 2674 2634 2727 usque
2671 2660 2738 2713 ad
2769 2675 2951 2715 senem
2993 2676 3180 2715 onmes
3205 2669 3569 2731 peremerunt,
3611 2671 3666 2716 et

2082 2745 2157 2799 ita
2198 2746 2399 2800 reversi
2443 2756 2585 2803 sunt.
2635 2747 2942 2805 Chlotarius
2987 2751 3103 2806 haec
3145 2751 3400 2817 audiens,
3442 2768 3666 2808 uxorem

2083 2834 2268 2893 fratris
2290 2838 2373 2893 sui
2395 2839 2603 2909 accepit
2629 2840 2682 2894 in
2705 2839 3029 2912 conjugium,
3053 2841 3402 2898 Gundeucam
3428 2844 3664 2899 nomine.

2084 2928 2248 2985 Filios
2277 2945 2489 3001 quoque
2533 2931 2860 2988 Chlodomiri
2908 2935 3209 3004 orphanos,
3240 2934 3665 3001 Theudoaldum,

2085 3022 2295 3079 Guntha
2306 3025 2466 3092 rium,
2489 3034 2543 3080 et
2573 3024 2980 3091 Chlodoaldum,
3011 3025 3341 3082 Chrothildis
3361 3029 3547 3098 regina
3572 3045 3670 3089 nu-

2008 3116 2056 3178 C
2090 3117 2300 3181 triebat,
2329 3131 2423 3171 eos
2444 3132 2634 3172 secum
2660 3116 2915 3173 retinens.

2088 3206 2215 3262 Car.
2249 3208 2411 3276 3X11.
2444 3238 2516 3247 —
2539 3206 2617 3261 De
2659 3206 2800 3259 ca’de
2823 3221 3011 3275 magna
3035 3206 3176 3276 quod
3217 3204 3417 3276 Franci
3442 3208 3497 3261 in
3528 3205 3666 3259 Tho-

2159 3274 2424 3347 ringorum
2466 3276 2657 3346 populo
2696 3274 3105 3344 prostraverunt,
3145 3286 3192 3329 et
3231 3276 3296 3330 de
3323 3275 3669 3346 Ermenfredo

2159 3363 2277 3416 rege
2300 3362 2500 3400 eorum.

2159 3434 2359 3505 (στερη
2393 3433 2484 3488 lib.
2517 3450 2600 3501 ιιι,
2629 3451 2676 3487 c.
2709 3433 2787 3501 7.)
2812 3432 2870 3487 In
2901 3433 2993 3489 illo
3014 3441 3257 3505 tempore
3280 3434 3667 3502 Theodericus,

2088 3534 2144 3581 et
2173 3525 2579 3580 Theudobertus
2609 3524 3015 3597 [Theutbertus]
3045 3525 3185 3582 lilius
3218 3526 3353 3596 ejus,
3376 3537 3430 3583 et
3448 3527 3672 3584 Chlota-

2091 3618 2205 3672 rius
2246 3633 2360 3683 rex,
2408 3633 2531 3671 cum
2575 3617 2905 3673 Francorum
2935 3618 3174 3673 exercitu
3204 3618 3450 3675 Rhenum
3496 3628 3672 3676 trans-

2089 3714 2298 3771 euntes,
2344 3707 2396 3762 in
2441 3707 2750 3778 Toringiam
2778 3708 3017 3779 dirigunt
3040 3716 3228 3763 contra
3268 3710 3669 3768 Ermenfridum

2090 3816 2272 3870 regem
2299 3800 2675 3871 Toringorum.
2705 3800 2830 3854 llaec
2858 3801 3137 3857 audientes
3167 3801 3409 3874 Toringi,
3442 3802 3672 3860 fossatos

2089 3889 2336 3945 fecerunt
2374 3892 2473 3945 sub
2501 3890 2623 3946 dolo
2640 3930 2654 3955 ,
2686 3890 2913 3958 desuper
2940 3891 3309 3960 cooperientes
3333 3908 3427 3948 eos
3454 3894 3673 3964 cespiti-

2090 3981 2211 4036 bus.
2238 3979 2478 4050 Cumque
2516 3981 2582 4036 ad
2613 3980 2808 4035 bellum
2838 3981 3034 4036 itidem
3076 3984 3486 4050 convenissent,
3518 3984 3673 4041 intel-

2092 4071 2316 4143 ligentes
2342 4074 2483 4142 quod
2524 4075 2650 4143 equi
2697 4089 2884 4128 eorum
2916 4073 3112 4128 ibidem
3150 4077 3495 4141 corruissent,
3529 4076 3670 4131 indi-
3768 4074 3773 4081 ’

2091 4164 2238 4234 gnati
2262 4173 2387 4218 sunt
2411 4164 2583 4219 valde.
2614 4163 2772 4235 Fugit
2797 4172 2975 4218 autem
3018 4165 3390 4221 Ermenl'ridus
3411 4183 3533 4233 cum
3568 4167 3673 4222 Το-

2096 4254 2264 4324 ringis
2297 4269 2466 4323 usque
2488 4255 2842 4310 Onestrudem
2876 4256 3124 4320 lluvium,
3155 4257 3370 4325 illicque
3399 4273 3520 4311 eum
3549 4274 3674 4328 per-

2095 4345 2263 4399 secuti
2305 4354 2431 4399 sunt
2454 4345 2667 4400 Franci.
2706 4344 2812 4400 Sed
2841 4345 2928 4400 ille
2968 4347 3230 4415 reparatis
3254 4347 3458 4400 viribus
3487 4356 3674 4401 contra

2028 4472 2075 4531 υ
2100 4433 2337 4489 Francos
2374 4434 2664 4488 nitebatur.
2698 4434 2802 4489 Sed
2832 4443 2975 4488 tanta
3005 4436 3179 4490 caedes
3205 4435 3280 4490 ibi
3323 4435 3425 4490 fuit
3461 4437 3528 4492 de
3569 4438 3675 4493 To-

2101 4526 2289 4596 riugis,
2317 4534 2376 4579 ut
2397 4526 2511 4595 ipse
2538 4524 2732 4580 ﬂuvius
2756 4542 2820 4581 ex
2850 4542 3035 4581 eorum
3062 4528 3414 4583 cadaveribus
3442 4529 3675 4600 replere-

2102 4626 2207 4671 tur.
2223 4617 2415 4671 Franci
2430 4634 2557 4673 vero
2579 4633 2739 4688 super
2761 4635 2855 4675 eos
2875 4628 3130 4690 tanquam
3149 4637 3245 4691 per
3265 4631 3479 4692 pontem
3500 4632 3674 4679 trans-

2100 4708 2251 4763 ibant
2301 4718 2356 4762 et
2417 4709 2821 4765 conculcabant.
2854 4709 3153 4782 Totamque
3203 4717 3475 4785 regionem
3528 4714 3673 4769 illam

2100 4806 2393 4861 vastantes,
2424 4808 2480 4852 et
2502 4800 2740 4868 captivos
2764 4789 3113 4867 abducentes,
3142 4813 3332 4858 cuncta
3367 4805 3676 4875 depopulati

2102 4901 2244 4945 sunt.
2274 4889 2645 4948 Ermenfridus
2668 4909 2879 4963 quoque
2905 4911 3001 4965 per
3028 4895 3206 4967 fugam
3232 4898 3322 4952 vix
3347 4897 3527 4968 lapsus
3550 4915 3676 4954 eva-

2101 4982 2190 5036 sit.
2224 4982 2413 5036 Franci
2443 4993 2621 5038 autem
2649 5001 2770 5040 cum
2800 4986 2960 5040 multa
2991 4989 3167 5056 pneda
3192 4991 3440 5060 et’spolio
3471 4994 3673 5047 reversi

2102 5082 2246 5127 sunt.
2279 5072 2517 5127 Fuerunt
2541 5083 2719 5129 autem
2748 5076 3087 5132 Ermenfrido
3110 5080 3214 5134 duo
3245 5081 3457 5147 fratres,
3488 5083 3676 5139 Balde-

2103 5167 2248 5221 ricus
2273 5174 2329 5220 et
2358 5166 2871 5238 BertechariuslAI.
2890 5210 2902 5231 ,
2937 5170 3249 5225 Berecarius
3282 5182 3329 5225 et
3358 5173 3671 5247 Bertarius].

2105 5256 2281 5328 (Greg.
2311 5256 2401 5310 lib.
2437 5272 2496 5310 ιιι
2525 5297 2540 5314 .
2580 5272 2629 5311 c.
2661 5258 2740 5328 8.)
2782 5258 2909 5312 Post
2940 5260 3053 5314 lucc
3086 5261 3277 5316 iterum
3308 5262 3679 5321 Theudericus

2103 5347 2224 5400 data
2250 5346 2352 5401 fide
2387 5346 2725 5401 Ermenl‘rido
2749 5349 2879 5418 regi,
2919 5350 3171 5419 Tulpiaco
3207 5352 3423 5409 civitate
3450 5370 3573 5409 eum
3610 5356 3678 5410 ad

2104 5452 2164 5492 se
2197 5437 2380 5490 venire
2405 5436 2549 5492 fecit.
2571 5437 2811 5504 Cumque
2835 5455 2994 5510 super
3020 5458 3228 5496 murum
3254 5443 3421 5513 ipsius
3444 5445 3679 5503 civitatis

2105 5528 2554 5596 colloquerentur,
2580 5530 2836 5600 impulsus
2858 5533 2922 5587 dc.
2944 5548 3097 5588 muro
3116 5535 3263 5590 urbis
3289 5536 3456 5607 ipsius
3476 5538 3680 5594 corruit

2106 5617 2172 5670 ad
2198 5625 2418 5681 terram,
2442 5626 2497 5672 et
2525 5627 2766 5674 mortuus
2789 5630 2889 5681 est.
2922 5637 3152 5694 suosque
3174 5623 3406 5681 infantes
3435 5626 3672 5682 Thcude-

2109 5706 2254 5761 ricus
2286 5707 2587 5763 interficere
2611 5710 2816 5780 rogavit
2844 5708 3064 5783 [jussit].
