4020 6170
429 255 454 308 1
465 255 568 310 463

1655 251 1968 309 ANONYMI
2006 251 2277 308 SXECULI
2322 251 2457 308 V'lll.

3564 255 3588 311 1
3595 257 3682 316 411

427 365 557 419 Car.
606 361 787 416 XXlll.
835 391 909 432 τέ-
954 360 1157 414 Bellum
1205 362 1344 431 quod
1368 359 2001 432 iClrildebertusexercuit
2033 364 2078 423 Α
2109 361 2215 414 min
2249 360 2430 415 dolore
2451 367 2506 414 et
2530 360 3095 416 amaritudinc'cordis
3132 377 3265 417 cum
3294 360 3545 432 lacrymis
3574 367 3678 420 ait:

556 433 803 486 adversus
828 431 1043 498 (.‘otltos,
1071 432 1203 484 etde
1223 431 1475 484 Amalrici
1502 431 1875 500 interiectione.

501 543 681 616 (Greg.
710 543 803 596 lib.
840 559 924 607 ιιι,
959 559 1007 596 e.
1057 543 1170 610 10.)
1215 543 1588 597 Childebertus
1629 555 1843 612 quoque
1885 557 2007 596 cum

429 643 576 691 esset
594 633 854 689 Arvernis
880 633 1119 698 civitate,
1150 648 1306 688 soror
1343 631 1462 702 eius
1489 649 1628 688 uxor
1644 632 1900 687 Amalrici
1927 622 2010 686 re-

431 727 512 797 gis
541 725 863 791 Gothorum,
905 740 1100 780 nomen
1127 725 1317 794 puellae
1345 725 1627 781 Clothildis
1656 725 1788 796 [Αι.,
1819 725 2011 779 Chlod-

431 817 647 890 ehildis]
695 818 899 887 regina,
948 816 1146 872 direxit
1171 818 1240 871 ad
1283 833 1406 871 eum
1435 818 1652 872 nuntios
1695 817 1762 872 de
1788 816 2007 887 Spania,

429 909 636 974 dicens,
680 915 878 976 quanta
908 905 1046 960 mala
1074 906 1123 960 ei
1153 906 1458 962 Amalricus
1496 907 1736 972 fecisset,
1760 917 1815 962 et
1838 908 2011 976 quali-

432 1006 516 1052 ter
569 1012 732 1068 super
793 999 962 1066 ipsam
1014 998 1363 1052 insidiaretur
1418 1007 1638 1069 propter
1689 999 2009 1053 catholicam

429 1089 610 1144 fidem.
640 1087 772 1142 Nam
799 1103 920 1142 cum
949 1088 1016 1142 ad
1041 1088 1324 1143 ecclesiam
1353 1087 1554 1142 Christi
1584 1089 1687 1142 iret
1711 1089 2010 1142 orationem

431 1181 641 1244 facere,
687 1188 928 1234 stercora
961 1187 1016 1234 et
1057 1179 1254 1234 multos
1291 1179 1490 1234 fetores
1537 1181 1652 1250 ipse
1685 1195 1846 1250 super
1890 1195 2009 1235 eam

428 1268 766 1338 projiciebat,
797 1269 1034 1338 atquein
1059 1276 1266 1322 tantum
1290 1283 1410 1322 eam
1436 1269 1777 1334 verberabat,
1803 1277 1862 1323 ut
1888 1284 2013 1324 san-

430 1363 645 1431 guinem
672 1371 930 1416 vomeret.
963 1361 1134 1428 Quem
1161 1362 1249 1417 illa
1279 1363 1333 1416 in
1356 1362 1574 1417 sudario
1601 1377 1702 1417 suo
1729 1361 2012 1416 collectum

431 1451 584 1505 fratri
620 1468 717 1507 suo
749 1453 1069 1519 transmisit,
1101 1455 1318 1509 dicens:
1345 1454 1625 1525 lndignate
1655 1451 2014 1526 [Vindicate],

432 1541 740 1596 dulcissime
766 1535 958 1609 frater,
1011 1542 1251 1598 laborem
1299 1553 1352 1599 et
1397 1543 1650 1612 iniuriam
1692 1559 1890 1610 meam,
1921 1544 2016 1599 do-

431 1631 578 1684 mine
623 1632 956 1688 charissime.
1007 1632 1143 1688 Cum
1191 1635 1310 1689 haec
1353 1634 1593 1689 audisset
1639 1633 2014 1690 Childebertus

2111 447 2257 504 Satis
2278 449 2513 518 undique
2534 464 2619 504 me
2659 450 2921 520 angustia:
2948 451 3356 520 comprimunt.
3407 451 3464 505 Si
3492 468 3680 522 regnare

2107 553 2213 592 non
2248 540 2464 604 debent,
2488 541 2617 610 quid
2657 541 2786 595 mihi
2815 557 2912 596 eos
2935 542 3168 613 prodest
3202 543 3485 598 nutrisse?
3524 544 3678 600 llelins

2105 638 2190 685 est
2222 631 2326 685 illis
2354 633 2490 686 mori
2518 647 2680 702 quam
2725 633 2959 687 tonderi.
3010 635 3090 688 At
3139 634 3238 688 ille
3267 635 3585 688 renuntiavit
3620 638 3682 690 eis

2108 721 2290 777 dolose
2317 721 2540 787 falsum,
2584 724 2809 778 dicens:
2845 723 2934 779 Sic
2959 724 3093 779 dicit
3133 724 3353 794 regina,
3404 723 3561 794 Magis
3585 728 3680 782 volo

2107 826 2201 867 eos
2228 813 2495 877 occidere,
2517 830 2677 884 quam
2701 815 2946 869 tondere.
2979 814 3096 870 Nec
3125 830 3289 869 mora
3315 816 3494 875 etiam,
3519 830 3682 885 appre-

2109 901 2296 958 hendit
2344 903 2692 959 Chlotharius
2736 918 2967 974 puerum
3011 904 3337 967 seniorem,
3387 905 3680 973 proiecitque

2108 1007 2232 1046 eum
2258 991 2323 1046 ad
2355 1001 2555 1048 terram
2579 1034 2594 1057 ,
2647 1009 2710 1047 ac
2737 994 2925 1048 defixit
2959 993 3012 1047 in
3055 993 3275 1048 ascella
3321 995 3440 1061 ejus
3465 996 3679 1049 cultrum.

2111 1080 2212 1147 Qui
2247 1085 2730 1151 transverberatus,
2755 1092 2939 1138 statim
2963 1095 3223 1138 mortuus
3247 1095 3355 1139 est.
3385 1085 3563 1140 Frater
3579 1102 3681 1156 quu-

2111 1188 2215 1241 que
2232 1171 2416 1240 iunior
2461 1190 2582 1228 cum
2620 1178 2723 1231 hoc
2768 1175 3017 1239 vidisset,
3053 1173 3302 1244 proiecit
3345 1190 3406 1228 se
3448 1177 3510 1228 ad
3549 1177 3682 1245 pedes

2113 1266 2463 1332 Childeberti,
2495 1268 2680 1322 dicens
2714 1267 2928 1322 ﬂendo:
2970 1267 3260 1322 Succurre
3286 1267 3436 1332 mihi,
3477 1268 3680 1336 piissime

2111 1370 2296 1430 pater,
2341 1375 2410 1414 ne
2451 1368 2506 1414 et
2533 1375 2635 1432 ego
2679 1375 2895 1431 peream
2940 1361 3088 1416 sicut
3138 1359 3321 1414 frater
3351 1375 3514 1414 meus.
3557 1359 3681 1414 Tunc

2114 1448 2486 1505 Childebertus
2509 1461 2811 1506 commotus
2843 1451 3132 1522 lacrymis,
3168 1450 3291 1504 ait:
3320 1447 3559 1514 Obsecro,
3586 1449 3679 1504 dul-

2115 1541 2331 1597 cissime
2371 1541 2561 1609 frater,
2607 1552 2668 1598 ut
2703 1544 2792 1598 isti
2821 1545 2985 1598 vitam
3017 1544 3340 1599 concedere
3364 1542 3608 1613 digneris,
3636 1551 3680 1596 et

2115 1643 2374 1704 quantum
2396 1634 2528 1707 [Αι.,
2555 1647 2615 1691 ιιι
2643 1635 2805 1706 huius
2831 1636 2996 1691 vitam
3025 1646 3126 1691 tua
3148 1635 3408 1706 largitate
3435 1634 3554 1688 mihi
3575 1649 3678 1688 con-

431 1737 544 1787 rex,
577 1723 635 1778 in
665 1723 744 1778 ira
773 1739 966 1794 magna
993 1733 1315 1788 commotus,
1350 1725 1561 1780 hostem
1587 1725 1881 1779 maximum
1903 1723 2015 1779 col-
2047 1730 2090 1792 Β
2115 1725 2308 1780 cedere
2328 1723 2538 1794 iubeas,
2570 1735 2626 1781 et
2655 1725 3164 1798 quantumcunque]
3193 1724 3452 1788 volueris,
3489 1737 3575 1792 pro
3596 1722 3678 1775 hoc

429 1813 580 1885 legit,
607 1823 662 1868 et
686 1814 741 1868 in
770 1813 1026 1885 Spaniam
1049 1815 1270 1881 direxit,
1296 1823 1460 1885 atque
1482 1831 1714 1887 pugnam
1738 1816 1858 1870 iniit
1886 1830 2010 1870 cum

433 1903 724 1960 Amalrico.
796 1905 867 1958 At
905 1920 1035 1960 vero
1082 1904 1244 1961 Gothi
1289 1905 1443 1961 valde
1493 1905 1696 1961 collaesi
1752 1903 2008 1978 [collisi],

430 1992 736 2050 Amalricus
761 1994 940 2066 fugam
970 1995 1150 2062 vertit,
1195 2010 1362 2051 naves
1387 2003 1547 2066 parat
1568 1994 1634 2050 ad
1677 1994 2009 2066 fugiendum.

430 2082 672 2153 Cumque
694 2085 958 2156 attingere
985 2093 1273 2140 conaretur
1298 2084 1365 2139 ad
1388 2086 1532 2155 ipsas
1555 2099 1739 2149 naves,
1769 2098 2016 2154 persecu-

433 2185 518 2230 tus
540 2162 632 2230 est
658 2192 782 2232 eum
809 2176 1080 2232 exercitus
1113 2175 1466 2233 Childeberti.
1519 2177 1590 2232 At
1614 2176 1702 2232 ille
1730 2177 1929 2231 victum
1956 2190 2016 2232 se

431 2283 679 2334 cernens,
718 2269 786 2323 ad
805 2268 1090 2324 ecclesiam
1113 2269 1546 2325 Christianorum
1588 2267 1771 2339 fugere
1809 2268 2016 2324 niteba-

431 2369 538 2416 tur.
569 2359 674 2416 Sed
699 2369 985 2430 antequam
1009 2361 1077 2416 ad
1099 2361 1378 2416 introitum
1402 2360 1643 2416 ecclesiae
1661 2361 2015 2430 pervenisset,

431 2449 649 2520 quidam
679 2449 921 2505 Francus
956 2465 1079 2506 eum
1104 2449 1289 2506 lancea
1318 2450 1624 2520 percussit,
1665 2459 2018 2521 mortuusque

431 2549 516 2594 est
542 2540 638 2596 ibi.
687 2540 839 2596 Tunc
867 2540 1240 2597 Childebertus
1270 2541 1525 2613 Spaniam
1565 2542 1874 2608 devastans,
1907 2542 2016 2598 Το-

434 2630 601 2685 letum
628 2629 735 2704 [Αι.
758 2671 774 2697 ,
813 2631 1107 2704 Tulletum]
1149 2634 1337 2690 urbem
1375 2635 1682 2704 ingressus,
1735 2636 2020 2692 thesauros

434 2737 659 2794 magnos
692 2723 815 2779 inde
851 2725 1090 2791 abstulit,
1131 2734 1186 2780 et
1210 2741 1314 2781 una
1344 2740 1687 2783 cumsorore
1715 2743 1811 2783 sua
1839 2742 2020 2784 rever-

433 2829 528 2870 sus
555 2823 658 2869 est.
693 2813 800 2870 Sed
821 2816 1008 2871 nescio
1035 2831 1141 2886 quo
1161 2817 1400 2887 periculo
1419 2817 1733 2873 imminente
1761 2818 2021 2890 languore

435 2907 491 2963 in
516 2908 632 2981 ipso
647 2907 838 2963 itinere
858 2916 1066 2964 mortua
1087 2917 1188 2964 est.
1217 2909 1460 2965 Parisius
1483 2925 1697 2981 quoque
1717 2911 2016 2981 deportata,

433 2998 491 3053 in
520 2998 738 3055 basilica
785 2999 958 3054 sancti
1002 2999 1149 3055 Petri
1186 2997 1342 3068 juxta
1381 3008 1589 3070 patrem
1618 3016 1776 3056 suum
1813 3001 2020 3072 sepulta

2115 1817 2254 1873 dabo
2284 1817 2402 1873 tibi.
2427 1817 2610 1874 Atille
2637 1818 2692 1872 in
2718 1819 2798 1872 ira
2825 1833 3148 1882 succensus,
3183 1817 3262 1872 ait
3290 1815 3358 1870 ad
3383 1828 3499 1871 eum
3525 1811 3676 1880 :Ejite

2113 1921 2240 1963 eum
2257 1922 2287 1962 a
2314 1915 2387 1974 te,
2417 1916 2511 1962 aut
2533 1917 2681 1963 certe
2709 1923 2811 1978 pro
2837 1923 2904 1964 eo
2933 1907 3215 1962 morieris.
3249 1905 3332 1960 Tu
3361 1919 3419 1960 es
3451 1903 3580 1958 enim
3602 1902 3674 1970 qui

2115 1998 2219 2054 hoc
2243 1998 2442 2053 malum
2469 1999 2754 2054 consilium
2781 1998 3135 2069 perpetrasti,
3181 2006 3242 2052 et
3276 1995 3436 2052 modo
3463 2003 3512 2048 tu
3537 1992 3606 2046 vis
3625 1991 3675 2045 11-

2115 2091 2308 2148 berare
2325 2093 2477 2147 eum?
2499 2092 2624 2147 llaec
2647 2092 2870 2146 audiens
2894 2089 3310 2155 Childebertus,
3339 2087 3551 2158 proiecit
3575 2098 3674 2139 eum

2117 2196 2149 2238 a
2177 2197 2257 2238 se.
2305 2180 2649 2237 Chlotharius
2675 2197 2888 2251 quoque
2912 2181 3060 2236 elisit
3079 2197 3211 2237 eum
3235 2181 3291 2235 in
3323 2189 3484 2244 terra,
3508 2176 3674 2232 deliro-

2117 2287 2222 2342 que
2248 2271 2301 2325 in
2334 2271 2586 2326 ascellam
2613 2272 2789 2326 cultro
2836 2269 3116 2326 interfecit
3143 2285 3296 2332 eum,
3330 2269 3466 2324 sicut
3487 2265 3670 2319 fratrem

2117 2359 2272 2430 ejus:
2315 2368 2371 2415 et
2401 2376 2597 2430 pueros
2635 2376 2822 2416 eorum
2858 2361 3118 2416 nutritios
3146 2360 3401 2415 similiter
3429 2353 3668 2426 iugulavit,

2118 2450 2462 2521 ascensisque
2485 2452 2759 2522 equitibus
2789 2451 2989 2524 [equis]
3028 2451 3324 2508 abscessit.
3361 2449 3548 2518 Regina
3567 2461 3667 2515 quo-

2117 2555 2223 2610 que
2251 2540 2366 2595 haec
2393 2539 2636 2605 audiens,
2682 2555 2808 2596 cum
2847 2541 3014 2595 nimio
3058 2555 3300 2595 maerore
3335 2537 3527 2598 attrita,
3551 2546 3670 2588 com-

2115 2629 2307 2702 positis
2333 2630 2668 2700 corpusculis
2691 2645 2902 2696 eorum,
2949 2645 3076 2686 cum
3109 2646 3310 2702 magno
3336 2625 3591 2698 psallentio
3625 2629 3667 2675 et

2118 2720 2384 2777 immenso
2412 2721 2557 2775 luctu
2587 2720 2826 2777 Parisius
2849 2724 2916 2777 ad
2941 2722 3231 2777 basilicam
3259 2720 3427 2775 sancti
3450 2715 3577 2771 Petri
3595 2713 3668 2766 de

2118 2821 2329 2884 portata
2355 2813 2618 2883 sepelivit.
2649 2813 2890 2881 Quorum
2911 2829 3055 2870 unus
3075 2823 3200 2871 erat
3219 2813 3402 2868 decem
3422 2819 3663 2865 annorum,

2119 2913 2176 2959 et
2211 2903 2348 2959 alius
2374 2913 2600 2973 septem.
2650 2905 2868 2961 Tertius
2902 2917 3038 2962 vero
3088 2905 3311 2960 nomine
3351 2895 3666 2956 Chlodoaldus

2119 2994 2323 3067 effugit,
2363 3004 2420 3052 et
2458 3011 2556 3068 per
2579 2997 2837 3052 auxilium
2865 3014 3163 3070 puerorum
3199 2995 3414 3050 fortium
3451 2991 3661 3045 liberatus

433 3101 536 3149 est.
567 3091 942 3148 Childebertus
986 3105 1114 3148 vero
1145 3092 1287 3147 inter
1326 3092 1563 3163 reliquos
1604 3094 1889 3149 thesauros
1917 3093 2020 3148 mi-
2047 3089 2092 3153 C
2123 3096 2224 3143 est.
2276 3087 2377 3154 Qui
2407 3097 2594 3158 postea
2639 3087 2826 3143 relicto
2873 3097 3093 3144 terreno
3123 3101 3311 3158 regno,
3355 3085 3464 3152 ipse
3488 3073 3660 3149 ρτοιπίι

434 3185 660 3240 nisteria
693 3184 1046 3240 ecclesiarum
1075 3183 1287 3250 detulit,
1325 3183 1380 3241 id
1403 3194 1490 3240 est
1517 3185 1582 3242 de
1605 3185 1752 3241 vasis
1778 3183 2021 3240 Salomo-

433 3276 520 3330 nis
543 3275 948 3345 pretiosissimis
976 3276 1254 3347 sexaginta
1287 3276 1515 3343 calices,
1546 3277 1852 3347 quindecim
1885 3277 2022 3348 pati-

434 3380 552 3430 nas,
584 3365 776 3437 viginti
803 3380 995 3435 capsas
1023 3365 1438 3436 Evangeliorum
1477 3383 1542 3422 ex
1569 3382 1703 3424 auro
1730 3368 2021 3438 purissimo

433 3456 732 3526 gemmario
767 3469 930 3526 opere
963 3455 1180 3512 caalatas
1199 3495 1214 3521 ,
1242 3456 1464 3527 pulchre
1488 3465 1729 3512 ornatas.
1771 3457 1863 3512 llle
1890 3473 2022 3512 vero

433 3546 606 3602 noluit
633 3561 698 3602 ea
723 3546 1094 3616 confringere,
1143 3547 1238 3604 sed
1279 3562 1378 3618 per
1417 3547 1688 3606 Ecclesias
1712 3556 1906 3605 cuncta
1935 3548 2019 3604 di-

435 3637 730 3704 stribuens,
757 3638 1110 3708 dispensavit.

433 3751 564 3808 Car.
581 3751 774 3808 XXIV.
788 3751 1103 3806 -ι-(Ῐοηεὶιὶο
1123 3752 1282 3822 impio
1298 3751 1655 3807 Childebertus
1676 3761 1724 3806 et
1737 3751 2024 3807 Chlodtha—

481 3824 616 3876 ’τίω
656 3830 1028 3892 pertractanles
1059 3831 1266 3892 nepotes
1309 3839 1432 3877 suos
1466 3822 1821 3891 interﬁciunt,
1864 3832 1913 3877 et
1942 3838 2024 3876 re-

503 3907 664 3961 gnum
686 3891 852 3961 patris
881 3906 1063 3944 eorum
1089 3891 1360 3946 invadunt.

505 3999 748 4074 (Gregor.
776 3999 869 4054 lib.
896 4015 979 4063 ιιι,
1011 4017 1128 4071 cap.
1159 4000 1272 4072 18.)
1311 4001 1369 4056 ln
1399 4000 1508 4058 illis
1535 4001 1724 4057 diebus
1742 4001 2021 4058 Chrothil-

433 4095 519 4151 dis
548 4094 753 4164 regina,
796 4107 920 4148 cum
958 4091 1199 4149 Parisius
1227 4093 1489 4149 resideret
1513 4133 1528 4159 ,
1558 4093 1853 4164 vidensque
1877 4094 2024 4150 Chil-

435 4185 690 4242 debertus
715 4200 830 4250 rex,
863 4184 1006 4254 quod
1034 4184 1173 4240 filios
1196 4182 1381 4241 fratris
1416 4186 1500 4240 sui
1531 4186 1760 4242 senioris
1791 4185 2024 4242 Chlodo—

435 4277 589 4333 miris
611 4275 832 4348 prazfata
858 4275 1044 4346 regina
1068 4282 1241 4330 mater
1265 4274 1433 4346 ipsius
1457 4277 1741 4341 enntriret,
1777 4285 1833 4332 et
1859 4278 2024 4333 nimis

433 4381 529 4424 eos
552 4366 821 4436 diligeret,
868 4365 1112 4436 cogitans
1137 4366 1280 4434 quod
1318 4380 1470 4435 reges
1495 4382 1592 4422 eos
1625 4366 1787 4422 vellet
1820 4365 2016 4431 facere,

2122 3195 2287 3234 manu
2315 3194 2374 3234 se
2399 3179 2649 3244 totondit,
2677 3187 2732 3234 et
2751 3179 2985 3235 clericus
3007 3179 3185 3234 factus
3207 3184 3309 3241 est,
3333 3188 3395 3227 ac
3412 3169 3551 3226 bonis
3565 3177 3658 3232 ope-

2122 3272 2272 3327 ribus
2311 3272 2568 3342 praeditus
2594 3272 2878 3342 presbyter
2905 3271 3193 3326 ordinatus
3220 3277 3322 3324 est.
3366 3263 3544 3318 Plenus
3563 3268 3658 3310 vero

2121 3369 2244 3430 post
2286 3361 2503 3414 modum
2536 3361 2826 3415 virtutibus
2859 3360 3117 3430 migravit
3161 3359 3230 3413 ad
3258 3353 3540 3410 Dominum.
3572 3343 3656 3398 No-

2121 3450 2304 3505 viento
2330 3450 2452 3504 villa
2471 3449 2730 3505 Parisiaci
2758 3450 3071 3505 suburbano
3099 3449 3374 3520 depositus
3396 3442 3654 3514 requiescit.

2121 3539 2451 3596 Chrothildis
2489 3550 2669 3596 autem
2711 3542 2896 3612 regina
2923 3542 2980 3596 in
3023 3541 3378 3613 eleemosynis
3408 3537 3652 3608 proﬂuens,

2120 3649 2243 3690 cum
2280 3648 2491 3689 summa
2533 3633 2860 3689 abstinentia
2902 3641 2959 3689 et
3006 3633 3304 3689 sobrietate
3347 3632 3462 3684 vita:
3494 3625 3655 3695 Ῑυῧίίθτ

2122 3726 2374 3797 degebat.

2122 3837 2250 3894 CAP.
2276 3836 2440 3910 XXV.
2469 3867 2540 3910 -_—
2564 3835 2641 3910 De
2667 3845 2831 3910 morte
2863 3835 3490 3910 ἹξΙιειιάει-ἱςῇλειιρθηιιιιι
3519 3823 3652 3876 Theu-

2286 3908 2515 3971 doberti,
2544 3916 2592 3961 et
2621 3906 2811 3961 bellum
2837 3908 3086 3961 adversus
3120 3904 3515 3960 Chlodtharium.

2193 3999 2396 4074 (Greg.,
2426 3998 2517 4052 lib.
2543 4015 2628 4065 ιιι,
2662 4015 2710 4052 c.
2738 3998 2855 4071 28.)
2901 3998 2958 4053 In
2989 3999 3098 4053 illis
3124 3997 3314 4052 diebus
3348 3996 3562 4046 mortuus
3583 3985 3648 4034 est

2124 4095 2492 4152 Theudericus
2517 4110 2632 4150 rex.
2680 4095 2944 4164 Regnavit
2975 4103 3155 4150 autem
3198 4104 3364 4146 annos
3396 4085 3477 4139 25.
3507 4078 3646 4133 Theu-

2123 4188 2380 4242 dobertus
2431 4184 2840 4258 [Theutbertus]
2883 4201 3100 4256 quoque
3143 4183 3282 4238 filius
3325 4175 3432 4245 eius
3462 4176 3641 4238 regnum

2123 4274 2239 4344 eius
2259 4275 2482 4345 recepit.
2512 4274 2643 4330 Post
2669 4275 2785 4330 hate
2813 4274 3192 4330 Childebertus
3208 4279 3263 4326 et
3295 4261 3643 4345 Theudobertus

2122 4375 2522 4424 commoventes
2544 4367 2866 4430 exercitum,
2889 4375 3081 4420 contra
3119 4357 3436 4420 Chlotarium
3462 4351 3530 4404 ire
3550 4343 3638 4398 dis-

433 4457 572 4513 dixit
597 4455 910 4513 Chlotbario
951 4453 1106 4510 fratri
1131 4470 1264 4511 suo:
1313 4455 1486 4512 Mater
1511 4465 1696 4512 nostra
1732 4455 1872 4512 tilios
1909 4457 2019 4512 fra-
2048 4445 2098 4505 D
2121 4466 2345 4529 ponunt.
2376 4459 2468 4512 lllc
2496 4467 2678 4512 autem
2708 4457 2823 4512 haec
2850 4456 3098 4520 audiens,
3131 4453 3316 4508 videns
3340 4440 3468 4515 quod
3488 4441 3638 4529 corvi"

435 4548 535 4604 tris
563 4547 733 4603 nostri
757 4562 941 4602 secum
969 4547 1182 4612 retinet,
1215 4553 1271 4602 et
1297 4555 1480 4603 tenere
1497 4548 1692 4618 diligit,
1733 4564 1936 4618 eosque
1960 4551 2014 4604 in

433 4653 599 4709 regno
638 4637 822 4692 fratris
849 4637 1018 4692 nostri
1048 4637 1162 4692 vult
1193 4637 1426 4694 elevare.
1452 4637 1688 4694 Consilio
1730 4639 1897 4709 igitur
1926 4655 2019 4695 ac-

434 4737 589 4800 cepto
613 4735 946 4799 pertractare
965 4727 1225 4783 debemus
1252 4729 1382 4798 quid
1405 4729 1471 4784 de
1497 4729 1578 4785 eis
1599 4727 1881 4785 faciamus.
1910 4730 2019 4786 Aut

436 4820 721 4876 tendamus
745 4833 858 4884 eos,
907 4827 1000 4873 aut
1023 4818 1428 4884 iutcrficiamus,
1476 4835 1806 4890 regnumque
1833 4821 2020 4877 fratris

434 4912 606 4970 nostri
642 4911 814 4982 patris
839 4927 1025 4966 eorum
1068 4911 1210 4965 inter
1247 4926 1346 4966 nos
1385 4911 1709 4968 dividamus.
1761 4913 2022 4969 Miserum

433 5009 614 5056 autem
634 5001 701 5056 ad
724 5001 962 5072 reginam
983 4999 1222 5056 Parisius
1245 5001 1555 5067 Arcadium,
1588 5002 1821 5058 nobilem
1840 5004 2017 5058 virum

433 5101 489 5148 et
515 5092 854 5156 industrium,
887 5092 1070 5148 dolose
1098 5093 1340 5147 dicentes
1365 5110 1378 5146 :
1413 5093 1509 5148 Dic
1533 5094 1690 5148 matri
1709 5103 1930 5161 nostrae,
1959 5105 2021 5151 ut

433 5184 615 5238 mittat
639 5183 708 5238 ad
735 5199 834 5239 nos
855 5182 994 5237 filios
1021 5181 1206 5238 fratris
1235 5183 1426 5249 nostri,
1459 5193 1680 5255 nepotes
1701 5201 1933 5250 nostros,
1961 5195 2020 5241 ut

434 5288 529 5328 eos
571 5288 723 5342 reges
764 5273 1176 5328 constituamus.
1222 5271 1295 5326 At
1326 5272 1412 5326 illa
1451 5274 1676 5329 credens
1701 5273 1803 5330 hoc
1827 5290 2014 5328 verum

435 5379 575 5429 esse,
619 5364 856 5435 gaudens
894 5365 1041 5434 ipsos
1073 5364 1154 5419 eis
1188 5365 1505 5418 transmisit.
1544 5365 1624 5420 llli
1663 5380 1793 5420 vero
1833 5367 2014 5420 statim

437 5457 761 5514 remiserunt
783 5455 1072 5512 Arcadium
1092 5457 1160 5512 ad
1180 5457 1440 5527 reginam,
1463 5457 1738 5514 dicentes:
1770 5459 1869 5514 Hic
1891 5469 2017 5515 sunt

436 5549 672 5611 forlices,
701 5557 757 5603 et
776 5565 902 5604 ecce
926 5549 1154 5618 gladius.
1188 5549 1279 5604 Sic
1306 5552 1562 5606 mandant
1586 5552 1683 5607 11111
1705 5553 1782 5607 ιιιί
1809 5570 1822 5606 :
1855 5552 1912 5607 Si
1933 5554 2017 5608 vis

438 5657 532 5699 eos
572 5639 793 5696 tondere
836 5648 927 5694 aut
958 5639 1133 5710 gladio
1156 5639 1440 5709 perimere.
1493 5643 1587 5699 Illa
1627 5658 1756 5700 vero
1783 5661 1894 5716 prae
1933 5646 2016 5702 ni-

2119 4552 2381 4608 exercitui
2424 4551 2679 4607 resistere
2704 4567 2808 4604 non
2846 4549 3036 4620 possit,
3076 4549 3130 4603 in
3164 4545 3346 4601 silvam
3368 4525 3572 4598 confugit
3593 4534 3634 4572 ιη

2117 4643 2397 4698 Auriliano
2427 4641 2557 4713 [At.,
2590 4640 2882 4713 Arelauno]
2901 4681 2916 4705 ,
2964 4640 3196 4708 fecitque
3219 4632 3477 4690 combros,
3503 4623 3633 4713 totam

2119 4747 2268 4802 spem
2293 4705 2447 4786 suam
2474 4732 2527 4785 in
2548 4705 2649 4785 Dei
2675 4705 2882 4800 pietate
2896 4705 3285 4784 transfundens.
3314 4716 3410 4774 Sed
3427 4719 3475 4766 el
3493 4705 3632 4802 _Chl'0‘

2120 4797 2305 4876 tltildis
2334 4821 2517 4892 regina
2545 4822 2658 4876 hate
2676 4797 2937 4886 audiens,
2975 4821 3117 4876 beati
3150 4810 3354 4873 Martini
3379 4797 3629 4894 sepulcruttl

2122 4913 2274 4979 adiit,
2318 4913 2500 4982 ibique
2537 4913 2589 4966 in
2629 4913 2876 4967 oratione
2905 4920 3196 4982 prostrata,
3244 4910 3345 4958 tota
3373 4901 3505 4951 nocte
3523 4895 3628 4982 '5'"

2121 4968 2273 5071 lans;
2291 4968 2682 5076 deprecabatur
2697 4968 3005 5068 Dominum,
3032 5020 3098 5056 ne
3122 5003 3258 5055 inter
3282 4992 3406 5046 ﬁlios
3422 4993 3528 5036 suos
3545 4968 3626 5076 be]-

2121 5101 2230 5155 lum
2261 5071 2417 5154 civile
2459 5105 2830 5167 consurgeret.
2879 5094 3120 5163 Cumque
3153 5071 3620 5167 convenissent-.0131]

2121 5192 2365 5246 hostibus
2398 5191 2607 5259 magnis
2635 5150 2822 5244 centra
2853 5150 3204 5244 Chlotarium,
3250 5182 3306 5229 ul
3327 5150 3620 5259 δοιιυοηιίξίξῗ

2121 5297 2245 5336 eum
2280 5241 2662 5343 interficerent,
2695 5291 2850 5331 mane
2882 5276 3026 5331 facto
3067 5277 3117 5329 in
3158 5273 3285 5331 loco,
3313 5263 3362 5316 in
3384 5266 3481 5350 quo.
3495 5241 3614 5350 "1"“

2123 5372 2449 5442 congregati,
2476 5380 2596 5426 orta
2621 5380 2705 5425 cst
2732 5369 2963 5423 maxima
2995 5371 3290 5438 tempestas.
3316 5339 3510 5442 ιθηιοιξὶει

2124 5417 2449 5442 ..νηυηο-η,
2480 5417 2526 5426 ν.
2545 5417 2596 5424 η
2624 5417 2705 5425 ν--
2732 5417 2963 5423 --._----_._
2999 5417 3162 5438 ---ηπ

2123 5479 2378 5532 rumpens
2401 5478 2522 5516 cum
2550 5462 2808 5515 immixtis
2835 5459 3145 5530 fulgoribus,
3173 5461 3319 5520 atque

2242 5554 2272 5561 .,
2355 5553 2366 5561 .
2547 5553 2594 5561 ,..
2722 5551 2734 5561 .
2797 5553 2811 5561 .
2866 5552 2897 5561 ..
3187 5538 3406 5561 ,Α-ει-ηιε
3471 5535 3480 5547 ⁸
3591 5537 3602 5551 ⁹

2120 5513 2301 5619 νοτιῆ,
2353 5553 2682 5607 irruentibus
2721 5513 2984 5606 imbribus
3020 5563 3141 5604 cum
3187 5529 3412 5650 tonitrll‘iﬂ-‘ii

2119 5645 2200 5701 1111
2227 5659 2354 5701 vero
2376 5643 2630 5716 prostrati
2653 5643 2709 5698 in
2736 5651 2937 5698 terram
2965 5644 3284 5697 corruenteSa
3305 5615 3412 5680 αθδί
3435 5614 3539 5681 9”"
