4018 6174
372 265 511 323 ’1445

1496 272 1721 329 GESTA
1758 274 2000 332 REGUM
2037 275 2482 335 FRANCORUM.

3496 296 3634 352 1446

373 383 530 435 nibus
569 379 778 446 validis,
819 381 1059 451 graviter
1089 383 1354 439 verberati
1387 385 1523 457 [Αι.,
1569 387 1794 460 turbati]
1828 404 1949 444 eor-
1980 401 2026 460 Α
2055 387 2238 442 mitem
2273 389 2469 444 stabuli
2495 405 2618 446 esse
2647 393 2947 448 constituit.
2989 395 3322 453 Buccelenus
3359 417 3488 457 vero
3513 423 3642 463 con-

369 480 554 527 ruunt.
605 470 818 526 Nullum
845 473 926 527 eis
964 482 1214 544 tegumen
1255 478 1536 542 remansit,
1587 479 1690 534 nisi
1731 479 1951 550 clypeus

365 571 600 630 tantum,
650 565 753 620 hoc
790 566 1024 620 maxime
1052 567 1304 623 timentes
1326 609 1342 632 ,
1382 584 1448 624 ne
1486 570 1554 624 ab
1585 570 1706 641 igne
1746 573 1952 629 cmlesti

357 664 758 712 cremarentur.
808 656 914 712 Sed
939 666 993 712 et
1025 660 1147 729 equi
1197 674 1385 716 eorum
1431 665 1505 716 ita
1541 664 1768 732 dispersi
1804 674 1949 730 sunt,

364 757 431 802 ut
458 748 545 802 vix
582 748 638 803 in
674 748 932 804 vicesimo
963 751 1136 806 stadio
1181 753 1564 821 reperirentur.
1617 755 1763 811 Multi
1787 758 1952 814 etiam

362 841 436 893 de
465 839 548 893 his
573 853 679 893 non
705 849 830 894 sunt
859 840 1079 896 inventi.
1107 841 1256 896 Tunc
1280 842 1352 896 illi
1385 854 1477 898 aut
1501 844 1767 915 lapidibus
1800 848 1950 917 cazsi,

367 938 463 984 aut
508 931 672 985 humo
712 933 1010 1001 prostrati,
1065 934 1438 1001 paenitentiam
1471 945 1693 1004 agentes
1738 940 1951 994 veniam

361 1023 726 1091 precabantur
770 1039 801 1078 a
850 1024 980 1090 Deo,
1030 1025 1174 1094 quod
1221 1025 1348 1080 talia
1394 1035 1583 1082 contra
1634 1032 1950 1098 sanguinem

361 1128 524 1167 suum
551 1129 708 1182 agere
729 1114 1042 1168 voluissent.
1072 1114 1246 1183 Super
1267 1114 1598 1169 Cblotarium
1630 1133 1757 1171 vero
1779 1133 1950 1188 neque

363 1219 473 1257 una
508 1203 721 1272 quidem
768 1204 961 1272 pluvia:
1002 1212 1152 1272 gutta
1191 1205 1412 1270 cecidit,
1465 1222 1639 1276 neque
1683 1209 1952 1265 ullatenus

361 1297 576 1352 sonitus
598 1296 816 1350 tonitrui
844 1304 926 1350 est
947 1297 1179 1360 auditus,
1197 1297 1289 1351 sed
1319 1310 1491 1366 neque
1516 1299 1784 1353 anhelitus
1812 1299 1946 1370 ML,

359 1383 631 1457 anillitus]
669 1383 814 1438 venti
863 1383 918 1437 in
963 1383 1055 1438 illo
1098 1384 1217 1439 loco
1261 1394 1562 1440 senserunt.
1611 1388 1688 1441 Illi
1733 1404 1947 1457 quoque

357 1475 640 1530 mittentes
668 1474 903 1539 nuntios,
954 1488 1142 1542 pacem
1180 1483 1235 1528 ct
1258 1477 1599 1530 concordiam
1632 1478 1945 1546 petierunt;

355 1579 474 1633 qua
502 1563 644 1628 data,
675 1563 745 1618 ad
770 1563 990 1634 propria
1017 1573 1143 1618 sunt
1168 1565 1391 1620 reversi.

357 1675 496 1731 CAP.
532 1677 723 1732 XXVI.
767 1708 839 1718 —
880 1677 1033 1744 Quod
1085 1675 1442 1731 Childebcrtus
1484 1688 1532 1731 et
1573 1677 1947 1736 Chlodtharius

437 1747 492 1800 in
520 1746 828 1817 Hispaniam
853 1748 1106 1817 dirigunt,
1139 1745 1595 1817 Cwsaraugustam
1622 1751 1877 1817 obsidem,
1902 1763 1950 1806 et

437 1818 561 1884 quia
586 1817 914 1887 Langobardi
939 1817 1034 1871 sub
1051 1817 1245 1871 tributo
1268 1818 1523 1872 vixerunt.

439 1905 620 1980 (Greg.
645 1906 737 1960 lib.
769 1923 854 1973 ιιι,
878 1924 926 1961 c.
956 1907 1072 1979 28.)
1118 1906 1244 1963 Post
1271 1908 1389 1963 haec
1426 1909 1620 1964 iterum
1644 1909 1953 1968 Childebcr-

355 2006 458 2054 tus
483 2005 538 2052 et
579 1996 885 2053 Chlotarius
913 2007 1186 2054 commoto
1226 2000 1468 2055 exercitu
1513 2016 1708 2072 magno
1734 2003 1788 2058 in
1819 2003 1954 2074 Spa-

355 2086 512 2142 niam
537 2087 796 2159 dirigunt.
837 2088 1082 2160 Inquam
1127 2089 1374 2161 ingressi,
1423 2091 1594 2162 ipsam
1627 2101 1825 2150 terram
1855 2113 1951 2152 va-

351 2189 574 2236 stantes
598 2182 1009 2248 succenderunt,
1040 2183 1424 2240 interﬁcientes
1447 2185 1721 2255 populum.
1747 2187 1954 2244 Ciesar-

351 2280 718 2341 augustanam
799 2271 1075 2326 civitatem
1145 2271 1545 2329 circumdantes
1603 2276 1950 2332 obsederunt.

353 2359 602 2430 Populus
640 2367 820 2416 autem
864 2360 957 2430 qui
990 2362 1189 2417 ibidem
1219 2364 1474 2422 obsessus
1505 2366 1815 2432 tenebatur,
1867 2368 1952 2423 in-

281 2497 290 2504 ,,
355 2451 482 2504 duti
513 2450 726 2514 ciliciis,
766 2465 988 2521 asperso
1019 2453 1196 2523 capite
1225 2455 1426 2522 cinere,
1462 2455 1516 2511 in
1552 2466 1700 2513 tanta
1739 2460 1956 2515 humili-

357 2550 478 2597 tate
512 2542 580 2596 ad
624 2541 793 2596 Deum
839 2545 1086 2599 conversi
1129 2555 1274 2612 sunt,
1325 2555 1384 2602 ut
1429 2564 1554 2604 cum
1602 2551 1783 2606 tunica
1809 2553 1953 2608 beati

359 2631 638 2686 Vincentii
664 2635 918 2705 martyris
943 2650 1128 2691 muros
1147 2638 1380 2694 civitatis
1404 2641 1683 2710 psallendo
1721 2643 1955 2700 circum-

358 2720 532 2776 irent.
568 2721 816 2778 Mulieres
843 2723 1093 2780 similiter
1120 2727 1319 2782 indutte
1340 2730 1508 2801 nigris
1535 2731 1731 2802 palliis,
1776 2735 1952 2790 disso-

359 2810 984 2884 Iutocrine.plangentes
1012 2819 1378 2886 sequebantur
1398 2860 1413 2887 ,
1452 2831 1514 2876 ut
1542 2822 1656 2878 illic
1689 2824 1956 2882 Ninivita~

362 2915 490 2954 rum
508 2901 770 2971 jejunium
810 2905 1194 2964 celebraretur.
1241 2909 1393 2978 Quod
1422 2913 1477 2967 hi
1506 2929 1661 2986 reges
1688 2915 1949 2986 videntes,

361 2993 632 3059 putabant
659 3006 752 3047 eos
776 2993 978 3064 aliquid
1001 3012 1160 3065 agere
1187 3000 1455 3056 maleﬁcii.
1491 3003 1641 3059 Tunc
1659 3008 1953 3076 apprchen-

361 3094 491 3134 sum
527 3097 690 3136 unum
724 3085 980 3140 rusticum
1009 3088 1076 3142 de
1116 3089 1350 3156 civitate,
1397 3093 1802 3166 interrogabant
1829 3115 1954 3154 eum

361 3168 501 3237 quid
528 3169 632 3225 hoc
659 3180 804 3227 esset
844 3175 986 3243 quod
1015 3187 1255 3248 agerent.
1303 3180 1403 3247 Qui
1432 3182 1547 3237 ait:
1581 3184 1826 3252 Domine,
1871 3198 1956 3244 tu-

364 3257 548 3312 nicam
571 3259 841 3317 Vincentii
867 3267 1123 3338 martyris
1146 3268 1449 3340 deportant,
1496 3283 1549 3328 et
1580 3290 1703 3331 cum
1731 3277 1846 3346 ipsa
1893 3288 1954 3334 ut

281 3425 284 3427 Δ
364 3348 452 3403 eis
479 3348 736 3408 Dominus
763 3354 1085 3412 misereatur
1111 3371 1354 3416 exorant.
1397 3363 1463 3418 Et
1495 3365 1584 3420 ille
1610 3369 1687 3422 ait
1711 3385 1725 3421 :
1783 3369 1951 3437 Vade,

365 3437 459 3494 dic
486 3440 736 3511 episcopo
765 3444 996 3502 civitatis
1042 3456 1102 3503 ut
1137 3466 1258 3506 cum
1306 3452 1500 3509 ﬁducia
1540 3458 1722 3510 veniat
1759 3460 1826 3514 ad
1855 3476 1954 3516 nos

368 3530 506 3584 nihil
531 3532 798 3590 dubitans.
830 3535 923 3592 Ille
959 3553 1089 3594 vero
1115 3555 1238 3595 cum
1274 3543 1386 3598 haec
1420 3546 1672 3616 episcopo
1709 3551 1954 3606 nuntias-

366 3629 474 3686 set,
525 3621 637 3691 ipse
661 3640 784 3679 cum
822 3629 1140 3684 muneribus
1177 3633 1359 3686 statim
1403 3637 1639 3691 occurrit
1661 3637 1760 3693 eis.
1806 3639 1953 3694 Chil-

369 3721 629 3775 debcrtus
657 3735 872 3791 quoque
897 3721 1185 3792 postulavit
1209 3733 1269 3779 ut
1295 3725 1347 3779 ei
1373 3727 1627 3799 reliquias
1654 3732 1797 3786 beati
1827 3734 1952 3788 Vin-

369 3811 534 3866 centii
565 3812 735 3868 daret.
777 3812 848 3865 At
875 3811 968 3867 ille
993 3812 1140 3868 dedit
1167 3813 1218 3869 ei
1244 3815 1440 3871 stolam
1465 3817 1601 3887 ejus.
1645 3820 1798 3876 Tunc
1838 3836 1952 3876 me-

369 3901 566 3955 morati
593 3917 744 3974 reges
789 3903 1052 3973 acquisita
1096 3905 1328 3960 maxima
1354 3917 1506 3977 parte
1545 3909 1777 3980 Spanite,
1827 3929 1950 3968 cum

369 3991 558 4047 multis
585 3994 853 4050 thesauris
879 4002 936 4049 et
957 3994 1143 4064 spoliis
1167 3997 1368 4052 reversi
1397 4007 1544 4054 sunt.
1575 3999 1952 4061 Childebcrtus

369 4101 501 4140 vero
527 4085 766 4144 Parisius
793 4088 1014 4144 veniens
1034 4088 1316 4144 ecclesiam
1344 4091 1399 4146 in
1424 4091 1630 4150 honore
1651 4095 1794 4150 beati
1822 4097 1954 4153 Vin-

368 4176 536 4231 centii
563 4177 814 4248 martyris
841 4176 1144 4233 aediﬁcavit.
1193 4177 1345 4236 Tunc
1381 4179 1791 4239 Theudobertus
1831 4201 1949 4254 rex,

369 4266 513 4322 ﬁlius
535 4267 876 4334 Theuderici,
899 4270 952 4324 in
979 4269 1186 4326 Italiam
1209 4287 1332 4328 cum
1361 4273 1518 4328 hoste
1543 4275 1772 4344 plurimo
1797 4279 1950 4346 abiit,

369 4361 740 4434 Langobardis
795 4365 1020 4420 devictis
1066 4375 1229 4436 atque
1274 4368 1600 4437 prostratis,
1655 4371 1947 4426 maximam

2058 484 2137 530 tra
2163 477 2429 533 Narsitem
2459 495 2649 551 magna
2674 484 2970 538 certamina
2995 485 3181 554 gessit,
3213 497 3477 558 captaque
3495 498 3643 552 omni

2055 563 2229 630 Italia,
2259 581 2430 634 usque
2458 566 2512 620 in
2539 582 2690 622 mare
2717 570 3005 624 terminum
3035 588 3191 628 suum
3211 574 3476 633 dilatavit.
3510 581 3645 639 'I‘be-

2055 669 2246 710 sauros
2280 671 2410 710 vero
2452 672 2676 727 magnos
2703 659 2772 713 ad
2801 659 3240 718 Tbeudobertum
3287 665 3354 721 de
3378 669 3528 725 Italia
3564 673 3644 727 di-

2055 745 2213 800 rexit.
2244 745 2398 812 Quod
2419 763 2540 800 cum
2566 746 2754 804 Narsis
2776 749 3087 819 imperatori
3117 753 3510 825 innotesceret,
3544 763 3645 816 im-

2055 843 2274 905 perator
2293 837 2573 892 conductis
2614 839 2791 907 pretio
2828 840 3076 906 gentibus
3099 882 3115 907 ,
3161 842 3360 900 Narsiti
3392 849 3641 905 solatium

2055 923 2222 978 misit.
2254 923 2664 996 Conﬁigensque
2693 937 2880 998 postea
2909 930 3082 986 victus
3109 934 3390 990 abscessit.
3440 939 3643 997 Deinde

2055 1012 2383 1069 Buccelenus
2435 1015 2672 1070 Siciliam
2712 1020 3036 1088 occupavit,
3084 1023 3151 1078 de
3189 1038 3295 1092 qua
3342 1027 3504 1082 etiam
3549 1031 3644 1085 tri-

2053 1103 2182 1156 buta
2211 1105 2452 1172 exigens,
2481 1105 2595 1175 regi
2624 1110 2946 1163 transmisit.

2054 1189 2182 1266 Car.
2218 1191 2554 1266 ΔΧὶίΥΙΙᾷ-ρ-
2581 1193 2677 1266 _De_
2711 1208 2875 1249 morte
2924 1196 3261 1254 Theodoberli
3283 1243 3299 1266 ,
3352 1214 3401 1258 et
3441 1205 3644 1260 Cltrod-

2123 1261 2310 1341 rlu'lde,
2336 1271 2381 1314 et
2411 1261 2767 1346 Tlteudoaldo,
2786 1276 2846 1346 ret
2874 1269 2996 1346 quia
3021 1261 3401 1328 Cltlodcltu'rius
3429 1292 3642 1346 regnum

2123 1332 2332 1400 recepit,
2364 1342 2411 1384 et
2451 1332 2640 1385 bellum
2675 1345 2855 1388 contra
2885 1332 3144 1392 Saxones.

2125 1419 2328 1490 (Greg.,
2360 1422 2451 1475 lib.
2482 1439 2567 1488 ιιι,
2600 1441 2648 1477 c.
2681 1425 2788 1491 56;
2823 1426 2913 1480 lib.
2963 1445 3035 1492 IV,
3076 1447 3124 1483 c.
3157 1431 3210 1496 I,
3251 1431 3331 1503 2.)
3368 1433 3498 1489 Post
3526 1438 3644 1493 haec

2055 1525 2150 1564 rex
2181 1507 2590 1567 TheudobertUs
2617 1524 2902 1585 aegromns,
2953 1517 3104 1573 febre
3130 1521 3303 1577 valida
3336 1535 3636 1596 correptus,

2053 1610 2298 1654 mortuus
2324 1610 2425 1655 est.
2474 1603 2842 1674 Regnavitque
2870 1623 3040 1663 annos
3079 1611 3164 1664 14.
3205 1613 3445 1684 Regnum
3474 1618 3641 1686 ipsius

2055 1688 2109 1742 in
2145 1690 2450 1758 superiores
2482 1691 2718 1749 Francos
2743 1696 2797 1748 in
2836 1696 3056 1765 Auster,
3099 1700 3472 1762 Theudoaldus
3497 1708 3639 1766 ﬁlius

2053 1778 2170 1846 ejus
2219 1780 2446 1850 accepit.
2501 1781 2669 1852 Igitur
2719 1785 2874 1841 bona:
2921 1792 3198 1847 memorim
3249 1793 3637 1862 gloriosissima

2052 1867 2387 1925 Chrothildis
2428 1873 2610 1940 regina
2643 1875 2798 1929 bonis
2822 1877 3075 1946 operibus
3097 1881 3326 1950 pollens,
3364 1889 3521 1958 apud
3543 1905 3638 1943 ur-

2051 1957 2174 2012 bem
2203 1958 2524 2014 Toronieam
2553 1961 2804 2030 migravit
2827 1967 2893 2019 ad
2919 1966 3203 2024 Dominum
3223 1972 3381 2041 plena
3407 1957 3636 2032 dierum.

2052 2048 2184 2116 Quae
2214 2065 2336 2104 cum
2379 2067 2576 2123 magno
2611 2053 2892 2123 psallentio
2933 2057 3174 2117 Parisius
3218 2066 3499 2136 deportata
3523 2107 3539 2134 ,
3584 2069 3640 2125 in

2053 2139 2294 2192 sacrario
2323 2140 2559 2196 basilicae
2585 2144 2756 2198 sancti
2788 2143 2931 2200 Petri
2955 2150 3023 2204 ad
3049 2149 3192 2206 latus
3215 2152 3506 2213 Chlodovei
3559 2177 3646 2216 re-

2054 2227 2138 2294 gis
2180 2227 2281 2281 viri
2313 2229 2396 2282 sui
2440 2231 2648 2298 sepulta
2677 2242 2780 2298 est,
2831 2251 2863 2290 a
2908 2238 2942 2291 ﬁ
2970 2240 3036 2294 iis
3072 2243 3186 2298 suis
3219 2244 3563 2306 Childebcrto
3589 2261 3646 2307 et

2053 2316 2331 2373 Chlotario
2365 2321 2582 2390 regibus
2611 2323 2853 2380 humata.
2911 2327 3009 2384 Ubi
3043 2340 3099 2385 et
3133 2333 3442 2391 beatissima
3467 2338 3644 2395 Geno-

2054 2407 2174 2461 vefa
2200 2410 2408 2479 sepulta
2438 2421 2540 2466 est.
2589 2413 2937 2472 Chlotharius
2958 2434 3169 2490 quoque
3196 2439 3288 2478 rex
3323 2425 3390 2480 dc
3414 2427 3646 2486 diversis

2054 2499 2372 2556 mulieribus
2400 2513 2605 2574 septem
2640 2506 2780 2563 ﬁlios
2802 2490 3025 2576 'habuit,
3060 2512 3112 2566 id
3142 2523 3262 2581 est,
3303 2516 3370 2572 de
3405 2519 3645 2593 Iagunde

2055 2590 2442 2658 Guntharium,
2486 2596 2847 2654 Childericum
2876 2642 2892 2667 ,
2937 2602 3282 2661 IIarihcrtum
3335 2590 3646 2681 [Chariber-

2055 2677 2225 2754 tum],
2275 2683 2698 2754 Guntramnum,
2741 2690 3112 2763 Sigibertum,
3161 2708 3217 2752 et
3261 2677 3645 2763 Cblodsindam

2056 2769 2242 2862 ﬁliam.
2293 2773 2369 2828 De
2409 2775 2725 2849 Ileregunde
2759 2781 3163 2860 [Charegunde]
3201 2804 3415 2862 quoque
3457 2811 3647 2853 sorore

2055 2858 2310 2932 Ingundis
2334 2865 2519 2920 habuit
2545 2867 2926 2939 Chilpericum.
2967 2875 3044 2932 De
3067 2858 3306 2936 Gubsina
3331 2858 3648 2954 '[Gunsiude

2054 2959 2102 3003 et
2127 2949 2462 3028 Gunsinanej
2494 2958 2681 3014 habuit
2706 2960 3058 3020 Chramnum.
3100 2968 3205 3024 Per
3231 2949 3470 3028 amo-rem
3500 2979 3644 3031 enim

1985 3078 2028 3135 ϐ
2058 3039 2330 3113 Ingundis,
2381 3059 2447 3101 eo
2484 3051 2628 3118 quod
2654 3052 2881 3120 pulchra
2923 3065 3069 3110 esset
3108 3066 3164 3112 et
3193 3063 3408 3127 decora,
3446 3073 3501 3118 et
3531 3066 3647 3136 ipse

2057 3145 2201 3190 esset
2238 3136 2403 3192 nimis
2441 3138 2786 3206 luxuriosus,
2833 3143 3193 3216 Herigundem
3240 3165 3482 3207 sororem
3528 3157 3646 3226 ejus

2056 3222 2111 3278 in
2136 3223 2441 3296 conjugium
2478 3230 2707 3300 accepit.
2747 3231 2788 3284 Τ
2795 3232 3128 3290 heudoaldus
3163 3248 3344 3294 autem
3374 3258 3468 3296 rex
3502 3222 3646 3301 ﬁlius

2057 3315 2418 3370 Theudoberti
2447 3319 2590 3388 regis
2620 3321 2674 3373 in
2705 3321 2920 3387 Auster,
2972 3336 3245 3395 aegrotans
3283 3329 3436 3387 febre
3469 3337 3644 3392 vaéida

2054 3412 2300 3460 mortuus
2325 3414 2438 3472 est;
2469 3409 2819 3480 regnavitque
2854 3427 3026 3469 annos
3051 3417 3103 3482 7,
3155 3433 3488 3492 regnumque
3529 3426 3645 3494 ejus

2053 3493 2361 3551 Chlotarius
2382 3510 2477 3552 rex
2497 3513 2619 3552 cum
2640 3502 2907 3559 thesauris
2929 3508 3112 3563 multis
3137 3513 3362 3582 accepit.
3399 3517 3477 3570 Eo
3502 3493 3645 3574 anno

2054 3586 2438 3645 rebellantibus
2496 3589 2816 3661 Saxonibus,
2860 3596 3168 3656 Chlotarius
3220 3620 3337 3671 rex,
3375 3622 3645 3668 commoto

2052 3674 2384 3731 Francorum
2413 3682 2672 3748 exercitu,
2705 3696 2892 3741 contra
2918 3705 3010 3744 eos
3051 3707 3286 3762 pugnam
3327 3696 3449 3750 iniit
3480 3715 3644 3769 super

2054 3765 2321 3822 Wiseram
2344 3769 2585 3838 ﬂuvium,
2612 3776 2907 3833 exercitum
2945 3795 3132 3836 eorum
3156 3787 3451 3844 maximum
3482 3789 3644 3846 inter-

2053 3857 2209 3926 fecit,
2251 3869 2557 3934 terramque
2598 3881 2785 3922 eorum
2821 3874 3085 3929 vastavit:
3127 3892 3429 3949 pervagans
3471 3891 3640 3938 totam

2055 3949 2368 4022 Toringam,
2389 3969 2453 4010 ac
2476 3957 2826 4030 depopulans,
2839 3977 2939 4033 pro
2953 3980 3018 4020 eo
3033 3968 3177 4036 quod
3202 3969 3454 4026 solatium
3473 3973 3642 4030 Saxo-

2055 4043 2214 4099 nibus
2249 4047 2629 4114 praebuissent.

2054 4136 2183 4193 Car.
2228 4139 2458 4223 XXVIII.
2489 4173 2560 4183 —
2592 4144 2746 4211 Quod
2775 4147 3070 4223 Qhrantnus
3094 4154 3511 4223 qonjurationem
3545 4163 3642 4216 ad-

2125 4221 2539 4336 vzriuscpogelr’n
2566 4231 2720 4336 tuum
2761 4217 2884 4286 fecit
2916 4237 3035 4274 cum
3085 4217 3444 4294 Childebcrto,
3494 4241 3542 4285 et
3578 4233 3642 4288 de
3680 4245 3683 4248 '

2125 4295 2156 4332 0
2192 4296 2269 4332 ru
2355 4298 2390 4334 η
2451 4299 2478 4334 e
2512 4300 2568 4336 er
2592 4302 2630 4336 ι.

2125 4295 2269 4332 0mm
2296 4295 2630 4339 ωιιιαεοετιι.

2129 4371 2308 4442 (Greg.
2335 4373 2428 4427 lib.
2460 4390 2535 4441 tv,
2563 4393 2611 4430 c.
2641 4377 2753 4450 10.)
2780 4378 3084 4438 Chramnus
3113 4383 3293 4456 itaque
3318 4387 3459 4444 ﬁlius
3482 4389 3641 4446 Chlo-

367 4459 577 4520 partem
603 4452 669 4506 de
693 4452 806 4522 ipsa
835 4462 977 4508 terra
1012 4457 1271 4522 vastavit,
1296 4457 1548 4528 ipsosque
1569 4458 1952 4530 Langobardos
1983 4469 2026 4523 D
2059 4465 2180 4518 tarii
2208 4464 2431 4534 pulcher
2457 4476 2514 4521 et
2541 4469 2771 4525 decorus
2798 4481 2916 4528 erat
2947 4474 3150 4542 nimis,‘
3175 4452 3230 4532 et
3258 4493 3383 4534 acer
3409 4488 3465 4535 et
3489 4482 3639 4538 calli-

371 4542 684 4599 tributarios
716 4542 1020 4615 subjugavit
1048 4545 1174 4618 [sibi
1200 4548 1372 4622 fecit],
1404 4559 1459 4604 et
1484 4566 1605 4606 cum
1633 4552 1800 4607 multo
1825 4569 1950 4623 spo-

370 4639 442 4694 lio
477 4653 726 4694 reversus
764 4647 867 4694 est.
903 4651 928 4679 ι
962 4639 1068 4692 Sed
1111 4640 1237 4710 quia
1286 4650 1430 4696 terra
1475 4643 1565 4697 illa
1598 4643 1682 4698 vel
1712 4644 1849 4710 loca,
1893 4654 1954 4701 ut

368 4729 562 4795 fertur,
592 4729 833 4785 morbida
863 4738 1016 4795 sunt,
1063 4731 1330 4787 exercitus
1355 4732 1471 4802 ejus
1506 4733 1736 4789 diversis
1781 4735 1949 4792 febri-

368 4822 470 4878 bus
502 4823 816 4877 vexabatur.
864 4821 1073 4876 Dicitur
1115 4823 1279 4877 etiam
1329 4832 1456 4878 tunc
1486 4828 1743 4895 temporis
1781 4844 1953 4899 usque

367 4912 614 4968 Ticinum
655 4911 948 4967 accessisse
988 4913 1260 4967 civitatem
1285 4952 1302 4980 ,
1354 4913 1408 4967 in
1446 4929 1551 4984 qua
1594 4917 1948 4976 Buccelenum

367 5001 585 5057 direxit.
634 5001 735 5068 Qui
773 5000 966 5054 minori
998 5001 1150 5055 Italia
1186 5010 1366 5070 capta,
1410 5010 1574 5073 atque
1609 5005 1664 5059 in
1691 5007 1948 5064 ditionem

366 5092 624 5148 antedicti
669 5092 810 5163 regis
838 5091 1076 5157 redacta,
1110 5090 1365 5161 majorem
1393 5095 1568 5165 petiit.
1609 5095 1667 5151 In
1693 5113 1796 5168 qua
1825 5115 1953 5156 con-

368 5193 450 5238 tra
479 5183 813 5240 Belsuarium
854 5182 986 5257 [Al.,
1027 5183 1365 5258 Belisarium]
1414 5187 1812 5246 multisvicibus
1850 5207 1951 5262 pu-

367 5289 560 5346 gnans,
589 5273 870 5329 victoriam
896 5275 1150 5331 obtinuit.
1192 5274 1434 5348 Cumque
1458 5279 1752 5350 imperator
1777 5283 1946 5340 vidis-

366 5373 452 5420 set
489 5365 632 5435 quod
664 5365 970 5423 Belsuarius
1010 5369 1256 5424 crebrius
1292 5371 1617 5438 vinceretur,
1663 5383 1845 5430 amoto
1880 5391 1948 5431 eo

365 5454 635 5511 Narsitem
664 5457 718 5511 in
759 5455 872 5527 ejus
912 5458 1028 5515 loco
1067 5461 1273 5516 statuit.
1319 5460 1654 5518 Belsuarium
1691 5478 1820 5520 vero
1857 5481 1947 5521 co-

405 5652 418 5665 .
438 5596 467 5625 ι
487 5586 787 5714 Sapientia
816 5590 1138 5648 additasunt
1162 5607 1228 5648 ex
1255 5595 1378 5651 cod.
1405 5595 1633 5653 illustris
1651 5597 1754 5652 viri
1783 5597 1948 5654 Fran-

405 5670 500 5712 ικι
589 5677 756 5714 manu.

370 5669 500 5712 use:
522 5669 756 5720 't‘buani.

2055 4557 2175 4612 dus.
2203 4555 2446 4628 Cumque
2464 4558 2604 4614 ultra
2630 4561 2823 4630 Ligere
2843 4578 2874 4618 a
2906 4573 3058 4635 patre
3083 4568 3280 4646 missus
3301 4570 3354 4624 in
3380 4570 3499 4628 loco
3522 4573 3639 4644 ejus

2053 4647 2267 4715 fuisset,
2318 4650 2462 4721 cepit
2506 4653 2779 4721 regionem
2809 4655 2964 4710 valde
3006 4658 3264 4729 iniquiter
3310 4665 3637 4734 opprimere.

2055 4739 2206 4806 Quod
2231 4754 2355 4796 cum
2397 4743 2542 4811 patri
2570 4745 2875 4800 nuntiatum
2904 4745 3138 4816 fuisset,
3186 4752 3274 4807 ille
3309 4769 3431 4809 eum
3473 4757 3541 4811 ad
3580 4775 3638 4815 se

2054 4831 2240 4886 venire
2265 4833 2520 4902 prmeepit
2551 4833 2600 4889 ιι.
2650 4835 2754 4891 Sed
2787 4836 3090 4896 Chramnus
3119 4843 3288 4898 noluit
3313 4843 3521 4913 jussum
3551 4865 3653 4920 pa-

2053 4920 2152 4975 tris
2173 4919 2414 4990 implere,
2445 4923 2634 4981 durius
2669 4941 2854 4997 agens.
2886 4929 3158 5003 Duxitque
3186 4933 3464 4992 Willehari
3504 4919 3636 5011 [ᾸΙ.,

2055 5011 2380 5088 Wilicharii]
2429 5015 2594 5073 ﬁliam
2621 5019 2720 5074 sibi
2753 5019 2807 5074 in
2846 5037 3068 5080 uxorem
3097 5028 3314 5084 nomine
3355 5029 3633 5089 Chaldam.

2052 5104 2525 5178 Appreheasisque
2563 5111 2748 5167 multis
2793 5114 3063 5173 thesauris
3108 5120 3349 5177 Parisius
3392 5124 3634 5192 veniens,

2052 5211 2173 5250 cum
2206 5195 2553 5255 Childebcrto
2580 5217 2707 5273 rege
2735 5207 2979 5272 patruele
3007 5223 3104 5264 suo
3131 5223 3471 5270 sacramento
3508 5231 3629 5273 con-

2052 5288 2274 5342 strictus
2299 5297 2404 5354 est,
2437 5288 2628 5358 jurans
2657 5308 2716 5348 se
2745 5308 2869 5350 esse
2897 5299 3036 5366 patri
3069 5302 3430 5358 certissimum
3456 5305 3628 5364 inimi-

2052 5395 2195 5436 cum.
2227 5380 2362 5436 Cum
2390 5391 2571 5437 autem
2601 5385 2979 5444 Childebcrtus
3004 5405 3099 5446 rex
3137 5405 3400 5466 mgrotare
3441 5399 3628 5468 cuspis-

2051 5479 2156 5537 set,
2187 5471 2488 5528 diutissime
2521 5474 2762 5532 Parisius
2788 5477 3026 5537 febribus
3059 5483 3352 5554 decubans,
3386 5497 3630 5546 mortuus

2124 5606 2484 5680 1illucusque
2507 5611 2674 5668 codex
2705 5611 3131 5674 Cameracensis.

2857 5861 2870 5890 /
