4020 6170
494 269 631 323 144⁸7
1748 262 1932 320 ANON
1941 263 2057 318 YMI

489 392 594 448 est,
634 390 692 437 et
718 381 773 434 in
818 377 1039 433 basilica
1072 376 1214 430 beati
1246 377 1508 431 V'incentii
1557 377 1813 446 martyris
1838 417 1853 439 ,
1899 392 2058 447 quam

486 475 603 544 ipse
629 470 950 531 construxit,
979 466 1234 535 sepultus.
1266 464 1432 534 Cujus
1452 480 1674 535 regnum
1701 474 1755 519 et
1784 467 2063 520 thesauros

485 565 794 619 Chlotarius
826 573 919 612 rex
948 557 1172 625 accepit.
1225 557 1527 610 Chramnus
1552 570 1764 623 quoque
1792 571 1915 609 cum
1939 572 2063 610 eva-

487 655 614 710 dere
630 652 767 723 patri
792 664 895 704 non
918 657 1117 718 posset,
1147 647 1453 700 Britannias
1477 647 1683 715 petivit.
1708 647 1784 700 lbi
1802 662 1923 700 eum
1943 648 2060 700 Bri—

487 754 771 799 tannorum
819 753 943 810 rege
988 738 1296 793 Cunoberto
1338 737 1452 805 ipse
1472 746 1527 791 et
1552 752 1691 790 uxor
1715 737 1852 806 ejus,
1881 747 1935 791 et
1963 738 2057 791 ﬁlii

486 835 616 907 [Al.,
650 831 792 904 ﬁlim]
837 832 952 901 ejus
980 831 1268 884 latuerunt.
1318 828 1666 883 Willeharius
1703 839 1881 883 autem
1910 845 2065 884 socer

484 903 601 994 ejus
638 903 883 980 Turonos
924 923 990 977 ad
1032 923 1313 978 basilicam
1340 922 1513 976 sancti
1559 921 1770 974 Martini
1799 919 2060 991 confugit.

484 1017 640 1071 Tune
664 1015 778 1084 ipsa
807 1014 1028 1068 basilica
1067 1028 1164 1082 per
1198 1020 1417 1082 peccata
1449 1010 1749 1065 Willeharii
1789 1020 1845 1064 et
1877 1010 2064 1065 uxoris

482 1107 599 1178 ejus
624 1119 883 1161 succensa
903 1111 1011 1157 est:
1039 1119 1198 1172 quam
1219 1110 1403 1172 postea
1425 1100 1729 1157 Chlotarius
1750 1118 1844 1156 rex
1870 1110 2063 1155 stanno

482 1198 761 1269 cooperire
786 1197 967 1265 jussit,
998 1205 1052 1251 ct
1081 1197 1225 1250 illam
1264 1211 1348 1259 ea,
1393 1212 1495 1266 qua
1524 1198 1674 1266 prius
1703 1195 1895 1259 fuerat,
1949 1196 2062 1250 ele-

484 1289 665 1361 gantia
692 1288 977 1358 reparavit.
1019 1285 1147 1341 Post
1187 1288 1302 1341 hcce
1330 1285 1635 1341 Cblotarius
1673 1303 1765 1342 rex
1792 1295 2062 1341 commoto

483 1396 676 1451 magno
720 1380 961 1434 exercitu
1005 1389 1193 1433 contra
1236 1378 1566 1433 Chramnum
1624 1379 1678 1433 in
1726 1379 2064 1433 Britanniam

482 1472 735 1527 frendens
784 1470 999 1524 direxit.
1056 1468 1161 1523 Sed
1209 1476 1262 1524 et
1314 1468 1616 1524 Chramnus
1667 1469 1799 1522 nihil
1851 1469 2067 1543 timens,

482 1570 668 1617 contra
696 1569 901 1629 patrem
929 1558 995 1611 ad
1022 1558 1219 1613 bellum
1250 1575 1370 1613 cum
1398 1558 1691 1635 Cuniberto
1726 1557 1858 1629 (AL,
1886 1559 2067 1615 Cono-

482 1653 638 1707 berto
662 1660 709 1704 et
737 1648 1008 1720 Conobro]
1033 1664 1157 1719 rege
1182 1649 1564 1703 Britannorum
1583 1649 1873 1718 egreditur.
1902 1649 2065 1703 Cum-

482 1758 587 1812 que
618 1742 828 1798 forﬁter
859 1742 999 1795 inter
1028 1756 1086 1795 se
1117 1748 1539 1810 eompugnarcnt
1562 1780 1578 1806 ,
1614 1739 1920 1794 Chlotarius
1967 1756 2063 1795 rex

483 1841 785 1888 commotus
823 1832 1075 1902 laerymis
1116 1832 1293 1887 aiebat
1326 1846 1342 1886 :
1392 1831 1643 1901 Respice,
1686 1831 1945 1895 Domine,
1997 1831 2065 1886 de

484 1923 621 1978 caelo
645 1962 661 1988 ,
715 1931 770 1977 et
798 1922 980 1991 judiea
1019 1920 1201 1989 juste,
1242 1921 1479 1990 illudque
1522 1922 1740 1993 impone
1778 1919 2061 1988 judicium,

483 2015 625 2084 quod
662 2014 927 2083 quondam
964 2013 1105 2066 inter
1148 2010 1468 2069 Absalonem
1498 2019 1552 2065 et
1583 2020 1791 2082 patrem
1816 2010 1932 2076 ejus
1962 2010 2068 2065 Da-

482 2106 572 2161 vid
613 2104 858 2174 posuisti.
910 2102 1371 2172 Conﬁigentesque
1417 2102 1652 2171 pariter,
1686 2103 2063 2157 Britannorum

484 2210 576 2249 rex
602 2195 654 2249 in
678 2193 857 2263 fugam
879 2194 1128 2259 vertitur,
1160 2193 1341 2262 ibique
1362 2192 1574 2247 cecidit.
1604 2191 1908 2247 Chramnus
1931 2207 2065 2262 quo—

484 2298 589 2352 que
618 2284 742 2339 dum
783 2298 879 2352 per
909 2280 1088 2352 fugam
1129 2282 1360 2336 evadere
1406 2288 1695 2337 conaretur
1719 2321 1733 2345 ,
1791 2297 2064 2353 navesque

484 2375 538 2428 in
570 2373 707 2427 mari
749 2382 966 2443 paratas
1005 2372 1245 2436 haberet,
1293 2380 1350 2427 et
1387 2373 1514 2427 dum
1538 2388 1762 2428 uxorem
1796 2373 1882 2429 vel
1925 2376 2064 2432 ﬁlias

482 2466 714 2519 liberare
741 2464 915 2527 vellet,
959 2465 1027 2519 ab
1052 2465 1292 2520 exercitu
1323 2465 1492 2535 patris
1517 2481 1828 2537 oppressus,
1872 2476 2063 2538 captus

482 2563 643 2624 atque
668 2554 859 2624 ligatus
880 2563 980 2608 est.
1008 2555 1159 2623 Quod
1180 2571 1301 2610 cum
1324 2555 1599 2612 Chlotario
1619 2557 1731 2628 regi
1756 2558 2059 2614 nuntiatum

482 2645 690 2708 fuisset,
733 2643 897 2712 jussit
939 2661 1061 2699 cum
1102 2662 1224 2701 cum
1252 2661 1421 2701 uxore
1445 2657 1499 2703 et
1545 2648 1758 2704 ﬁliabus
1783 2648 1906 2720 igne
1933 2664 2063 2704 con-

481 2737 621 2791 sumi
652 2753 663 2788 :
699 2736 995 2804 inclusique
1023 2737 1075 2790 in
1107 2738 1374 2807 tugurium
1402 2738 1678 2806 cujusdam
1699 2739 2056 2810 pauperculm,

480 2828 785 2883 Chramnus
816 2843 976 2897 super
991 2845 1263 2883 scamnum
1286 2838 1531 2884 extentus
1543 2831 1723 2886 orario
1747 2831 2061 2903 suggillatus

481 2920 571 2992 [Id
598 2929 671 2974 est
701 2918 1088 2991 strangulatus]
1119 2926 1223 2983 est,
1251 2927 1306 2973 et
1330 2919 1408 2974 sic
1432 2927 1616 2989 postea
1650 2935 1811 2990 super
1831 2936 1927 2977 eos
1942 2921 2057 2992 ipsa

477 3010 674 3066 casella
698 3010 935 3075 incensa,
960 3026 1083 3065 cum
1112 3023 1280 3064 uxore
1301 3018 1355 3064 et
1375 3008 1585 3067 ﬁliabus
1611 3022 1694 3066 est
1722 3013 2053 3069 combustus.

476 3121 605 3177 Car.
635 3120 826 3175 XXIX.
855 3151 928 3160 —
953 3119 1069 3186 Quo
1093 3130 1317 3186 tenipore
1349 3128 1561 3175 sanctus
1576 3121 1861 3177 Medardus
1888 3133 2061 3178 trans-

544 3192 604 3245 iit
629 3207 647 3244 :
686 3200 733 3244 et
762 3190 824 3244 de
848 3199 1015 3262 morte
1040 3189 1375 3245 Cltlodcharii
1394 3230 1409 3255 ,
1448 3199 1496 3245 et
1520 3192 1646 3262 quia
1679 3191 1781 3261 ﬁlii
1807 3193 1922 3262 ejus
1946 3210 2061 3248 suc-

547 3270 811 3315 cesserunt
838 3261 894 3314 in
922 3276 1157 3330 regnum.

545 3372 750 3446 (Greg.,
775 3372 865 3427 lib.
887 3388 965 3438 tv,
990 3390 1037 3427 ο.
1057 3372 1169 3444 l9.)
1197 3372 1349 3429 Tunc
1371 3389 1584 3444 quoque
1603 3375 1659 3429 in
1683 3375 1788 3430 illis
1809 3376 2061 3447 tempori-

473 3463 576 3519 bus
597 3463 940 3518 beatissimus
971 3463 1254 3520 Medardus
1282 3465 1586 3536 episcopus,
1630 3466 1821 3537 plenus
1847 3467 2059 3523 virtuti-

473 3553 573 3608 bus
600 3551 871 3621 prteclaris
892 3560 943 3606 et
966 3551 1157 3622 gloria,
1186 3554 1438 3624 migravit
1460 3554 1529 3610 ad
1549 3555 1855 3611 Dominum.
1887 3556 2056 3624 Quem

472 3636 778 3693 Cltlotarius
821 3653 917 3692 rex
966 3635 1253 3694 Suessione
1302 3639 1520 3695 civitate
1549 3656 1672 3696 cum
1699 3656 1895 3713 magno
1915 3643 2057 3712 psal-

471 3726 637 3783 lentio
661 3726 893 3797 gloriose
920 3726 1194 3798 sepelivit,
1238 3729 1483 3786 tribuens
1529 3731 1640 3786 illic
1668 3732 1866 3788 multas
1889 3732 2057 3788 facul-

471 3828 629 3875 tates.
674 3819 789 3874 Rex
835 3835 964 3874 vero
1001 3819 1309 3876 Chlotarius
1346 3823 1413 3877 ad
1441 3822 1583 3877 beati
1632 3823 1842 3879 Martini
1873 3824 2053 3895 sepul-

470 3926 622 3964 crum
662 3909 830 3963 abiit:
887 3910 995 3964 illic
1035 3911 1336 3967 diutissime
1378 3928 1573 3978 orans,
1617 3916 1786 3969 multa
1828 3931 2053 3971 munera

468 3998 695 4069 largitus
720 4005 824 4062 est,
863 4006 919 4052 et
946 4013 1041 4067 per
1074 3998 1272 4054 multas
1293 4000 1544 4055 basilicas
1572 4011 1880 4057 sanctorum
1906 4019 2053 4059 com-

468 4088 699 4158 plurima
726 4085 866 4143 dona
892 4086 1098 4142 tribuit.
1148 4087 1277 4143 Post
1304 4089 1421 4144 haec
1452 4091 1578 4145 dum
1613 4091 1666 4145 in
1698 4092 1871 4148 Cottia
1901 4095 2051 4165 sylva

467 4177 808 4231 venationem
856 4187 1175 4244 exerceret,
1236 4195 1267 4233 a
1319 4178 1471 4235 febre
1514 4181 1689 4237 valida
1737 4184 2045 4255 corripitur.

466 4266 672 4323 Exinde
696 4266 1023 4339 Compendio
1058 4268 1201 4334 villa,
1250 4285 1371 4339 quae
1412 4278 1497 4325 est
1543 4271 1801 4342 palatium
1845 4276 2047 4346 regale,

467 4358 644 4413 rediit.
690 4357 792 4414 Ubi
819 4374 940 4414 cum
968 4359 1207 4431 graviter
1245 4371 1535 4417 vexaretur
1556 4403 1570 4428 ,
1602 4364 1814 4420 dicebat
1842 4380 1857 4419 :
1904 4367 2043 4432 Vua,

466 4465 570 4504 vua
597 4450 611 4504 !
651 4449 778 4519 quid
798 4452 1000 4521 putatis
1019 4452 1195 4523 qualis
1218 4462 1304 4509 est
1326 4453 1414 4510 ille
1442 4471 1536 4510 rex
1557 4457 1816 4524 caelestis,
1848 4459 1940 4528 qui
1965 4461 2045 4516 sic

466 4551 578 4598 tam
614 4557 837 4610 magnos
863 4558 1019 4615 reges
1048 4545 1346 4602 interficit?
1372 4548 1428 4602 ln
1462 4550 1566 4603 hoc
1589 4537 1735 4604 enim
1767 4550 1923 4609 ιεεάἰο
1951 4568 2047 4622 po-

465 4633 601 4687 situs
620 4633 867 4703 spiritum
888 4636 1177 4703 exhalavit,
1220 4639 1574 4708 regnavitque
1604 4656 1775 4696 annos
1811 4642 1872 4696 5i
1908 4641 2042 4714 [Al.,

465 4723 601 4779 obiit
616 4733 797 4779 autem
819 4740 960 4781 anno
986 4725 1050 4780 51
1077 4729 1227 4799 regni
1249 4727 1377 4800 sui].
1407 4729 1576 4796 Quem
1594 4738 1825 4800 quatuor
1840 4732 1931 4787 ﬁlii
1960 4733 2043 4787 sui

465 4827 584 4867 cuin
610 4828 803 4884 magno
826 4814 1029 4870 honore
1052 4816 1356 4874 Suessionis
1376 4820 1592 4875 civitate
1619 4822 1939 4886 deferentes,
1988 4825 2043 4880 in

464 4904 684 4960 basilica
732 4907 873 4962 beati
919 4907 1153 4964 Medardi
1180 4911 1526 4980 sepelierunt.
1555 4912 1890 4984 Chilpericus
1915 4932 2045 4974 vero

465 5002 584 5063 post
624 5004 852 5049 mortem
882 4998 1054 5066 patris
1095 5000 1177 5053 sui
1210 5001 1512 5066 thesauros,
1544 5003 1635 5072 qui
1666 5004 1721 5058 in
1743 5004 1867 5059 villa
1889 5006 2046 5060 Brin-

466 5086 620 5141 naico
649 5085 781 5158 [Al.,
828 5087 1059 5159 Brinago
1085 5099 1134 5143 et
1176 5090 1465 5165 Brinnaco]
1509 5101 1667 5148 erant
1708 5096 2042 5167 congregati,

463 5178 692 5247 accepit,
734 5188 789 5233 et
820 5180 888 5233 ad
917 5179 1156 5237 Francos
1197 5183 1438 5238 utiliores
1461 5186 1636 5254 petiit,
1664 5185 1903 5257 ipsisque
1926 5204 2044 5243 mu-

465 5284 592 5323 nera
624 5270 790 5324 multa
819 5270 984 5336 dedit,
1012 5280 1069 5327 et
1091 5273 1194 5328 sibi
1221 5274 1474 5329 subdidit.
1521 5276 1642 5330 Mox
1671 5277 1914 5332 Parisius
1956 5278 2040 5332 in-

463 5358 735 5427 greditur,
781 5361 1069 5431 sedcmque
1096 5362 1423 5419 Cliildeberti
1473 5368 1613 5438 regis
1640 5376 1885 5438 occupat.
1932 5368 2040 5425 Sed

464 5462 569 5502 non
598 5448 687 5502 diu
707 5448 857 5504 licuit
875 5451 922 5505 ei
948 5452 1047 5506 hoc
1068 5454 1363 5521 possidere.
1394 5454 1527 5510 Nam
1548 5456 1819 5526 conjuncti
1843 5459 2040 5516 fratres

460 5535 596 5606 ejus,
629 5553 749 5592 eum
779 5540 971 5596 exinde
1008 5544 1346 5613 expulerun’,
1377 5555 1430 5600 et
1457 5547 1537 5601 sic
1565 5548 1707 5603 inter
1734 5564 1793 5605 se
1820 5550 1877 5605 hi
1908 5564 2041 5621 qua-

463 5635 600 5692 tuor,
632 5627 684 5682 id
706 5635 807 5695 est,
847 5629 1192 5688 Charibcrtus
1216 5633 1643 5711 [Chcrebertus],
1667 5636 2036 5713 Cuntrannus,

2097 262 2367 321 SECU‘LI
2408 265 2537 320 Vill.
3580 279 3691 336 ΗΜ

2091 385 2137 446 Α
2162 378 2515 448 Chilpericus,
2542 387 2702 448 atque
2729 378 3049 449 Sigibertus,
3099 379 3427 437 divisionem
3448 384 3692 456 legitimam

2166 466 2426 523 fecerunt.
2491 470 2821 539 Accepitque
2869 469 3224 526 Charibcrtus
3265 462 3497 543 regnum'
3523 479 3690 539 Childe.

2164 558 2303 613 berti
2329 598 2344 622 ,
2399 560 2687 628 sedemque
2734 560 3012 613 constituit
3055 559 3338 625 Parisius;
3398 563 3689 627 Guntrannns

2165 666 2389 722 regnum
2439 652 2811 707 Chlodomeris
2855 654 3164 721 accipiens,
3223 654 3509 712 Auriiianis
3550 662 3685 718 sedem

2120 769 2133 773 ν
2164 740 2433 805 instituit;
2464 740 2797 809 Chilperieus
2819 756 2951 796 vero
2978 757 3205 811 regnum
3235 742 3449 798 Clutarii
3474 750 3615 816 patris
3631 754 3689 807 sui

2165 831 2456 901 accipiens,
2489 832 2793 887 Suessionis
2817 834 3034 887 civitate
3057 835 3243 888 sedem
3275 839 3474 891 statuit.
3504 838 3687 910 Sigiher-

2166 930 2254 977 tus
2283 933 2460 977 autem
2487 939 2708 994 regnum
2739 924 3055 980 Theoderici
3085 927 3324 997 accepit,
3359 936 3412 983 et
3437 931 3594 987 sedem
3617 935 3689 989 ha-

2166 1015 2296 1069 bere
2324 1015 2506 1069 Remis
2534 1016 2807 1071 civitatem
2831 1016 3132 1071 constituit.

2167 1103 2297 1159 CAP.
2324 1104 2587 1181 XXX._—:
2612 1104 2723 1181 Ubi
2741 1104 2928 1181 Chuni
2945 1106 3149 1181 Gallias
3178 1118 3465 1181 appetentes
3492 1117 3690 1181 prostrati

2237 1184 2449 1249 sunt,__et
2488 1173 2677 1249 bellum
2695 1176 2840 1249 _inte_r
2868 1174 3129 1246 Sigiberto
3156 1173 3221 1231 et‘
3248 1173 3539 1249 Chilperico,
3581 1195 3619 1237 et
3638 1186 3687 1239 dc

2238 1244 2488 1298 uxoribus
2516 1242 2838 1298 Citareberti.

2239 1333 2417 1406 (Greg.
2458 1332 2549 1388 lib.
2588 1350 2666 1397 tv,
2711 1351 2758 1387 ε.
2808 1334 2880 1389 25
2919 1344 2967 1389 et
2996 1335 3111 1406 26.)
3143 1335 3313 1405 Igitur
3354 1347 3469 1408 post
3505 1350 3684 1398 mortem

2168 1423 2425 1479 Clilotarii
2456 1424 2617 1494 regis,
2646 1424 2819 1479 Chuni
2845 1426 3102 1480 commoti
3124 1442 3249 1480 cum
3270 1427 3475 1500 Cagano
3494 1446 3594 1502 rege
3612 1449 3687 1486 suo

2168 1514 2373 1571 Gallias
2431 1515 2616 1569 venire
2669 1516 2958 1570 destinant.
3015 1515 3219 1571 Contra
3270 1534 3402 1588 quos
3445 1519 3684 1591 Sigibertus

2170 1604 2469 1658 exercitum
2520 1604 2725 1667 movit,
2781 1619 2845 1659 ac
2888 1603 3104 1660 fortiter
3139 1616 3329 1661 contra
3368 1624 3454 1664 eos
3492 1625 3684 1681 pugnans

2097 1726 2140 1788 Β
2169 1695 2460 1763 prostravit
2486 1701 2647 1764 atque
2673 1694 2885 1757 devicit,
2918 1704 2973 1750 et
3004 1696 3056 1750 in
3085 1712 3184 1752 ore
3208 1697 3365 1769 gladii
3389 1713 3473 1753 eos
3507 1698 3679 1770 fugavit.

2169 1783 2274 1838 Sed
2293 1793 2479 1851 postea
2506 1799 2599 1839 rex
2621 1799 2811 1838 eorum
2837 1784 3107 1841 amicitias
3133 1802 3258 1841 cum
3285 1786 3531 1856 Sigiberto
3545 1789 3679 1857 petiit,

2166 1882 2222 1929 et
2242 1889 2338 1944 per
2364 1874 2557 1929 missos
2578 1890 2705 1931 suos
2732 1890 2919 1944 pacem
2941 1892 3063 1933 cum
3086 1891 3155 1932 eo
3177 1879 3459 1946 postulavit
3483 1876 3592 1949 [Al.,
3614 1893 3681 1947 pe-

2164 1962 2341 2035 pigit],
2371 1979 2729 2034 reversusque
2761 1974 2844 2020 est
2867 1967 2918 2020 in
2958 1976 3162 2021 terram
3193 1984 3362 2022 suam.
3398 1968 3519 2022 Dum
3542 1978 3680 2021 autem

2165 2054 2275 2108 illic
2302 2062 2603 2109 moraretur
2628 2054 2945 2125 Sigibertus,
2968 2057 3307 2126 Chilpericus
3325 2056 3478 2112 frater
3501 2055 3595 2124 dus
3612 2057 3680 2111 ho-

2165 2154 2247 2198 ste
2271 2143 2496 2199 collecto
2526 2144 2724 2200 Remos
2746 2147 3018 2214 pervasit,
3056 2155 3117 2202 et
3138 2146 3474 2217 Campaniam
3508 2162 3681 2201 succen-

2164 2249 2279 2288 sam
2308 2244 2470 2304 atque
2495 2235 2787 2305 prmdatam
2814 2234 3138 2293 devastavit.
3184 2238 3472 2309 Sigibertus
3495 2247 3639 2292 autem
3657 2252 3680 2289 a

2164 2321 2368 2376 Chunis
2390 2323 2597 2377 rediens
2618 2323 2810 2389 victor,
2839 2334 3027 2379 contra
3053 2326 3409 2396 Cbilpericum
3433 2328 3673 2381 exercitum

2163 2413 2473 2478 commovit,
2512 2413 2817 2470 Suessionis
2841 2415 3116 2471 civitatem
3142 2425 3400 2486 occupat:
3439 2417 3591 2484 ibique
3613 2416 3676 2469 in.

2162 2511 2323 2557 vento
2350 2503 2723 2559 Theudcbcrto
2750 2505 2860 2560 ﬁlio
2900 2505 3193 2576 Chilperici
3220 2507 3542 2579 apprehendit
3562 2522 3670 2568 eum,

2162 2594 2295 2648 etin
2335 2595 2581 2650 exsilium
2608 2597 2908 2659 transmisit
2934 2597 3226 2671 [retrusit].
3271 2601 3524 2655 Accedens
3549 2600 3673 2656 etiam

2162 2693 2348 2742 contra
2399 2685 2758 2756 Chilpericqu
2808 2688 3006 2743 bellum
3053 2690 3360 2747 commovit.
3422 2689 3525 2757 Quo
3564 2688 3671 2743 victo

2163 2786 2325 2845 atque
2353 2774 2534 2846 fugato
2558 2815 2573 2842 ,
2615 2775 2859 2832 civitates
2885 2792 3012 2832 suas
3030 2777 3088 2834 iu
3121 2795 3221 2835 suo
3247 2778 3469 2833 dominio
3493 2776 3678 2832 restituit

2162 2864 2242 2938 [in
2290 2881 2442 2920 suam
2476 2866 2897 2922 dominationem
2937 2866 3255 2940 revocavit].
3305 2867 3671 2923 Theudobertum

2159 2973 2290 3014 vero
2318 2957 2487 3012 ﬁlium
2532 2956 2647 3026 ejus
2688 2959 2828 3029 apud
2860 2957 3214 3015 Pontieonem
3248 2959 3417 3014 villam
3456 2958 3672 3014 custodire

2087 3074 2134 3138 ρ
2159 3048 2317 3120 jussit
2338 3065 2434 3121 per
2459 3065 2656 3105 annum
2683 3051 2969 3123 integrum.
2999 3052 3172 3118 Quem
3198 3062 3396 3122 postea,
3418 3050 3616 3107 clemens
3631 3055 3673 3101 ut

2162 3148 2300 3204 erat,
2346 3140 2655 3195 muneribus
2678 3140 2903 3194 ditatum
2946 3141 3087 3210 patri
3125 3141 3351 3198 reddidit
3373 3153 3560 3202 sanum,
3581 3138 3672 3190 dato

2162 3232 2265 3287 sibi
2296 3240 2652 3295 sacramento,
2703 3248 2771 3287 ne
2814 3249 3050 3302 unquam
3079 3244 3271 3290 contra
3309 3249 3422 3289 eum
3447 3245 3583 3303 agere
3603 3227 3671 3282 de-

2159 3321 2330 3377 beret.
2380 3321 2536 3389 Quod
2585 3332 2761 3377 tamen
2807 3334 2994 3394 postea
3020 3364 3035 3389 ,
3079 3327 3318 3394 peccatis
3345 3321 3668 3394 ingruentibus,

2160 3412 2261 3467 fuit
2320 3413 2607 3485 irruptum.
2663 3414 3009 3470 Charibcrtus
3064 3432 3165 3471 rex
3217 3416 3539 3493 lngobergam
3570 3407 3668 3483 [Αιη

2157 3504 2587 3578 lngodotergam]
2630 3506 2783 3561 duxit
2808 3522 3051 3563 uxorem.
3098 3506 3434 3575 Habebatque
3472 3506 3567 3573 ipsa
3608 3512 3670 3552 rc-

2157 3594 2279 3665 gina
2316 3595 2522 3663 puellas
2564 3596 2699 3651 duas
2739 3596 3015 3666 cujusdam
3062 3598 3313 3668 pauperis
3349 3597 3506 3659 ﬁlias,
3546 3591 3668 3647 nimis

2155 3682 2407 3752 pulchras
2465 3691 2518 3738 et
2558 3685 2848 3754 speciosas.
2909 3686 3119 3742 Nomen
3162 3687 3384 3744 senioris
3419 3679 3666 3739 Mareouefa

2157 3772 2551 3848 [Marcoueva],
2588 3792 2785 3832 nomen
2818 3794 2946 3833 vero
2971 3778 3206 3850 junioris
3247 3776 3520 3834 Meroﬁedis
3545 3789 3666 3829 voca-

2153 3868 2333 3923 batur.
2363 3868 2420 3922 ln
2450 3883 2677 3939 quarum
2703 3886 2888 3926 amore
2912 3887 3004 3927 rex
3017 3873 3361 3928 Charibcrtus
3382 3870 3525 3925 nimis
3547 3880 3667 3922 exar-

2152 3970 2316 4016 serat.
2344 3959 2640 4032 lngoberga
2663 3977 2876 4032 quoque
2899 3962 3169 4034 afﬂigebat
3191 3980 3280 4019 eas
3304 3963 3457 4017 nimio
3477 3959 3581 4015 odio
3593 3969 3666 4026 pm

2150 4068 2213 4108 ea
2245 4068 2428 4108 causa.
2458 4053 2593 4108 Nam
2621 4063 2677 4109 et
2707 4064 2915 4124 patrem
2947 4059 3135 4112 earum
3157 4054 3538 4125 compositorem
3562 4048 3663 4103 lani-

2150 4144 2259 4198 ﬁcii
2280 4144 2395 4200 ﬁeri
2419 4144 2600 4214 jussit.
2630 4145 2737 4200 Pro
2760 4162 2865 4216 qua
2891 4163 3053 4203 causa
3082 4163 3179 4204 rex
3206 4148 3360 4202 nimis
3381 4147 3531 4201 iratus
3545 4140 3665 4208 lngo-

2147 4237 2367 4308 bergam
2393 4238 2630 4308 reliquit,
2656 4246 2711 4294 et
2731 4238 3071 4296 Merolledem
3094 4240 3300 4310 accepit
3324 4250 3538 4294 uxorem.
3563 4230 3661 4285 Post

2148 4327 2264 4383 haec
2297 4343 2511 4400 quoque
2546 4329 2849 4385 Marcouefa
2879 4346 3122 4386 sororem
3161 4330 3275 4399 ejus
3310 4329 3373 4383 ad
3410 4322 3657 4393 eonjugium

2072 4429 2125 4490 ι)
2147 4419 2453 4487 copulavit:
2480 4436 2579 4491 pro
2599 4437 2705 4491 qua
2742 4437 2906 4478 causa
2936 4438 2966 4477 a
2999 4434 3186 4479 sancto
3206 4422 3457 4479 Germano
3473 4411 3658 4470 Parisio-

2149 4524 2268 4563 rum
2295 4508 2546 4579 episcopo
2571 4512 3066 4570 excommunicatus
3086 4523 3306 4582 uterque
3331 4517 3425 4566 est.
3451 4504 3542 4561 Sed
3561 4513 3656 4557 cum

2148 4616 2245 4655 rex
2266 4616 2387 4655 eam
2409 4602 2709 4672 relinquere
2737 4603 2918 4671 nollet,
2949 4619 3202 4675 percussa
3221 4602 3414 4673 judicio
3445 4598 3527 4654 Dei
3543 4606 3655 4649 mor-

2144 4696 2239 4743 tua
2263 4697 2366 4746 est.

2145 4779 2274 4860 Cap.
2305 4781 2496 4860 XXX}.
2534 4784 2713 4860 —_Qe
2742 4796 2909 4840 morte
2933 4786 3269 4860 Cbareberti:
3307 4776 3649 4860 etquiaﬁfgﬁ'

2217 4851 2795 4927 bertus_Bruucltildem
2819 4859 3012 4927 accepit
3042 4875 3250 4913 uxorem
3276 4849 3396 4920 sibi,
3424 4862 3466 4907 et
3486 4849 3649 4916 Chilpe-

2218 4921 2356 4974 ricus
2383 4920 2731 4989 Galsuintem,
2763 4935 2811 4978 et
2835 4928 2900 4979 de
2929 4920 3280 4999 Fredegunde.

2219 5008 2396 5082 (Greg.
2421 5011 2512 5067 lib.
2544 5029 2620 5080 tv,
2649 5032 2696 5069 ε.
2726 5015 2795 5069 27
2823 5027 2871 5070 et
2895 5017 3011 5089 28.)
3042 5020 3152 5074 Non
3182 5026 3299 5092 post
3325 5014 3517 5070 multum
3540 5015 3643 5061 tem-

2144 5114 2246 5170 pus
2265 5099 2615 5160 Charibertus
2643 5106 2806 5161 etiam
2845 5124 2939 5163 rex
2964 5121 3204 5166 mortuus
3223 5119 3302 5166 est
3324 5148 3336 5172 ,
3364 5114 3413 5162 et
3434 5105 3479 5158 in
3502 5095 3641 5154 Blavia

2148 5192 2372 5249 castello
2401 5194 2457 5249 in
2496 5196 2718 5252 basilica
2756 5201 2931 5254 sancti
2974 5202 3193 5258 Romani
3233 5198 3467 5271 sepultus.
3512 5191 3643 5245 Porro

2149 5279 2451 5352 Sigibertus
2489 5300 2585 5340 rex
2628 5303 2750 5342 cum
2790 5290 2996 5345 videret
3038 5291 3176 5361 quod
3203 5289 3381 5343 fratres
3411 5282 3509 5352 ejus
3537 5273 3642 5331 indi—

2146 5393 2279 5449 gnas
2299 5378 2400 5434 sibi
2428 5396 2624 5436 uxores
2658 5382 2965 5453 acciperent
2997 5392 3052 5439 et
3081 5382 3290 5440 ancillas
3314 5378 3373 5435 ad
3396 5368 3639 5444 coniugium

2147 5470 2501 5540 copularent,
2536 5471 2860 5543 legationem
2901 5475 2958 5529 in
3001 5474 3245 5546 Spaniam
3283 5468 3431 5531 misit,
3472 5469 3518 5517 et
3547 5465 3638 5551 cuin

2145 5558 2331 5615 multis
2390 5562 2704 5619 muneribus
2756 5563 3129 5621 Bruncbildcm
3190 5554 3483 5629 Athanigildl
3531 5553 3636 5629 ff?"

2150 5651 2312 5706 ﬁliam
2339 5653 2515 5722 petiit.
2554 5653 2683 5709 Erat
2705 5657 2849 5711 enim
2877 5657 3051 5727 puella
3078 5658 3283 5728 elegans
3304 5628 3461 5722 opem.
3486 5628 3633 5708 Cum“
