4020 6170
318 315 455 371 1449

1430 311 1652 368 GESTA
1687 308 1928 367 REGUM
1965 306 2406 365 FRANCORUM.

3413 315 3552 372 “50

312 435 465 496 chra,
495 440 550 485 et
577 430 870 498 ingeniosa.
915 428 1087 496 Quam
1117 437 1271 498 pater
1312 441 1428 494 ejus
1453 441 1560 481 non
1590 426 1881 493 denegans,
1913 425 1958 482 A
1985 422 2173 485 duere,
2211 438 2334 478 cum
2363 424 2477 492 ipsa
2503 422 2610 477 ﬁlia
2640 439 2736 478 sua
2763 443 2774 478 :
2814 423 3065 495 deditque
3091 426 3140 480 ei
3165 429 3364 496 praedia
3394 431 3560 488 multa

311 538 433 577 cum
461 521 669 590 magnis
695 520 961 574 thesauris
1004 518 1275 572 antedicto
1299 518 1412 587 regi
1438 514 1754 570 transmisit.
1795 512 1889 566 llle

312 628 440 668 vero
477 626 601 666 cum
627 626 820 680 magno
849 616 1108 679 apparatu
1153 615 1210 661 et
1253 607 1519 661 immenso
1545 604 1738 674 gaudio
1767 616 1889 656 eam

305 704 518 778 accepit
539 718 784 758 uxorem.
835 700 901 754 Et
931 700 1056 769 quia
1088 697 1302 752 Ariana‘
1343 695 1448 764 legi
1483 692 1720 762 subjecta
1747 699 1884 755 erat,

306 809 426 848 eam
469 792 769 862 Sigibertus
798 803 890 842 rex
915 787 968 840 in
1009 785 1225 840 nomine
1253 792 1455 839 sanctae
1485 782 1765 838 Trinitatis
1792 782 1886 836 ba-

305 886 508 956 ptisare
535 881 823 953 praecepit:
862 887 916 933 et
945 878 1103 932 ﬁdem
1131 877 1451 932 catholicam
1471 873 1738 939 confessa,
1764 886 1889 942 pcr-

308 974 447 1029 fecte
478 972 682 1026 imbuta
706 978 806 1024 est.
841 967 994 1034 Quod
1023 967 1210 1021 videns
1233 965 1569 1035 Chilpericus
1595 979 1713 1028 rex,
1761 977 1886 1018 cum

304 1061 415 1130 jam
452 1062 634 1132 plures
661 1060 883 1114 haberet
910 1071 1128 1119 uxores,
1159 1069 1401 1111 sororem
1429 1053 1766 1108 Brunchildaa
1791 1067 1861 1106 no

309 1153 456 1207 mine
492 1149 838 1205 Galsuiudam
876 1142 1324 1218 [Gailsuuindam]
1373 1142 1614 1213 expetiit,
1661 1139 1887 1210 promit-

311 1251 430 1296 tens
454 1255 550 1311 per
587 1239 794 1309 legatos
837 1237 971 1292 alias
992 1249 1188 1290 uxores
1213 1233 1504 1289 dimittere.
1557 1230 1719 1286 Pater
1756 1244 1887 1284 vero

306 1330 425 1400 ejus
462 1330 559 1384 has
592 1327 977 1397 promissiones
1003 1325 1227 1380 audiens
1251 1363 1266 1388 ,
1303 1323 1465 1378 ﬁliam
1499 1338 1654 1378 suam
1695 1319 1887 1391 praefa-

309 1430 420 1475 tam
464 1434 588 1474 cum
634 1416 818 1472 multis
845 1416 1111 1470 thesauris
1150 1415 1200 1468 ei
1229 1413 1539 1468 destinavit.
1591 1411 1725 1466 Nam
1772 1410 1886 1480 ipsa

307 1509 600 1566 Galsuinda
635 1515 794 1563 aetate
834 1506 1017 1561 senior
1060 1511 1179 1560 erat
1222 1501 1564 1558 Brunchilde.
1610 1500 1883 1572 Chilperi-

307 1616 405 1656 cus
428 1613 557 1654 vero
591 1612 712 1652 cum
743 1610 935 1666 magno
968 1593 1164 1666 gaudio
1193 1607 1312 1647 eam
1338 1591 1390 1645 in
1420 1590 1668 1661 conjugio
1704 1604 1886 1644 susce-

307 1691 403 1761 pit,
431 1697 486 1744 et
503 1689 616 1758 ipsa
632 1687 686 1740 in
708 1686 923 1741 nomine
937 1692 1136 1739 sancta:
1149 1681 1426 1736 Trinitatis
1446 1679 1757 1744 chrismata,
1774 1694 1884 1732 ma-

1987 520 2042 564 et
2069 512 2238 567 villas.
2291 513 2611 583 Episcopum
2650 529 2780 568 vero
2802 555 2818 578 ,
2846 516 2938 584 qui
2979 531 3099 570 eam
3127 516 3438 588 baptisavit,
3467 535 3560 578 ex-

1985 600 2106 655 silio
2133 602 2527 656 condemnavit.
2572 601 2979 674 Fredegundem
3007 620 3137 661 vero
3164 608 3435 679 copulavit
3458 612 3562 668 sibi

1985 689 2054 742 ad
2085 692 2346 761 reginam.

1984 792 2111 852 CAP.
2145 799 2355 854 XXXII.
2380 832 2448 878 -_—
2490 802 2693 878 Bellum
2719 806 2860 872 quod
2896 807 2998 878 fuit
3045 807 3314 878 Sigeberto
3339 820 3389 865 et
3421 812 3566 868 Chil-

2318 873 2488 941 perico
2513 888 2530 924 .'
2565 883 2612 926 et
2637 873 2701 927 de
2729 873 2904 929 morte
2924 873 3226 948 Sighib'erti.

2055 959 2233 1032 (Greg.
2277 961 2367 1015 lib.
2398 980 2471 1027 iv,
2501 979 2548 1015 ε.
2578 964 2667 1029 57,
2698 964 2791 1030 45,
2821 965 2912 1033 49,
2942 968 3030 1033 50,
3059 969 3174 1041 51.)
3204 971 3355 1028 Tunc
3395 973 3566 1031 Justi-

1985 1048 2178 1104 nianus
2220 1049 2512 1120 imperator
2555 1054 2692 1124 apud
2737 1053 3256 1129 Constantinopolim
3293 1061 3565 1119 civitatem

1984 1138 2150 1192 obiit:
2174 1137 2415 1195 Justinus
2434 1143 2656 1197 ambivit
2678 1141 2811 1215 [Al.,
2836 1145 3064 1219 accepit]
3088 1148 3390 1218 imperium.
3414 1151 3562 1208 Chlo-

1985 1225 2186 1281 doveus
2233 1242 2444 1298 quoque
2485 1229 2668 1298 junior
2707 1231 2849 1288 ﬁlius
2896 1233 3182 1305 Chilperici
3222 1239 3355 1294 abiit
3399 1256 3567 1311 usque

1987 1313 2338 1386 Burdegalam
2389 1317 2520 1390 [Al.,
2578 1319 2942 1392 Burdigalem,
2978 1336 3026 1380 et
3081 1327 3565 1406 Burgundigalam]

1984 1407 2192 1495 urbem.
2225 1407 2329 1464 Ubi
2354 1425 2476 1465 cum
2520 1412 2668 1467 nullo
2712 1415 3045 1484 inquietante
3075 1421 3352 1489 resideret,
3392 1423 3562 1495 Sigul-

1986 1493 2071 1551 fus
2092 1498 2309 1567 quidam
2329 1515 2359 1554 a
2386 1511 2539 1572 parte
2569 1502 2824 1574 Sigiberti
2851 1508 2994 1578 regis
3020 1511 3235 1579 missus,
3267 1530 3388 1570 cum
3415 1493 3563 1574 exer-

1985 1585 2093 1640 citu
2120 1602 2178 1642 se
2204 1602 2364 1657 super
2383 1604 2505 1644 eum
2521 1589 2732 1660 objecit.
2761 1595 2929 1662 Quem
2950 1597 3260 1671 fugientem,
3284 1621 3405 1659 cum
3423 1607 3565 1663 tubis

1985 1681 2039 1728 et
2066 1675 2309 1732 buccinis
2353 1681 2507 1748 quasi
2551 1679 2843 1752 fugientem
2891 1702 3109 1745 cervum
3161 1693 3563 1764 insequebatur.

307 1755 410 1850 gna
438 1755 730 1834 christiana
758 1775 989 1848 [magnae
1004 1772 1305 1830 sanctitatis
1329 1769 1548 1842 femina]
1571 1767 1758 1825 effecta
1777 1777 1879 1824 est.
1911 1755 1958 1815 Β
1985 1764 2085 1857 Qui
2113 1768 2198 1821 vi-x
2224 1769 2290 1824 ad
2316 1779 2525 1839 patrem
2552 1771 2738 1829 labens
2768 1775 3008 1833 Parisius
3048 1755 3316 1849 pervenit:
3350 1783 3567 1857 Chilpe-

309 1868 411 1923 Per
446 1868 626 1923 odium
654 1873 834 1920 autem
857 1862 1224 1933 Fredegundis
1243 1859 1397 1916 valde
1415 1860 1663 1929 pessima:
1690 1874 1887 1914 concu-

309 1962 447 2017 bina:
467 1977 578 2017 sua:
590 1969 765 2015 ortum
791 1967 873 2014 est
888 1959 1026 2014 inter
1039 1973 1133 2013 eas
1157 1957 1360 2029 grande
1373 1954 1702 2012 scandalum.
1731 1954 1886 2009 Dice-

307 2053 400 2108 bat
423 2052 564 2107 enim
588 2051 700 2120 ipsa
725 2049 1015 2106 Galsuinda
1041 2057 1220 2105 tantas
1247 2048 1351 2105 sibi
1381 2047 1605 2118 injurias
1631 2050 1668 2100 a’
1683 2062 1809 2118 rege
1828 2061 1889 2102 se

307 2143 534 2200 sufferre
559 2159 663 2199 non
691 2159 850 2214 posse
872 2184 887 2209 ,
917 2151 1137 2213 propter
1164 2141 1474 2196 inimicitias
1501 2139 1884 2208 Fredegundxe.

306 2232 470 2289 Petiit
506 2233 687 2303 itaque
715 2241 775 2288 ut
820 2232 1024 2287 relictis
1067 2231 1334 2286 thesauris
1358 2271 1374 2295 ,
1409 2245 1546 2300 quos
1587 2243 1773 2285 secum
1820 2228 1888 2282 de

307 2321 504 2394 Spania
541 2322 776 2387 tulerat,
831 2321 1058 2376 liberam
1105 2335 1225 2375 eam
1276 2320 1452 2376 redire
1483 2318 1783 2374 dimitteret
1832 2317 1887 2371 in

306 2415 534 2486 patriam
563 2414 629 2469 ad
664 2421 872 2484 patrem
902 2428 1078 2468 suum.
1130 2411 1237 2468 Sed
1280 2413 1370 2468 ille
1397 2426 1519 2466 eam
1544 2410 1727 2466 verbis
1753 2409 1887 2464 mol-

309 2505 452 2560 libus
501 2504 892 2560 blandiebatur.
941 2503 1046 2558 Per
1091 2503 1374 2559 consilium
1422 2503 1602 2572 itaque
1636 2501 1886 2572 pessimae

312 2595 674 2666 Fredcgundis
711 2609 828 2648 eam
856 2606 954 2664 per
989 2603 1201 2650 noctem
1228 2594 1282 2649 in
1307 2601 1476 2649 stratu
1501 2608 1599 2648 suo
1637 2600 1888 2663 strangu-

310 2686 460 2740 lavit.
491 2686 620 2740 Post
647 2684 799 2753 cujus
822 2686 1028 2740 obitum
1055 2685 1197 2740 Deus
1217 2699 1316 2755 pro
1348 2698 1413 2739 ea
1440 2684 1668 2738 virtutes
1700 2689 1885 2737 osten-

311 2779 408 2832 dit.
465 2776 580 2844 Quo
609 2775 778 2836 facto.
829 2776 1024 2830 fratres
1063 2775 1349 2846 Chilperici
1385 2776 1488 2830 hoc
1529 2773 1887 2844 indignantes,

311 2881 434 2920 eum
457 2867 522 2921 de
545 2881 710 2936 regno
737 2863 933 2932 ejicere
956 2864 1260 2921 voluerunt.
1291 2863 1533 2919 Habebat
1553 2870 1732 2918 autem
1762 2872 1891 2919 tunc

312 2955 644 3026 Chilpericus
670 2971 764 3010 rex
787 2962 897 3010 tres
919 2955 1059 3010 ﬁlios
1085 2955 1150 3009 de
1177 2954 1459 3010 Audovera
1483 2954 1664 3023 regina
1687 2968 1802 3019 sua,
1835 2953 1890 3009 id

311 3061 432 3116 est,
464 3050 896 3106 Theudobcrtum
929 3047 1392 3123 [Theutbcrtum],
1439 3048 1747 3103 Meroveum
1768 3087 1783 3111 ,
1835 3054 1889 3101 et

1989 1855 2132 1910 ricus
2160 1870 2372 1926 quoque
2417 1858 2852 1919 Theudobcrtum
2884 1865 3052 1922 ﬁlium
3081 1885 3237 1928 suum
3275 1855 3566 1944 seniorem,

1988 1945 2076 2014 qui
2094 1954 2251 2000 antea
2267 1947 2534 2018 Sigiberto
2545 1948 2839 2018 iuraverat,
2856 1955 2997 2010 ultra
3011 1957 3255 2029 Ligerem
3280 1977 3402 2017 cum
3415 1964 3569 2024 hoste

1989 2036 2120 2109 [Al.,
2143 2038 2326 2095 hostili
2352 2040 2534 2113 manu]
2562 2042 2776 2098 direxit.
2809 2044 2909 2112 Qui
2937 2049 3121 2104 abiens
3142 2051 3390 2108 civitates
3430 2054 3569 2127 Sigi-
3673 2033 3680 2040 I

1987 2129 2127 2183 berti
2162 2130 2409 2185 avunculi
2439 2133 2521 2187 sui
2553 2135 2809 2202 pervasit,
2835 2137 2887 2191 id
2914 2147 2994 2191 est
3023 2137 3268 2206 Toronis,
3314 2142 3567 2212 Pictavis,

1988 2219 2073 2273 vel
2117 2219 2368 2289 reliquas.
2411 2221 2565 2290 Apud
2607 2222 2840 2280 Pictavis
2867 2236 3046 2281 autem
3080 2239 3266 2285 contra
3293 2231 3566 2289 Gundoal-

1989 2308 2114 2362 dum
2137 2309 2325 2364 ducem
2343 2311 2631 2380 pugnavit;
2660 2313 3011 2384 collaesusque
3031 2325 3110 2373 est
3132 2321 3399 2376 exercitus
3423 2321 3567 2377 Gun-

1989 2395 2184 2461 doaldi,
2229 2405 2284 2452 et
2327 2397 2481 2468 fugit.
2536 2399 2886 2472 Magnamque
2915 2405 3114 2460 caadem
3167 2407 3277 2464 illic
3314 2409 3566 2466 Theudo-

1988 2486 2173 2541 bertus
2193 2486 2258 2541 de
2280 2487 2437 2543 hoste
2465 2487 2765 2546 Gundoaldi
2788 2491 2935 2548 fecit.
2959 2494 3241 2553 Commoto
3271 2499 3394 2555 inde
3414 2516 3569 2558 exer-

1990 2574 2100 2629 citu
2125 2575 2528 2651 Lemoviciuum
2554 2578 3018 2654 Cadurcinumque
3043 2587 3194 2652 abiit,
3227 2602 3428 2660 easque
3451 2605 3571 2663 per-

1989 2667 2240 2733 vastavit,
2293 2668 2546 2724 ecclesias
2590 2671 2785 2729 multas
2832 2674 3090 2744 incendit,
3141 2681 3440 2744 ministeria
3475 2684 3571 2741 de-

1989 2759 2156 2814 trahit
2202 2758 2488 2833 [abolivit],
2537 2763 2766 2820 clericos
2811 2766 3097 2834 interfecit,
3139 2775 3466 2830 monasteria
3490 2776 3570 2832 vi-

1989 2862 2172 2903 rorum
2200 2849 2409 2918 dejecit,
2434 2853 2730 2920 puellarum
2770 2855 2992 2923 deludit,
3020 2866 3072 2913 et
3101 2870 3293 2918 cuncta
3324 2863 3570 2924 devasta-

1989 2939 2086 2993 vit.
2113 2939 2338 3010 Fuitque
2369 2942 2423 2996 in
2458 2941 2546 2998 illo
2575 2953 2812 3014 tempore
2835 2946 2986 3016 pejor
3013 2949 3068 3004 in
3109 2950 3366 3010 Ecclesiis
3394 2957 3570 3026 gemi-

1991 3039 2078 3087 tus
2107 3047 2265 3101 quam
2307 3042 2544 3104 tempore
2591 3038 2982 3106 persecutionis
3025 3040 3333 3099 Maximiani
3363 3055 3418 3100 et
3441 3047 3568 3103 Dio-

312 3139 696 3194 cmodoveum,
738 3138 889 3194 Nunc
918 3115 1096 3193 εξηιθιη
1123 3138 1191 3194 ad
1227 3115 1403 3209 οωρὶει
1431 3139 1735 3204 redeamus,
1761 3154 1891 3209 qua.
1914 3115 1964 3179 C
1993 3122 2204 3178 cletiani
2241 3125 2642 3194 imperatorum.
2684 3126 2926 3197 Cumque
2970 3129 3068 3184 bas
3107 3132 3403 3190 discordias
3431 3135 3571 3190 inter

311 3231 435 3284 liter
468 3229 829 3298 Frcdegundis
869 3228 1137 3284 dominam
1173 3244 1325 3284 suam
1366 3228 1705 3284 Audoveram
1745 3229 1888 3298 regi-

313 3337 435 3376 nam
476 3320 703 3390 decepit.
747 3318 880 3375 Nam
920 3319 1034 3389 ipsa
1072 3319 1437 3391 Fredegundis
1464 3333 1530 3374 ex
1557 3317 1759 3372 familia
1801 3319 1886 3372 in-

315 3415 436 3470 ﬁma
465 3412 584 3468 fuit.
627 3411 758 3467 Cum
782 3420 960 3468 autem
984 3411 1318 3483 Chilpericus
1339 3425 1433 3466 rex
1458 3410 1513 3464 in
1534 3411 1742 3465 hostem
1764 3424 1886 3465 cum

314 3506 581 3577 Sigiberto
610 3503 774 3559 fratre
797 3519 893 3559 suo
920 3511 1108 3558 contra
1137 3501 1378 3556 Saxones
1398 3499 1742 3562 ambulasset,
1772 3497 1887 3551 Au-

311 3597 506 3654 dovera
533 3595 718 3665 regina
744 3593 964 3662 gravida
1001 3591 1280 3654 remansit,
1307 3605 1427 3658 qua:
1465 3587 1673 3658 peperit
1697 3585 1884 3641 ﬁliam.

310 3682 676 3750 Fredegundis
718 3694 847 3734 vero
875 3694 973 3748 per
1012 3677 1287 3748 ingenium
1332 3676 1614 3731 consilium
1644 3674 1790 3731 dedit
1813 3675 1883 3740 ei,

307 3775 530 3829 dicens:
581 3770 803 3824 Domina
833 3784 949 3823 mea
969 3808 984 3833 ,
1028 3781 1154 3824 ecce
1178 3767 1436 3822 Dominus
1481 3781 1574 3820 rex
1604 3765 1776 3821 victor
1803 3780 1888 3822 re-

309 3862 576 3917 vertitur:
605 3858 872 3929 quomodo
899 3865 1076 3928 potest
1103 3855 1264 3910 ﬁliam
1287 3870 1438 3911 suam
1460 3862 1738 3926 gratanter
1753 3854 1884 3926 [Αι.,

308 3949 642 4022 gratulanter
684 3956 738 4003 et
773 3945 1079 4018 dignanter]
1127 3945 1364 4016 recipere
1389 3961 1495 4027 non
1523 3943 1888 4013 baptisatam?

308 4041 441 4096 Cum
470 4041 585 4094 haec
611 4039 848 4094 audisset
875 4036 1080 4107 regina,
1121 4035 1494 4106 baptisterium
1531 4048 1725 4104 parare
1749 4048 1888 4103 prte-

309 4128 470 4199 cepit,
501 4129 818 4196 vocavitque
840 4127 1172 4198 episcopum,
1219 4123 1311 4192 qui
1338 4138 1458 4176 eam
1480 4122 1754 4192 baptisare
1798 4122 1888 4177 de-

309 4213 492 4274 beret.‘
520 4218 763 4288 Cumque
807 4217 1091 4286 episcopus
1128 4212 1406 4277 adfuisset,
1451 4227 1559 4268 non
1601 4220 1721 4267 erat
1765 4227 1883 4266 ma-

310 4317 464 4365 trona
492 4310 559 4365 ad
602 4324 838 4380 praesens
859 4349 874 4372 ,
907 4323 1027 4378 quae
1053 4305 1286 4377 puellam
1327 4305 1600 4375 suscipere
1645 4305 1882 4361 deberet.

310 4399 378 4455 Et
404 4401 481 4454 ait
507 4397 911 4468 Fredegundis:
962 4395 1212 4466 Nunquid
1251 4395 1481 4450 similem
1523 4396 1596 4450 tui
1643 4395 1884 4450 invenire

310 4491 604 4560 poterimus
630 4529 644 4555 ,
694 4505 814 4558 qua:
859 4503 978 4542 eam
1016 4486 1316 4558 suscipiat?
1359 4486 1516 4542 Modo
1556 4494 1727 4540 tumet
1770 4488 1884 4556 ipsa

311 4580 522 4649 suscipe
563 4595 701 4634 eam.
752 4579 841 4633 llla
867 4593 996 4634 vero
1025 4578 1140 4633 haec
1159 4577 1412 4642 audiens,
1461 4577 1526 4631 de
1563 4591 1717 4632 sacro
1740 4575 1886 4632 fonte

311 4683 431 4722 eam
461 4669 710 4739 suscepit.
743 4669 974 4724 Veniens
994 4677 1172 4722 autem
1201 4682 1296 4721 rex
1316 4667 1504 4729 victor,
1536 4665 1666 4721 exiit
1695 4665 1889 4721 Frede-

312 4758 506 4829 gundis
553 4758 764 4811 obviam
809 4757 892 4824 ei,
934 4758 1150 4812 dicens:
1185 4755 1293 4812 Deo
1341 4756 1582 4826 gratias,
1630 4755 1753 4824 quia
1782 4754 1884 4809 Do-

308 4845 490 4901 minus
546 4856 729 4899 nostcr
780 4861 876 4900 rex
925 4846 1206 4901 victoriam
1259 4845 1462 4915 recepit
1512 4846 1578 4900 de
1635 4845 1887 4900 adversa-

310 4936 408 4991 riis
435 4935 574 5000 suis;
624 4943 855 5005 nataque
891 4937 988 4992 tibi
1035 4944 1120 4991 est
1160 4935 1286 4990 ﬁlia.
1338 4934 1471 4990 Cum
1500 4951 1604 5006 qua
1635 4936 1886 4992 dominus

310 5040 465 5078 meus
505 5040 598 5078 rex
642 5025 872 5080 dormiet
916 5027 1018 5080 hac
1070 5025 1270 5080 nocte?
1330 5023 1453 5092 quia
1509 5025 1722 5079 domina
1767 5041 1884 5080 mea

311 5115 492 5184 regina
537 5123 832 5168 commater
877 5123 966 5167 tua
1016 5122 1101 5169 est
1152 5115 1218 5170 de
1257 5114 1362 5169 ﬁlia
1403 5124 1492 5168 tua
1546 5114 1887 5170 Childesindc

313 5203 444 5277 [ΑΙἾ
469 5203 868 5276 Chelsindane].
901 5205 967 5258 Et
994 5204 1081 5258 ille
1123 5205 1237 5259 ait:
1287 5205 1344 5259 Si
1372 5220 1494 5258 cum
1535 5205 1621 5259 illa
1651 5205 1887 5259 dormire

311 5307 519 5362 nequeo
543 5333 556 5357 ,
585 5293 846 5347 dormiam
891 5302 1088 5348 tecum.
1139 5292 1379 5364 Cumque
1408 5295 1682 5350 introisset
1711 5309 1801 5349 rex
1833 5295 1885 5349 in

312 5381 487 5437 aulam
532 5397 685 5436 suam
711 5421 726 5446 ,
778 5383 1014 5436 occurrit
1059 5382 1339 5438 Audovera
1381 5385 1564 5454 regina
1598 5401 1721 5439 cum
1770 5386 1885 5456 ipsa

312 5475 507 5546 puella.
537 5473 602 5528 Et
622 5474 698 5528 ait
717 5475 764 5529 ei
798 5475 906 5528 Rex
934 5493 947 5528 :
979 5473 1272 5531 Nefandam
1301 5493 1416 5533 rem
1439 5477 1613 5534 fecisti
1641 5493 1738 5548 per
1759 5478 1888 5533 sim-

313 5565 606 5636 plicitatem
651 5575 818 5621 tuam.
863 5565 985 5620 Jam
1023 5568 1169 5622 enim
1213 5569 1409 5640 conjux
1452 5585 1574 5624 mea
1612 5577 1753 5626 esse
1780 5585 1885 5624 non

317 5659 514 5727 poteris
537 5659 781 5731 amplius.
819 5659 1150 5729 Rogavitque
1179 5675 1298 5716 eam
1329 5677 1484 5717 sacro
1513 5664 1777 5720 velamine
1806 5668 1884 5720 iu-

717 5777 984 5836 PATROL.
1026 5775 1219 5838 XCVI

1993 3214 2092 3270 hos
2138 3214 2334 3270 fratres
2390 3217 2726 3272 disseminari
2779 3218 3004 3284 videret,
3056 3232 3324 3278 commoto
3372 3226 3569 3282 iterum

1991 3303 2326 3374 Chilpericus
2366 3305 2604 3359 exercitu
2653 3320 2821 3376 usque
2865 3306 3048 3362 Remis
3079 3311 3326 3378 accessit,
3375 3322 3570 3372 cuncta

1990 3397 2278 3452 incendens
2300 3405 2461 3466 atque
2487 3397 2774 3453 debellans.
2814 3397 2965 3466 Quod
2995 3401 3218 3458 audiens
3248 3401 3566 3476 Sigibertus,

1989 3496 2297 3552 convocatis
2345 3497 2594 3566 gentibus
2639 3497 2743 3552 illis
2790 3510 2910 3567 qum
2952 3498 3090 3554 ultra
3128 3499 3374 3557 Rhenum
3421 3513 3568 3571 sunt,

1991 3587 2228 3642 Parisius
2251 3588 2419 3651 venit,
2447 3596 2503 3642 et
2541 3596 2728 3643 contra
2759 3587 2982 3643 fratrem
3024 3605 3178 3645 suum
3208 3593 3286 3646 ire
3311 3593 3566 3663 disponit,

1989 3677 2210 3732 mittens
2237 3677 2455 3731 nuntios
2482 3676 2818 3732 Dunensibus
2846 3677 2930 3732 vel
2957 3677 3256 3744 Toronicis,
3288 3689 3347 3734 ut
3376 3691 3566 3737 contra

1989 3766 2426 3823 Theudobcrtum
2458 3766 2538 3820 ire
2561 3764 2839 3821 deberent.
2866 3765 3020 3833 Quod
3045 3766 3120 3822 illi
3145 3767 3566 3837 dissimulantes,

1989 3872 2082 3912 rex
2107 3855 2470 3928 Godegisilum
2511 3864 2567 3912 et
2594 3855 2984 3912 Guntramnum
3023 3857 3186 3914 duces
3209 3859 3260 3914 in
3287 3861 3461 3932 capite
3484 3862 3567 3917 di-

1988 3946 2134 4018 rigit.
2189 3945 2289 4014 Qui
2334 3954 2736 4002 commoventes
2777 3947 3094 4014 exercitum,
3141 3950 3398 4008 adversus
3443 3967 3567 4008 eum

1989 4047 2236 4107 pergunt.
2283 4036 2377 4092 llle
2405 4050 2618 4106 quoque
2657 4034 2930 4092 derelictis
2977 4037 3092 4093 suis
3124 4054 3246 4094 cum
3274 4041 3460 4110 paucis
3484 4056 3569 4098 re-

1988 4127 2207 4192 mansit,
2237 4125 2332 4182 sed
2371 4134 2548 4182 tamen
2595 4124 2664 4182 ad
2703 4125 2900 4183 bellum
2946 4129 3094 4183 exire
3141 4144 3248 4184 non
3283 4131 3566 4188 dubitavit.

1990 4219 2383 4288 Venientesque
2397 4219 2464 4273 ad
2486 4235 2717 4290 pugnam
2737 4219 3567 4299 Theudobcrtus.['l‘beutbertus]

1989 4307 2228 4364 devictus
2280 4309 2659 4377 prosternitur,
2708 4317 3062 4378 mortuusque
3105 4319 3189 4365 est
3217 4311 3312 4366 ibi.
3347 4311 3432 4368 Ab
3459 4313 3572 4370 Au-

1988 4397 2134 4454 nolfo
2158 4411 2371 4467 quoque
2417 4399 2551 4453 duce
2597 4397 2871 4464 collectus,
2908 4399 3247 4454 Ecolosinam
3293 4401 3566 4458 civitatem

1992 4489 2322 4560 deportatus,
2351 4488 2548 4543 ibidem
2571 4488 2810 4557 sepultus
2834 4497 2937 4544 est.
2965 4488 3300 4559 Chilpericus
3323 4507 3452 4549 vero
3473 4509 3572 4564 per

1996 4581 2454 4649 Rodomagensem
2495 4579 2682 4633 urbem
2711 4577 2920 4648 fugiens
2956 4595 3078 4635 cum
3099 4596 3266 4637 uxore
3292 4597 3390 4638 sua
3419 4599 3484 4638 ac
3508 4585 3570 4640 ﬁ-

1993 4668 2100 4733 liis,
2140 4667 2444 4722 Turnaeum
2474 4667 2743 4722 civitatem
2771 4667 3064 4737 ingressus,
3091 4667 3163 4723 ibi
3188 4684 3246 4724 se
3275 4670 3494 4726 reclusit
3515 4682 3571 4726 et

1994 4757 2362 4813 communivit.
2392 4756 2690 4828 Sigibertus
2708 4771 2836 4812 vero
2855 4756 3100 4813 civitates
3124 4758 3262 4826 illas,
3288 4775 3407 4830 qua:
3430 4761 3569 4816 ultra

1993 4849 2232 4904 Parisius
2279 4855 2404 4903 sunt
2451 4847 2654 4916 positae,
2704 4861 2874 4916 usque
2921 4847 3285 4903 Rodomacum
3336 4850 3565 4919 accepit.

1988 4945 2282 5011 Regressus
2308 4938 2431 4993 inde
2454 4937 2693 4993 Parisius
2724 4937 3004 5003 introieris,
3037 4938 3109 4994 ibi
3135 4939 3201 4994 ad
3236 4955 3357 4994 eum
3388 4940 3561 4994 Brun-

1988 5034 2183 5089 childis
2218 5047 2340 5086 cum
2367 5029 2490 5084 ﬁliis
2529 5029 2643 5084 suis
2667 5029 2831 5083 venit.
2868 5028 3019 5084 Tunc
3041 5029 3256 5097 Franci,
3283 5030 3374 5101 qui
3396 5046 3568 5099 quon-

1989 5126 2111 5180 dam
2138 5124 2206 5178 ad
2229 5121 2628 5177 Childebertum
2659 5119 2924 5175 seniorem
2953 5129 3294 5190 aspexerant,
3327 5122 3393 5176 ad
3421 5120 3562 5190 Sigi-

1990 5217 2202 5271 hertum
2227 5213 2546 5284 legationem
2570 5212 2790 5267 mittunt
2815 5219 2874 5266 ut
2907 5211 2975 5266 ad
3007 5225 3100 5268 eos
3123 5212 3348 5279 veniret,
3374 5220 3429 5266 et
3457 5211 3566 5267 illic

1992 5305 2297 5377 Chilperico
2317 5304 2589 5368 derelicto,
2609 5304 2784 5374 ipsum
2807 5320 2967 5375 supra
2987 5318 3044 5360 se
3063 5321 3242 5376 regem
3266 5305 3564 5360 stabiliunt.

1993 5399 2094 5466 Qui
2121 5401 2236 5455 haec
2253 5397 2492 5460 audiens,
2527 5395 2673 5450 misit
2697 5409 2790 5450 eos
2820 5403 2878 5449 ut
2901 5395 3125 5450 fratrem
3152 5410 3308 5451 suum
3331 5395 3383 5449 in
3404 5409 3566 5464 supra

1995 5499 2286 5545 memorata
2309 5489 2525 5544 civitate
2546 5487 2792 5542 Turnaco
2816 5487 3142 5553 obsiderent,
3159 5486 3340 5542 dicens
3361 5501 3418 5542 se
3441 5501 3565 5541 cum

1993 5580 2230 5635 exercitu
2256 5593 2349 5634 eos
2375 5593 2493 5634 esse
2530 5586 2857 5633 secuturum.
2908 5576 3007 5632 Cui
3052 5577 3242 5632 beatus
3266 5575 3567 5632 Germanus

1995 5672 2272 5741 episcopus
2299 5669 2430 5724 dixit
2458 5688 2470 5723 :
2523 5669 2578 5724 Si
2612 5669 2826 5735 abieris,
2855 5676 2909 5721 et
2940 5667 3157 5722 fratrem
3203 5677 3350 5722 tuum
3396 5669 3564 5721 inter-

3057 5777 3133 5836 ῑιϐ
