4020 6170
566 305 692 358 ηδι

1792 297 2098 354 ANONYMI
2136 296 2405 353 SzECULl
2443 296 2572 354 VIII.

3672 299 3807 354 M31

559 413 719 467 ﬁcere
747 409 1000 475 nolueris,
1028 408 1179 463 vivus
1200 415 1255 463 et
1278 406 1450 463 victor
1468 407 1612 464 redis
1636 424 1650 473 ;
1678 407 1761 462 sin
1783 416 1961 462 autem
1985 407 2130 462 aliud
2158 415 2206 475 Α
2234 408 2367 479 quit,
2394 408 2639 464 voluntas
2667 407 2761 464 Dei
2806 407 2989 475 fuerit,
3022 408 3137 479 ipse
3167 423 3263 464 eos
3288 423 3541 478 separare
3582 425 3687 464 non
3725 426 3815 464 co-

559 498 897 573 cogitaveris,
944 496 1213 552 morieris.
1264 496 1357 551 Sic
1382 497 1525 551 enim
1566 496 1826 551 Dominus
1848 512 1947 566 per
1975 495 2131 551 Salo-

560 603 771 645 monem
800 588 913 642 ait:
961 584 1190 641 Faveant
1218 602 1375 657 quam
1405 585 1561 656 fratri
1596 597 1687 641 tuo
1708 588 2048 657 prwparabis,
2077 590 2134 642 in

556 697 671 735 eam
698 679 873 734 cades.
904 676 1055 744 Quod
1087 676 1176 730 ille
1203 676 1389 731 audire
1414 675 1665 746 neglexit.
1706 676 2018 731 V'enientem
2043 692 2137 731 au—

559 780 668 827 tem
694 769 845 824 illam
868 764 1011 836 apud
1038 765 1236 829 villam,
1262 765 1350 821 cui
1389 780 1586 821 nomen
1618 765 1997 829 Vietoriacum,
2024 765 2138 820 col-

559 861 732 917 lectus
757 868 842 915 est
882 861 949 915 ad
995 875 1120 915 eum
1166 860 1343 915 omnis
1384 860 1675 924 exercitus,
1720 858 2137 929 impositumque

558 968 721 1023 supra
746 952 990 1023 clypeum
1015 966 1196 1027 regem
1219 966 1358 1007 eum
1388 965 1550 1021 super
1576 964 1634 1006 se
1671 958 1933 1006 statuunt.
1986 949 2137 1005 Tunc

558 1042 924 1117 Fredegundis
959 1058 1167 1099 memor
1199 1043 1395 1099 artium
1441 1058 1661 1100 suarum
1690 1043 1976 1099 inebriavit
2004 1042 2140 1098 duos

560 1150 755 1206 pueros
802 1135 1214 1202 Tarwanenses,
1258 1136 1501 1207 dixitque
1538 1136 1655 1194 eis:
1702 1136 1779 1190 lte
1805 1136 1875 1191 ad
1902 1150 2135 1190 cuneum

559 1227 839 1299 Sigiberti,
883 1235 939 1283 et
961 1225 1267 1285 assimulate
1310 1234 1369 1282 ut
1404 1242 1526 1283 eum
1569 1240 1727 1300 supra
1755 1241 1852 1284 vos
1877 1226 1929 1280 in
1960 1241 2139 1298 regem

557 1318 771 1374 elevare
816 1318 1078 1387 debeatis,
1119 1334 1349 1389 emnque
1394 1318 1697 1375 interﬁcite.
1747 1317 1805 1376 Si
1851 1317 2141 1373 evaderitis

558 1409 687 1473 vivi,
711 1423 810 1479 ego
831 1408 1058 1464 miriﬁce
1077 1409 1356 1465 honorabo
1381 1424 1497 1475 vos,
1526 1417 1581 1463 et
1602 1408 1839 1465 sobolem
1860 1416 2136 1473 vestram;

560 1501 607 1556 si
656 1508 837 1556 autem
886 1502 1220 1566 corrueritis,
1270 1518 1370 1573 ego
1415 1516 1516 1573 pro
1561 1501 1715 1557 vobis
1766 1501 2141 1573 eleemosynas

509 1615 516 1623 ε
561 1592 761 1648 multas
781 1607 878 1662 per
910 1591 1028 1648 loca
1053 1600 1364 1647 sanctorum
1409 1592 1747 1648 distribuam.
1774 1590 1855 1645 Illi
1884 1606 2015 1649 vero
2042 1606 2143 1647 nec

508 1686 516 1694 “
563 1685 732 1749 dubii,
759 1685 827 1742 ad
862 1700 986 1741 eum
1011 1686 1305 1751 venientes,
1335 1700 1458 1739 cum
1498 1684 1657 1740 aliam
1695 1699 1913 1741 causam
1953 1699 2144 1756 sugge-

2231 507 2471 554 naretur.
2510 497 2640 553 Haec
2663 498 2739 553 illi
2767 506 3103 554 sacramenta
3129 498 3477 568 accipientes,
3504 498 3572 553 de
3594 499 3817 554 basilica

2231 590 2434 661 egressi
2479 599 2645 645 sunt:
2695 589 3129 661 exosculatisque
3177 589 3382 653 dolose,
3433 597 3493 644 et
3531 587 3818 658 dignanter

2232 680 2486 749 acceptis,
2514 680 2749 749 epulavit
2780 694 2904 735 eum
2927 679 3013 736 eis
3046 695 3173 735 rex.
3222 679 3352 735 Post
3384 677 3503 734 dies"
3530 692 3663 734 vero
3688 693 3820 747 pau-

2234 784 2347 834 cos,
2376 783 2501 824 cum
2543 770 2659 838 ipso
2689 768 2937 825 Meroveo
2963 778 3243 839 assumpto
3291 769 3607 826 Suessionis
3629 769 3821 825 civita-

2232 866 2345 914 tem
2368 858 2549 915 rediit.
2580 858 2827 929 Cumque
2856 859 3056 916 ibidem
3099 869 3424 926 moraretur,
3455 861 3695 929 collecto
3728 862 3829 919 II)-

2233 960 2319 1006 ste
2341 951 2407 1006 de
2429 950 2721 1020 Campania
2766 950 3026 1007 adversus
3052 951 3436 1021 Cbilpericum,
3478 952 3573 1007 ille
3610 967 3833 1023 quoque

2237 1041 2488 1097 similiter
2510 1056 2633 1097 cum
2674 1042 2920 1097 exercitu
2960 1043 3135 1098 aciem
3162 1042 3351 1113 dirigit
3373 1051 3564 1099 contra
3595 1058 3719 1100 eos.
3761 1045 3835 1098 At

2238 1133 2314 1188 illi
2350 1134 2513 1189 nimis
2552 1134 2679 1189 caesi
2720 1134 2777 1188 in
2822 1133 3004 1205 fugam
3046 1134 3379 1199 dilabuntur,
3417 1134 3735 1204 multosque
3762 1135 3834 1190 ibi

2238 1208 2599 1279 nobilissimos
2630 1223 2773 1277 viros
2796 1224 3017 1279 occidit.
3048 1222 3180 1292 Quae
3204 1233 3493 1294 postquam
3518 1232 3645 1281 acta
3678 1234 3835 1288 sunt,

2237 1328 2335 1367 rex
2377 1311 2715 1382 Chilpericus
2756 1320 2979 1383 propter
3011 1312 3443 1385 coniugationem
3480 1313 3832 1378 anhildc.

2238 1401 2323 1456 vel
2344 1399 2459 1470 ejus
2485 1402 2772 1467 maleﬁcia,
2796 1401 3106 1458 Meroveum
3128 1413 3441 1475 suspectum
3467 1406 3713 1461 habebat
3742 1422 3845 1475 pro

2241 1493 2344 1547 hac
2362 1506 2559 1564 pugna,
2579 1492 2867 1547 insidiante
2892 1491 3261 1562 Fredegnnde.
3292 1494 3444 1550 Tunc
3467 1495 3842 1564 exspoliatnm

2240 1596 2365 1637 eum
2413 1582 2483 1637 ab
2529 1596 2700 1647 arma,
2752 1582 3150 1638 commendavit
3197 1584 3538 1651 custodibus,
3589 1594 3847 1642 tractans

2245 1670 2378 1743 [At.,
2402 1669 2738 1746 consultans]
2766 1671 2897 1740 quid
2917 1671 2984 1727 de
3003 1686 3070 1727 eo
3086 1670 3265 1728 facere
3292 1674 3531 1729 deberet.
3567 1674 3707 1731 Post
3727 1676 3845 1733 hac

565 1791 687 1832 rere
705 1775 1036 1842 simularent,
1055 1776 1337 1832 abstractis
1356 1774 1543 1831 cultris
1567 1774 1723 1847 (quos
1741 1774 1931 1848 vulgus
1951 1790 2147 1829 seram-

2250 1769 2560 1817 tonsuratus
2602 1767 2691 1816 est
2744 1761 2858 1830 ipse
2908 1760 3187 1819 Meroveus
3230 1762 3454 1832 jubente
3499 1764 3847 1836 Chilperico,

567 1882 735 1924 xaxos
760 1865 897 1940 [Al.,
926 1882 1351 1922 scramsaxos—
1378 1865 1578 1921 Sacltso
1604 1866 1873 1936 longiores
1903 1863 2063 1920 cultri
2093 1871 2148 1918 et

566 1956 872 2033 maduerat]
898 1957 1112 2029 vocant)
1139 1965 1367 2025 utraque
1406 1957 1457 2011 ei
1486 1956 1656 2011 latera
1701 1953 1920 2011 feriunt.
1962 1954 2148 2010 Atille

564 2048 871 2105 vociferans
916 2055 1077 2117 atque
1124 2060 1402 2112 corruens,
1445 2062 1550 2100 non
1594 2053 1717 2118 post
1760 2044 1929 2100 multo
1972 2045 2145 2115 spatio

565 2138 747 2195 emisit
767 2137 1017 2209 spiritum
1041 2151 1217 2191 suum.
1243 2134 1347 2189 Ubi
1372 2134 1537 2190 etiam
1561 2142 1615 2189 et
1636 2133 1714 2189 illi
1733 2134 2014 2191 homicidae
2034 2149 2151 2189 cor-

566 2237 813 2285 ruerunt.
840 2227 1173 2299 Chilpericus
1194 2240 1322 2280 vero
1343 2225 1591 2281 nesciens
1612 2225 1676 2280 de
1692 2223 1878 2280 fratris
1902 2224 2145 2291 interitu,

504 2394 507 2395 7
564 2321 697 2395 quid
724 2319 1092 2391 Fredegundis
1109 2318 1326 2389 egisset,
1351 2317 1545 2373 dubius
1561 2316 1863 2382 haesitabat,
1880 2315 2149 2389 quomodo
2192 2347 2207 2356 κ

566 2409 864 2479 angustias,
912 2423 1047 2481 quas
1085 2408 1154 2465 ab
1184 2408 1339 2463 hoste
1365 2405 1551 2462 fratris
1594 2406 1677 2463 sui
1722 2406 2046 2477 patiebatur,
2077 2420 2150 2460 an

566 2500 798 2556 evadere
834 2506 1037 2567 posset,
1082 2503 1173 2551 aut
1211 2511 1338 2551 non.
1368 2494 1551 2551 Donec
1578 2494 1945 2566 Fredegundis
1966 2495 2149 2552 omnia

569 2590 639 2645 de
663 2587 850 2643 fratris
895 2587 976 2643 sui
1024 2594 1197 2641 morte
1225 2587 1483 2641 narravit.
1529 2584 1680 2641 Tunc
1720 2600 1970 2656 egressus
2004 2583 2177 2640 Chil-’

568 2679 785 2751 pericus
826 2693 920 2733 rex
963 2692 1085 2732 cum
1130 2675 1452 2732 satellitibus
1500 2674 1613 2731 suis
1642 2675 1708 2730 de
1752 2674 2001 2730 Turnaco
2028 2688 2151 2729 cum

568 2784 737 2825 uxore
761 2776 816 2825 et
858 2767 1001 2833 ﬁliis,
1048 2766 1301 2822 vestitum
1327 2764 1654 2836 Sigibertum
1683 2764 1923 2825 vestibus
1946 2763 2179 2820 ornatis

571 2858 714 2930 apud
748 2856 1012 2913 Lambros
1038 2855 1217 2910 vicum
1244 2854 1507 2926 sepelivit.
1558 2854 1712 2911 Unde
1757 2864 1943 2926 postea
1984 2854 2153 2910 Sues-

571 2949 740 3005 sionis
770 2947 824 3002 in
846 2946 1067 3003 basilica
1108 2946 1282 3001 sancti
1323 2944 1558 3000 Medardi
1580 2943 1736 3014 juxta
1757 2954 1964 3015 patrem
1995 2961 2153 3001 suum

573 3039 944 3097 Chlotharium
982 3036 1328 3106 sepelierunt.
1373 3035 1520 3091 Obiit
1560 3044 1741 3091 autem
1789 3051 1931 3091 anno
1975 3034 2041 3090 M
2068 3049 2154 3090 re-

2245 1855 2529 1927 presbyter
2571 1854 2851 1910 ordinatus
2898 1870 3023 1910 cum
3067 1862 3219 1910 veste
3274 1857 3602 1912 sacerdotali
3651 1873 3849 1914 mona-

2248 1946 2474 2001 sterium
2501 1945 2757 2001 Aninsula
2795 1945 2851 2000 in
2879 1945 3324 2002 Cinomannicnm
3349 1959 3473 2001 cum
3518 1947 3754 2011 direxit,
3790 1957 3849 2002 ut

2247 2038 2361 2095 illic
2401 2037 2634 2110 regulari
2672 2037 2863 2094 ordine
2891 2037 3086 2108 degere
3117 2037 3357 2093 deberet.
3405 2037 3687 2108 Tempore
3714 2055 3850 2110 quo-

2247 2144 2353 2201 que
2377 2128 2470 2185 illo
2493 2130 2684 2185 beatus
2704 2128 3007 2184 Germanus
3047 2127 3376 2187 Parisiorum
3400 2129 3705 2200 episcqsus
3730 2133 3847 2202 ple—

2248 2235 2350 2277 nus
2378 2220 2586 2277 dierum
2610 2235 2674 2276 ac
2699 2219 2988 2276 virtutibus
3027 2220 3239 2291 magnis
3265 2220 3515 2291 migravit
3547 2223 3622 2277 ad
3670 2222 3850 2279 Domi-

2249 2327 2400 2378 num,
2429 2319 2485 2368 et
2525 2327 2648 2367 cum
2694 2311 2862 2382 gloria
2912 2318 2967 2366 et
2999 2311 3282 2383 psallentio
3324 2313 3568 2370 maximo
3612 2316 3680 2369 in
3707 2316 3850 2373 beati

2247 2401 2518 2459 Vincentii
2545 2403 2799 2474 martyris
2819 2403 3041 2460 basilica
3058 2411 3145 2459 est
3165 2403 3427 2474 sepultus.
3454 2404 3851 2465 Childebcrtns

2246 2500 2371 2565 post
2411 2494 2530 2549 hzec
2557 2492 2745 2562 junior
2784 2495 3104 2567 legationem
3161 2498 3230 2551 ad
3280 2495 3654 2568 Chilpericum
3705 2501 3853 2558 misit

2247 2591 2465 2655 propter
2486 2582 2838 2640 Brunbildem
2872 2592 3099 2640 matrem
3124 2600 3299 2641 suam.
3330 2585 3422 2640 Illa
3450 2602 3684 2659 quoque
3708 2591 3855 2661 paci-

2251 2673 2351 2729 ﬁce
2378 2675 2588 2731 reddita
2616 2684 2719 2732 est.
2750 2676 2832 2734 Eo
2862 2685 3100 2748 tempore
3124 2677 3352 2735 Samson
3381 2678 3526 2735 ﬁlius
3552 2680 3856 2753 Chilpeﬁd

2252 2774 2497 2820 mortuus
2525 2772 2629 2821 est.

2249 2853 2380 2910 Car.
2415 2853 2654 2912 XXXIV.
2672 2884 2744 2896 -—
2770 2855 2849 2912 De
2868 2856 3235 2929 descriptiones
3256 2860 3528 2930 pessimus,
3555 2877 3705 2932 quas
3722 2862 3861 2919 ειιίι.

2779 2950 2986 3018 pericu
3004 2947 3123 3018 ﬁeri
3138 2949 3324 3019 jussit.

2328 3036 2508 3110 (Greg.
2541 3038 2632 3094 lib.
2661 3054 2713 3104 v,
2736 3055 2785 3095 c.
2815 3039 2931 3112 28.)
2955 3039 3294 3111 Chilpericus
3315 3051 3496 3099 autem
3520 3060 3624 3100 rex
3648 3045 3863 3103 deseri.

572 3130 664 3204 gni
684 3130 789 3197 sui,
818 3137 976 3184 aetate
997 3127 1444 3198 quadragenaria.
1471 3125 1797 3198 lntcrempto
1817 3126 1982 3197 igitur
2017 3124 2158 3197 Sigi-
2178 3117 2228 3181 (Ξ
2257 3130 2469 3199 ptiones
2497 3144 2666 3185 novas
2703 3137 2759 3185 ct
2795 3145 2984 3202 graves
3024 3146 3122 3203 per
3145 3133 3429 3188 consilium
3471 3133 3863 3207 Frcdegnndis

572 3222 729 3276 berto
754 3234 881 3289 rege
922 3216 1063 3289 apud
1100 3216 1463 3273 Victoriacum
1504 3216 1706 3283 villam,
1739 3215 2045 3273 Brunhihlis
2071 3232 2157 3271 re-

571 3310 698 3381 gina
720 3320 846 3367 cum
891 3307 1016 3363 ﬁliis
1054 3306 1167 3363 suis
1205 3305 1449 3362 Parisius
1476 3305 1769 3371 residebat,
1801 3304 1956 3376 plena
1982 3304 2150 3372 luctu,

571 3401 700 3476 quid
721 3400 787 3456 de
812 3414 870 3455 se
895 3413 1059 3470 agere
1084 3397 1323 3464 deberet,
1353 3398 1626 3469 ignorans.
1674 3396 2022 3453 Gundoaldus
2047 3397 2155 3453 dux

571 3491 964 3566 apprehensum
1016 3488 1421 3545 Childebcrtum
1477 3488 1647 3544 ﬁlium
1697 3488 1818 3559 ejus
1869 3488 2156 3559 parvulum

571 3581 757 3638 furtim
785 3596 884 3653 per
902 3590 1116 3639 noctem
1147 3581 1393 3648 abstulit,
1421 3590 1476 3637 et
1517 3597 1639 3638 cum
1665 3596 1730 3637 eo
1757 3584 1810 3638 in
1840 3583 2039 3637 Auster
2065 3582 2154 3637 fu-

570 3673 669 3744 git.
705 3671 1069 3744 Collectisque
1098 3671 1370 3742 gentibus,
1393 3686 1557 3745 super
1584 3687 1719 3743 quas
1743 3681 1897 3744 pater
1922 3671 2038 3742 ejus
2066 3689 2153 3729 rc-

569 3771 848 3834 gnaverat,
874 3778 1057 3837 regem
1084 3778 1207 3819 eum
1244 3764 1540 3820 constituit.

570 3881 699 3941 CAP.
730 3879 1059 3937 XXXlll.——
1097 3879 1253 3941 Quod
1292 3880 1629 3937 Brunclsildis
1667 3882 1724 3936 in
1765 3881 1950 3937 exsilio
1989 3890 2157 3937 retru-

641 3949 806 4020 ditur,
848 3966 1062 4020 egmque
1110 3949 1445 4005 Merovechus
1472 3952 1528 4005 in
1573 3966 1788 4004 uxorem
1835 3954 2078 4018 assumit,
2108 3962 2157 4007 et

644 4017 835 4074 bellum
859 4017 1265 4088 Canipanorum.

645 4132 824 4209 (Greg.
852 4132 946 4189 lib.
975 4148 1028 4199 v,
1051 4149 1099 4187 c.
1130 4131 1186 4200 2,
1208 4133 1263 4199 5,
1292 4132 1349 4199 8,
1375 4128 1491 4206 22.)
1537 4131 1873 4204 Chilpericus
1906 4151 2035 4192 vero
2063 4151 2159 4191 rex

575 4228 813 4287 Parisius
837 4225 1077 4292 veniens,
1107 4224 1442 4297 apprehensa
1467 4223 1780 4290 Brunbilde,
1825 4227 1965 4300 apud
1989 4227 2160 4285 Roto-

572 4334 882 4395 magensem
926 4318 1202 4375 civitatem
1250 4317 1305 4374 in
1352 4317 1545 4375 exsilio
1580 4318 1819 4385 retrusit,
1853 4320 2160 4376 thesauros-

571 4424 676 4483 que
708 4408 841 4480 ejus,
891 4423 1029 4482 quos
1057 4406 1297 4465 Parisius
1339 4408 1621 4477 detulerat,
1671 4410 1908 4477 abstulit,
1942 4420 1996 4467 et
2019 4412 2158 4469 filias

2258 3222 2313 3277 in
2341 3230 2536 3278 cuncto
2560 3236 2728 3292 regno
2752 3239 2850 3279 suo
2878 3223 2994 3279 ﬁeri
3017 3224 3197 3294 jussit.
3238 3224 3344 3282 Pro
3365 3242 3471 3299 qua
3498 3244 3677 3285 causa
3705 3232 3860 3286 multi

2256 3312 2619 3381 relinquentes
2656 3312 2903 3368 civitates
2928 3312 3047 3369 illas
3068 3313 3153 3369 vel
3174 3316 3554 3386 possessiones
3578 3323 3856 3389 proprias,

2256 3406 2360 3461 alia
2387 3421 2547 3477 regna
2571 3406 2862 3477 petierunt,
2886 3408 3127 3464 dicentes
3152 3427 3165 3462 :
3202 3408 3317 3465 Sibi
3339 3410 3536 3467 melius
3558 3426 3692 3469 esse
3709 3430 3861 3484 pere-

2257 3496 2480 3568 grinari,
2508 3513 2670 3568 quam
2697 3497 2788 3553 tali
2814 3499 3054 3572 periculo
3084 3498 3382 3569 subjacere.
3431 3500 3529 3556 Sic
3568 3503 3734 3559 enim
3756 3516 3861 3560 sta-

2258 3597 2432 3646 tutum
2467 3590 2660 3657 fuerat,
2700 3600 2761 3646 ut
2797 3607 3077 3663 possessor
3117 3595 3183 3650 de
3222 3595 3441 3665 propria
3488 3603 3647 3652 terra
3698 3614 3859 3653 unam

2258 3682 2573 3753 amphoram
2610 3680 2723 3735 vini
2765 3696 2863 3752 per
2887 3698 3208 3753 arepennem
3240 3682 3509 3740 redderet.
3565 3684 3669 3742 Sic
3700 3697 3757 3743 et
3800 3689 3864 3743 de

2259 3771 2481 3844 reliquis
2507 3772 2667 3827 terris
2696 3780 2751 3827 et
2778 3773 3026 3830 universa
3075 3775 3373 3831 substantia
3419 3774 3730 3834 faciebant.
3781 3780 3867 3835 Si-

2260 3860 2462 3917 militer
2490 3867 2545 3917 et
2581 3862 2650 3918 de
2694 3863 2976 3933 mancipiis
3016 3872 3208 3920 cuncta
3244 3867 3567 3937 agebantur.
3620 3868 3870 3940 Populm

2258 3965 2389 4008 vero
2426 3950 2580 4006 valde
2620 3966 2908 4022 oppressus
2946 3954 3379 4010 vociferabantur
3419 3957 3491 4012 ad
3536 3957 3864 4017 Dominum.

2259 4039 2339 4096 Eo
2362 4048 2605 4110 tempore
2633 4055 2729 4097 rex
2752 4040 3089 4113 Cbilpericns
3117 4046 3354 4116 graviter
3376 4051 3700 4118 :egrotavit.
3749 4052 3868 4119 Quo

2261 4140 2615 4203 recuperante
2668 4131 2801 4206 [Αι.,
2846 4133 3259 4209 revalescente],
3312 4136 3454 4193 ﬁlius
3503 4139 3630 4209 ejus
3680 4142 3871 4210 junior

2261 4225 2488 4280 necdum
2523 4225 2822 4296 baptisatus
2853 4235 3118 4300 aegrotare
3152 4229 3335 4299 cmpit.
3388 4229 3494 4299 Qui
3523 4234 3869 4303 baptisatus,

2259 4313 2350 4368 vix
2378 4314 2665 4370 convaluit.
2695 4315 2993 4387 Fraterque
3042 4316 3158 4386 ejus
3203 4320 3385 4375 senior
3425 4324 3659 4379 nomine
3707 4325 3873 4382 Chio.

2260 4405 2516 4460 dobertus
2562 4405 2666 4461 hoc
2718 4408 2908 4463 morbo
2961 4410 3250 4479 corripitur
3298 4410 3453 4466 valde
3502 4410 3650 4485 [Al.,
3687 4418 3871 4471 valida

716 4463 1084 4556 ﬁgmis'u'we
1120 4463 1302 4556 ιειιετξ
1341 4463 1620 4572 ρέκεεοερίιί
1659 4463 1993 4570 (ςιιίιρετίξειίέ
2187 4463 2235 4524 D
2261 4494 2428 4569 tabe].
2476 4495 2544 4549 Et
2586 4495 2955 4568 Fredegumiis
2996 4463 3154 4569 plena
3201 4463 3661 4560 dolore—filiorum

572 4590 689 4648 hzee
732 4589 902 4649 lilium
932 4604 1087 4645 suum
1134 4588 1440 4647 Mcroveum
1470 4606 1595 4647 cum
1621 4592 1862 4647 exercitu
1896 4592 2037 4649 ultra
2058 4593 2152 4648 Li-

573 4681 744 4753 gerim
769 4680 970 4751 dirigit.
1016 4679 1201 4758 Atille
1230 4681 1414 4738 relicta
1461 4682 1801 4739 ordinatione
1838 4684 2028 4754 patris,
2057 4699 2155 4755 per

575 4772 1031 4833 Cetromannicum
1064 4786 1333 4840 reversus,
1363 4758 1592 4830 matrem
1620 4789 1771 4831 suam
1814 4775 2155 4847 Audovcramr

576 4863 793 4918 visitare
821 4877 880 4918 se
905 4862 1131 4932 ﬁngens,
1178 4861 1530 4931 Rotomagum
1556 4865 1830 4922 civitatem
1852 4868 2017 4923 venit.
2045 4868 2153 4924 lbi-

466 5008 473 5015 ,
572 4970 677 5024 que
711 4952 1039 5009 Brunihildm
1069 4952 1269 5034 reginae
1296 4952 1633 5025 conjunctus,
1660 4970 1779 5011 eam
1804 4946 1913 5013 'sibi
1942 4959 1997 5013 in
2020 4974 2153 5015 con-

571 5046 777 5116 iugium
824 5044 1111 5116 copulavit.
1170 5045 1296 5101 Hatc
1345 5047 1569 5104 audiens
1616 5047 1972 5120 Chilpericus,
2013 5053 2156 5122 quod

2260 4587 2415 4653 mitu,
2446 4587 2521 4642 ait
2544 4587 2612 4642 ad
2654 4603 2835 4659 regem
2866 4604 2989 4644 sero
3015 4592 3284 4661 paenitens
3309 4591 3441 4665 [Al.,
3463 4592 3584 4662 jam
3617 4602 3871 4668 remi-

2257 4676 2435 4750 tcns]:
2471 4676 2572 4735 Diu
2610 4694 2709 4734 nos
2736 4678 2875 4734 male
2922 4690 3144 4752 agentes
3179 4683 3350 4752 pietas
3379 4684 3567 4741 divina
3593 4691 3870 4744 sustinet.

2256 4769 2392 4826 Nam
2435 4785 2535 4827 nos
2580 4787 2722 4843 saape
2768 4772 3008 4829 febribus
3035 4782 3092 4828 et
3133 4775 3253 4830 aliis
3281 4775 3437 4831 malis
3479 4779 3789 4851 corripuit,
3820 4790 3874 4836 et

2254 4866 2543 4919 emendare
2572 4864 2945 4934 negleximus.
3000 4864 3141 4921 Ecce
3180 4865 3292 4936 jam
3338 4867 3629 4939 perdimus
3688 4872 3869 4927 ﬁlios:

2255 4969 2382 5009 ecce
2398 4953 2511 5023 jam
2533 4969 2627 5010 eos
2651 4955 2901 5027 lacrymae
2929 4971 3245 5027 pauperum,
3267 4955 3503 5013 lamenta
3544 4961 3870 5023 viduarum,

2256 5042 2486 5113 suspiria
2515 5044 2825 5101 orfanorum
2852 5046 3189 5101 interimunt.
3234 5047 3372 5104 Ecce
3408 5050 3532 5106 auri
3561 5059 3620 5107 et
3650 5054 3877 5127 argenti

465 5184 471 5188 _
573 5138 781 5194 scilicet
806 5145 991 5195 contra
1022 5136 1104 5191 fas
1129 5145 1183 5191 et
1203 5137 1374 5209 legem
1401 5141 1716 5197 canonicam
1740 5158 1962 5198 uxorem
1981 5145 2158 5213 patrui
2259 5137 2519 5193 immensa
2542 5139 2801 5209 Ροηάθτειν
2819 5139 3035 5195 cellaria
3059 5151 3115 5197 ει
3129 5142 3321 5196 110"“
3342 5142 3502 5213 P1003
3526 5147 3879 5211 redundant,

575 5230 892 5304 accepisset,
937 5230 1092 5287 valde
1135 5246 1352 5288 amarus
1402 5231 1575 5289 factus
1623 5242 1725 5298 est,
1760 5244 1815 5293 et
1840 5234 2064 5293 festinus
2091 5238 2161 5293 ad
2261 5241 2316 5285 cl
2349 5231 2621 5287 nescimus
2666 5232 2752 5288 cui
2799 5246 3189 5303 congregatum
3235 5248 3319 5288 ea.
3374 5233 3517 5289 Ecce
3563 5238 3725 5306 quod
3755 5237 3885 5307 pul-

578 5323 750 5393 ipsam
778 5322 965 5377 urbem
1014 5322 1271 5392 perrexit.
1308 5322 1387 5377 llli
1428 5339 1555 5379 vero
1599 5341 1721 5381 cum
1755 5328 2149 5395 cognovissent,

2265 5323 2451 5380 ebrius
2479 5323 2831 5389 habebamus,
2868 5324 3162 5393 perdimus.
3201 5321 3342 5402 Quid
3369 5325 3529 5380 nobis
3558 5329 3887 5396 proderunt

581 5413 725 5483 quod
760 5427 853 5469 eos
898 5427 1149 5487 separare
1185 5413 1521 5479 decerneret,
1566 5415 1632 5470 ad
1669 5415 1948 5472 basilicam
1984 5419 2158 5475 sancti
2264 5417 2446 5472 omnia
2474 5416 2618 5471 ista?
2643 5415 2795 5473 Nunc
2819 5431 2947 5471 vero
2968 5416 3178 5486 placeat
3209 5416 3304 5472 tibi
3333 5416 3626 5472 consilium
3656 5434 3885 5479 meum,

583 5503 814 5567 Martini,
845 5519 965 5573 quze
1003 5514 1086 5561 est
1128 5505 1321 5577 ligneis
1366 5507 1560 5562 tabulis
1605 5523 1765 5581 supra
1792 5524 2003 5566 murum
2029 5524 2156 5564 con-
2264 5508 2462 5580 cljube
2499 5509 2724 5564 reddere
2771 5507 2914 5579 quod
2960 5507 3099 5564 male
3142 5508 3505 5578 pervasimus,
3543 5516 3600 5563 et
3650 5511 3891 5566 deseri-

579 5605 805 5657 structa,
836 5594 1168 5665 confugiunt.
1199 5597 1309 5652 Rex
1334 5614 1462 5652 vero
1487 5615 1610 5653 cum
1637 5615 1731 5657 eos
1759 5616 1857 5671 per
1883 5600 2156 5679 ingenium
2261 5602 2473 5671 ptiones
2502 5614 2689 5665 novas,
2715 5614 2851 5669 quas
2876 5597 3073 5668 injuste
3097 5608 3152 5653 et
3174 5598 3424 5668 nequiter
3447 5597 3715 5663 fecimus,
3744 5599 3892 5669 jube

580 5680 701 5738 inde
750 5679 945 5748 ejicere
976 5698 1082 5736 non
1125 5694 1322 5751 posset,
1359 5687 1539 5741 dolose
1568 5688 1644 5743 eis
1688 5686 1916 5755 jurans:
1963 5690 2043 5757 Si,
2072 5690 2153 5744 in-
2263 5690 2549 5746 incendere
2577 5688 2711 5763 [Al.,
2743 5689 2865 5761 igne
2889 5686 3164 5759 cremari],
3193 5696 3253 5754 ut
3284 5688 3332 5743 si
3355 5696 3516 5743 natos
3551 5691 3887 5759 perdimus,
