4020 6170
295 366 316 419 1
329 364 428 419 διῖὶῦ

1425 360 1648 417 GESTA
1685 361 1925 418 REGUM
1961 360 2406 416 FRANCORUM.

3378 422 3391 430 _.
3413 350 3546 404 unt

295 479 376 534 vel
403 489 619 546 pinnam
663 483 980 545 perpetuam
1023 457 1332 529 evadamus.
1387 472 1537 528 Tunc
1590 487 1686 528 rex
1721 487 1870 528 com-
1905 477 1950 537 Δ
1977 489 2036 530 se
2065 473 2437 538 Landericum,
2470 480 2524 527 et
2567 471 2810 526 narravit
2841 471 2890 524 ei
2923 471 3036 522 haec
3064 468 3245 522 omnia
3292 483 3410 536 qua!
3457 481 3552 520 rex

292 575 492 638 puncto
517 566 678 621 corde
702 564 919 619 tradidit
943 577 1131 618 omnes
1151 562 1539 632 descriptiones
1570 561 1782 632 iniquas
1801 561 1868 618 ad

288 655 712 712 comburendum
759 654 810 708 in
855 655 1050 723 ignem.
1101 653 1231 708 Post
1277 651 1393 708 haec
1436 651 1688 723 parvulus
1729 651 1868 707 ﬁlius

290 747 407 818 ejus
436 745 680 801 moritur.
711 744 878 810 Quem
906 759 1029 798 cum
1057 742 1245 812 grandi
1285 757 1518 798 maerore
1547 741 1782 798 Parisius
1812 742 1866 797 in

288 838 512 896 basilica
553 836 724 892 sancti
761 835 999 904 Dionysii
1045 833 1299 904 martyris
1333 833 1676 902 deportantes
1719 847 1870 902 sepe-

290 933 508 988 lierunt.
561 929 822 997 Deinceps
868 926 1264 981 Chlodobertus
1309 924 1441 997 [Al.,
1478 923 1766 993 Robertus]
1808 923 1869 978 ﬁ-

288 1025 393 1079 lius
417 1037 605 1078 eorum
629 1020 768 1074 alius
799 1033 921 1072 cum
949 1016 1112 1071 nimis
1135 1023 1442 1086 mgrotaret,
1485 1022 1868 1084 componentes

289 1129 413 1170 eum
447 1113 503 1167 in
527 1108 742 1173 feretro,
785 1108 1102 1164 Suessiones
1137 1105 1269 1178 [Al.,
1317 1104 1565 1178 Sexonis]
1594 1107 1661 1160 ad
1687 1105 1870 1161 basili-

288 1219 410 1258 cam
430 1200 602 1258 sancti
629 1197 862 1255 Medardi
885 1197 1239 1253 deduxerunt.
1268 1193 1723 1264 Projicientesque
1743 1209 1866 1249 eum

290 1297 359 1352 ad
393 1303 638 1351 sanctum
685 1292 1008 1362 sepulcrum,
1036 1296 1297 1344 voverunt
1337 1295 1458 1342 vota
1503 1301 1601 1357 pro
1627 1301 1710 1341 eo.
1761 1285 1869 1341 Sed

293 1385 465 1440 media
490 1390 646 1438 nocte
673 1380 926 1444 deficiens
949 1383 1193 1432 mortuus
1223 1384 1326 1459 est.
1370 1376 1540 1443 Quem
1563 1375 1618 1429 in
1647 1374 1866 1430 basilica

290 1481 598 1528 sanctorum
639 1478 937 1540 martyrum
978 1467 1212 1538 Crispini
1247 1475 1304 1526 et
1342 1467 1671 1537 Crispiniani
1712 1481 1868 1537 sepe-

291 1562 505 1618 lierunt.
563 1561 783 1632 Magnus
825 1573 1039 1632 quoque
1083 1559 1331 1628 planctus
1377 1558 1433 1614 in
1480 1558 1626 1614 omni
1672 1558 1868 1628 populo

287 1653 409 1710 fuit.
442 1653 576 1708 Nam
602 1653 856 1708 mulieres
893 1667 1018 1706 cum
1047 1651 1178 1706 viris
1202 1660 1475 1707 sumentes
1504 1651 1750 1722 lugubria
1775 1649 1868 1706 ﬂe-

289 1749 438 1813 bant,
469 1747 639 1816 nigris
667 1745 905 1800 vestibus
930 1743 1146 1807 indutae,
1192 1756 1460 1812 percussae
1499 1749 1720 1810 pectora
1764 1741 1868 1797 hoc

1968 563 2189 631 fecerat,
2219 565 2402 620 dicens
2428 579 2442 618 :
2475 562 2662 634 Cogita
2683 560 2811 632 quid
2831 575 2991 629 agerc
3021 559 3215 614 debeas
3241 576 3253 610 :
3283 558 3406 627 quia
3433 572 3554 612 cra-

1967 656 2106 711 stina
2131 655 2217 710 die
2244 653 2311 709 ad
2338 662 2609 710 tormenta
2640 651 2814 707 valida
2857 649 3144 706 exibimus.
3195 647 3262 702 Et
3288 648 3366 701 ait
3407 647 3552 703 Lan-

1967 743 2178 801 derieus
2204 743 2554 798 contristatus
2582 740 2794 812 spiritu,
2850 746 2904 794 et
2943 745 3244 793 commotus
3271 735 3550 806 lacrymis,

1966 834 2152 889 dicens
2179 850 2192 886 :
2224 832 2356 887 Tam
2378 833 2516 886 mala
2541 827 2726 903 [male]
2753 831 2885 884 hora
2911 836 2962 884 te
2985 828 3234 882 viderunt
3254 825 3392 883 oculi
3422 824 3551 882 mei.

1968 922 2068 979 Ubi
2104 921 2288 992 fugere
2316 937 2536 993 possum
2586 920 2802 975 domino
2840 932 2962 972 meo
2990 917 3146 987 regi?
3185 917 3380 986 Ignoro
3409 916 3553 970 enim

1967 1013 2093 1083 quid
2130 1027 2291 1082 agere
2329 1013 2572 1076 debeam,
2611 1011 2734 1080 quia
2782 1009 3141 1092 comprimunt
3185 1022 3273 1062 me
3319 1006 3556 1076 undique

1966 1101 2247 1172 angustiae.
2277 1100 2344 1156 Et
2370 1100 2459 1156 illa
2495 1099 2628 1154 dixit
2662 1099 2746 1154 ei:
2790 1097 2909 1155 Noli
2941 1097 3170 1152 timere:
3224 1096 3346 1151 audi
3379 1094 3538 1151 consi-

1966 1191 2098 1246 lium
2117 1206 2318 1256 meum,
2345 1199 2398 1246 et
2423 1190 2683 1245 faciamus
2703 1189 2843 1243 hanc
2870 1203 3003 1251 rem,
3030 1195 3087 1242 et
3102 1202 3209 1241 non
3230 1185 3549 1241 moriemur.

1966 1280 2100 1336 Cum
2127 1282 2270 1335 enim
2303 1295 2394 1335 rex
2437 1279 2504 1335 de
2531 1278 2815 1334 venatione
2861 1291 3074 1332 summo
3113 1276 3286 1331 noctis
3330 1289 3555 1346 vespere

1965 1371 2353 1426 obtenebrante
2400 1367 2717 1439 crepusculo
2766 1366 3063 1431 advenerit,
3121 1365 3404 1421 mittamus
3459 1363 3554 1433 qui

1966 1475 2090 1516 eum
2113 1460 2441 1516 interficiat:
2493 1469 2547 1516 et
2573 1472 2849 1529 praecones
2876 1458 3128 1522 clament,
3166 1457 3308 1526 quod
3347 1455 3556 1512 insitize

1967 1558 2094 1604 sunt
2118 1549 2470 1605 Childeberti.
2509 1548 2604 1604 lllo
2653 1563 2867 1619 quoque
2908 1555 3120 1603 mortuo
3146 1561 3246 1602 nos
3290 1561 3413 1601 cum
3444 1543 3554 1600 filio

1967 1655 2088 1695 meo
2116 1638 2430 1695 Chlothario
2456 1653 2759 1708 regnemus.
2788 1639 3014 1694 Factum
3041 1646 3126 1693 est
3146 1645 3329 1692 autem
3355 1636 3410 1691 in
3453 1634 3556 1690 mi-

1967 1729 2100 1784 tium
2125 1730 2320 1793 noctis,
2351 1736 2657 1784 revertente
2683 1727 2985 1798 Chilperico
3008 1742 3134 1798 rege
3154 1728 3220 1784 de
3243 1726 3552 1791 venatione,

287 1838 450 1894 funus
471 1847 598 1893 sunt
622 1843 937 1907 prosecutae.
967 1834 1132 1889 Multa
1160 1848 1372 1904 quoque
1393 1847 1618 1889 munera
1645 1848 1710 1889 ac
1728 1833 1868 1889 dona
1890 1817 1944 1900 'B
1969 1823 2186 1893 quidam
2211 1822 2364 1892 pueri
2387 1821 2694 1877 adulatores
2724 1821 2978 1876 inebriati
2999 1822 3124 1876 vino
3147 1835 3178 1874 a
3203 1820 3555 1907 Fredegunde

287 1929 622 1999 Cbilpericus
664 1944 757 1984 rex
789 1926 1036 1984 ecclesiis
1064 1925 1144 1982 vel
1184 1925 1530 1996 pauperibus,
1560 1939 1625 1980 ac
1664 1925 1864 1995 praedia

287 2019 454 2074 multa
480 2029 564 2075 est
592 2019 836 2090 largitus.

288 2149 415 2206 CAP.
445 2149 658 2204 XXXV.
681 2179 752 2191 —-
779 2148 850 2201 De
879 2147 1087 2202 Justino
1111 2155 1161 2201 et
1201 2146 1406 2200 Tiberio
1431 2144 1860 2216 imperatoribus,

357 2230 405 2273 ct
429 2219 496 2273 de
528 2220 691 2285 Italia
717 2219 997 2288 subjugata
1015 2233 1036 2272 :
1075 2226 1123 2271 et
1154 2217 1380 2288 tgansitu
1415 2214 1762 2288 Gumhramgu'
1790 2229 1866 2267 re-

352 2283 694 2413 gi:,é’t'.cluod
721 2283 822 2358 per
851 2283 1110 2356 ingenium
1158 2285 1514 2356 Fredegondis
1560 2283 1861 2352 interfectus

354 2376 410 2413 es
523 2377 557 2411 ιι
583 2375 804 2413 aeneus.

354 2375 432 2414 est
465 2375 804 2430 uutpencus.

358 2469 598 2542 (Gregor.
625 2470 716 2523 lib.
739 2485 791 2536 v,
817 2486 930 2541 cap.
961 2468 1074 2531 50.)
1106 2469 1183 2524 Eo
1204 2481 1415 2540 quoque
1440 2477 1680 2538 tempore
1703 2464 1865 2524 Justi-

289 2579 392 2621 nus
422 2564 714 2633 imperator
747 2579 932 2619 amens
979 2562 1202 2619 eﬂ‘eetus
1245 2564 1312 2619 15
1352 2578 1496 2618 anno
1530 2563 1743 2634 imperii
1777 2563 1860 2618 sui

289 2656 429 2726 apud
451 2654 964 2726 Constantinopolim
989 2655 1259 2710 civitatem
1282 2654 1436 2710 obiit.
1468 2653 1716 2710 Tiberius
1737 2669 1866 2724 quo-

289 2757 394 2813 que
417 2742 702 2812 imperium
731 2739 986 2812 suscepit.
1017 2742 1146 2798 Post
1183 2742 1297 2797 haec
1331 2741 1699 2798 Theudericus
1731 2757 1866 2812 puer

289 2832 429 2888 filius
460 2831 746 2902 Chilperici
773 2831 924 2886 obiit.
965 2831 1060 2886 His
1107 2831 1294 2887 diebus
1319 2832 1528 2901 peperit
1557 2831 1866 2903 Fredegun-

289 2919 373 2975 dis
421 2935 668 2990 puerum,
725 2935 886 2990 quem
939 2919 1312 2976 Chlotharium
1362 2931 1711 2977 vocaverunt.
1767 2921 1866 2978 llic

289 3009 387 3067 fuit
413 3019 595 3081 postea
621 3026 712 3066 rex
755 3026 1002 3082 magnus,
1031 3011 1120 3080 qui
1168 3011 1352 3081 genuit
1395 3013 1775 3083 Dagobertum.
1806 3013 1864 3068 ln

289 3100 395 3156 illis
415 3116 628 3171 quoque
651 3101 839 3156 diebus
863 3101 1241 3158 Childebertus
1271 3117 1366 3158 rex
1397 3103 1449 3157 in
1477 3101 1683 3158 italiam
1706 3104 1861 3170 abiit,

1968 1911 2139 1977 missi,
2183 1913 2310 1966 dum
2337 1913 2404 1966 de
2444 1925 2586 1980 equo
2622 1910 2995 1974 descenderet,
3038 1908 3385 1979 pergentibus
3419 1898 3551 1966 teli;

1965 2002 2088 2071 quis
2110 2001 2356 2073 personis
2401 1999 2469 2056 ad
2494 2008 2696 2056 metata
2737 1997 2869 2071 [A‘l.,
2899 2001 2969 2054 ad
3011 1996 3269 2070 hospitia]
3306 2010 3423 2063 sua,
3451 1994 3553 2066 ipsi

1965 2090 2292 2161 gladiatores
2318 2098 2702 2160 percusserunt
2725 2104 2905 2160 regem
2929 2089 2982 2144 in
3023 2089 3201 2143 alvum
3229 2088 3554 2144 seramsaxis

1963 2179 2096 2255 [Al.,
2135 2181 2503 2255 scramxasis].
2562 2183 2632 2236 At
2682 2182 2772 2236 ille
2822 2180 3126 2237 vociferans
3173 2181 3458 2252 expiravit,
3498 2189 3554 2237 et

1965 2285 2210 2330 mortuus
2259 2284 2360 2330 est.
2419 2273 2901 2330 Succlamaverunt
2953 2288 3168 2345 quoque
3219 2273 3546 2338 adulatores,

1963 2380 2100 2436 quos
2112 2364 2293 2435 regina
2305 2363 2673 2421 fraudulenter
2687 2364 2927 2430 miserat,
2941 2365 3208 2420 dicentes:
3227 2363 3457 2428 Insidiae,
3475 2365 3551 2418 in-

1964 2458 2115 2515 sidiae
2129 2457 2343 2513 fuerunt
2362 2458 2446 2512 ha:
2463 2456 2789 2513 Childeberti
2813 2456 2957 2527 regis
2977 2456 3378 2512 Austrasiorum
3390 2470 3553 2526 super

1965 2548 2241 2604 dominum
2268 2554 2508 2604 nostrum
2551 2561 2747 2619 regem.
2777 2546 2928 2602 Tunc
2960 2546 3232 2602 exercitus
3257 2546 3363 2600 huc
3395 2545 3549 2600 illuc-

1965 2652 2070 2708 que
2101 2638 2466 2695 discurrcntes
2491 2652 2613 2693 cum
2641 2637 2773 2691 nihil
2808 2637 3157 2701 invenissent,
3199 2635 3401 2692 reversi
3428 2643 3552 2690 sunt

1965 2727 2035 2782 ad
2058 2726 2274 2796 propria
2301 2741 2418 2781 sua.
2453 2725 2721 2781 Mallulfus
2747 2724 2877 2798 [Αι.,
2903 2723 3212 2797 Matbulfus]
3239 2727 3419 2793 itaque
3445 2723 3551 2779 Sil-

1965 2817 2302 2874 vanectensis
2351 2817 2650 2888 cpiscopus,
2693 2816 2866 2886 quiin
2909 2817 3025 2885 ipso
3072 2814 3273 2884 palatio
3297 2823 3426 2870 tunc
3453 2815 3552 2869 ad-

1965 2917 2103 2976 erat,
2147 2909 2391 2964 indutum
2439 2923 2562 2964 eum
2610 2907 2852 2963 vestibus
2881 2907 3171 2978 regalibus,
3204 2907 3260 2961 in
3292 2919 3430 2960 nave
3470 2904 3546 2960 le-

1965 3010 2173 3066 vatum,
2227 3015 2348 3055 cum
2380 3000 2600 3074 hymnis
2631 3006 2687 3054 et
2709 2998 2994 3068 psallent'to
3021 3011 3236 3064 magno,
3276 3012 3398 3052 eum
3427 2996 3552 3050 Fre-

1965 3090 2210 3161 degunde
2235 3090 2417 3159 regina
2447 3088 2531 3143 vel
2575 3087 2782 3156 reliquo
2812 3088 3078 3148 exercitu,
3126 3086 3366 3140 Parisius
3411 3085 3550 3141 civi-

292 3208 611 3262 rursumque
638 3208 755 3247 eam
786 3193 850 3247 ad
877 3203 1084 3263 partem
1123 3192 1335 3257 Auster,
1376 3207 1537 3263 quam
1580 3194 1693 3265 ipse
1720 3209 1871 3266 rege,
1897 3191 1940 3253 ρ
1976 3188 2139 3234 tatem
2170 3179 2224 3233 in
2255 3178 2474 3232 basilica
2501 3178 2642 3231 beati
2676 3177 2942 3266 Vincentii
2972 3175 3226 3244 martyris
3251 3189 3375 3231 eum
3403 3188 3551 3244 θερε-

287 3282 397 3345 bat,
427 3281 726 3351 acquisivit,
752 3291 807 3336 et
826 3283 924 3337 sub
947 3283 1144 3337 tributo
1173 3280 1492 3354 subjugavit.
1523 3284 1673 3340 Tunc
1701 3285 1865 3341 etiam

289 3371 536 3426 maxima:
555 3372 835 3428 discordiae
858 3373 998 3430 inter
1020 3373 1378 3446 Chilpericum
1395 3383 1450 3432 et
1466 3375 1864 3433 Childebertum

289 3469 538 3532 nepotem
585 3479 739 3519 suum
785 3468 1200 3538 consurgebant.
1245 3466 1639 3536 lrritahantque
1670 3482 1764 3523 cos
1798 3481 1864 3521 ex

290 3563 517 3626 utraque
542 3565 695 3627 parte
722 3557 1089 3627 Fredegundis
1118 3567 1173 3613 et
1192 3558 1520 3612 Brunhildis.
1551 3559 1629 3613 Eo
1653 3573 1866 3628 quoque

291 3651 532 3713 tempore
581 3655 826 3700 mortuus
866 3656 949 3700 est
985 3649 1139 3701 bona:
1173 3646 1447 3701 memoria:
1496 3644 1866 3702 Guntramnus

291 3751 386 3792 rex
418 3733 668 3803 inclytus,
696 3733 864 3788 frater
891 3735 1200 3805 Chilperiei.
1238 3734 1501 3790 Cavelone
1531 3734 1660 3808 [Al.,
1690 3735 1868 3792 Cabil-

292 3823 438 3896 lono]
481 3832 662 3878 autem
710 3822 928 3879 civitate
979 3823 1300 3894 Burgundiae
1341 3824 1398 3878 in
1430 3825 1651 3880 basilica
1693 3827 1866 3881 sancti

293 3913 525 3970 Marcelli
576 3914 832 3984 martyris
859 3914 1095 3984 sepultus
1124 3923 1225 3970 est.
1282 3914 1544 3986 Regnavit
1570 3926 1750 3972 autem
1777 3932 1870 3972 an-

294 4021 393 4063 nos
434 4007 521 4062 51.
574 4005 937 4079 Frcdcgundis
991 4007 1171 4078 itaque
1223 4007 1387 4062 filiam
1443 4023 1596 4064 suam
1651 4007 1867 4063 nomine

297 4100 576 4173 Rihgunde
626 4100 754 4174 [AI.,
808 4100 1154 4168 Riceundem,
1184 4111 1232 4155 et
1280 4099 1695 4174 Ricohundem],
1744 4118 1864 4158 cum

295 4191 502 4261 magnis
541 4192 733 4261 opibus
760 4198 815 4246 et
843 4189 1065 4244 inﬁnitis
1090 4190 1378 4257 thesauris,
1415 4191 1468 4245 in
1501 4189 1776 4262 Hispaniis
1797 4193 1864 4247 ad

295 4279 674 4351 Leudegildum
719 4295 919 4350 regem,
966 4295 1187 4335 uxorem
1233 4280 1328 4336 ﬁlii
1377 4279 1461 4336 sui
1504 4297 1626 4337 cum
1672 4297 1865 4353 magna

295 4371 560 4445 legatione
586 4371 867 4428 Gottorum
889 4371 1105 4426 direxit.
1131 4371 1262 4426 Erat
1288 4379 1467 4428 autem
1499 4370 1866 4443 Fredegundis

297 4465 480 4536 regina
503 4465 748 4536 pulchra,
778 4472 833 4519 et
867 4463 1139 4533 ingeniosa
1183 4463 1362 4527 nimis,
1395 4471 1555 4534 atque
1597 4463 1858 4520 adultera.

1965 3268 2180 3323 lierunt.
2209 3267 2472 3334 Regnavit
2495 3267 2638 3320 enim
2665 3280 2835 3320 annos
2858 3265 2948 3318 25.

1963 3381 2092 3437 CAP.
2123 3379 2360 3434 XXXVI.
2383 3409 2452 3418 --
2477 3377 2576 3432 Ubi
2599 3375 2958 3447 Fredegupdis
2980 3375 3167 3430 bellum
3188 3391 3306 3431 cum
3331 3377 3548 3431 Austra-

2033 3453 2126 3506 siis
2162 3452 2333 3520 gessit,
2359 3465 2542 3519 eosque
2574 3446 2795 3502 devictos
2824 3446 3166 3517 Campaniam
3193 3447 3480 3502 succendit.

2036 3562 2400 3632 Fredegundis
2429 3568 2607 3615 autem
2649 3575 2769 3614 cum
2812 3559 3126 3615 Chlothario
3170 3575 3297 3630 rege
3320 3559 3543 3630 parvulo

1902 3710 1907 3716 ,
1968 3652 2076 3708 filio
2095 3667 2213 3716 suo,
2236 3660 2290 3706 et
2314 3649 2632 3715 Landerico,
2663 3664 2823 3719 quem
2855 3648 3116 3718 majorem
3145 3650 3334 3705 domus
3359 3651 3548 3722 palatii

1965 3743 2318 3800 constituerat
2347 3739 2480 3813 [Αι.,
2509 3739 2826 3812 elegerunt],
2861 3741 2915 3796 in
2943 3756 3108 3811 regno
3132 3741 3352 3796 resedit.
3382 3740 3550 3796 Fran-

1965 3834 2014 3890 ci
2041 3849 2254 3905 quoque
2297 3833 2614 3904 przedictum
2644 3831 3015 3890 Chlotharium
3045 3847 3228 3904 regem
3262 3833 3547 3904 parvulum

1965 3941 2127 3998 supra
2159 3941 2218 3982 se
2252 3926 2306 3980 in
2331 3941 2551 3997 regnum
2580 3933 2901 3980 statuerunt.
2930 3924 3168 3981 Audiens
3192 3934 3372 3982 autem
3398 3927 3546 3982 Chil-

1965 4021 2218 4077 debertus
2263 4033 2358 4074 rex
2402 4018 2805 4074 Austrasiorum
2861 4018 3004 4074 ﬁlius
3049 4018 3325 4090 Sigiberti,
3380 4035 3546 4093 nepos

1965 4111 2274 4183 Chilperici,
2318 4109 2581 4165 avunculo
2631 4125 2728 4166 suo
2772 4119 2986 4166 mortuo
3032 4110 3296 4166 maleﬁcia
3345 4112 3546 4169 Frede-

1965 4203 2156 4273 gundis
2183 4203 2397 4272 regime,
2442 4201 2651 4256 hostem
2693 4199 2926 4271 collegit.
2957 4199 3094 4254 Nam
3123 4200 3372 4256 defuncto
3400 4201 3546 4257 Gun-

1966 4299 2178 4344 tramno
2196 4287 2436 4359 patruele
2459 4303 2574 4352 suo,
2591 4303 2814 4360 regnum
2835 4287 3155 4358 Burgundize
3176 4289 3290 4358 ipse
3310 4293 3541 4361 accepit.

1965 4379 2131 4450 Igitur
2147 4377 2551 4450 Burgundiones
2569 4385 2623 4432 et
2638 4377 2921 4441 Austrasii,
2938 4385 2992 4432 et
3006 4379 3313 4448 superiores
3325 4380 3540 4446 Franci,

1967 4464 2122 4522 simul
2143 4473 2412 4520 commoto
2439 4464 2626 4534 grandi
2655 4465 2893 4520 exercitu
2922 4464 3077 4520 valde
3103 4479 3202 4535 per
3222 4466 3544 4537 Campaniae

295 4526 625 4610 La'nder-icus
663 4526 875 4626 quoque
921 4526 1038 4608 erat
1078 4561 1206 4608 tunc
1235 4553 1288 4608 in
1323 4526 1444 4608 aula
1467 4526 1626 4626 regis
1653 4554 1866 4623 Chilpe-
1892 4526 1945 4586 D
1965 4554 2212 4627 digressi,
2259 4568 2396 4624 pago
2441 4526 2762 4609 'Sessaunico
2815 4552 2945 4626 [Al.,
2999 4526 3372 4630 Suessionico].
3417 4573 3542 4614 eum

295 4643 414 4708 rici,
445 4644 528 4698 vir
551 4645 736 4700 efﬁcax
769 4653 930 4716 atque
956 4655 1226 4700 strenuus.
1267 4643 1436 4712 Quem
1466 4655 1757 4702 memorata
1783 4663 1867 4703 reo

296 4732 419 4800 gina
448 4733 702 4804 diligebat
741 4735 991 4802 multum,
1032 4737 1156 4807 quia
1186 4736 1395 4806 luxuria
1418 4738 1866 4795 commiscebatur

296 4839 418 4878 cum
465 4838 548 4878 ea.
591 4823 830 4891 Quadam
874 4827 963 4882 die
1008 4827 1274 4882 maturius
1311 4842 1487 4892 mane,
1521 4843 1641 4882 cum
1677 4844 1770 4882 rex
1798 4828 1866 4883 ad

296 4915 630 4970 venationem
661 4917 1016 4973 exercendam
1057 4917 1124 4974 de
1156 4917 1280 4972 villa
1326 4917 1537 4973 Calinsa
1577 4917 1863 4992 [Callense]

295 5005 349 5059 in
379 5001 652 5058 Parisiaco
692 5005 964 5076 dirigeret,
1004 5023 1127 5062 cum
1155 5007 1316 5063 nimis
1354 5008 1524 5077 ipsam
1563 5007 1869 5077 Fredegnn-

295 5095 417 5149 dem
448 5093 716 5164 diligeret,
745 5110 994 5150 reversus
1022 5096 1072 5149 in
1101 5111 1314 5151 camera
1339 5097 1520 5167 palatii
1555 5097 1621 5152 dc
1660 5098 1868 5152 stabulo

295 5186 554 5256 equitum,
587 5186 676 5239 illa
725 5197 883 5256 caput
926 5203 1082 5242 suum
1127 5189 1347 5243 abluens
1376 5205 1511 5259 aqua
1541 5190 1593 5244 in
1626 5187 1748 5259 .ipsa
1779 5207 1868 5245 ca-

296 5289 482 5341 mera;
519 5291 612 5331 rex
639 5293 766 5333 vero
796 5287 939 5333 retro
967 5279 1204 5344 veniens,
1249 5293 1367 5335 eam
1405 5283 1461 5336 in
1507 5283 1721 5337 natibus
1757 5282 1870 5338 suis

297 5366 360 5421 de
402 5367 540 5421 fuste
567 5368 848 5436 percussit.
894 5367 964 5422 At
1005 5367 1091 5423 illa
1121 5367 1360 5439 cogitans
1403 5369 1546 5439 quod
1571 5367 1866 5426 Landricus

296 5467 454 5524 esset,
482 5459 577 5514 ait.
605 5458 782 5526 Quare
809 5461 887 5516 sic
914 5458 1064 5525 facis,
1090 5460 1395 5517 Landrice?
1424 5461 1734 5532 Respiciens
1756 5477 1867 5517 sur-

297 5568 415 5609 sum
442 5551 570 5624 [AI.,
598 5552 764 5625 retro]
798 5553 932 5608 vidit
958 5553 1098 5624 quod
1125 5568 1216 5608 rex
1256 5563 1416 5617 esset,
1445 5560 1500 5606 et
1537 5553 1754 5621 expavit
1779 5567 1869 5606 ve—

299 5644 594 5700 hementer.
626 5645 741 5702 Rex
772 5661 899 5701 vero
943 5645 1102 5700 nimis
1144 5643 1312 5699 tristis
1339 5643 1576 5708 effectus,
1615 5643 1666 5697 in
1698 5643 1869 5713 ipsam

301 5739 634 5796 “arationem
667 5738 921 5808 perrexit.
961 5736 1326 5806 Fredcgundis
1357 5736 1535 5804 itaque
1565 5735 1776 5790 vocavit
1803 5735 1868 5790 ad

1966 4643 2314 4702 Gundobaldo
2333 4652 2388 4698 et
2414 4642 2716 4698 Wintrione
2736 4644 2981 4714 patriciis
3016 4646 3130 4701 suis
3156 4655 3433 4702 vastantes
3462 4649 3542 4702 in-

1966 4735 2298 4807 grediuntur.
2347 4732 2468 4788 Haec
2495 4732 2718 4788 audiens
2757 4732 3140 4806 Fredegundis,
3174 4751 3297 4791 cum
3333 4737 3542 4792 Lande-

1969 4826 2080 4880 rico
2107 4832 2163 4879 et
2200 4823 2422 4894 reliquis
2448 4822 2783 4878 Francorum
2810 4824 3035 4882 ducibus
3079 4826 3288 4881 hostem
3314 4842 3542 4898 congre-

1968 4924 2096 4988 gat;
2122 4924 2178 4971 et
2205 4916 2268 4970 ad
2290 4914 2616 4970 Brinnacum
2659 4914 2841 4969 villam
2868 4917 3112 4982 veniens,
3135 4917 3303 4971 multa
3323 4919 3460 4972 dona
3487 4928 3542 4973 et

1967 5021 2188 5061 munera
2213 5005 2436 5061 Francis
2460 5007 2697 5072 donavit,
2727 5021 2927 5076 eosque
2963 5008 3031 5062 ad
3053 5009 3393 5078 pugnandum
3414 5023 3542 5063 con-

1967 5105 2050 5151 tra
2073 5096 2316 5150 inimicos
2334 5110 2521 5150 eorum
2543 5097 2849 5150 cohortans.
2875 5095 3115 5168 Cumque
3134 5098 3375 5163 vidisset,
3397 5099 3542 5168 quod

1967 5186 2163 5243 nimius
2188 5198 2331 5242 esset
2355 5188 2625 5242 exercitus
2650 5185 3051 5242 Austrasiorum
3089 5188 3357 5258 conjuncti
3395 5189 3544 5261 [ποθι

1968 5277 2174 5352 dunati]
2203 5279 2383 5344 simul,
2423 5279 2704 5334 consilium
2732 5280 2880 5335 dedit
2917 5279 3144 5336 Francis
3184 5281 3274 5350 qui
3311 5296 3435 5336 cum
3476 5297 3539 5336 ea

1967 5379 2138 5434 erant,
2157 5371 2368 5425 dicens:
2394 5368 2470 5423 De
2490 5377 2646 5423 nocte
2671 5383 3059 5440 consurgamus
3085 5380 3274 5425 contra
3301 5385 3394 5425 eos
3413 5386 3539 5428 cum

1970 5459 2219 5524 lucernis,
2250 5469 2525 5531 portantes
2571 5461 2702 5515 socii
2751 5461 2840 5531 qui
2887 5476 2984 5516 nos
3024 5463 3336 5532 praecedunt
3361 5478 3545 5520 ramos

1971 5550 2224 5606 silvarum
2264 5549 2316 5603 in
2360 5549 2626 5616 manibus,
2669 5550 3038 5606 tintinnabulis
3083 5565 3243 5621 supra
3285 5551 3532 5622 equosli-

1972 5639 2131 5710 gatis,
2170 5645 2230 5692 ut
2273 5653 2371 5693 nos
2415 5653 2738 5709 cognoscere
2782 5639 3019 5710 ipsorum
3063 5641 3250 5709 vigiles
3289 5642 3540 5696 custodes

1974 5732 2206 5788 hostium
2234 5747 2336 5787 non
2359 5740 2574 5801 queant.
2603 5730 2946 5786 llluccscente
2967 5733 3118 5788 initio
3139 5734 3240 5788 dici
3268 5734 3534 5789 irruamus
