4020 6170
551 357 684 413 14ὕῦ

1781 349 2092 409 ANONYMI
2131 347 2401 406 SIECULI
2440 346 2568 404 VIII.
2621 371 2624 373 λ

3682 303 3828 401 Ηὲέ

538 487 703 544 super
727 485 839 536 eos,
882 478 938 528 et
983 469 1209 524 forsitan
1253 482 1350 523 eos
1385 467 1754 523 devincemus.
1801 463 2118 532 Plaeuitque
2145 467 2199 526 Α
2222 459 2478 529 dilapsus,
2526 472 2682 512 secus
2707 456 2925 510 fluvium
2961 454 3270 524 Sequanam
3319 453 3653 510 Miclitanum
3683 456 3828 528 [Al.,

541 566 644 621 hoc
670 561 974 617 consilium.
1006 561 1142 616 Cum
1167 568 1346 614 autem
1387 559 1762 612 denuntiatum
1796 556 1985 610 fuisset
2011 554 2122 624 pla-

535 664 728 725 citum,
761 673 867 730 qua
895 656 982 712 die
1010 655 1078 709 ad
1118 652 1469 724 praeliandum
1513 651 1566 705 in
1612 649 1732 704 loco
1781 653 2124 718 nuncupante

540 752 784 808 Truecite
829 749 883 804 in
922 760 1059 818 pago
1105 742 1448 798 Suessionico
1477 739 1735 814 [Truncia
1774 753 1913 809 pago
1955 736 2125 792 Saxo-

541 845 701 918 nego]
731 840 1024 898 convenire
1067 836 1345 892 deberent.
1396 833 1490 887 Illa
1539 831 1679 887 sicut
1725 828 2007 884 consilium
2033 827 2126 882 de-

541 939 714 1002 derat,
737 936 803 991 de
823 939 980 988 nocte
1003 943 1355 1000 consurgens,
1386 941 1511 981 cum
1538 938 1815 979 armorum
1839 931 2122 993 apparatu,

540 1044 666 1084 cum
694 1027 862 1083 ramis
896 1026 950 1079 in
980 1015 1250 1083 nianihus,
1272 1019 1358 1074 vel
1384 1017 1590 1087 reliqua
1613 1030 1734 1085 qua:
1773 1013 2022 1084 superius
2047 1011 2127 1067 di-

541 1121 738 1184 ximus,
792 1116 1032 1173 ascensis
1082 1112 1374 1184 equitibus,
1429 1107 1800 1166 Chlotbarium
1842 1103 2128 1176 parvulum

542 1227 724 1284 regem
770 1211 824 1266 in
871 1207 1095 1264 brachia
1145 1203 1413 1267 vehitans,
1453 1214 1624 1271 usque
1651 1197 1950 1268 Trucciago
1992 1194 2126 1268 [Αι.,

539 1303 868 1377 'l‘runciaco]
913 1309 1292 1374 pervenerunt.
1346 1296 1482 1353 Cum
1520 1303 1699 1350 autem
1741 1292 1993 1349 custodes
2033 1293 2131 1348 ho-

541 1404 704 1459 stium
742 1398 1146 1455 Austrasiorum
1174 1407 1354 1449 ramos
1374 1392 1651 1456 silvarum,
1674 1389 1827 1460 quasi
1857 1389 1910 1442 in
1936 1387 2130 1442 monti-

540 1493 661 1557 bus,
695 1493 751 1547 in
799 1489 1010 1561 agmine
1051 1485 1389 1542 Francorum
1433 1487 1742 1543 cernerent,
1787 1487 1842 1534 et
1877 1477 2131 1533 tinnitum

540 1580 1024 1640 tintinnabulorum
1043 1575 1294 1631 audirent
1307 1571 1578 1635 custodes,
1592 1568 1729 1623 dixit
1746 1568 1831 1622 vir
1850 1568 1916 1622 ad
1927 1567 2133 1622 socium

542 1690 740 1730 suum:
773 1670 961 1726 Nonne
1001 1670 1255 1723 hesterna
1301 1664 1388 1718 die
1427 1663 1482 1716 in
1521 1661 1612 1716 illo
1637 1669 1692 1716 et
1720 1660 1808 1716 illo
1836 1659 1956 1714 loco
1983 1673 2134 1714 cam-

2226 551 2539 615 Militonem,
2565 559 2612 603 et
2637 545 2989 619 Miclitonem]
3027 556 3267 600 castrum
3295 547 3594 616 ingressus,
3622 549 3835 606 exinde

2224 641 2465 696 Parisius
2488 640 2678 694 urbem
2723 639 3042 710 penetravit.
3090 638 3459 693 Theudericus
3489 654 3714 710 quoque
3739 655 3834 696 ro-

2225 732 2438 804 gionem
2484 730 2628 784 illam
2680 730 2967 784 devastans
3019 737 3183 799 atque
3236 727 3590 794 succendens,
3645 745 3835 802 usque

2226 820 2424 876 Sciona
2469 819 2763 893 [Isquinam
2791 818 2994 891 vicum]
3025 819 3145 874 vico
3177 835 3300 874 cum
3330 820 3498 874 multa
3529 822 3713 891 spolia
3746 838 3834 878 re-

2224 928 2416 968 versus
2457 921 2560 968 est.
2589 912 2935 968 Chlotharius
2979 921 3159 967 autem
3189 928 3219 966 a
3243 913 3482 968 Parisius
3510 930 3832 986 regresus,

2226 1017 2397 1072 usque
2447 1001 2718 1057 Arelauno
2747 1001 2880 1075 [Al.,
2910 1002 3196 1067 Erelauno,
3245 1013 3293 1057 et
3319 1002 3637 1076 Aureliano]
3693 1006 3834 1061 silva

2227 1094 2554 1166 properavit.

2227 1205 2357 1262 CAP.
2386 1205 2667 1260 XXXVIII.
2695 1235 2764 1246 -—-
2791 1204 2868 1259 De
2897 1204 3116 1259 consilio
3141 1208 3362 1275 pessimo
3384 1205 3770 1273 Brumhildis,
3791 1217 3838 1260 et

2438 1279 2562 1348 quia
2589 1275 2940 1329 Theudericus
2970 1275 3186 1344 fratrem
3211 1293 3362 1329 suum
3388 1279 3602 1330 occidit.

2299 1365 2643 1423 Brunchildis
2672 1381 2801 1421 vero
2827 1366 3024 1434 saepius
3051 1380 3152 1434 per
3184 1366 3440 1421 invidiam
3470 1366 3663 1436 pejora
3694 1384 3836 1423 con-

2231 1457 2350 1514 silia
2377 1457 2708 1512 Theuderieo
2745 1458 2858 1527 regi
2890 1457 3071 1526 nepoti
3106 1471 3205 1513 suo
3235 1459 3713 1524 subministrabat,
3747 1460 3837 1515 di-

2231 1565 2360 1605 cens
2389 1567 2402 1603 :
2441 1547 2550 1604 Cur
2576 1549 2802 1620 negligis
2829 1557 2882 1604 et
2916 1565 3023 1605 non
3053 1551 3284 1619 requiris
3311 1553 3624 1608 thesaurum
3653 1556 3840 1624 patris

2235 1641 2310 1696 tui
2345 1656 2409 1696 ac
2443 1655 2667 1710 regnum
2692 1637 2807 1710 ejus
2841 1639 2910 1696 de
2939 1656 3102 1696 manu
3132 1642 3529 1698 Theudoberti?
3550 1661 3685 1700 cum
3711 1662 3838 1702 cer-

543 1765 745 1835 pestria
791 1761 985 1817 erant?
1027 1758 1295 1828 quomodo
1340 1768 1483 1807 nunc
1527 1752 1690 1806 silvas
1725 1748 2138 1806 cernimus?Et

2244 1733 2440 1789 tissime
2467 1733 2608 1788 scias
2632 1747 2755 1788 eum
2785 1749 2893 1788 non
2923 1747 3042 1789 esse
3068 1733 3292 1790 fratrem
3320 1745 3489 1801 tuum,
3520 1739 3652 1807 quia
3684 1739 3842 1798 ﬁlim

543 1823 632 1908 ille
661 1850 894 1907 irridens
919 1823 1085 1904 dixit:
1126 1845 1286 1901 Certe
1314 1843 1612 1898 inebriatus
1636 1842 1803 1907 fuisti,
1844 1841 2002 1896 modo
2036 1841 2128 1895 de-
2157 1825 2204 1887 Β
2230 1823 2534 1878 memmi?“
2559 1831 2662 1888 θεῖν
2690 1824 3002 1879 “meum”?
3034 1825 3205 1894 Pal'l‘is
3244 1827 3340 1889 tui,
3370 1836 3422 1881 et
3467 1827 3523 1881 in
3549 1828 3842 1887 adulterio

544 1943 696 1998 liras.
746 1939 863 1994 Non
911 1937 1066 1993 audis
1108 1932 1461 1990 tintinnabula
1505 1946 1770 2002 equorum
1821 1938 2131 1985 nostrorum

537 2032 692 2102 juxta
719 2030 889 2101 ipsam
914 2027 1105 2083 silvam
1132 2023 1503 2095 pascentium?
1527 2020 1660 2076 Cum
1682 2021 1797 2075 haec
1824 2027 2129 2090 agerentur,

545 2132 602 2177 et
642 2135 838 2175 aurora
881 2118 986 2174 diei
1026 2117 1239 2172 initium
1268 2114 1442 2178 daret,
1472 2112 1749 2166 irruerunt
1783 2109 1977 2163 Franci
2006 2122 2132 2163 cum

545 2212 773 2282 strepitu
813 2210 1064 2264 tubarum
1107 2220 1270 2276 super
1294 2203 1606 2259 Austrasios
1641 2210 1698 2256 et
1722 2198 2134 2272 Burgundiones

544 2303 896 2366 dormientes,
920 2314 1044 2355 cum
1066 2293 1417 2367 Fredegunde
1454 2303 1510 2349 et
1545 2291 1858 2350 Chlothario
1883 2289 2132 2362 parvulo.

543 2391 1040 2458 lnterfeceruntque
1083 2386 1373 2442 maximam
1409 2391 1620 2455 partem
1645 2382 1712 2437 de
1755 2382 1911 2436 hoste
1938 2380 2052 2446 illo,
2081 2389 2138 2436 et

544 2480 957 2540 innumerabilis
998 2476 1284 2533 multitudo
1331 2475 1554 2531 maximi
1598 2474 1755 2529 valde
1791 2473 2066 2528 exercitus
2102 2488 2133 2526 a

545 2571 750 2640 majore
796 2584 966 2640 usque
1009 2568 1078 2623 ad
1120 2568 1386 2622 minorem
1416 2565 1489 2620 ibi
1536 2564 1750 2620 recidit.
1791 2563 2136 2620 Gundoaldus

544 2676 761 2732 quoque
802 2668 857 2715 et
887 2659 1083 2713 Witrio
1121 2655 1254 2729 ML,
1283 2654 1541 2727 Wintrio]
1588 2669 1688 2726 per
1734 2651 1916 2732 fugam
1945 2653 2137 2724 dilapsi

544 2754 636 2808 vix
655 2759 962 2808 evaserunt.
988 2748 1320 2804 Landericus
1341 2761 1470 2801 vero
1488 2746 1764 2802 insecutus
1791 2725 2133 2809 Witrionem,

547 2846 635 2902 ille
662 2860 761 2916 per
798 2843 1057 2899 auxilium
1083 2840 1209 2909 equi
1235 2837 1558 2892 velocissimi
1597 2836 1788 2890 evasit.
1832 2835 2140 2905 Fredegun-

547 2936 632 2990 dis
658 2949 785 2989 vero
806 2946 930 2987 cum
959 2927 1165 2997 reliquo
1191 2925 1435 2980 exercitu
1465 2939 1636 2994 usque
1657 2923 1857 2977 Remos
1884 2922 2134 2988 accessit,

547 3022 897 3095 Campaniam
949 3016 1228 3075 succendit
1269 3023 1431 3084 atque
1479 3012 1736 3076 vastavit,
1788 3027 1914 3066 cum
1968 3011 2138 3066 multa

549 3115 732 3188 praeda
760 3120 816 3167 et
834 3109 1020 3182 spoliis
1043 3121 1264 3163 reversa
1289 3113 1374 3161 est
1393 3102 1698 3159 Suessionis
1717 3102 1990 3158 civitatem
2011 3116 2136 3157 cum

549 3205 792 3262 exercitu
820 3216 918 3257 suo

552 3312 682 3370 Car.
729 3307 1186 3368 XXXVII.——De
1232 3315 1396 3360 morte
1443 3303 1825 3376 Fredegundir,
1875 3312 1923 3358 et
1952 3301 2142 3358 bellum

880 3378 1225 3435 Theudoberti
1261 3386 1442 3431 contra
1477 3375 1821 3430 Chlotarium.

628 3477 706 3530 Eo
735 3486 975 3543 tempore
1000 3469 1374 3526 Childebertus
1413 3483 1508 3523 rex
1549 3468 1953 3522 Austrasiorum
1981 3466 2148 3522 habe-

559 3565 653 3620 bat
677 3564 814 3618 filios
833 3563 984 3625 duos,
1018 3559 1285 3615 seniorem
1307 3574 1375 3613 ex
1403 3559 1702 3614 concubina
1725 3558 1941 3612 nomine
1969 3557 2148 3613 Theu-

557 3658 863 3718 dobertum,
885 3652 1156 3721 juniorem
1196 3664 1325 3705 vero
1353 3665 1421 3704 ex
1452 3650 1636 3719 regina
1667 3650 1882 3704 nomine
1903 3649 2149 3704 Theude-

559 3747 756 3800 ricum.
790 3743 1078 3813 Ipsumque
1113 3754 1239 3794 cum
1277 3737 1396 3792 avia
1435 3753 1531 3792 sua
1559 3737 1904 3792 Brunichilde
1932 3738 1987 3791 in
2014 3736 2151 3791 Bur-

558 3834 814 3905 gundiam
841 3832 895 3885 in
941 3845 1107 3901 regno
1155 3828 1477 3884 Guntramni
1530 3828 1676 3898 regis
1721 3827 1898 3899 magni
1928 3827 2145 3883 direxit.

556 3925 636 3978 Eo
681 3932 923 3992 tempore
965 3926 1210 3973 mortuus
1256 3927 1340 3972 est
1387 3917 1761 3972 Childebertus
1809 3933 1906 3971 rex
1944 3916 2146 3998 junior,

557 4011 909 4085 regnavitque
936 4024 1106 4063 annos
1128 4008 1217 4062 20.
1249 4007 1657 4062 Theudebertus
1677 4009 1818 4064 filius
1842 4007 1959 4077 ejus
1988 4011 2040 4065 in
2063 4027 2149 4067 re-

558 4120 665 4179 gno
687 4103 859 4174 patris
887 4101 969 4157 sui
997 4101 1052 4155 in
1093 4099 1311 4154 Austria
1341 4097 1472 4171 [Al.,
1500 4097 1722 4171 Auster]
1767 4109 2004 4157 statutus
2039 4112 2143 4170 est,

559 4195 931 4254 Theudericus
969 4206 1100 4248 vero
1139 4191 1193 4245 in
1233 4189 1560 4261 Burgundia.
1595 4190 1673 4244 Eo
1701 4192 1866 4245 etiam
1907 4199 2146 4263 tempore

560 4296 778 4345 mortua
802 4293 886 4340 est
924 4282 1294 4353 Fredegundis
1334 4281 1520 4353 regina
1563 4295 1726 4336 senex
1767 4290 1824 4336 et
1845 4281 2003 4352 plena
2032 4283 2146 4341 die-

561 4394 701 4443 rum,
724 4386 781 4434 et
798 4375 1040 4430 Parisius
1068 4374 1123 4428 in
1147 4371 1371 4429 basilica
1395 4372 1575 4426 sancti
1595 4372 1860 4427 Vincentii
1889 4376 2144 4446 martyris

559 4478 645 4526 est
684 4467 912 4539 sepulta.
947 4463 1312 4519 Theudericus
1358 4477 1486 4516 vero
1534 4477 1630 4516 rex
1675 4461 1995 4534 Burgundia:
2022 4473 2144 4518 erat

2232 1914 2334 1970 fuit
2369 1922 2547 1970 natus.
2582 1914 2716 1970 Cum
2763 1917 2880 1971 haec
2914 1917 3152 1973 audisset
3176 1917 3569 1985 Theudericus,
3609 1924 3841 1979 acerbis

2232 2008 2476 2063 moribus
2510 2015 2570 2061 ut
2618 2015 2756 2074 erat,
2806 2009 3108 2063 exercitum
3157 2008 3447 2078 plurimum
3487 2022 3839 2068 commotum

2233 2106 2420 2153 contra
2446 2097 2886 2152 Theudobertum
2913 2114 3230 2168 germanum
3254 2115 3409 2154 suum
3431 2100 3661 2166 direxit,
3689 2113 3749 2156 et
3769 2105 3836 2156 at“

2234 2187 2552 2243 Tnlbiacum
2573 2196 2812 2243 castrum
2833 2188 2903 2243 ad
2921 2187 3119 2244 bellum
3142 2200 3527 2244 convenerunt.
3555 2191 3673 2246 Illis
3694 2193 3836 2251 inter

2233 2293 2293 2334 se
2338 2277 2495 2332 valde
2530 2276 2963 2348 confligentibus,
3012 2277 3419 2334 Theudebertus
3465 2280 3660 2335 lxesum
3711 2297 3833 2336 eer-

2235 2385 2370 2425 nens
2403 2369 2698 2425 exercitum
2741 2383 2930 2434 suum,
2962 2369 3016 2424 in
3049 2367 3230 2440 fugam
3264 2369 3550 2435 dilabitur,
3584 2382 3642 2427 et
3671 2373 3832 2428 Colo-

2235 2462 2382 2516 niam
2428 2461 2704 2517 civitatem
2755 2461 3032 2532 ingressus
3077 2470 3180 2516 est.
3231 2462 3604 2519 Theudericus
3645 2478 3833 2522 autem

2237 2561 2436 2607 terram
2491 2551 2872 2608 Ribuarinsem
2914 2551 3056 2625 [Al.,
3100 2553 3501 2626 Riharieusem]
3549 2561 3837 2613 succendit

2237 2654 2402 2714 atque
2434 2645 2686 2699 vastavit.
2720 2643 2954 2714 Populus
2981 2645 3160 2715 itaque
3184 2646 3421 2717 regionis
3449 2647 3599 2703 illius
3621 2650 3748 2718 ejus
3781 2667 3844 2707 ss

2239 2735 2532 2791 ditionihus
2556 2734 2809 2799 subdunt,
2852 2735 3132 2791 dicentes:
3175 2735 3345 2793 Parce
3371 2740 3549 2805 nobis,
3591 2742 3842 2812 piissime

2240 2841 2359 2882 rex.
2388 2825 2507 2881 Jam
2537 2828 2682 2882 enim
2721 2828 2917 2883 subditi
2945 2844 3130 2884 sumus
3161 2831 3255 2885 tibi
3285 2849 3298 2884 :
3341 2833 3448 2888 noli
3477 2849 3583 2890 nos
3605 2838 3842 2906 amplius

2238 2918 2564 2989 opprimere.
2615 2919 2683 2973 Et
2724 2917 2814 2973 ille
2849 2919 2926 2973 ait
2967 2937 2979 2972 :
3021 2919 3130 2973 Ant
3165 2921 3416 2977 adducite
3459 2924 3601 2980 mihi
3651 2928 3840 2982 vivum

2240 3009 2698 3074 Theudobertum,
2724 3018 2817 3064 aut
2840 3018 2996 3080 caput
3027 3009 3143 3079 ejus
3177 3022 3470 3082 amputate,
3496 3024 3553 3070 et
3582 3018 3725 3072 mihi
3753 3022 3846 3073 de-

2240 3098 2405 3166 ferte,
2445 3099 2491 3154 si
2537 3099 2698 3155 vultis
2749 3108 2809 3154 ut
2849 3101 3001 3155 vobis
3047 3116 3271 3170 parcere
3316 3105 3562 3159 debeam.
3598 3106 3688 3162 Illi
3729 3109 3845 3164 hare

2164 3171 2216 3236 ο
2245 3191 2544 3257 audientes,
2579 3190 2633 3245 in
2676 3190 2791 3259 ipsa
2832 3191 3052 3246 civitate
3093 3192 3322 3262 ingressi
3369 3194 3418 3248 ei
3462 3194 3572 3250 alia
3603 3213 3713 3267 pro
3741 3201 3844 3254 alia

2249 3282 2572 3337 mentientes
2591 3280 2842 3335 dixerunt
2866 3298 2879 3334 :
2909 3281 3001 3336 Sic
3023 3283 3243 3337 mandat
3267 3282 3433 3338 frater
3458 3293 3587 3341 tuus
3611 3301 3626 3340 :
3653 3286 3845 3343 Reddo

2248 3375 2562 3429 thesaurum
2608 3373 2777 3443 patris
2825 3375 2918 3439 tui,
2963 3391 3122 3445 quem
3168 3379 3310 3447 apud
3352 3387 3404 3434 te
3451 3382 3661 3437 retines
3707 3402 3722 3437 :
3758 3385 3845 3442 ille

2244 3473 2368 3535 post
2391 3465 2507 3521 haac
2529 3473 2830 3520 revertetur
2853 3481 2974 3522 cum
3014 3469 3259 3523 exercitu
3301 3485 3419 3526 suo.
3448 3471 3706 3546 Cumque
3729 3477 3842 3532 hac

2245 3554 2298 3610 ei
2329 3555 2650 3609 mentientes
2678 3555 2940 3622 dicerent,
2969 3556 3058 3612 ille
3083 3572 3204 3612 cum
3247 3559 3328 3614 eis
3353 3561 3406 3614 in
3426 3561 3699 3629 palatium
3728 3568 3840 3622 the—

2248 3644 2395 3700 sauri
2419 3645 2501 3698 sui
2525 3645 2798 3716 ingressus
2819 3653 2921 3700 est.
2951 3645 3194 3718 Cumque
3218 3649 3272 3703 in
3302 3665 3427 3706 arca
3451 3652 3842 3713 thesaurorum

2248 3744 2568 3792 ornamenta
2596 3737 2914 3806 requireret,
2947 3754 3086 3795 unus
3111 3755 3174 3795 ex
3204 3743 3283 3798 eis
3304 3745 3582 3802 abstracto
3605 3749 3792 3820 gladio
3813 3769 3845 3808 a

2250 3836 2397 3885 retro
2432 3843 2556 3884 eum
2580 3830 2634 3884 in
2661 3830 2926 3885 cervicem
2948 3833 3234 3900 percussit,
3262 3843 3316 3889 et
3345 3841 3651 3906 amputavit
3683 3855 3849 3912 caput

2250 3920 2386 3992 ejus.
2417 3921 2870 3992 Sustuleruntque
2896 3939 3018 3979 eum
3049 3938 3148 3992 per
3180 3941 3391 3981 murum
3419 3929 3667 3987 civitatis
3690 3933 3849 3988 Colo-

2248 4012 2371 4067 uiae.
2404 4011 2772 4070 Theudericus
2796 4029 2926 4070 vero
2968 4015 3085 4070 hazc
3120 4015 3322 4082 videns,
3358 4018 3531 4087 ipsam
3562 4023 3848 4079 civitatem

2247 4105 2671 4174 apprehendens,
2719 4105 3003 4161 thesauros
3044 4122 3267 4177 magnos
3311 4111 3543 4178 accepit.
3595 4111 3852 4184 Cumque

2246 4205 2582 4251 sacramenta
2612 4197 2679 4251 ab
2715 4195 2847 4266 ipsis
2884 4196 3213 4253 Francorum
3242 4199 3566 4257 sublimibus
3595 4209 3850 4276 accepis-

2245 4294 2328 4341 set
2352 4286 2406 4340 in
2440 4285 2660 4340 basilica
2705 4287 2878 4341 sancti
2914 4285 3175 4344 Cerconis
3205 4291 3479 4359 martyris,
3523 4293 3715 4348 visum
3751 4296 3853 4350 fuit

2243 4375 2292 4430 ei
2316 4375 2458 4444 quod
2483 4389 2773 4444 percussus
2794 4375 2984 4432 fuisset
3005 4377 3057 4430 in
3086 4378 3254 4433 latere
3279 4379 3480 4434 dolose.
3509 4380 3583 4434 At
3609 4383 3708 4439 ille
3733 4387 3851 4440 ait:

2251 4463 2544 4521 Observate
2571 4467 2730 4531 ostia,
2761 4467 2944 4522 nescio
2989 4468 3111 4537 quis
3153 4469 3221 4524 de
3263 4469 3382 4524 istis
3422 4470 3733 4539 perjuratis
3765 4476 3856 4534 Ri-

561 4560 786 4632 pulcher
823 4566 880 4614 et
923 4565 1176 4612 strenuus
1219 4563 1378 4625 atque
1407 4554 1630 4610 callidus
1672 4555 1851 4609 nimis.
1901 4556 2003 4622 Qui
2049 4571 2149 4626 per
2173 4519 2226 4581 θ
2248 4555 2451 4611 boariis
2469 4570 2552 4610 me
2574 4557 2858 4625 percussit.
2881 4519 3123 4627 Cunique
3142 4519 3492 4616 revolvissernt
3513 4519 3854 4621 vestimenta

561 4649 846 4706 conSilium
883 4647 1016 4701 avia:
1052 4661 1162 4700 sua:
1189 4644 1496 4698 Brunhildae
1521 4646 1731 4700 hostem
1759 4647 2051 4701 maximum
2078 4662 2146 4701 ex

561 4742 872 4814 Burgundia
899 4753 1251 4810 congregans,
1296 4745 1484 4791 contra
1523 4736 1893 4792 Chlotharium
1931 4747 2148 4808 palme-

563 4835 671 4891 lem
693 4849 849 4889 suum
872 4832 1086 4888 direxit.
1110 4827 1454 4885 Chlotharius
1472 4827 1588 4881 haec
1613 4827 1854 4892 audiens,
1877 4838 2148 4883 commoto

562 4933 899 4988 Francorum
927 4927 1188 4990 exercitu,
1232 4931 1421 4980 contra
1464 4937 1588 4977 eum
1615 4921 1841 4978 festinus
1884 4922 2142 4992 perrexit.

563 5021 1062 5088 Convenieutesque
1090 5014 1248 5071 simul
1295 5029 1419 5069 cum
1465 5013 1708 5068 hostibus
1734 5013 1787 5066 in
1817 5027 1954 5083 pago
1980 5003 2148 5068 Seno-

564 5113 690 5171 nico
731 5124 894 5180 super
939 5105 1157 5161 fluvium
1199 5104 1453 5158 Aroanna
1498 5102 1875 5167 constiterunt,
1906 5102 2150 5172 belloque

569 5203 799 5258 invicem
825 5197 1133 5260 commisso,
1165 5201 1314 5248 tanta
1342 5193 1514 5247 caedes
1541 5191 1648 5246 illic
1692 5191 1793 5245 fuit
1819 5191 1886 5245 de
1923 5200 2150 5262 utroque

570 5289 786 5362 populo,
823 5293 883 5341 ut
911 5286 1025 5356 ipse
1060 5282 1243 5337 alveus
1287 5281 1352 5336 de
1379 5280 1653 5334 hominum
1683 5279 2036 5334 cadaveribus
2067 5295 2152 5335 re-

571 5379 765 5451 pletus,
796 5390 934 5446 aqua
983 5374 1098 5444 ipsa
1126 5371 1339 5442 penitus
1382 5383 1604 5424 currere
1644 5384 1748 5422 non
1785 5367 1992 5423 valeret
2018 5367 2149 5442 [Al.,

571 5481 790 5522 cursum
821 5477 971 5533 aqua:
1013 5461 1224 5515 solitum
1264 5456 1546 5529 mutaret],
1595 5465 1741 5511 tanto
1788 5471 1982 5514 cruore
2009 5457 2150 5513 fuso.

572 5553 651 5609 lbi
669 5553 811 5607 enim
838 5552 890 5604 in
913 5551 1029 5619 ipso
1056 5549 1351 5605 certamine
1377 5549 1525 5603 visus
1553 5547 1654 5602 fuit
1679 5547 1900 5618 angelus
1942 5548 2151 5603 Domini

576 5642 857 5710 evagiuato
899 5639 1072 5707 gladio
1113 5653 1275 5707 super
1315 5639 1566 5708 populum
1610 5639 1776 5693 illum.
1807 5638 2153 5699 Chlotharius

577 5740 757 5782 autem
783 5741 871 5777 rex
893 5739 1120 5778 cernens
1146 5724 1328 5777 laesum
1356 5727 1650 5780 exercitum
1680 5743 1854 5791 suum,
1888 5729 1938 5782 in
1970 5729 2149 5801 fugam

2247 4646 2383 4716 eius,
2421 4662 2528 4702 non
2572 4647 2717 4702 aliud
2758 4648 3097 4716 invenerunt,
3142 4651 3245 4705 nisi
3295 4653 3504 4721 signum
3546 4659 3855 4724 paruulum

2247 4752 2594 4808 purpureum.
2623 4738 2751 4792 Inde
2773 4739 2915 4794 enim
2938 4755 3061 4794 cum
3088 4741 3253 4796 multa
3275 4743 3442 4812 spolia
3465 4744 3855 4804 Theudericus

2248 4843 2345 4882 rex
2374 4843 2642 4893 reversus,
2675 4843 2798 4882 cum
2827 4829 2935 4883 filia
2962 4829 3326 4887 Theudoberti
3348 4835 3491 4903 regis
3511 4833 3713 4893 fratris
3745 4841 3848 4901 sui,

2248 4918 2333 4974 vel
2361 4919 2568 4976 duobus
2599 4919 2724 4974 filiis
2745 4919 2860 4988 eius
2887 4923 3142 4991 parvulis.
3171 4938 3416 4979 reversus
3437 4935 3522 4980 est
3552 4928 3624 4983 ad
3650 4932 3854 4985 urbem

2251 5008 2563 5077 Meteusem,
2596 5010 2778 5080 ibique
2820 5010 3129 5069 Brunhildis
3169 5015 3350 5083 regina
3389 5017 3711 5073 advenerat.
3741 5022 3855 5090 Ap—

2249 5101 2653 5172 prehensosque
2680 5118 2878 5172 pueros
2907 5103 3047 5159 filios
3081 5104 3439 5160 Theudoberti
3471 5106 3779 5163 interfecit.

2253 5215 2381 5272 Car.
2411 5215 2653 5290 XXXIX.
2682 5247 2754 5290 ——_
2781 5217 2943 5290 Quod
2968 5217 3316 5290 Theudericus
3352 5231 3551 5290 neptem
3587 5240 3754 5277 sm
3781 5227 3860 5278 ad

2323 5286 2622 5368 gilnjuqiufn
2642 5287 2841 5368 sociare
2863 5287 3043 5368 noluit,
3072 5299 3120 5343 et
3149 5291 3275 5360 quia
3303 5286 3642 5346 Bruhdhildis
3666 5293 3860 5364 ipsum

2328 5353 2704 5409 Theudericum
2731 5357 2940 5410 occidit.

2323 5463 2690 5519 Theudericus
2718 5465 2899 5535 itaque
2921 5481 3016 5521 rex
3036 5467 3224 5525 videns
3252 5470 3417 5526 filiam
3448 5472 3858 5538 Theudoberti,

2253 5563 2466 5626 neptem
2495 5571 2668 5620 suam,
2695 5561 2837 5626 quod
2864 5568 3006 5614 esset
3024 5561 3269 5630 pulchra,
3299 5564 3468 5618 voluit
3495 5581 3618 5620 eam
3643 5567 3758 5622 sibi
3787 5570 3863 5621 ad

2253 5647 2556 5716 conjugium
2591 5649 2862 5714 copulare.
2911 5649 3008 5706 Cui
3047 5653 3124 5708 ait
3167 5652 3518 5710 Brunhildis:
3554 5658 3864 5724 Quomodo

2253 5740 2496 5808 accipere
2516 5741 2716 5809 poteris
2744 5741 2906 5797 filiam
2931 5742 3112 5799 fratris
3140 5747 3255 5801 tui?
3283 5747 3351 5802 At
3380 5748 3470 5804 ille
3495 5749 3570 5804 ait
3602 5769 3614 5803 :
3650 5749 3864 5807 Nonne
