4020 6170
335 297 469 352 M57

1490 297 1714 353 GESTA
1751 296 1993 353 REGUM
2030 295 2471 352 FRANCORUM.

3443 304 3460 357 Ι
3482 302 3574 362 ὶῖἰὸ

330 423 389 469 tu
413 414 592 469 dixisti
621 415 770 482 mihi,
801 413 944 485 quod
977 428 1083 468 non
1112 421 1256 468 esset
1281 411 1448 466 frater
1476 411 1663 466 meus?
1693 410 1801 465 Cur
1822 410 1898 464 in-
1925 411 1976 472 Α
2000 419 2277 465 succurrat
2298 410 2452 464 nobis
2477 419 2762 479 antequam
2793 421 3017 468 cunctus
3045 413 3314 470 exercitus
3337 429 3572 473 corruat.

329 506 531 569 duxisti
579 521 740 575 super
772 521 857 560 me
903 507 1004 560 hoc
1038 511 1316 574 peccatum
1338 543 1353 566 ,
1390 501 1624 565 inimica,
1668 501 1806 554 mala
1844 507 1899 555 et

329 609 422 649 mea
467 595 676 660 mortis,
708 603 766 650 ut
808 594 1028 648 fratrem
1070 608 1248 648 meum
1273 600 1327 646 et
1353 591 1902 661 parcntesinterime-

329 687 481 742 rem?
519 686 587 739 Et
626 686 904 757 evaginato
952 684 1128 756 gladio
1155 682 1298 755 [Αι.,
1329 682 1536 753 cultro]
1567 682 1734 736 voluit
1777 697 1897 737 eam

330 757 783 830 transverberare.
828 774 922 828 Illa
958 789 1088 828 vero
1127 788 1156 827 a
1195 772 1666 834 circumslantibus
1694 780 1898 842 erepta,

325 866 501 920 evasit
523 865 576 918 in
602 864 906 919 cubiculum
935 865 1126 920 domus
1148 864 1346 934 elapsa.
1381 864 1509 919 Post
1533 865 1647 918 haec
1668 863 1790 918 odio
1819 863 1900 917 ni-

329 957 439 1011 mio
473 955 674 1010 inlecta
698 954 832 1028 [Al.,
857 955 1136 1028 exterrita]
1167 956 1438 1026 potionem
1469 965 1782 1010 venenatam
1806 969 1902 1025 per

328 1064 520 1103 manus
541 1049 908 1104 ministrorum
933 1047 1228 1103 crudelium
1254 1048 1302 1102 ei
1330 1049 1642 1103 transmisit.
1669 1047 1769 1114 Qui
1792 1055 1902 1100 sla-

327 1138 426 1192 tim
455 1139 699 1194 nesciens
741 1138 884 1193 hunc
923 1137 1102 1193 dolum
1131 1154 1395 1193 venenum
1424 1137 1585 1201 bibit;
1619 1153 1682 1192 ac
1709 1137 1902 1192 deinde

325 1226 582 1282 deficiens
624 1227 868 1298 iniquum
908 1227 1044 1282 fudit
1067 1227 1438 1302 [Al.,elllavit]
1476 1229 1741 1298 spiritum.
1783 1229 1902 1283 Illo-

327 1331 434 1386 que
469 1326 682 1372 mortuo
707 1317 958 1387 parvulos
986 1316 1126 1372 ﬁlios
1152 1316 1266 1386 ejus
1295 1318 1551 1387 iniquiter
1588 1318 1699 1388 ipsa
1724 1318 1900 1373 Brun-

328 1407 489 1466 ltildis
512 1410 795 1480 jugulavit.
825 1409 1100 1467 Juniorem
1131 1425 1257 1468 vero
1284 1426 1507 1481 puerum
1529 1412 1582 1466 in
1611 1412 1746 1467 albis
1768 1411 1902 1467 eliso

323 1501 550 1555 cerebro
574 1501 639 1554 ad
671 1509 878 1571 petram
911 1499 1196 1554 interfecit.

324 1589 453 1662 Car.
487 1590 598 1662 XL.
623 1621 694 1662 -έ
719 1589 870 1656 Quod
900 1591 1159 1662 Austrasii
1187 1601 1234 1662 et
1265 1591 1446 1662 reliqui
1480 1590 1674 1662 Franci
1709 1590 1902 1662 Caled-

396 1661 632 1713 charium
679 1661 731 1712 in
777 1661 1131 1714 monarchiam
1178 1660 1377 1715 elevant
1426 1671 1474 1715 et
1526 1661 1900 1716 Bruncltildem

394 1739 560 1783 morte
583 1730 949 1783 condemnant.

394 1818 493 1874 His
526 1818 742 1888 regibus
787 1819 1032 1885 mortuis,
1078 1817 1506 1890 Burgundiones,
1533 1828 1588 1876 et
1615 1819 1900 1886 Austrasii,

325 1927 451 1970 cum
477 1911 698 1967 Francis
725 1927 856 1981 pace
901 1911 1062 1977 facta,
1106 1913 1442 1968 Chlotarium
1474 1928 1655 1984 regem
1684 1913 1735 1968 in
1775 1914 1903 1968 totis

325 2005 502 2059 tribus
547 2003 729 2074 regnis
767 2004 819 2056 in
863 2003 1212 2058 monarcham
1259 2019 1420 2074 super
1451 2019 1509 2058 se
1537 2003 1899 2060 stabilierunt.

326 2093 440 2148 Rex
469 2109 682 2164 quoque
706 2093 1013 2149 Chlotarius
1030 2102 1301 2150 commoto
1326 2095 1564 2150 exercitu
1588 2096 1642 2148 in
1663 2095 1903 2168 Burgun-

324 2186 468 2240 diam
496 2185 646 2239 abiit.
673 2183 1021 2239 Brunhildem
1054 2183 1239 2239 dolose
1277 2187 1430 2255 quasi
1461 2201 1581 2241 eam
1607 2188 1673 2241 ad
1711 2187 1901 2256 conju-

323 2278 468 2347 gium
495 2277 702 2332 sociare
727 2291 786 2332 se
812 2276 1054 2346 fingeret,
1085 2277 1206 2331 data
1234 2277 1338 2332 fide
1363 2279 1549 2333 venire
1576 2280 1644 2333 ad
1673 2293 1736 2334 se
1761 2279 1902 2336 fece-

323 2376 427 2422 rat.
475 2366 546 2421 At
593 2365 684 2420 illa
723 2367 946 2421 credens
984 2367 1055 2430 ei,
1083 2374 1272 2422 ornata
1303 2367 1449 2422 cultu
1487 2369 1654 2439 regali
1683 2369 1752 2424 ad
1776 2384 1900 2424 eum

323 2455 489 2511 venit.
522 2454 626 2522 Qui
665 2471 790 2511 cum
836 2470 954 2510 eam
991 2456 1231 2519 vidisset,
1271 2456 1387 2510 ait:
1415 2457 1634 2513 Inimica
1664 2457 1898 2524 Domini,

323 2561 422 2600 cur
456 2553 604 2599 tanta
633 2545 771 2599 mala
799 2554 1112 2614 perpetrare
1133 2547 1424 2611 invaluisti,
1450 2555 1510 2603 ut
1538 2557 1648 2603 tam
1682 2549 1903 2604 nobilis-

322 2637 516 2693 simam
543 2636 791 2691 sobolem,
806 2636 1038 2707 regalem
1063 2637 1370 2693 interimere
1397 2639 1450 2692 in
1484 2639 1765 2695 maleﬁciis
1796 2640 1902 2694 tuis

324 2743 430 2783 non
453 2725 774 2791 formidasti,
797 2734 1110 2794 tantumque
1129 2726 1280 2781 nefas
1300 2741 1459 2797 agere
1478 2743 1585 2782 non
1609 2728 1902 2784 dubitasti?

323 2817 476 2873 Tunc
500 2817 734 2872 adunato
762 2816 976 2886 agmine
1000 2816 1330 2873 Francorum
1359 2825 1414 2874 et
1440 2818 1896 2890 Burgundionum,

322 2909 532 2964 cunctis
560 2907 1008 2973 vociferantibus,
1038 2908 1408 2964 Brunibildam
1447 2917 1621 2966 morte
1655 2911 1900 2981 turpissi-

323 3016 411 3055 ma
439 3015 558 3054 esse
593 2999 914 3070 condignam
947 3017 961 3052 :
1000 3007 1127 3054 tunc
1165 2998 1389 3068 jubente
1424 2999 1738 3057 Chlothario
1775 3016 1900 3074 rege

322 3091 378 3145 in
409 3089 612 3145 camelo
642 3089 835 3155 levata,
865 3097 978 3144 toto
1006 3089 1248 3144 exercitu
1281 3090 1474 3160 girato,
1501 3091 1694 3147 deinde
1725 3107 1895 3162 equo-

321 3195 442 3235 rum
470 3180 851 3235 indomitorum
875 3179 1099 3248 pedibus
1127 3179 1310 3251 ligata,
1341 3181 1620 3252 dissipatis
1640 3182 1897 3238 membris

320 3272 473 3327 obiit.
519 3271 601 3326 Ad
625 3279 927 3326 extremum
969 3271 1275 3340 sepulcrum
1303 3271 1420 3342 ejus
1463 3273 1604 3345 ignis
1628 3273 1749 3338 fuit,
1774 3289 1897 3330 ossa

319 3361 492 3434 ipsius
516 3365 814 3419 combusta.
846 3364 962 3420 Rex
989 3379 1119 3422 vero
1151 3381 1285 3437 pace
1312 3381 1410 3436 per
1443 3368 1728 3423 circuitum
1755 3366 1897 3423 facta

322 3465 578 3509 reversus
603 3462 706 3510 εει.

317 3543 446 3602 CAP.
475 3547 608 3622 XLI.
634 3578 705 3589 --
733 3547 835 3622 Ubi
870 3547 1106 3603 Saxones
1137 3549 1388 3622 adversas
1413 3549 1760 3622 Dagobertum
1799 3569 1901 3622 pu-

387 3632 544 3686 gnam
571 3620 771 3686 ineunt,
794 3617 1078 3686 ducemque
1118 3634 1296 3670 eorum
1327 3617 1702 3674 Chlodeltarius
1730 3617 1895 3675 inier-

388 3685 530 3753 fecit,
551 3695 599 3738 et
620 3702 723 3738 non
747 3685 1031 3753 longiorem
1044 3685 1304 3740 hominem
1330 3704 1395 3742 ea:
1417 3688 1490 3743 eis
1511 3688 1716 3760 reliquit
1737 3707 1895 3760 quam

388 3763 542 3824 spata
567 3771 664 3808 sua
687 3763 821 3806 erat.

387 3864 520 3919 Erat
537 3879 602 3919 eo
617 3872 855 3934 tempore
869 3871 992 3934 post
1011 3865 1363 3922 Landericum
1385 3868 1734 3927 Gundoaldus
1759 3871 1893 3945 [Al.,

317 3953 659 4009 Godolandus
686 3965 731 4007 et
761 3952 1165 4027 Gundobaldus]
1197 3955 1408 4020 nobilis,
1440 3956 1609 4026 major
1630 3962 1819 4016 domus
1840 3961 1894 4016 in

317 4043 438 4097 aula
486 4043 648 4114 regis,
693 4043 777 4098 vir
821 4045 1068 4115 egregius
1114 4054 1275 4117 atque
1311 4048 1626 4106 industrius.
1661 4051 1896 4122 Eratque

318 4133 629 4190 Chlothario
659 4135 770 4203 regi
805 4143 933 4190 tunc
961 4135 1102 4190 filius
1126 4137 1340 4193 nomine
1379 4140 1730 4210 Dagobertus,
1762 4126 1896 4212 puer

1999 500 2102 567 Qui
2139 500 2377 554 cucurrit
2402 500 2677 565 velociter,
2710 511 2764 556 et
2787 501 3094 558 Ardennam
3127 505 3315 560 silvam
3348 508 3578 562 transitu

1999 587 2190 643 Rheno
2228 587 2390 644 ﬂuvio
2426 591 2746 659 penetravit.
2793 590 2905 646 Illic
2933 589 3276 648 Chlotbarius
3321 609 3416 648 rex
3451 611 3578 652 cum

1998 681 2240 735 exercitu
2285 680 2515 751 plurimo
2559 691 2897 751 pervenerat.
2948 683 3189 754 Cumque
3233 684 3322 740 ille
3358 688 3580 746 nuntius

1999 766 2228 824 festinus
2269 769 2560 836 adfuisset,
2611 771 2857 826 deferens
2903 774 3016 842 regi
3063 775 3127 828 de
3171 775 3386 831 absciso
3429 779 3580 834 crine

1999 861 2094 914 lilii
2133 862 2236 925 sui,
2271 861 2360 917 ille
2405 863 2570 917 nimio
2598 863 2780 918 dolore
2818 874 3138 930 commotus,
3183 883 3305 922 cum
3349 871 3578 939 strepitu

2001 952 2281 1006 turbarum
2327 951 2394 1007 de
2430 961 2588 1008 nocte
2639 969 2986 1024 consurgens,
3037 972 3159 1011 cum
3202 960 3440 1014 exercitu
3480 977 3580 1015 suo

2002 1043 2247 1097 Rhenum
2276 1044 2506 1107 transiit,
2539 1044 2592 1098 in
2621 1045 2878 1100 auxilium
2904 1046 2996 1102 filii
3029 1049 3112 1102 sui
3137 1047 3364 1105 festinus
3391 1068 3579 1121 perve-

1999 1133 2098 1188 nit.
2128 1132 2369 1203 Cumque
2401 1132 2559 1188 simul
2601 1135 2868 1203 conjuncti
2917 1137 2971 1191 in
3009 1154 3176 1193 unum
3224 1140 3379 1195 hilari
3417 1143 3581 1197 corde

2001 1223 2250 1278 manibus
2280 1223 2612 1293 plauderent,
2647 1240 2808 1296 super
2836 1228 3050 1284 Wisera
3096 1228 3316 1285 ﬂuvium
3357 1232 3580 1285 tenden-

2001 1318 2084 1366 tes
2113 1311 2343 1367 fixerunt
2371 1315 2621 1368 tentoria.
2651 1313 3006 1373 Bertboaldus
3036 1333 3164 1374 vero
3192 1319 3299 1374 dux
3341 1320 3581 1374 Saxono-

2001 1416 2121 1454 rum
2150 1417 2216 1457 ex
2243 1402 2346 1457 alia
2370 1411 2525 1472 parte
2551 1404 2680 1473 ripae
2717 1405 2876 1474 hujus
2905 1405 3139 1462 ﬂuminis
3167 1417 3334 1473 stans,
3361 1418 3582 1479 paratus

2002 1494 2070 1548 ad
2098 1494 2374 1563 placitum,
2404 1495 2486 1550 vel
2507 1495 2574 1550 ad
2599 1508 2831 1565 pugnam
2859 1501 3168 1568 procedere,
3193 1501 3417 1556 audiens
3438 1503 3582 1556 hunc

2002 1585 2287 1639 tumultum
2324 1585 2525 1655 populi,
2572 1587 2923 1660 interrogavit
2967 1590 3096 1659 quid
3143 1592 3247 1657 hoc
3282 1592 3460 1646 esset?
3486 1592 3578 1662 ‘Al

2003 1674 2077 1728 illi
2109 1677 2497 1745 responderunt
2525 1677 2764 1733 dicentes
2791 1697 2803 1732 :
2833 1680 3082 1736 dominus
3109 1681 3456 1737 Chlotharius
3487 1699 3578 1738 rex

1936 1787 1980 1848 Β
2005 1763 2171 1828 venit,
2200 1772 2253 1820 et
2277 1765 2346 1819 ob
2372 1767 2476 1820 hoc
2506 1765 2757 1821 lzetantur
2782 1768 2998 1824 Franci.
3026 1768 3128 1836 Qui
3158 1773 3431 1842 respondit
3459 1790 3580 1827 cum

2005 1872 2181 1927 ganno
2209 1856 2342 1930 [Αι.,
2368 1859 2864 1933 cachinnojdicens
2893 1877 2907 1915 :
2937 1861 3172 1919 Mentitis
3198 1880 3312 1927 vos,
3342 1866 3580 1922 deierare

2002 1950 2324 2018 formidatis,
2364 1969 2487 2008 cum
2534 1955 2904 2010 Chlotharium
2953 1957 3153 2012 habere
3197 1958 3377 2013 dicitis
3411 1977 3424 2013 :
3458 1976 3581 2015 cum

2003 2056 2102 2098 nos
2125 2057 2245 2097 eum
2272 2053 2540 2099 mortuum
2567 2060 2685 2101 esse
2715 2047 2957 2102 auditum
2985 2046 3193 2119 [auditu
3223 2051 3582 2123 compertum]

2003 2134 2317 2190 habeamus.
2353 2135 2469 2190 Rex
2497 2152 2709 2208 quoque
2744 2138 2856 2194 illic
2882 2147 3033 2195 stans
3067 2139 3233 2196 lorica
3281 2141 3500 2197 indutus
3530 2153 3578 2198 ct

2001 2223 2151 2294 galea
2178 2224 2232 2278 in
2256 2226 2451 2294 capite,
2476 2227 2654 2283 crines
2684 2242 2805 2283 cum
2833 2230 3032 2284 canitie
3057 2232 3296 2286 variatos
3321 2233 3580 2288 obvolvit.

2002 2311 2241 2383 Cumque
2267 2315 2621 2385 discopertus,
2645 2333 2676 2372 a
2697 2318 2845 2386 galea
2868 2321 3206 2389 apparuisset
3226 2331 3390 2392 caput
3415 2323 3580 2392 regis,

2001 2405 2248 2474 cognovit
2277 2397 2632 2463 Bertboaldus
2667 2423 2788 2463 esse
2817 2425 3016 2478 regem,
3046 2419 3101 2467 et
3131 2412 3207 2466 ait
3241 2430 3252 2466 :
3287 2412 3366 2466 Tu
3397 2429 3465 2468 ne
3495 2415 3583 2468 hic

2001 2510 2125 2552 eras
2154 2497 2260 2553 bile
2303 2497 2436 2570 [Αι.,
2465 2500 2614 2557 blare
2650 2499 2953 2569 iumentum
2989 2514 3037 2557 et
3062 2505 3182 2560 bale
3223 2503 3472 2579 iumenti]
3500 2506 3573 2575 ju.

2001 2587 2216 2642 mentis.
2249 2588 2363 2642 Rex
2393 2604 2520 2644 vero
2547 2590 2662 2646 base
2691 2593 2934 2658 audiens,
2965 2593 3121 2649 valde
3147 2595 3453 2665 indignatus
3480 2598 3584 2655 hoc

2000 2678 2264 2742 convicio,
2293 2677 2558 2736 Wiseram
2585 2680 2808 2736 fluvium
2833 2683 3109 2754 ingressus
3127 2699 3249 2738 cum
3275 2700 3414 2754 equo
3438 2686 3574 2742 velo-

1998 2767 2237 2832 cissimo,
2277 2770 2651 2835 transnatavit,
2681 2771 2826 2828 ferus
2850 2781 2909 2826 ut
2945 2781 3063 2826 erat
3093 2775 3276 2838 corde,
3303 2773 3571 2830 Bertboal-

1997 2855 2126 2910 dum
2146 2859 2583 2928 persequebatur.
2602 2859 3040 2931 Francorumque
3061 2863 3330 2919 exercitus
3349 2879 3580 2932 sequens

1999 2960 2204 3016 regem,
2236 2955 2485 3003 natantes
2511 2949 2601 3003 vix
2638 2947 2858 3005 ﬂuvium
2888 2966 3009 3006 cum
3038 2951 3340 3023 Dagoberto
3369 2955 3576 3009 transii-

1998 3038 2212 3093 ciebant
2235 3052 2333 3108 per
2356 3039 2591 3110 gurgites
2613 3039 2927 3096 immensos.
2957 3042 3070 3096 Rex
3093 3058 3304 3113 quoque
3325 3042 3583 3099 Chlotlta-

1923 3125 1972 3190 Ο
2001 3129 2114 3185 rius
2135 3138 2449 3200 persecutus
2465 3129 2872 3197 Bertboaldum,
2899 3133 3146 3187 certabat
3172 3133 3324 3189 valde
3344 3150 3466 3189 cum
3491 3149 3584 3190 eo.

1997 3224 2250 3296 Dixitque
2269 3225 2625 3281 Berthoaldus
2650 3240 2664 3279 :
2688 3225 2899 3281 Recede
2919 3241 2950 3280 a
2970 3241 3076 3291 me,
3097 3242 3194 3282 oro
3217 3226 3349 3299 [Al.,
3377 3243 3411 3283 o
3435 3225 3584 3299 rex],

1996 3335 2066 3375 ne
2091 3319 2232 3375 forte
2268 3318 2584 3374 interﬂciam
2612 3325 2684 3374 te.
2710 3317 2848 3385 Quia
2877 3317 2922 3372 si
2949 3319 3295 3389 przevalueris
3321 3321 3578 3377 adversus

1995 3425 2103 3475 me,
2134 3409 2213 3463 sic
2246 3423 2434 3463 omnes
2477 3407 2722 3465 homines
2767 3407 2967 3473 dicent,
3007 3410 3150 3478 quod
3180 3425 3394 3464 servum
3426 3417 3577 3466 tuum

1993 3496 2372 3552 Bertboaldum
2416 3496 2667 3566 gentilem
2713 3498 3006 3567 peremisti.
3043 3498 3100 3553 Si
3139 3507 3318 3555 autem
3350 3501 3576 3556 interfe-

1994 3603 2120 3644 cero
2142 3603 2245 3659 ego
2271 3597 2344 3654 te,
2371 3596 2501 3643 tunc
2528 3603 2713 3643 rumor
2739 3603 2964 3658 magnus
2989 3588 3042 3643 in
3086 3591 3294 3645 cunctis
3327 3593 3587 3662 gentibus

1993 3680 2256 3743 audietur,
2309 3679 2452 3749 quod
2492 3677 2818 3735 fortissimus
2861 3693 2954 3734 rex
2985 3679 3316 3734 Francorum
3356 3698 3386 3735 a
3420 3697 3582 3740 servo

1993 3773 2065 3828 sit
2104 3771 2434 3827 interfectus.
2476 3772 2591 3826 Rex
2617 3779 2796 3826 autem
2831 3786 3170 3842 nequaquam
3195 3774 3461 3841 acquievit
3495 3775 3575 3829 di-

1993 3864 2095 3920 ctis
2121 3862 2257 3932 ejus,
2289 3864 2384 3919 sed
2425 3864 2596 3933 magis
2624 3863 2984 3934 consurgebat
3021 3863 3233 3944 animus
3261 3863 3576 3930 illius,,con.-

1993 3966 2077 4012 tra
2105 3965 2160 4012 et
2189 3972 2350 4027 supra
2378 3973 2521 4012 eum.
2551 3957 2730 4027 Eques
2750 3957 2932 4026 itaque
2954 3955 3171 4026 quidam
3197 3957 3338 4025 regis
3363 3974 3393 4012 a
3418 3958 3580 4029 longe

1989 4058 2208 4106 secutus
2236 4065 2440 4120 regem,
2467 4049 2665 4105 clamat
2693 4067 2705 4103 :
2732 4048 3073 4113 Confortare,
3102 4048 3408 4105 confortare
3446 4067 3574 4106 con-

1992 4151 2077 4197 tra
2103 4141 2467 4197 adversarium
2494 4149 2663 4204 tuum,
2689 4141 2902 4196 domine
2930 4139 3002 4194 mi
3027 4154 3140 4194 rex.
3171 4138 3398 4210 Jamque
3420 4151 3575 4196 erant

318 4222 526 4288 ellicax,
555 4231 716 4294 atque
754 4233 1026 4290 strenuus,
1052 4227 1118 4281 ad
1143 4228 1326 4282 omnia
1373 4229 1540 4285 solers
1568 4240 1733 4301 atque
1769 4249 1892 4288 ver-
1992 4249 2184 4288 manus
2208 4233 2348 4303 regis
2371 4248 2560 4304 graves
2584 4233 2756 4287 valde.
2800 4233 2928 4286 Erat
2958 4231 3100 4287 enim
3125 4232 3402 4286 loricatus.
3431 4233 3572 4288 Con.-

319 4325 493 4370 sutus.
537 4314 706 4382 Quem
735 4330 830 4370 rex
860 4317 1104 4372 adultum
1129 4334 1234 4372 una
1263 4334 1386 4374 cum
1417 4321 1641 4392 Pippino
1670 4323 1806 4378 duce
1837 4325 1891 4379 in
1992 4336 2324 4392 surgensque
2373 4337 2467 4376 rex
2513 4337 2674 4390 super
2721 4336 2864 4383 eum,
2916 4319 3184 4375 mterfecit
3234 4320 3407 4389 ipsum
3444 4320 3572 4374 Ber-

317 4404 515 4461 Auster
560 4415 902 4475 regnaturum
951 4407 1168 4464 direxit.
1214 4408 1482 4466 Austrasii
1529 4427 1654 4468 vero
1700 4414 1890 4470 Franci
1921 4471 1960 4479 _
1993 4409 2286 4471 thoaldum,
2328 4409 2653 4479 sustulitque
2703 4416 2864 4476 caput
2915 4409 3030 4477 ejus
3071 4408 3125 4462 in
3167 4417 3344 4463 conto.
3377 4407 3571 4463 Rever-

317 4471 953 4567 superiores'congregati
978 4498 1033 4552 in
1058 4515 1244 4564 unum,
1274 4501 1632 4572 Dagobertum
1654 4520 1813 4574 super
1834 4521 1894 4561 se
1919 4471 1972 4532 υ
1993 4514 2192 4570 susque
2237 4501 2304 4555 ad
2359 4471 2616 4563 Francos,
2648 4471 2860 4568 illisque
2899 4471 3220 4567 lugentibus,
3259 4498 3577 4553 nesciebant-

320 4599 498 4651 regem
539 4594 804 4650 statuunt.
835 4586 894 4641 1n
926 4584 1030 4642 illis
1056 4603 1268 4658 quoque
1302 4591 1490 4647 diebus
1525 4593 1766 4649 Saxones
1802 4610 1890 4650 re-
1993 4589 2119 4659 quid
2148 4587 2259 4658 regi
2285 4587 2614 4658 contigisset.
2647 4587 2776 4641 Viso
2801 4602 2929 4657 ergo
2957 4602 3050 4649 eo,
3082 4587 3249 4657 gavisi
3293 4595 3416 4641 sunt
3439 4601 3570 4657 gau-

317 4673 578 4730 bellantes
632 4676 793 4730 nimis
848 4687 1254 4733 commoverunt
1309 4682 1608 4737 exercitum
1652 4685 1890 4753 gentium

1995 4676 2082 4731 dio
2109 4690 2320 4745 magno.
2352 4674 2465 4728 Rex
2491 4687 2620 4729 vero
2646 4680 2757 4729 tota
2787 4682 2928 4729 terra
2971 4672 3308 4728 Saxonorum
3337 4684 3569 4738 vastata,

318 4763 669 4833 plurimarum
696 4775 882 4819 contra
907 4766 1266 4836 Dagobertum
1285 4784 1487 4838 regem,
1530 4773 1609 4826 vel
1640 4771 1893 4828 Chlotha-

1995 4763 2184 4834 populo
2217 4764 2306 4818 illo
2334 4762 2636 4827 interfecto,
2663 4780 2771 4819 non
2797 4764 2870 4820 ibi
2895 4763 3154 4832 majorem
3181 4765 3451 4820 hominem
3479 4781 3567 4820 re-

319 4855 481 4911 rium.
517 4854 849 4923 Dagobertus
869 4872 996 4913 vero
1021 4859 1245 4914 collecto
1277 4861 1430 4916 hoste
1466 4863 1716 4932 plurimo,
1743 4863 1888 4920 Rhe-

1995 4855 2262 4923 liquerunt
2288 4854 2577 4920 viventem,
2619 4855 2723 4910 nisi
2767 4864 2820 4910 et
2865 4855 3072 4926 gladius
3101 4872 3230 4910 suus
3257 4856 3420 4927 (quod
3443 4874 3566 4928 spa~

317 4960 449 5004 num
480 4945 712 5008 transiit,
745 4954 931 5001 contra
963 4948 1204 5004 Saxones
1234 4951 1301 5005 ad
1343 4968 1576 5022 pugnam
1602 4955 1751 5009 exire
1785 4971 1891 5010 non
1988 4955 2100 5000 tam
2128 4944 2340 5014 "00301)
2363 4960 2458 5014 Per
2494 4945 2710 5014 longum
2738 4945 2971 4999 habebat
2992 4944 3121 5017 [Αίον
3161 4946 3262 4999 ηίδί
3288 4947 3379 5015 (ιιιὶ
3407 4949 3566 5016 gladii

319 5035 602 5094 dubitavit.
646 5035 862 5104 lllisque
904 5038 1076 5092 valide
1121 5043 1511 5110 pugnantibus,
1563 5043 1896 5114 Dagobertus
1989 5038 2071 5092 sui
2102 5046 2362 5092 staturam
2388 5051 2602 5105 aequare
2623 5033 2850 5106 posset].
2882 5033 2996 5090 Hoc
3017 5035 3229 5105 signum
3270 5036 3322 5090 in
3351 5038 3570 5107 regione

323 5143 482 5198 super
501 5127 645 5198 galea
667 5127 860 5197 capitis
881 5129 963 5182 sui
983 5143 1288 5197 percussus,
1313 5133 1521 5187 abscisa
1543 5133 1807 5202 particula
1829 5135 1894 5190 de
1990 5126 2079 5182 illa
2105 5127 2312 5184 statuit.
2354 5127 2728 5194 Reversusque
2751 5133 2834 5179 est
2863 5140 2956 5179 rex
2997 5125 3170 5181 victor
3198 5125 3250 5180 in
3281 5134 3422 5180 terra
3449 5143 3560 5182 sua.

320 5217 528 5287 capillis
547 5214 661 5284 ejus
693 5217 761 5270 ad
794 5225 1013 5283 terram,
1043 5227 1188 5273 retro
1210 5229 1361 5276 stans
1385 5223 1618 5292 armiger
1644 5221 1761 5290 ejus
1784 5223 1897 5277 col-

319 5307 435 5378 ligit
461 5323 599 5362 eam.
640 5306 710 5359 At
752 5307 844 5362 ille
869 5306 1000 5379 [Al.,
1040 5310 1249 5366 abscisa
1279 5322 1362 5368 est
1386 5313 1647 5382 particula
1674 5315 1893 5385 capillo-

319 5413 440 5454 rum
453 5397 588 5466 ejus.
610 5397 740 5463 Quae
765 5412 886 5452 cum
904 5399 971 5453 ad
990 5407 1186 5455 terram
1207 5402 1510 5468 decidisset,
1535 5403 1748 5473 collegit
1771 5419 1889 5462 eam

319 5490 552 5558 armiger
578 5487 713 5556 ejus.
753 5487 878 5560 Qui]
922 5488 1107 5546 laesum
1145 5507 1372 5549 cernens
1413 5494 1666 5564 pepulum
1712 5509 1887 5558 suum,

319 5581 455 5636 dixit
481 5580 546 5635 ad
569 5580 742 5648 ipsum
770 5594 995 5649 puerum
1034 5597 1187 5636 suum
1221 5597 1236 5635 :
1265 5583 1432 5654 Perge
1464 5585 1718 5640 velociter
1743 5583 1891 5638 festi-

323 5690 422 5730 uus
445 5688 568 5728 cum
595 5671 742 5728 crine
767 5671 962 5741 capitis
992 5672 1094 5729 mei
1121 5690 1262 5730 nunc
1288 5675 1354 5731 ad
1377 5684 1584 5746 patrem
1607 5689 1808 5744 meum,
1831 5683 1892 5730 ut

1991 5238 2119 5294 CAP.
2147 5238 2304 5293 XLII.
2331 5267 2401 5277 —
2423 5237 2500 5291 De
2538 5247 2702 5290 morte
2732 5235 3090 5358 fhl‘adcharii,
3126 5248 3174 5292 et
3214 5255 3428 5309 regnum
3461 5239 3568 5292 Da-

2665 5323 2730 5358 ao
2763 5323 2822 5358 er
2842 5322 2881 5358 ι.

2664 5322 2881 5376 govern.

2065 5398 2394 5453 Succedente
2419 5410 2547 5450 vero
2575 5404 2814 5466 tempore
2842 5405 3086 5453 mortuus
3118 5406 3202 5453 est
3225 5396 3567 5454 Chlotharius

1993 5505 2110 5553 rex,
2142 5503 2301 5543 senex
2332 5496 2386 5542 et
2407 5487 2594 5556 plenus
2631 5485 2839 5542 dierum
2870 5505 2883 5540 :
2912 5490 3257 5560 regnavitque
3282 5505 3452 5544 annos
3471 5489 3560 5545 44.

1994 5581 2342 5648 chnumque
2365 5576 2478 5646 ejus
2498 5577 2828 5648 Dagobertus
2855 5595 2947 5633 rex
2969 5580 3108 5636 filius
3134 5580 3251 5650 ejus
3278 5582 3330 5636 in
3355 5595 3566 5635 monar-

1993 5673 2114 5730 cbia
2145 5672 2200 5728 in
2239 5672 2366 5729 totis
2389 5671 2561 5728 tribus
2587 5671 2766 5745 regnis
2787 5672 3050 5744 sagaciter
3082 5674 3306 5745 accepit.
3334 5673 3568 5742 Fuitque.
