4046 6172
598 350 734 405 H59

1865 336 2176 391 ΑΝΟΝῩΜΙ
2212 333 2480 390 SECULI
2512 335 2637 390 Vill.

3659 340 3758 395 μεθ

595 463 712 532 ipse
754 456 1083 527 Dagobertns
1129 468 1223 507 rex
1254 451 1580 506 fortissimus
1625 452 1678 504 in
1708 448 1884 513 bellis,
1911 448 2177 502 enutritor
2206 451 2249 508 Α
2279 464 2449 503 annos
2475 448 2558 510 lﬁ,
2591 448 2785 504 Franci
2835 447 3202 506 Chlotharium
3231 442 3485 502 seniorem
3511 464 3692 520 puerum
3712 472 3758 512 ex

597 553 956 611 Francorum,
1003 545 1378 602 severissimus
1423 545 1475 598 in
1521 542 1775 612 judiciis,
1825 540 2175 597 ecclesiarum

597 642 838 713 largitor.
889 639 1005 709 ipse
1037 637 1180 691 enim
1230 635 1690 705 eleemosynarum
1735 633 1888 702 copia
1935 634 2000 687 de
2047 632 2177 688 ﬁsco

596 729 780 800 palatii
822 743 920 798 per
955 726 1212 780 ecclesias
1260 731 1567 778 sanctorum
1610 723 1819 791 primus
1855 721 2178 776 distribuere

597 835 818 876 censum
855 816 1037 886 jussit.
1075 815 1269 868 Pacem
1310 814 1365 868 in
1403 821 1598 868 cuncto
1638 828 1803 882 regno
1837 827 1936 866 suo
1966 811 2173 865 statuit.

597 911 656 964 ln
682 909 863 963 multis
891 906 1137 977 gentibus
1162 920 1346 958 rumor
1378 902 1495 972 ejus
1519 903 1819 973 personuit,
1851 902 2099 956 timorem
2125 911 2178 956 et

597 1007 800 1054 metum
840 997 892 1050 in
941 993 1208 1048 universis
1247 993 1426 1062 regnis
1474 1008 1573 1062 per
1609 992 1894 1047 circuitum
1929 990 2174 1044 incussit.

595 1087 714 1158 Ipse
741 1085 996 1158 paciﬁcus
1032 1085 1170 1138 sicut
1214 1081 1490 1148 Salomon,
1533 1085 1748 1153 quietus
1774 1097 1999 1154 regnum
2021 1081 2166 1137 obti-

595 1179 715 1234 nuit
744 1177 1097 1232 Francorum.
1137 1173 1286 1228 Tunc
1320 1183 1375 1228 et
1419 1173 1610 1227 beatus
1646 1171 1936 1226 Audoenus
1971 1170 2178 1240 episco-

595 1285 700 1340 pus
723 1277 946 1324 exortus
971 1265 1182 1323 enituit.
1209 1264 1288 1319 Eo
1335 1273 1572 1334 tempore
1593 1263 1846 1319 defuncto
1867 1262 2179 1319 Gundoaldo

594 1359 802 1430 majore
830 1359 1017 1414 domus
1051 1356 1269 1428 inclyto,
1309 1356 1646 1428 Dagobertus
1676 1371 1771 1410 rex
1814 1351 2177 1410 Erconaldum

598 1445 732 1520 [Al.,
762 1443 1183 1514 Archenaldum]
1215 1445 1390 1498 virum
1418 1444 1676 1500 illustrem
1703 1445 1757 1498 in
1789 1441 2046 1512 majorem
2086 1444 2179 1496 do-

596 1547 775 1594 matus
814 1537 1023 1592 statuit.
1064 1535 1369 1604 Habuitque
1414 1535 1702 1605 praedictus
1747 1549 1842 1589 rex
1881 1549 1947 1588 ex
1994 1533 2179 1606 regina

597 1643 696 1684 sua
720 1625 1007 1682 Nanthilde
1030 1625 1162 1698 ML,
1193 1623 1498 1695 Lanthilde]
1526 1625 1591 1680 de
1616 1639 1812 1696 genere
1842 1623 2182 1680 Saxonorum

596 1719 739 1774 ﬁlios
768 1718 924 1782 duos,
951 1715 1302 1786 Sigibertum,
1337 1722 1392 1768 et
1428 1712 1816 1770 Chlodoveum.
1851 1712 2178 1785 Sigibertum

2277 539 2448 593 tribus
2475 539 2577 594 sibi
2600 552 2782 607 regem
2811 545 3136 602 statuerunt,
3160 552 3284 593 cum
3311 538 3421 609 ipsa
3457 542 3614 611 regina
3637 557 3759 603 matre

2277 637 2644 698 regnaturum.

2276 743 2405 797 CAP.
2453 742 2623 816 XL}.
2662 773 2744 816 -_—_
2789 742 2890 816 U‘bi
2937 743 3200 797 Ebroinus
3245 744 3416 816 major
3464 745 3624 798 domus
3661 748 3762 816 eligi-

2347 822 2470 893 tur,
2517 811 3008 893 .Cltlodchorittsque
3058 829 3153 893 rea:
3213 811 3468 876 moritur,
3524 811 3763 888 regnumque

2348 880 2390 934 Τ
2392 882 2698 936 heudericus
2742 890 2790 936 et
2839 880 3162 936 Childericus
3207 894 3489 937 assumunt.

2345 992 2424 1048 Eo
2476 1002 2716 1063 tempore
2769 992 3024 1048 defuncto
3080 991 3417 1050 Erchonaldo
3461 993 3764 1065 [A!.,Ercbe-

2276 1082 2457 1156 noldo]
2490 1083 2689 1152 majore
2710 1083 2922 1148 domus,
2941 1083 3132 1140 Franci
3158 1086 3212 1140 in
3236 1087 3489 1142 incertum
3508 1087 3762 1155 vacillantes,

2277 1173 2542 1244 praeﬁnito
2586 1174 2814 1229 consilio
2857 1173 3098 1230 Ebruino
3131 1176 3295 1246 hujus
3325 1175 3532 1231 honoris
3553 1178 3765 1234 altitudine

2279 1264 2536 1333 majorem
2567 1266 2727 1320 domo
2765 1267 2818 1320 in
2853 1266 2973 1320 aula
3006 1267 3151 1336 regis
3181 1274 3439 1322 statuunt.
3461 1267 3512 1321 ln
3538 1269 3609 1322 his
3631 1270 3766 1324 diebus

2278 1355 2622 1411 Chlotharius
2651 1371 2744 1410 rex
2770 1369 2904 1425 puer
2935 1356 3086 1421 obiit,
3119 1357 3463 1428 regnavitque
3509 1359 3638 1413 annis
3669 1373 3766 1428 qua-

2279 1457 2420 1503 tuor.
2446 1447 2812 1503 Theudericus
2835 1457 3014 1504 autem
3038 1447 3211 1504 frater
3239 1447 3354 1517 ejus
3381 1465 3470 1504 rex
3497 1449 3691 1504 elevatus
3707 1459 3766 1504 est

2279 1539 2631 1595 Francorum.
2665 1538 3003 1596 Childericus
3040 1540 3228 1610 itaque
3269 1539 3406 1595 alius
3441 1538 3587 1594 frater
3615 1538 3701 1607 ejus
3728 1539 3766 1593 in

2280 1626 2497 1685 Austria
2531 1645 2638 1684 una
2685 1645 2809 1684 cum
2862 1628 3110 1685 Vulfaldo
3156 1629 3294 1684 duce
3320 1644 3526 1701 regnum
3563 1631 3766 1697 suscipere

2281 1721 2539 1792 perrexit.
2565 1721 2644 1776 Eo
2667 1729 2912 1792 tempore
2931 1720 3127 1775 Franci
3151 1723 3408 1776 adversus
3432 1719 3680 1775 Ebroinum
3709 1721 3765 1773 in-

598 1824 726 1865 vero
747 1806 1007 1876 majorem
1031 1804 1198 1859 ﬁlium
1225 1819 1380 1859 suum
1420 1803 1475 1858 in
1518 1803 1739 1871 Auster,
1769 1818 1875 1858 una
1903 1817 2028 1858 cum
2059 1802 2184 1872 Pip-

2163 1831 2184 1842 ·
2214 1795 2260 1855 Β
2289 1813 2456 1868 sidias
2483 1820 2814 1882 praeparant,
2859 1827 3022 1882 super
3061 1811 3451 1867 Theudericum
3486 1819 3761 1880 consurgunt,

594 1901 724 1972 pino
752 1900 908 1962 duce,
952 1895 1150 1952 direxit
1179 1895 1234 1950 in
1278 1910 1443 1966 regno
1474 1902 1738 1950 statutum
1773 1892 1906 1967 [Al.,
1932 1901 2185 1964 regnatu-

599 1989 764 2064 rum].
795 1987 1163 2045 Chlodoveum
1191 1987 1389 2058 quippe
1420 1986 1693 2058 juniorem
1723 2001 1905 2044 secum
1936 1985 2178 2041 retinuit.

595 2101 724 2159 CAP.
753 2100 934 2158 XLIII.
962 2129 1033 2142 -—
1068 2099 1146 2154 De
1189 2098 1682 2170 morte‘Dagoberti
1724 2107 1772 2152 et
1821 2096 2104 2169 Sigiberti,
2135 2105 2182 2150 et

1116 2186 1332 2241 regnum
1351 2167 1654 2224 Chlodorei.

665 2260 794 2316 Post
820 2261 938 2317 haec
967 2259 1130 2333 igitur
1149 2275 1246 2315 rex
1270 2259 1603 2331 Dagobertus
1634 2273 1665 2312 a
1687 2256 1836 2313 febre
1865 2253 2039 2311 valida
2063 2269 2183 2310 cor-

597 2362 800 2423 reptas,
833 2362 1100 2424 aegrotans
1127 2359 1374 2407 mortuus
1403 2359 1486 2406 est
1531 2351 1584 2405 in
1635 2348 1912 2420 Spinogilo
1953 2346 2080 2400 villa
2129 2346 2182 2399 in

599 2459 736 2515 pago
776 2443 1147 2500 Parisiacense
1198 2441 1344 2515 [Al.,
1373 2440 1650 2496 Parisiaco
1671 2439 1713 2512 ],.
1757 2447 1812 2495 et
1859 2439 1912 2493 in
1960 2435 2181 2492 basilica

598 2533 741 2588 beati
764 2533 1006 2604 Dionysii
1030 2532 1288 2604 martyris
1323 2531 1564 2602 sepultus
1603 2537 1703 2586 est.
1748 2529 2184 2597 Planxeruntque

601 2640 727 2681 eum
768 2623 964 2679 Franci
993 2623 1184 2680 diebus
1213 2624 1394 2678 multis
1431 2638 1445 2677 :
1485 2623 1837 2694 regnavitque
1882 2635 2053 2676 annos
2091 2617 2179 2674 54.

598 2714 962 2770 Chlodoveum
991 2713 1161 2768 lilium
1199 2713 1317 2782 ejus
1353 2713 1546 2768 Franci
1575 2727 1735 2781 super
1763 2727 1821 2766 se
1849 2726 2032 2782 regem
2069 2717 2181 2766 sta-

600 2811 779 2859 tuunt.
809 2803 1140 2874 Accepitque
1160 2818 1385 2859 uxorem
1408 2804 1474 2859 de
1501 2818 1697 2874 genere
1723 2801 2059 2858 Saxonorum
2083 2815 2152 2856 no
2167 2831 2182 2840 -

599 2896 746 2950 mine
779 2894 1112 2959 Bathildem,
1141 2892 1423 2964 pulchram
1467 2894 1643 2959 valde,
1673 2901 1728 2949 et
1770 2893 1919 2949 omni
1969 2893 2184 2964 ingenio

600 2993 902 3040 strenuam.
925 2983 1054 3039 Post
1081 2984 1196 3055 hinc
1220 2993 1401 3038 autem
1429 2981 1733 3054 Sigibertus
1755 2996 1848 3037 rex
1870 2983 2184 3039 Austrasio-

600 3092 720 3130 rum
744 3075 967 3148 Pippino
995 3073 1247 3131 defuncto
1273 3073 1639 3130 Grimoaldum
1663 3074 1831 3129 ﬁlium
1852 3073 1968 3145 ejus
1994 3074 2049 3129 in
2070 3089 2185 3129 ma-

598 3165 771 3238 jorem
799 3139 1049 3222 domatus
1085 3166 1291 3221 statuit.
1317 3163 1619 3221 Decedente
1643 3181 1772 3220 vero
1801 3139 2058 3236 tempore,
2084 3165 2180 3221 de-
2208 3139 2259 3204 θ

599 3256 789 3313 functo
849 3256 1119 3328 Sigiberto
1177 3271 1338 3327 rege,
1390 3255 1729 3311 Grimoaldus
1777 3254 1949 3325 major
1993 3256 2182 3311 domus

601 3346 772 3402 ﬁlium
801 3345 914 3416 ejus
940 3346 1222 3418 parvulum
1249 3345 1464 3401 nomine
1512 3345 1873 3417 Dagobertum
1925 3345 2179 3411 totondit,

601 3447 656 3492 et
679 3453 778 3508 per
804 3436 1062 3492 Didonem
1097 3436 1427 3492 Pictavensis
1451 3437 1597 3492 urbis
1624 3437 1933 3507 episcopum
1960 3436 2013 3490 in
2047 3435 2180 3492 Sco-

601 3528 677 3582 tia
697 3527 765 3582 ad
795 3528 1246 3598 peregrinandum
1286 3543 1407 3582 eum
1448 3528 1705 3600 dirigens,
1737 3526 1908 3580 ﬁlium
1943 3541 2102 3581 suum
2128 3525 2183 3580 in

603 3632 770 3689 regno
803 3619 1103 3674 constituit.
1148 3617 1340 3674 Franci
1377 3618 1558 3688 itaque
1591 3618 1844 3674 commoti
1891 3626 2051 3686 atque
2093 3633 2183 3673 ve-

600 3710 885 3766 hementer
911 3709 1194 3780 indignati,
1223 3707 1534 3764 Grimoallo
1564 3708 1787 3764 insidias
1837 3715 2179 3778 praeparant:

600 3813 833 3868 eumque
861 3799 1181 3864 eximentes,
1204 3797 1270 3852 ad
1297 3797 1765 3854 condemnandum
1792 3797 1902 3869 regi
1949 3797 2184 3852 Franco-

603 3903 723 3942 rum
745 3887 1048 3942 Chlodoveo
1067 3886 1314 3942 deferunt
1339 3886 1446 3960 [ΑΙ.
1459 3929 1473 3951 ,
1487 3903 1718 3957 eumque
1739 3886 2183 3957 comprehensum

603 3979 672 4033 ad
701 3977 1160 4032 condemnandum
1185 3979 1297 4048 regi
1324 3977 1648 4044 Chlodoveo,
1681 3989 1742 4033 ut
1766 3987 1884 4034 erat
1912 3987 2085 4034 morte
2105 3979 2183 4034 di-

603 4085 764 4142 gnus,
793 4068 1082 4124 destinant.
1119 4067 1254 4124 Item
1297 4070 1352 4123 in
1399 4070 1504 4125 alio
1547 4087 1565 4124 :
1603 4084 1832 4139 eumque
1863 4069 1928 4125 de
1957 4069 2185 4138 imperio

605 4159 934 4231 dejicieutes,
965 4176 1189 4233 regnum
1219 4160 1486 4217 Clodoveo
1523 4159 1817 4232 deferunt].
1851 4159 1918 4214 Et
1947 4157 2185 4216 Parisius

604 4253 825 4310 civitate
851 4253 905 4308 in
949 4267 1168 4309 carcere
1200 4253 1555 4325 mancipatus,
1577 4252 1910 4308 vinculorum
1943 4251 2182 4306 cruciatu

607 4340 955 4410 constrictus,
998 4352 1057 4398 ut
1103 4354 1223 4400 erat
1269 4353 1443 4400 morte
1488 4345 1698 4416 dignus,
1747 4351 1971 4413 propter
2009 4342 2184 4399 scelus

606 4436 750 4507 quod
776 4435 830 4490 in
858 4436 1133 4492 dominum
1160 4435 1420 4500 exercuit,
1452 4443 1626 4490 morte
1657 4435 1823 4490 vitam
1845 4433 2037 4489 ﬁnivit.

605 4545 734 4604 Car.
763 4545 944 4601 XLIV.
975 4576 1046 4588 —-
1072 4544 1453 4616 QuoLtempore
1478 4561 1691 4616 regnum
1708 4541 2040 4616 Francorum
2060 4560 2184 4616 con-

639 4617 785 4682 cidit,
812 4625 860 4671 et
889 4616 952 4669 de
980 4624 1144 4670 morte
1162 4613 1460 4681 Chlodovei,
1483 4613 1768 4686 et'regnum
1788 4613 2144 4670 Chlodcharii.

676 4729 756 4784 Eo
784 4735 1025 4797 tempore
1052 4725 1390 4782 Chlodoveus
1428 4726 1712 4782 brachium
1750 4724 1894 4780 beati
1940 4723 2182 4795 Dionysii

607 4819 863 4889 martyris
890 4817 1139 4881 abscidit,
1170 4817 1464 4887 instigante
1489 4817 1723 4873 diabolo.
1749 4816 1853 4871 Per
1880 4815 2022 4871 idem
2049 4823 2182 4869 tem-

607 4925 708 4979 pus
745 4908 981 4964 concidit
1017 4923 1239 4978 regnum
1274 4906 1606 4962 Francorum
1635 4906 1849 4962 casibus
1887 4903 2179 4974 pestiferis.

607 5001 732 5056 Fuit
759 5009 938 5055 autem
963 4999 1075 5070 ipse
1100 4999 1440 5055 Chlodoveus
1466 4998 1614 5053 omni
1639 4997 1907 5068 spurcitia:
1947 4997 2182 5063 deditus,

608 5090 930 5147 fornicarius
969 5098 1026 5144 et
1068 5089 1258 5144 illusor
1295 5088 1652 5155 feminarum,
1681 5088 1804 5159 gula
1832 5097 1888 5143 et
1925 5089 2184 5143 ebrietate

607 5192 910 5241 contentus.
936 5183 1012 5240 De
1040 5180 1201 5250 hujus
1227 5190 1402 5236 morte
1429 5189 1484 5236 et
1513 5179 1618 5235 ﬁne
1654 5179 1788 5236 nihil
1831 5180 2048 5250 dignum
2097 5179 2184 5232 hi-

609 5275 776 5329 storia
810 5273 1014 5330 recolit.
1049 5271 1198 5326 Multi
1229 5271 1371 5326 enim
1397 5270 1691 5341 scriptores
1712 5269 1827 5338 ejus
1862 5270 2020 5323 ﬁnem
2054 5285 2184 5325 cou-

610 5364 884 5427 damnant,
907 5363 1211 5419 nescientes
1229 5361 1389 5417 ﬁnem
1413 5361 1666 5431 nequitiae
1684 5358 1822 5428 ejus,
1841 5361 1892 5414 in
1922 5360 2185 5415 incertum

611 5453 679 5508 de
710 5467 776 5508 eo
799 5453 904 5508 alia
941 5467 1040 5524 pro
1064 5452 1186 5508 aliis
1210 5451 1497 5507 reddentes
1531 5459 1585 5506 et
1622 5450 1937 5506 referentes.
1964 5450 2095 5505 Nam
2119 5467 2186 5506 ex

608 5541 853 5600 Bathilde
877 5545 1062 5613 regina
1086 5543 1203 5612 ejus
1226 5543 1414 5598 habuit
1443 5551 1554 5599 tres
1592 5543 1751 5606 ﬁlios,
1787 5541 2183 5610 Chlotharium,

611 5632 974 5688 Cbildcricuni
1011 5643 1172 5702 atque
1206 5633 1620 5688 Theudericum.
1663 5632 1966 5688 Decedente
2008 5633 2186 5702 itaque

617 5725 671 5778 iu
712 5724 968 5776 extremis
1013 5722 1234 5790 prmi‘ato
1281 5737 1403 5790 rege
1451 5722 1772 5785 Chlodovco,
1805 5722 1894 5791 qui
1950 5723 2186 5794 regnavit

2209 4502 2262 4564 D

2283 1914 2515 1970 eumque
2538 1915 2568 1955 a
2595 1915 2761 1972 regno
2787 1899 3062 1969 dejiciunt.
3087 1898 3389 1969 Crinesque
3432 1899 3600 1969 capitis
3632 1899 3768 1952 ambo.

2283 2007 2404 2046 rum
2432 1991 2485 2045 vi
2521 1991 2920 2056 abstrahentes,
2945 1990 3260 2056 incendunt,
3285 1989 3558 2045 Ebroinum
3583 1988 3766 2050 tendunt,

2281 2099 2512 2153 eumque
2546 2084 2601 2139 in
2637 2071 3250 2138 Luxovio-monasterio
3286 2080 3340 2135 in
3370 2079 3639 2152 Burgundia
3673 2077 3765 2131 diri-

2281 2183 2433 2246 gunt.
2465 2173 2524 2228 In
2551 2172 2750 2228 Auster
2776 2187 2989 2241 quoque
3007 2179 3231 2242 propter
3250 2169 3580 2227 Childericum
3605 2165 3766 2236 legatio-

2281 2282 2404 2323 nem
2431 2266 2706 2322 mittentes
2727 2263 3158 2330 accommodant,
3187 2270 3244 2317 et
3267 2277 3371 2318 una
3393 2276 3504 2316 cum
3528 2255 3767 2315 Vuolloaltlo

2282 2366 2417 2420 duce
2444 2362 2664 2417 veniens
2689 2361 2742 2415 in
2770 2374 2938 2430 regno
2961 2359 3300 2414 Francorum
3329 2357 3546 2412 elevatus
3569 2361 3650 2407 est.
3673 2347 3765 2403 Nam

2282 2454 2395 2524 ipse
2415 2451 2747 2508 Childericus
2770 2449 2905 2504 levis
2928 2449 3091 2502 nimis
3111 2447 3294 2503 omnia
3321 2447 3517 2501 incaute
3531 2441 3765 2513 peragebat,

2281 2543 2452 2598 donec
2473 2543 2616 2597 inter
2641 2554 2737 2595 eos
2748 2539 2932 2594 odium
2944 2537 3243 2591 maximum
3266 2543 3320 2591 et
3337 2534 3612 2590 scandalum
3627 2528 3766 2592 crevit,

2282 2635 2525 2689 Francos
2550 2630 2705 2687 valde
2731 2630 3062 2702 opprimens.
3089 2628 3136 2682 E
3166 2628 3360 2697 quibus
3381 2641 3533 2681 unum
3549 2624 3764 2682 Francum.

2283 2723 2500 2778 nomine
2530 2721 2859 2778 Bodolenum
2887 2718 3020 2792 [Al.,
3050 2717 3334 2784 Bodileno,
3354 2728 3398 2773 et
3423 2710 3698 2784 Bodilonem]
3717 2709 3765 2764 ad

2283 2815 2521 2884 stipitem
2548 2823 2758 2870 tensum
2787 2811 2921 2867 caedi
2955 2811 3114 2867 valde
3149 2813 3266 2867 sine
3292 2812 3404 2882 lege
3433 2803 3766 2881 pnecepitdlae

2283 2906 2529 2962 videntes
2552 2904 2768 2969 Franci,
2793 2903 2845 2958 in
2877 2902 2959 2956 ira
2994 2918 3191 2973 magna
3245 2901 3500 2964 commoti,
3529 2897 3766 2968 lngoberws

2283 2996 2533 3052 videlicet
2575 3005 2632 3052 et
2674 2996 3048 3059 Amalbertus,
3093 3007 3156 3051 et
3207 2994 3393 3063 reliqui
3443 2989 3639 3058 majores
3677 2991 3766 3039 natu

2286 3088 2638 3154 Francorum,
2671 3087 2988 3142 seditionem
3033 3093 3231 3141 contra
3283 3085 3446 3154 ipsum
3487 3073 3765 3136 Childericun

2288 3177 2642 3240 concitantes,
2665 3175 2966 3232 Bodolenus
2991 3189 3157 3244 super
3181 3190 3306 3230 eum
3329 3187 3444 3228 cum
3473 3167 3654 3236 reliquis
3683 3176 3764 3216 sur-

2289 3269 2428 3324 rexit
2457 3267 2882 3334 insidiatoribus,
2909 3281 3091 3338 regem
3142 3264 3426 3330 interfecit,
3452 3277 3546 3317 una
3585 3271 3677 3313 cum
3707 3266 3764 3306 re-

2289 3359 2411 3430 gina
2434 3358 2550 3428 ejus
2571 3365 2879 3428 praegnante
2895 3398 2911 3422 ,
2935 3357 3080 3427 quod
3102 3357 3212 3412 dici
3241 3355 3388 3412 dolor
3410 3361 3502 3410 est.
3530 3343 3764 3406 \‘ulfoaltlut

2289 3463 2502 3518 quoque
2544 3463 2641 3518 per
2677 3447 2856 3518 fugam
2892 3447 2983 3502 vix
3029 3446 3232 3510 evasit,
3261 3446 3315 3499 in
3356 3443 3533 3498 Auster
3569 3445 3762 3493 reversus

2289 3539 2488 3595 Franci
2512 3547 2690 3594 autem
2719 3538 3040 3594 Leudcsium
3079 3536 3252 3592 ﬁlium
3275 3532 3552 3591 Erchinaldi
3582 3521 3761 3601 [ΑιηΔμ

2289 3627 2560 3703 chenoldi]
2585 3629 2819 3685 nobilem
2851 3629 2905 3683 in
2935 3629 3193 3698 Majorem
3220 3629 3402 3683 domus
3428 3621 3584 3696 palatii
3605 3617 3758 3683 eligunt-

2289 3723 2525 3792 Eratque
2559 3735 2622 3775 ex
2660 3721 2968 3790 Burgundia
2998 3720 3052 3774 in
3087 3721 3195 3776 hoc
3227 3718 3441 3775 consilio
3483 3716 3636 3768 beatus
3670 3705 3760 3792 ιω-

2289 3791 2541 3884 degarius
2562 3811 3062 3882 Augustodunensis
3092 3811 3389 3880 episcopus,
3411 3814 3461 3860 et
3483 3801 3670 3858 Gerinus
3690 3791 3761 3845 fn‘

2290 3911 2374 3957 ter
2404 3901 2538 3970 ejus,
2563 3900 2978 3956 consentientes.
3011 3901 3280 3956 Ehroinus
3307 3900 3478 3967 itaque
3499 3888 3677 3949 consilio
3697 3896 3760 3981 ac-

2289 4003 2466 4064 cepto,
2493 3992 2714 4062 capillos
2740 4007 2987 4047 crescere
3015 3992 3232 4057 sinens,
3255 3984 3561 4058 congregatis
3583 3981 3626 4034 in
3653 3987 3759 4069 sane

2288 4082 2420 4139 lium
2452 4083 2635 4146 sociis,
2657 4079 2926 4136 hostiliter
2949 4096 2979 4134 a
3004 4079 3247 4136 Luxovio
3267 4075 3493 4134 emnobio
3516 4071 3761 4146 egressum

2290 4171 2572 4228 Franciatn
2602 4169 2890 4225 revertitur
2940 4184 3063 4224 cum
3112 4181 3382 4224 armorum
3431 4166 3661 4234 apparatu.
3704 4143 3760 4201 Ad

2288 4262 2505 4317 beatum
2537 4259 2853 4314 Audoenum
2887 4258 3103 4325 direxit,
3136 4259 3262 4328 quid
3294 4257 3341 4312 ei
3385 4250 3624 4310 consilium
3653 4239 3760 4296 dmi

2290 4355 2738 4426 interrogaturus.
2767 4353 2953 4409 Atille
2985 4368 3085 4424 per
3131 4349 3475 4408 internuntios
3518 4344 3603 4398 hoc
3637 4331 3758 4428 εοιιξιιξ

2290 4422 2789 4518 scripto'dirigens,
2820 4445 2896 4499 ait
2924 4457 2939 4497 :
2971 4422 3047 4498 De
3082 4439 3417 4512 Fredcgunde
3444 4433 3527 4490 tibi
3553 4422 3760 4519 subvenit!

2285 4539 2340 4595 in
2376 4514 2712 4594 memoriam.
2743 4533 2812 4591 At
2844 4534 2948 4600 ille,
2978 4534 3285 4604 ingeniosus
3321 4539 3376 4586 ut
3401 4535 3523 4588 erat,
3547 4514 3756 4609 inuenerit.

2283 4639 2340 4686 et
2360 4631 2424 4686 de
2444 4635 2600 4684 nocte
2618 4640 2967 4694 consurgens,
2991 4631 3258 4681 commoto
3278 4617 3499 4677 exercitu
3519 4620 3654 4678 usque
3675 4598 3744 4655 “is

2285 4735 2406 4776 sera
2441 4718 2529 4792 [ad
2563 4716 2786 4790 lseram]
2817 4716 3038 4770 ﬂuvium
3069 4715 3319 4778 veniens,
3345 4700 3605 4792 interfectis
3632 4695 3758 4792 cnsili:

2285 4778 2535 4866 dibus‘ad
2561 4778 2800 4864 sanctam
2829 4807 3154 4862 Maxentiam
3204 4805 3410 4860 llissera
3459 4778 3757 4885 transiens.ibi

2284 4917 2420 4974 quos
2446 4902 2644 4971 reperit
2671 4901 2737 4956 de
2767 4901 3170 4957 insidiatoribus
3191 4899 3300 4955 suis
3317 4892 3512 4951 occidit.
3536 4879 3757 4974 Leudcsiné

2289 4971 2395 5047 una
2417 5008 2538 5048 cum
2561 4991 2892 5047 Theoderico
2918 5006 3041 5062 rege
3065 4999 3117 5046 et
3143 4989 3300 5046 sociis
3324 4971 3672 5062 quamplurlmis
3691 4973 3756 5062 pf!

2291 5084 2468 5155 fugam
2499 5084 2689 5140 evasit.
2721 5059 3002 5138 Ebroinus'
3027 5091 3202 5136 autem
3238 5094 3326 5134 eos
3363 5086 3513 5143 usque
3553 5065 3606 5120 ad
3642 5059 3753 5155 Bacis

2291 5152 2398 5249 [Αἱ.
2419 5217 2434 5242 ,
2464 5171 2702 5246 Stoacio]
2733 5173 2856 5228 villa
2905 5173 3177 5228 insecutus
3218 5178 3316 5233 est,
3345 5168 3508 5232 ibique
3546 5152 3751 5249 ιδθ⁵³ξ¹ξξ¹⁵

2291 5229 2496 5337 regales
2526 5229 2898 5335 adprehendit.
2927 5262 3126 5319 Deinde
3152 5270 3270 5332 post
3288 5229 3396 5313 haec
3417 5229 3748 5337 Crisciago

2289 5355 2611 5427 Crisiacum]
2641 5355 2882 5421 veniens,
2898 5370 3074 5424 regem
3096 5351 3308 5420 recepit.
3331 5341 3607 5403 Leudcsium
3623 5330 3747 5427 aut?)

2291 5449 2412 5504 data
2434 5446 2537 5502 ﬁde
2561 5420 2660 5502 sub
2685 5446 2809 5501 dolo
2837 5420 2904 5501 ad
2932 5420 2990 5505 se
3016 5446 3196 5500 venire
3217 5437 3486 5498 mandavit.
3517 5431 3614 5496 Quo

2288 5538 2612 5596 Leudcsium
2658 5537 2948 5602 interfecit,
2970 5544 3024 5593 et
3061 5537 3171 5606 ipse
3202 5531 3525 5604 principatum

2290 5632 2510 5702 recepit.
2540 5630 2903 5700 Sanctumque
2933 5601 3310 5698 Leudcgarium
3336 5621 3597 5691 episcopum

2290 5679 2509 5702 ηυντ--.
2543 5679 2902 5700 τηρ---ηπ
2933 5679 3217 5698 ---ηυηρ
3367 5679 3380 5691 ,
3498 5679 3510 5682 -

2290 5725 2365 5781 sis
2387 5723 2562 5795 pmnis
2586 5737 2780 5779 caesum
2803 5722 2978 5794 gladio
2998 5720 3156 5777 ferire
3175 5716 3339 5788 jussit.
3362 5707 3630 5766 Gairoenum
3647 5679 3726 5761 [Δί’
