4046 6172
336 324 361 381 1
377 324 468 381 461

1507 326 1730 384 GESTA
1768 324 2006 382 REGUM
2045 322 2486 380 FRANCORUM.

3438 329 3577 417 una

332 438 607 500 Ccriuum,
632 446 681 492 et
704 434 987 510 Garinum]
1017 438 1236 494 fratrem
1266 438 1384 510 ejus
1406 439 1541 495 dura
1564 455 1721 510 paena
1750 439 1900 494 dam-
1931 442 1975 500 Α
2000 437 2129 513 Cir.
2166 439 2390 513 XLV'lll.
2419 471 2490 481 -—
2520 440 2675 513 Quod
2699 441 2944 500 Waratto
2985 446 3237 513 moritur,
3266 457 3315 503 et
3354 449 3575 507 ΒενιΙιαο

333 529 499 584 navit.
529 527 739 596 Reliqui
765 542 894 583 vero
933 527 1127 583 Franci
1171 543 1357 583 eorum
1398 529 1528 583 socii
1578 543 1674 596 per
1720 526 1900 598 fugam

333 616 421 670 vix
447 625 755 672 evaserunt.
807 614 1061 671 Nonnulli
1113 630 1243 670 vero
1301 617 1356 670 in
1400 615 1591 672 exsilio
1626 615 1903 687 pervagati

332 709 414 784 [in
451 711 702 767 exsilium
728 708 881 781 acti],
901 709 1136 780 propriis
1163 708 1507 765 facultatibus
1529 709 1722 781 privati
1753 718 1897 764 sunt.
1948 744 1963 749 ι

1592 826 1705 880 inus
1743 825 1901 879 duces

1562 895 1800 949 broinum
1852 904 1903 951 et

330 825 460 882 Car.
500 825 678 882 XLVI.
730 855 800 866 —-
853 823 1006 890 Quod
1053 824 1319 880 Martinus
1362 834 1413 880 et
1453 824 1517 879 Pi

399 895 794 965 ducti-asiam
840 893 1030 948 bellum
1072 904 1233 965 agunt
1275 904 1457 950 contra

402 964 800 1019 Tlieudericum.

401 1077 480 1133 Eo
514 1090 727 1145 quoque
775 1082 1015 1144 tempore
1051 1073 1341 1130 decedente
1367 1073 1646 1131 Vulfoaldo
1683 1073 1750 1130 de
1791 1073 1901 1128 Au-

329 1176 463 1231 ster,
494 1164 757 1220 Martinus
779 1172 837 1219 et
860 1162 1139 1235 Pippinus,
1182 1163 1367 1231 junior
1403 1164 1544 1220 ﬁlius
1587 1164 1895 1237 Ansigiseli,

327 1257 601 1328 quondam
647 1255 1031 1312 decedentibus
1083 1254 1325 1326 regibus,
1374 1256 1788 1312 dominabantur
1842 1257 1897 1313 in

327 1350 523 1407 Auster
548 1367 563 1406 :
596 1351 767 1407 donec
795 1349 1011 1405 tandem
1037 1348 1325 1419 aliquando
1351 1348 1428 1403 hii
1453 1348 1619 1404 duces
1639 1349 1695 1403 in
1713 1348 1897 1404 odium

327 1442 469 1496 versi
496 1449 682 1496 contra
706 1439 1331 1505 Ebroinum,exereitum
1356 1438 1646 1509 plurimum
1671 1438 1899 1494 Austra-

326 1532 528 1587 siorum
583 1531 872 1597 commoti,
923 1537 1113 1585 contra
1168 1529 1561 1585 Theudericum
1610 1545 1790 1600 regem
1841 1537 1898 1585 et

325 1624 621 1680 Ebroinum
647 1624 819 1680 aciem
847 1623 1101 1693 dirigunt.
1128 1622 1330 1679 Contra
1364 1637 1501 1693 quos
1527 1622 1895 1680 Theudericus

324 1727 418 1767 rex
442 1722 499 1768 et
523 1712 790 1768 Ebroinus
823 1726 945 1767 cum
984 1710 1142 1768 hoste
1172 1718 1484 1777 occurrunt,
1524 1710 1640 1766 loco
1676 1727 1885 1766 nuncu-

2074 510 2184 589 r_ius_
2227 512 2281 564 in
2333 510 2453 589 loco
2501 511 2615 589 eius
2667 515 3035 589 constituitur,
3082 510 3435 589 Pippinusquc
3486 536 3574 579 eos

2070 581 2293 635 devictos
2343 581 2785 651 majordomatum
2820 585 2877 639 in
2923 601 3023 639 sua
3064 581 3251 657 redigit
3301 581 3569 658 potestate.

2073 691 2404 747 Succedcnte
2433 694 2627 763 quippe
2655 704 2957 777 temporum
2989 697 3257 752 curriculo
3285 700 3575 769 praedictus

2000 780 2247 836 Waratto
2270 780 2553 837 defunctus
2580 791 2681 837 est.
2711 782 2942 854 Fuitque
2988 786 3035 841 ei
3086 798 3331 843 matrona
3379 791 3574 848 nobilis

1999 886 2064 926 ac
2090 871 2382 940 ingeniosa,
2411 873 2629 928 nomine
2670 872 2969 932 Anscﬂedis
3014 874 3136 950 [ΑΙ.
3156 920 3170 943 ,
3200 880 3498 947 Ansﬁedis,
3526 893 3575 936 et

2002 962 2307 1020 Ansalllidis
2318 963 2361 1038 ].
2396 965 2589 1021 Franci
2618 981 2849 1036 namque
2870 968 2924 1022 in
2946 967 3158 1024 diversa
3181 972 3461 1028 tendentes
3479 989 3573 1028 va-

1997 1054 2252 1111 cillahant
2283 1074 2296 1109 :
2337 1055 2680 1112 Bertharium
2729 1056 2859 1129 [Αι.,
2888 1057 3256 1134 Bertharium]
3285 1064 3573 1131 quemdam

1996 1155 2203 1233 statura
2230 1147 2502 1218 pusillum,
2523 1149 2787 1219 sapientia
2811 1151 3122 1221 ignobilem,
3148 1154 3374 1211 consilio
3409 1156 3571 1212 inuti-

1997 1238 2123 1302 lem,
2145 1238 2201 1292 in
2219 1239 2479 1310 majorem
2497 1240 2744 1295 domatus
2763 1242 3079 1298 aberrantes
3093 1252 3353 1299 statuunt.
3378 1245 3572 1303 Franci
3654 1257 3663 1311 ῖ

1997 1328 2055 1383 in
2095 1327 2326 1384 invicem
2355 1328 2536 1394 divisi,
2564 1329 2823 1400 Pippinus
2867 1331 2923 1385 in
2972 1330 3169 1388 Auster
3220 1350 3571 1408 consurgens,

1996 1426 2267 1476 commoto
2299 1420 2455 1477 hoste
2490 1421 2902 1492 quamplurimo,
2945 1431 3134 1479 contra
3178 1419 3570 1484 Theudericurn

1995 1524 2177 1582 regem
2207 1518 2264 1566 et
2282 1509 2623 1567 Bertharium
2645 1513 2817 1568 aciem
2845 1514 3048 1584 dirigit.
3073 1514 3573 1589 Convenientesque

1996 1602 2067 1658 ad
2091 1602 2334 1672 praelium
2379 1602 2433 1657 in
2485 1602 2609 1658 loco
2651 1613 2993 1674 nuncupante
3042 1606 3335 1675 Textricio,
3361 1609 3577 1680 illisque

1998 1692 2140 1748 inter
2161 1707 2220 1748 se
2244 1692 2707 1764 belligerantibus,
2740 1695 3107 1753 Theudericus
3145 1714 3241 1754 rex
3280 1715 3406 1755 cum
3434 1699 3567 1757 Ber-

322 1810 484 1874 pante
517 1801 686 1858 Lufao
719 1800 871 1874 [Al.,
891 1800 1149 1867 Lucol'ao,
1180 1810 1229 1856 ct
1256 1798 1527 1869 Lucofago
1548 1798 1568 1872 ]
1587 1840 1602 1865 ,
1630 1800 1895 1870 simulque

2000 1783 2178 1839 thario
2205 1785 2409 1854 majore
2435 1784 2594 1840 domo
2622 1792 2772 1857 terga
2815 1797 3111 1844 verterunt.
3159 1789 3414 1861 Pippinus
3441 1808 3570 1849 vero

321 1892 591 1963 conjuncti
619 1907 679 1948 se
710 1891 939 1947 invicem
975 1890 1120 1947 caede
1147 1906 1341 1962 magna
1367 1898 1732 1960 prosternunt,
1763 1906 1889 1946 cor-

321 1981 536 2050 ruitque
572 1980 648 2036 ibi
682 1979 891 2035 inﬁnita
931 1981 1089 2036 turba
1122 1980 1324 2051 populi.
1378 1978 1644 2035 Austrasii
1671 1981 1890 2046 devicti,

320 2073 375 2127 in
405 2071 585 2143 fugam
612 2072 771 2142 lapsi,
799 2081 949 2144 terga
977 2077 1278 2126 verterunt.
1305 2070 1575 2126 Ebroinus
1612 2084 1706 2125 eos
1746 2071 1893 2126 caede

319 2162 690 2218 crudelissima
719 2162 1016 2226 insecutus,
1043 2160 1332 2215 mximam
1356 2167 1565 2230 partem
1592 2174 1658 2214 ex
1684 2159 1774 2214 illa
1802 2175 1889 2215 re-

318 2254 477 2323 gione
498 2253 745 2319 vastavit.
773 2252 1033 2307 Martinus
1052 2266 1150 2323 per
1176 2250 1356 2322 fugam
1377 2249 1608 2325 elapsus,
1632 2249 1891 2306 Lauduno

318 2344 543 2401 Clavato
567 2345 857 2417 ingressus,
908 2342 1035 2400 illuc
1057 2358 1116 2399 se
1162 2342 1398 2399 reclusit.
1429 2342 1685 2411 Pippinus
1710 2349 1890 2396 autem

319 2435 638 2491 altrinsecus
648 2435 838 2490 evasit.
854 2434 1121 2490 Ebroinus
1136 2433 1317 2503 itaque
1336 2439 1643 2504 perpetrata
1664 2430 1892 2487 victoria

320 2530 569 2583 reversus
593 2534 699 2592 est,
726 2533 927 2581 etcum
946 2524 1185 2581 exercitu
1208 2538 1402 2595 magno
1422 2523 1567 2578 venit
1586 2521 1893 2592 Ercberego

320 2618 452 2691 (AL,
466 2617 726 2688 Ercheco,
746 2625 794 2672 et
814 2612 1121 2687 Ercariaco]
1142 2614 1287 2669 villa.
1315 2613 1500 2683 itaque
1518 2612 1585 2668 ad
1606 2613 1892 2667 Martinum

317 2710 539 2766 nuntios
560 2692 765 2779 dirigit,
779 2715 840 2763 ut
860 2709 984 2763 dato
1008 2713 1345 2763 sacramento
1367 2720 1485 2759 cum
1508 2703 1701 2759 ﬁducia
1722 2703 1788 2758 ad
1808 2718 1894 2758 re-

318 2813 441 2868 gem
476 2797 862 2852 Theudericum
896 2796 1123 2851 veniret.
1155 2795 1270 2851 Hoc
1310 2795 1492 2850 dolose
1521 2806 1586 2850 ac
1628 2789 1896 2847 fallaciter

317 2901 483 2956 super
517 2900 716 2941 vacuas
746 2896 936 2955 capsas
973 2885 1023 2940 ei
1046 2883 1313 2956 iurantes.
1355 2881 1448 2938 ille
1494 2898 1624 2937 vero
1669 2880 1894 2938 credens

318 2979 417 3043 eis,
458 2977 729 3034 Erchreco
766 2976 1009 3042 veniens,
1051 2974 1127 3031 ibi
1165 2989 1287 3031 cum
1329 2974 1495 3031 sociis
1528 2974 1642 3030 suis
1670 2972 1894 3030 interfea

318 3078 439 3125 ctus
464 3076 568 3125 est.

317 3180 445 3237 Car.
487 3178 691 3237 XLVII.
720 3211 791 3222 —
812 3176 915 3235 Ubi
945 3174 1209 3234 Ebroinus
1244 3179 1520 3244 occiditur,
1551 3175 1793 3233 Waratto
1834 3177 1892 3232 in
1917 3131 1966 3196 c

385 3251 884 3375 Ζαάαῧνεπξάοηιαηεσ
929 3250 1235 3376 agmitur,
1275 3257 1327 3305 et
1365 3257 1577 3305 sanctus
1618 3249 1892 3304 Audoimtt

527 3336 758 3375 animum
783 3336 953 3376 msera
1031 3360 1046 3374 .

527 3336 758 3375 annuum
783 3336 1046 3392 nigram.

388 3430 658 3489 Ebroinus
681 3433 848 3505 igitur
869 3432 1042 3505 magis
1066 3448 1131 3489 ac
1152 3432 1327 3508 magis
1349 3431 1597 3488 Francos
1606 3427 1896 3487 crudeliter

316 3522 671 3591 opprimebat.
697 3522 805 3579 Sed
825 3530 1004 3578 tamen
1027 3519 1138 3578 Deo
1156 3523 1393 3579 donante
1408 3522 1535 3577 dum
1553 3516 1892 3574 Ermenfrido

317 3612 525 3669 Franco
549 3621 768 3682 pararet
811 3613 1063 3675 insidias,
1088 3612 1207 3683 ipse
1244 3610 1619 3667 Ermenl‘ridus
1654 3610 1758 3665 hoc
1801 3622 1895 3664 co-

315 3718 600 3777 gnoscens,
613 3711 668 3759 et
681 3708 838 3759 nocte
859 3703 1074 3759 irruens
1086 3716 1252 3773 super
1274 3716 1421 3767 eum,
1443 3699 1715 3756 interfecit
1738 3700 1893 3756 illum

317 3794 591 3858 atrociter,
608 3800 769 3863 atque
792 3793 861 3848 ad
873 3790 1158 3863 Pippinum
1178 3793 1234 3848 in
1249 3792 1447 3848 Auster
1465 3790 1675 3863 fugiens
1697 3791 1890 3847 evasit.

318 3886 511 3942 Franci
527 3899 676 3951 vero,
699 3884 924 3941 consilio
938 3892 1175 3955 accepto,
1192 3883 1564 3940 Warattonem
1581 3883 1758 3938 virum
1777 3882 1896 3937 iliu-

318 3985 483 4032 strem
500 3977 553 4031 in
575 3975 692 4032 loco
706 3975 823 4047 ejus
839 3990 960 4031 cum
971 3974 1215 4046 jussione
1230 3975 1371 4045 regis
1397 3974 1657 4045 majorem
1674 3974 1893 4029 domum

319 4066 516 4137 palatio
537 4065 890 4122 constituunt.
914 4064 1134 4134 Accepit
1149 4065 1331 4135 itaque
1345 4062 1592 4119 Waratto
1610 4062 1750 4117 inter
1777 4063 1894 4118 tunc

318 4159 535 4214 obsides
547 4173 577 4212 a
600 4157 856 4229 prazdicto
865 4154 1108 4226 Pippino,
1125 4161 1179 4209 et
1190 4168 1377 4226 pacem
1391 4169 1513 4209 cum
1528 4168 1595 4208 eo
1609 4152 1745 4207 iniit.
1764 4152 1895 4207 Erat

322 4250 376 4307 in
396 4249 490 4306 illo
519 4257 759 4318 tempore
787 4251 1083 4301 memorato
1105 4243 1411 4300 Warattoni
1435 4243 1577 4300 ﬁlius
1598 4244 1785 4299 efﬁcax
1814 4243 1895 4297 in-

321 4339 683 4409 dustriaeque,
700 4336 813 4393 fero
827 4337 1026 4402 animo,
1041 4342 1096 4392 et
1108 4335 1318 4392 acerbis
1331 4337 1591 4402 moribus,
1614 4335 1896 4392 insidiator

323 4431 491 4502 patris
518 4430 621 4494 sui,
648 4442 879 4500 eumque
902 4427 970 4484 ab
1002 4427 1206 4483 honore
1227 4429 1602 4500 generositatis
1641 4414 1894 4500 supplan-

1991 1873 2164 1927 victor
2188 1872 2416 1928 exstitit.
2447 1871 2777 1930 Procedente
2807 1875 2989 1946 itaque
3014 1884 3259 1947 tempore
3285 1879 3401 1951 ipse
3436 1881 3571 1936 Ber-

1989 1965 2201 2020 tharius
2234 1964 2306 2020 ab
2328 1964 2699 2022 adulatoribus
2741 1967 2854 2022 suis
2897 1967 3112 2024 occisus
3154 1977 3255 2037 est,
3284 1971 3573 2043 instigante

1990 2052 2323 2127 [insidiante]
2351 2053 2624 2111 Ansilede.
2649 2054 2779 2111 Post
2802 2056 2918 2113 haec
2946 2052 3205 2130 Pippinus
3240 2076 3363 2116 cum
3393 2061 3571 2118 Theuo

1990 2145 2177 2201 derico
2201 2159 2329 2217 rege
2356 2146 2520 2215 cmpit
2539 2160 2660 2202 esse
2684 2147 2936 2218 princeps
2966 2150 3244 2221 regiminis
3283 2166 3349 2206 ac
3398 2150 3574 2223 major

1990 2236 2202 2292 domus.
2231 2234 2519 2291 Thesauris
2544 2236 2801 2307 acceptis,
2830 2237 3175 2293 Nortbertum
3202 2239 3334 2312 [Al.,
3368 2239 3575 2296 Norde-

1991 2326 2229 2400 bertum]
2259 2328 2546 2396 quemdam
2577 2326 2644 2383 de
2664 2327 2778 2384 suis
2802 2344 2925 2384 cum
2954 2344 3079 2400 rege
3108 2329 3344 2399 reliquit,
3371 2332 3483 2400 ipse
3512 2331 3571 2385 in

1990 2419 2265 2476 Austriam
2296 2419 2576 2475 remeavit.
2605 2419 2734 2474 Erat
2765 2427 2944 2475 autem
2981 2419 3209 2491 Pippino
3249 2436 3385 2475 uxor
3410 2422 3568 2477 nobi-

1991 2509 2198 2566 lissima
2220 2525 2285 2566 ac
2313 2510 2706 2580 sapientissima
2744 2511 2960 2566 nomine
2996 2509 3314 2566 Plectrudis.
3345 2511 3425 2567 Ex
3455 2512 3573 2583 ipsa

1992 2600 2179 2671 genuit
2203 2600 2341 2656 ﬁlios
2367 2600 2519 2656 duos.
2546 2599 2751 2656 Nomen
2772 2601 2995 2673 majoris
3022 2600 3229 2657 Drocus
3271 2601 3401 2675 [Al.,
3431 2602 3571 2658 Dro-

1992 2688 2103 2761 go],
2131 2697 2184 2744 et
2207 2705 2400 2744 nomen
2423 2689 2650 2747 minoris
2678 2689 3039 2747 Grimoaldus.
3083 2690 3288 2748 Drocus
3316 2692 3579 2750 ducatum.

1992 2778 2298 2848 Campaniae
2324 2778 2551 2847 accepit.

1993 2891 2125 2963 Car.
2177 2886 2506 2963 £13.94
2537 2891 2680 2963 obitu
2714 2889 3020 2963 [heuderici
3065 2902 3113 2946 et
3155 2909 3372 2963 regnum
3416 2892 3573 2947 Citio-

2062 2960 2209 3017 εἰοωὶ
2229 2971 2281 3017 ει
2304 2958 2640 3037 Citildeberti,
2660 2971 2706 3016 et
2729 2958 3034 3016 Grimoaldo
3062 2958 3263 3033 majore
3291 2962 3499 3018 domus.

2065 3071 2213 3128 Obiit
2229 3080 2412 3128 autem
2435 3071 2803 3129 Theudcricus
2817 3088 2910 3128 rex
2921 3112 2937 3137 ,
2951 3073 3300 3143 regnavitque
3318 3088 3487 3128 annos
3504 3074 3579 3130 l9

1995 3164 2128 3238 μα,
2158 3164 2269 3237 18].
2293 3164 2630 3220 Chlodovens
2654 3164 2795 3219 ﬁlius
2821 3164 2941 3235 ejus
2962 3179 3096 3235 puer
3124 3163 3354 3235 regalem
3388 3164 3575 3242 sedem

1992 3255 2253 3324 suscepit,
2281 3269 2349 3310 ex
2380 3254 2564 3324 regina
2591 3254 2811 3309 nomine
2836 3253 3139 3309 Chlotbilde
3170 3254 3306 3326 [Al.,
3332 3254 3576 3330 Rotilde}

1991 3343 2327 3414 progenitus.
2353 3342 2465 3398 Nec
2480 3343 2651 3397 multo
2668 3351 2792 3412 post
2816 3342 2930 3412 ipse
2955 3341 3298 3398 Chlodoveus
3317 3357 3413 3398 rex
3435 3359 3572 3415 puer

1990 3441 2237 3489 mortuus
2263 3440 2351 3488 est
2400 3449 2415 3487 :
2468 3432 2822 3503 regnavitque
2868 3447 3040 3488 annos
3083 3432 3135 3487 2.
3195 3431 3575 3492 Childebertus

1991 3530 2171 3577 autem
2194 3520 2364 3577 frater
2390 3522 2526 3592 ejus,
2541 3522 2626 3578 vir
2651 3522 2904 3592 inclytus,
2925 3522 2981 3577 in
3011 3537 3178 3594 regno
3204 3531 3438 3580 statutus
3463 3532 3575 3580 est.

1990 3611 2298 3681 quuoque
2319 3619 2558 3681 tempore
2578 3610 2900 3669 Nortbertus
2917 3620 3161 3668 mortuus
3180 3621 3282 3669 est.
3304 3613 3578 3670 Grimoal-

1992 3702 2097 3758 dus
2117 3716 2330 3771 quoque
2351 3701 2562 3772 Pippiui
2607 3703 2867 3774 principis
2919 3703 3065 3760 ﬁlius
3100 3704 3287 3776 junior
3327 3706 3385 3761 in
3428 3704 3572 3762 Aula

1991 3792 2143 3864 regis
2161 3791 2489 3849 Childeherti
2514 3794 2689 3866 major
2711 3794 2902 3852 domus
2919 3793 3144 3852 allectus
3164 3803 3266 3851 est.
3302 3795 3422 3867 ipse
3467 3797 3569 3869 ἱείς

1994 3890 2083 3938 tur
2116 3881 2373 3952 Pippinus
2425 3882 2593 3940 multa
2637 3884 2776 3940 bella
2819 3885 2988 3956 gessit
3031 3893 3221 3942 contra
3266 3885 3569 3943 Batbodent

1993 3973 2246 4046 gentilem
2270 4013 2287 4039 ,
2333 3972 2415 4029 vel
2471 3974 2603 4030 alios
2647 3976 2941 4047 principes,
2961 3984 3148 4032 contra
3187 3976 3424 4043 Suevos,
3479 3978 3579 4035 vel

1991 4065 2417 4136 quamplurimas
2471 4074 2678 4139 gentes.
2734 4066 3078 4125 Grimoaldus
3128 4069 3328 4142 quippe
3380 4069 3567 4142 genuit

1992 4155 2160 4211 ﬁlium
2186 4170 2257 4210 ex
2270 4156 2586 4222 concubina,
2609 4157 2977 4213 Theudaldum
3006 4156 3249 4215 nemine.
3282 4158 3397 4214 Sub
3425 4158 3580 4214 idem.

1993 4260 2123 4303 vero
2140 4254 2351 4317 tempus
2377 4245 2587 4317 Drogus
2612 4245 2754 4300 ﬁlius
2775 4244 2986 4317 Pippini
3009 4245 3297 4302 defunctus
3321 4255 3424 4302 est.
3456 4246 3579 4301 lia-

1994 4337 2267 4405 bcbatque
2300 4334 2561 4405 Pippinus
2584 4335 2842 4405 prmfattm
2864 4336 3119 4407 princeps
3147 4337 3313 4392 ﬁlium
3352 4352 3421 4392 ex
3462 4336 3568 4391 alia

1996 4440 2186 4492 uxore,
2208 4427 2427 4482 nomine
2445 4424 2725 4494 Caralim,
2743 4427 2923 4483 virum
2942 4427 3280 4499 elegantem,
3295 4428 3576 4500 egregium

326 4530 462 4586 tans,
503 4527 729 4589 eratque
766 4530 961 4574 nomen
994 4517 1112 4589 ejus
1157 4515 1507 4573 Gisiemarus.
1560 4515 1659 4572 Cui
1704 4518 1897 4573 beatus
1922 4515 1971 4540 ν
1994 4523 2159 4584 atque
2187 4515 2394 4570 utilem.

326 4612 610 4667 Audoenus
641 4611 924 4683 episcopus
967 4608 1266 4679 prohibuit,
1308 4622 1377 4663 ne
1413 4607 1555 4663 hanc
1600 4606 1895 4677 nequitiam

324 4711 510 4757 contra
533 4710 744 4771 patrem
769 4714 928 4757 suum
954 4699 1196 4755 inferret.
1228 4698 1379 4765 Quod
1409 4698 1497 4753 ille
1535 4699 1722 4754 audire
1761 4714 1894 4754 con-

328 4793 562 4860 tempsit,
591 4790 910 4861 fueruntque
940 4789 1080 4845 inter
1102 4789 1217 4859 ipso
1240 4790 1540 4845 Gislemaro
1577 4798 1633 4843 et
1673 4789 1897 4859 Pippino

328 4882 465 4938 bella
512 4882 693 4936 civilia
727 4887 783 4936 et
812 4881 992 4936 multat
1037 4879 1341 4936 discordiae.
1396 4879 1498 4947 Qui
1547 4881 1617 4935 ob
1674 4880 1900 4951 injurias

326 4973 496 5043 patris
521 4971 606 5025 vel
625 4972 729 5026 alia
749 4979 969 5041 peccata
991 4969 1226 5026 crudelia
1257 4984 1289 5025 a
1311 4969 1421 5026 Deo
1456 4984 1763 5040 percussus,
1787 4970 1893 5025 ini-

327 5063 646 5134 quissimum
677 5062 921 5133 spiritum
964 5061 1258 5127 exhalavit,
1279 5060 1434 5133 juxta
1487 5062 1629 5131 quod
1678 5069 1896 5118 sanctus

329 5155 616 5211 Audoenus
657 5154 706 5210 ei
750 5152 1093 5224 praedixerat.
1129 5151 1331 5222 illoque
1354 5153 1625 5219 defuncto,
1651 5152 1898 5211 Waratto

330 5248 523 5303 iterum
552 5248 810 5303 honorem
834 5245 1123 5317 pristinum
1163 5240 1380 5303 functus
1404 5255 1507 5303 est.
1538 5246 1651 5303 Sub
1677 5246 1762 5302 his
1786 5247 1900 5303 die-

329 5339 431 5397 bus
460 5337 749 5393 Audoeuus
781 5337 1197 5408 Rotomagensis
1242 5337 1527 5409 episcopus
1569 5336 1759 5408 plenus
1789 5336 1899 5393 die-

328 5444 471 5494 rum,
491 5437 652 5498 atque
665 5428 953 5483 virtutibus
972 5428 1282 5498 praeclarus,
1298 5426 1572 5499 Clippiago
1586 5427 1712 5484 villa
1729 5425 1906 5498 regale

327 5519 388 5580 in
422 5521 731 5577 suburbana
752 5519 1083 5576 Parisiorum
1104 5519 1324 5575 civitate
1352 5518 1603 5590 migravit
1630 5519 1698 5574 ad
1723 5516 1905 5573 Domi-

330 5627 480 5677 num,
504 5619 559 5665 ct
606 5626 726 5666 cum
782 5624 971 5680 magna
1013 5608 1180 5679 gloria
1228 5609 1283 5664 in
1302 5609 1522 5665 basilica
1556 5609 1727 5666 sancti
1757 5607 1902 5663 Petri

336 5705 558 5776 apostoli
583 5704 884 5775 Rotomago
905 5701 1120 5758 civitate
1151 5701 1389 5771 sepultus
1414 5709 1515 5758 est.

1994 4624 2125 4701 Car.
2244 4657 2315 4665 —
2344 4624 2427 4701 De
2456 4626 2682 4701 transitu
2704 4625 3047 4701 (iliifdeberri,
3072 4636 3125 4684 et
3147 4644 3361 4701 rem
3392 4627 3569 4697 Daga-

2067 4695 2235 4767 bcrti:
2263 4706 2311 4750 et
2337 4697 2464 4767 quia
2504 4695 2841 4753 Grimoaldus
2878 4695 3222 4766 interﬁcitur;
3247 4710 3297 4754 et
3320 4695 3581 4757 honorem”

2065 4766 2234 4835 patris
2259 4765 2737 4822 sui'Theudoaldus
2760 4768 3005 4823 ambitur.

2070 4878 2221 4934 Tunc
2236 4878 2381 4934 enim
2402 4881 2575 4935 beatae
2592 4881 2869 4937 memoria:
2890 4880 3266 4938 Childebertus
3284 4892 3381 4936 rex
3394 4877 3577 4951 justus

2000 4968 2251 5039 migravit
2292 4970 2361 5023 ad
2408 4969 2715 5025 Dominum.
2757 4971 3023 5041 Regnavit
3064 4980 3246 5027 autem
3287 4987 3458 5027 annos
3504 4972 3573 5028 18

2003 5056 2111 5131 [ΑΙ.
2142 5058 2255 5131 l9],
2286 5058 2633 5130 sepultusque
2678 5070 2763 5116 est
2804 5060 3072 5133 Cauciago
3116 5059 3245 5134 [Al.,
3287 5060 3572 5135 Causiaco]

2004 5154 2329 5208 monasterio
2376 5153 2431 5208 in
2481 5153 2702 5209 basilica
2749 5155 2924 5210 sancti
2976 5154 3237 5226 Stephani
3294 5155 3569 5226 martyris

2006 5243 2372 5316 Regnavitque
2410 5245 2742 5316 Dagobertus
2780 5246 2923 5303 ﬁlius
2957 5244 3072 5315 eius
3095 5263 3196 5317 pro
3218 5262 3304 5304 eo.
3333 5246 3581 5302 Habebat

2004 5342 2118 5390 tum
2163 5335 2504 5393 Grimoaldus
2551 5352 2772 5392 uxorem
2818 5338 2874 5392 in
2917 5338 3295 5402 matrimonio,
3358 5337 3580 5393 nomine

2005 5427 2354 5483 Tentsindam
2378 5427 2510 5500 [Αι.,
2540 5427 3017 5502 Theodesindam],
3041 5430 3206 5485 ﬁliam
3233 5429 3579 5486 Ratbodidu-

1984 5518 2083 5573 ~cis
2111 5517 2348 5589 gentilis.
2378 5519 2615 5587 Eratque
2647 5519 2763 5589 ipse
2801 5519 3144 5576 Grimoaldus
3183 5519 3359 5589 major
3384 5520 3576 5576 domus

2003 5609 2157 5677 pius,
2217 5608 2490 5663 modestus
2541 5617 2595 5664 et
2631 5607 2829 5675 justus.
2881 5609 3081 5665 Eodem
3142 5611 3286 5666 enim
3337 5618 3577 5680 tempore

2005 5706 2298 5766 aegrotante
2339 5698 2571 5766 Pippino
2602 5697 2743 5755 duce
2771 5701 3013 5768 genitore
3049 5715 3171 5769 suo,
3195 5700 3323 5757 dum
3349 5701 3571 5758 adcum
