4046 6172
593 320 732 382 1463

1823 327 2132 386 ANONYMI
2174 328 2443 387 SJECULI
2486 332 2612 388 Vill.

3633 344 3730 406 1464

593 438 918 496 visitandum
963 438 1300 504 accessisset,
1328 453 1428 494 nec
1456 445 1633 506 mora,
1661 438 1715 493 in
1744 439 1965 496 basilica
1995 441 2169 496 sancti
2197 445 2248 505 Α
2273 441 2628 513 gionibusque
2671 440 2778 497 illis
2822 443 3047 497 vastatis
3095 452 3252 514 atque
3293 445 3554 515 captivatis.
3593 452 3732 512 iterum

589 527 909 587 Landeberti
939 530 1194 600 martyris
1215 529 1478 585 Leodosio
1505 528 1613 601 [ΑΙ.
1636 528 1892 602 Leodico]
1927 543 2169 600 peremp»

588 627 678 675 tus
704 628 787 674 est
811 634 840 672 a
865 619 1136 689 Rangario
1176 619 1373 689 gentile
1409 618 1519 674 filio
1545 619 1712 674 Belial
1738 618 1869 692 [Al.,
1898 619 2165 692 Beluabi],

588 709 994 766 Theudoaldum
1022 725 1150 764 vero
1176 710 1342 764 ﬂlium
1369 708 1503 779 ejus,
1533 709 1757 780 jubente
1793 710 2018 781 Pippino
2045 727 2166 776 avo,

589 802 643 856 iu
675 802 795 856 aula
820 802 961 873 regis
982 803 1186 858 honore
1207 802 1378 872 patris
1400 803 1684 858 sublimem
1709 811 1971 858 statuunt.

585 890 717 946 Car.
760 891 843 945 ιι.
866 920 939 931 --
959 891 1036 945 De
1076 902 1240 946 morte
1284 891 1494 947 Pinnim'
1521 909 1539 946 :
1567 902 1615 947 et
1660 892 1794 946 bella
1837 891 2166 947 Francorum

670 909 717 946 ρ.
762 909 1036 945 u.—-ue
1076 909 1240 946 ntorte
1284 909 1348 944 με
1421 910 1493 946 mi
1521 909 1539 946 :
1567 909 1615 947 et
1660 909 1794 946 oeua
1837 909 2166 947 rraneorum

663 962 799 1033 inter
813 978 886 1024 se,
904 970 952 1014 et
978 959 1316 1033 Theudoaldo
1337 909 1516 1032 fugato
1540 959 1927 1033 Ragamfredus
1949 964 2004 1016 in
2022 965 2169 1033 prin-

661 1032 893 1099 cipatum
911 1039 987 1084 est
1009 1030 1257 1085 elevatus.

659 1121 738 1176 Eo
777 1130 1018 1191 tempore
1055 1123 1316 1192 Pippinus
1351 1122 1500 1178 febre
1542 1123 1716 1178 valida
1743 1131 2042 1194 correptus.
2073 1125 2169 1178 de-

590 1209 807 1267 functus
829 1219 930 1266 est.
956 1211 1307 1283 Obtinuitque
1329 1212 1691 1282 principatum
1717 1213 1817 1267 sub
1843 1213 2173 1282 suprascrip-

588 1303 662 1358 tis
689 1304 906 1375 regibus
931 1319 1101 1359 annos
1125 1304 1216 1358 27.
1250 1304 1552 1359 Plectrudis
1578 1318 1792 1374 quoque
1816 1319 1938 1359 cum
1965 1303 2174 1372 nepoti-

586 1398 690 1452 bus
718 1397 850 1462 suis,
879 1395 964 1450 vel
1001 1411 1141 1466 rege,
1192 1405 1386 1452 cuncta
1428 1396 1762 1464 gubernabat
1805 1396 1905 1451 sub
1941 1395 2173 1450 discreto

590 1487 869 1559 regimine.
921 1487 980 1543 In
1022 1487 1128 1544 illis
1172 1487 1361 1544 diebus
1401 1487 1691 1560 instigante
1727 1488 1942 1545 diabolo
1977 1487 2172 1542 Franci

590 1579 767 1633 denuo
793 1579 848 1633 in
869 1577 1020 1634 Cotia
1047 1578 1181 1633 silva
1207 1579 1260 1633 in
1297 1578 1537 1634 Francos
1578 1579 1808 1634 invicem
1853 1579 2066 1633 irruunt
2108 1594 2174 1634 ac

591 1685 651 1726 se
687 1676 871 1725 mutuo
899 1669 1189 1725 durissima
1219 1669 1365 1724 caede
1388 1677 1759 1738 prosternunt.
1795 1667 2174 1724 Theudoaldus

591 1771 773 1817 autem
801 1776 898 1832 per
929 1760 1107 1832 fugam
1137 1762 1370 1831 elapsus,
1414 1769 1633 1832 ereptus
1667 1770 1770 1816 est.
1817 1761 2046 1832 Fuitque
2079 1760 2172 1815 illo

593 1863 838 1923 tempore
867 1854 1040 1909 valida
1066 1853 1388 1923 persecutio.
1416 1851 1762 1908 Theudoaldo
1787 1852 1933 1906 enim
1956 1851 2170 1922 fugato,

591 1945 990 2019 Ragenfredum
1034 1950 1089 2001 in
1132 1945 1394 2014 majorem
1435 1946 1710 2000 domatum
1751 1943 1830 2016 [in
1871 1944 2174 2014 principatu

591 2036 815 2108 majoris
853 2036 1061 2109 palatii]
1103 2036 1400 2106 elegerunt.
1447 2033 1550 2101 Qui
1587 2041 1860 2090 commoto
1896 2050 2018 2088 cum
2049 2047 2176 2102 rege

591 2127 854 2194 exercitu,
905 2126 1292 2182 Carbonariam
1338 2125 1528 2180 silvam
1583 2132 1948 2190 transeuntes,
2003 2137 2176 2194 usque

589 2236 801 2279 mosam
827 2220 1044 2277 ﬂuvium
1074 2230 1248 2276 terras
1283 2220 1406 2276 illas
1441 2227 1715 2275 vastantes
1756 2220 2172 2276 succenderunt.

591 2309 835 2382 Cumque
893 2312 1154 2368 Radbodo
1205 2313 1344 2367 duce
1400 2311 1587 2382 gentili
1631 2309 1898 2365 amicitias
1949 2309 2172 2366 feriunt.

592 2401 818 2460 Carolus
843 2402 930 2458 his
956 2403 1146 2459 diebus
1188 2418 1312 2458 cum
1352 2411 1540 2473 captus
1577 2417 1608 2457 a
1643 2402 1927 2458 Plectrude
1974 2401 2174 2457 femina

590 2495 693 2551 sub
757 2494 1002 2551 custodia
1065 2504 1385 2560 teneretur,
1442 2494 1736 2550 auxiliante
1794 2493 2024 2550 Domino
2081 2494 2173 2549 vix

589 2586 783 2641 evasit.

590 2696 719 2753 CAP.
765 2695 873 2754 LII.
905 2696 1073 2750 ——De
1111 2707 1276 2766 morte
1321 2693 1643 2766 Dagoberti,
1681 2704 1728 2766 et
1765 2709 1980 2764 regnum
2029 2693 2176 2766 (Ilii!-

659 2768 842 2837 periei,
884 2777 932 2822 et
974 2766 1112 2837 quod
1160 2765 1350 2821 bellum
1402 2763 1556 2836 gessit
1604 2763 1794 2820 Carius
1828 2763 2027 2818 contra
2066 2763 2175 2817 Ra-

661 2836 835 2890 tbode.

661 2949 931 3021 Sequente
974 2960 1216 3022 tempore
1241 2951 1590 3022 'Dagobertus
1614 2964 1709 3006 rex
1734 2957 2000 3020 aegrotans
2027 2961 2173 3003 mor-

590 3048 718 3096 tuus
753 3049 856 3109 est,
899 3043 1251 3114 regnavitque
1283 3055 1453 3096 annos
1475 3040 1529 3096 5.
1563 3041 1758 3096 Franci
1784 3047 1907 3112 post
1929 3041 2049 3096 haec
2070 3039 2174 3094 Da-

590 3134 788 3191 nielem
809 3135 1080 3206 quondam
1105 3135 1381 3200 clericum,
1409 3133 1631 3189 caesarie
1655 3133 1847 3203 capitis
1869 3139 2168 3195 crescente,

2267 551 2391 591 cum
2437 535 2606 590 multa
2650 536 2832 606 praeda
2886 536 2940 590 in
2983 537 3200 592 Austris
3239 553 3483 603 reversus,
3531 540 3731 599 Coloniam

2267 625 2538 682 civitatem
2564 628 2732 692 venit,
2776 627 2958 696 ibique
2994 627 3302 683 seditionem
3332 629 3506 684 intulit.
3529 631 3633 686 Cum
3653 632 3733 690 Pb-

2267 719 2458 773 ctrude
2496 727 2741 773 matrona
2780 719 3119 787 disceptavit,
3157 728 3212 774 et
3245 721 3500 775 thesauros
3523 723 3654 790 patris
3676 723 3732 778 sui

2269 809 2535 880 sagaciter
2560 809 2788 879 recepit,
2818 822 3110 880 regemque
3150 810 3249 865 sibi
3283 811 3454 864 statuit
3487 811 3732 868 Chlotarium

2269 900 2509 954 nomine.
2555 898 2892 970 Chilpericus
2939 900 3120 968 itaque
3161 907 3214 954 et
3255 899 3580 970 Ragenfredus
3610 902 3732 958 Eudo-

2270 1004 2393 1044 nem
2417 989 2606 1045 ducem
2639 999 2898 1059 expetunt
2918 990 2973 1044 in
3003 989 3277 1044 auxilium.
3308 990 3402 1056 Qui
3430 1006 3609 1045 movens
3628 1007 3733 1047 crer-

2271 1080 2456 1144 citum,
2503 1087 2691 1135 contra
2729 1079 2980 1134 Carolum
3026 1081 3278 1149 perrexit.
3320 1083 3385 1135 At
3408 1082 3486 1135 ille
3506 1092 3734 1137 constanter

2271 1171 2512 1224 occurrit
2557 1170 2605 1224 ei
2653 1170 2968 1240 intrepidus.
3015 1169 3122 1226 Sed
3165 1170 3311 1225 Eudo
3342 1170 3542 1242 fugiens,
3565 1171 3737 1228 Parisios

2275 1259 2550 1315 civitatem
2596 1276 2875 1332 regressus
2921 1270 3024 1316 est.
3079 1261 3401 1332 Chilpericus
3444 1277 3617 1332 quoque
3656 1279 3738 1317 cum

2274 1351 2545 1406 thesauris
2569 1351 2838 1422 regalibus
2880 1351 3108 1407 sublatis
3143 1353 3282 1407 ultra
3319 1353 3535 1424 Ligerem
3563 1353 3736 1408 secessit.

2275 1441 2448 1510 Quem
2490 1441 2714 1498 Carolus
2763 1451 3080 1513 persecutus
3125 1458 3234 1498 non
3277 1444 3477 1513 reperit.
3516 1443 3738 1498 Chlotarius

2275 1533 2490 1604 quidem
2532 1541 2865 1588 memoratus
2891 1549 2987 1588 rex
3018 1549 3085 1589 e0
3114 1548 3256 1588 anno
3277 1533 3422 1588 obiit.
3444 1532 3624 1589 Carolus
3644 1547 3740 1586 anno

2275 1625 2520 1681 insecuto
2560 1624 2880 1696 legationem
2907 1625 2974 1679 ad
2995 1623 3271 1680 Eudonem
3300 1622 3495 1686 direxit,
3532 1623 3740 1677 amicitias-

2274 1727 2380 1783 que
2427 1728 2549 1768 cum
2577 1728 2644 1768 eo
2673 1711 2819 1768 fecit.
2843 1711 2936 1768 Ille
2964 1728 3095 1769 vero
3123 1713 3464 1784 Chilpericum
3489 1726 3631 1783 regem
3655 1724 3741 1766 clm

2203 1821 2251 1883 Β
2275 1804 2461 1858 multis
2497 1803 2812 1858 muneribus
2865 1803 3118 1868 reddidit,
3163 1803 3257 1858 sed
3295 1819 3397 1858 non
3439 1801 3516 1856 diu
3553 1801 3596 1855 in
3631 1813 3742 1870 regno

2277 1895 2496 1951 resedit.
2544 1894 2785 1950 Mortuus
2828 1894 3044 1963 quidem
3079 1902 3167 1949 est
3200 1902 3317 1964 post
3349 1893 3468 1958 hare,
3493 1901 3539 1947 et
3559 1891 3744 1946 Noviomo

2278 1989 2497 2044 civitate
2523 1987 2802 2058 sepultus:
2830 1987 3184 2057 regnavitque
3227 2002 3391 2042 annos
3428 1985 3458 2040 5
3493 1994 3540 2040 et
3570 1982 3742 2037 dimilio.

2277 2079 2472 2135 Franci
2500 2094 2629 2134 vero
2675 2079 3067 2134 Theudoricum
3108 2078 3153 2132 ll
3189 2077 3314 2134 Cala
3352 2075 3626 2132 monasterio
3653 2090 3743 2128 enu-

2278 2173 2488 2237 tritum,
2541 2172 2710 2227 filium
2754 2171 3039 2242 Dagoberti
3077 2170 3330 2241 iunioris,
3357 2184 3516 2239 regem
3556 2182 3678 2236 super
3706 2181 3744 2218 δε

2277 2271 2539 2318 statuunt.
2571 2261 2675 2329 Qui
2699 2277 2870 2332 usque
2897 2277 3041 2316 nunc
3066 2262 3125 2316 in
3150 2275 3313 2332 regno
3339 2258 3568 2315 subsistit.

2857 2375 3268 2436 APPENDIX

2346 2501 2392 2554 A
2447 2476 2884 2554 rusondnrco
2935 2497 2978 2551 ιι
3038 2495 3272 2564 oscus
3322 2494 3408 2550 AD
3451 2486 3698 2546 mormur

2931 2565 3193 2631 REGEM,

2726 2675 2861 2715 NUNC
2897 2675 3102 2715 Ριιιιιωι
3145 2671 3390 2713 ΑῘΠΕΟΤΑ.

2276 2752 2361 2807 Ea:
2389 2752 2504 2805 eod.
2539 2768 2636 2805 ms.
2666 2751 2985 2805 bibliotheca:
3011 2749 3168 2805 Alex.
3204 2748 3394 2803 Petavii
3418 2743 3528 2815 regii
3545 2737 3744 2795 senatoris.

2345 2843 2426 2899 E0
2462 2842 2662 2898 etenim
2690 2852 2932 2911 tempore
2973 2842 3041 2895 ab
3066 2842 3207 2896 urbe
3246 2839 3407 2894 Roma
3446 2849 3561 2905 papa
3599 2830 3742 2897 (ἥδεθ’

2274 2937 2390 2992 rius
2423 2936 2602 2992 claves
2639 2935 2931 2992 venerandi
2968 2935 3227 3004 sepulcri,
3274 2949 3392 2989 cum
3415 2926 3607 2984 vinculis
3627 2920 3742 2978 sancti

2272 3028 2438 3093 Petri,
2469 3035 2524 3083 et
2553 3026 2866 3082 muneribus
2899 3025 3111 3097 magnis
3137 3035 3192 3080 et
3224 3022 3451 3086 infinitis,
3491 3016 3743 3087 legationem.

2276 3118 2442 3189 (quod
2475 3117 2704 3172 antehac
2743 3131 3017 3186 nunquam
3054 3113 3271 3179 accidit,
3297 3127 3457 3182 neque
3478 3120 3663 3176 unquam
3681 3117 3744 3154 au-

590 3224 647 3280 in
671 3180 844 3296 regni;l
862 3225 1162 3291 stabiliunt,
1190 3180 1419 3296 eumque
1447 3180 1809 3296 Chilpericum
1834 3233 2166 3295 nuncupant.
2197 3180 2245 3247 Ο
2275 3210 2444 3266 dum“
2469 3208 2592 3282 ίἰιίῑ)
2618 3208 2687 3264 ad
2709 3215 3064 3263 memoratum
3087 3206 3382 3278 ρι’ίηείρεω
3401 3200 3612 3296 Car?!“

589 3314 710 3383 Quo
732 3316 897 3372 etiam
919 3323 1164 3386 tempore
1198 3317 1375 3373 denuo
1400 3317 1639 3373 exercitu
1662 3325 1954 3381 commoto,
1999 3328 2172 3385 usque

589 3405 767 3476 ipsum
788 3404 1006 3460 ﬂuvium
1029 3404 1230 3460 Mosam
1253 3407 1494 3471 veniunt,
1517 3415 1704 3462 contra
1725 3404 1975 3462 Carolum
1998 3404 2170 3460 aciem

590 3495 882 3566 dirigentes
906 3513 920 3548 :
949 3503 1108 3565 atque
1126 3510 1195 3551 ex
1219 3496 1324 3550 alia
1349 3505 1502 3566 parte
1525 3497 1804 3566 Frigiones
1836 3493 2168 3568 [Fresiones]

589 3602 714 3642 cum
743 3587 987 3642 Ratbodo
1025 3586 1160 3642 duce
1203 3595 1554 3659 consurgunt.
1589 3587 1815 3643 Carolus
1843 3600 2058 3657 quoque
2082 3601 2172 3641 su-

564 3668 572 3676 ”
588 3691 690 3748 per
717 3676 862 3747 ipsos
888 3677 1170 3749 Frigiones
1200 3678 1378 3744 irruit,
1414 3678 1598 3749 ibique
1625 3679 1922 3733 maximum
1956 3677 2172 3746 dispen-

587 3769 738 3824 dium
758 3770 823 3824 de
843 3768 1115 3842 sodalibus
1133 3769 1246 3824 suis
1264 3783 1550 3840 perpessus
1569 3777 1672 3836 est,
1694 3777 1856 3841 atque
1872 3783 1970 3840 per
1989 3767 2170 3840 fugam

591 3859 830 3927 dilapsus
854 3859 1137 3914 abscessit.

588 3973 718 4032 Car.
755 3974 884 4047 LIII.
911 3973 1163 4047 —_Quod
1185 3974 1374 4047 Carius
1396 3993 1624 4047 pugnam
1645 3978 1799 4046 gessit
1823 3984 2004 4030 contra
2024 3975 2168 4047 Chil-

659 4045 832 4125 perico
875 4053 925 4099 et
973 4043 1616 4125 Βασᾳνηίνᾳάοχὶηἰρσο
1647 4043 1989 4125 ίηυηςαραηεε
2045 4045 2168 4101 Vin-

657 4113 804 4168 ciaco
820 4131 839 4180 ;
867 4113 1305 4184 eosque’devictos
1333 4124 1486 4184 atque
1511 4114 1738 4184 fugatos,
1769 4113 1920 4169 omne
1950 4131 2166 4186 regnum

658 4182 988 4239 Francorum
1015 4184 1071 4238 in
1097 4199 1198 4238 sua
1221 4183 1414 4255 redegit
1434 4193 1703 4254 potestate.

658 4290 993 4348 Succedente
1021 4291 1185 4363 igitur
1211 4301 1451 4361 tempore
1471 4292 1668 4348 iterum
1691 4292 1805 4362 ipse
1827 4291 2166 4363 Chilpericus

584 4396 710 4439 eum
748 4381 1086 4454 Ragenfredo
1118 4380 1248 4454 [AI.,
1281 4381 1667 4456 Raganfredo],
1694 4384 1850 4439 hoste
1871 4392 2162 4451 commoto,

584 4470 891 4528 Ardennam
913 4473 1106 4527 silvam
1128 4472 1424 4543 ingressus,
1455 4488 1625 4543 usque
1652 4473 1899 4530 Rhenum
1921 4473 2160 4542 ﬂuvium,

2274 3301 2459 3355 navit:
2489 3281 2737 3370 eopacto
2780 3307 3015 3369 patrato,
3059 3307 3124 3353 ut
3163 3313 3194 3352 a
3232 3296 3460 3366 partibus
3496 3281 3744 3358 imperatoris

2277 3394 2576 3457 recederet,
2599 3399 2654 3446 et
2678 3390 2923 3446 Romano
2951 3389 3200 3446 consulto
3234 3387 3444 3460 praefato
3468 3378 3652 3454 principi
3677 3374 3742 3428 Ca-

2274 3480 2390 3537 rolo
2429 3480 2688 3537 sanciret.
2737 3481 2854 3551 Ipse
2895 3481 3075 3551 itaque
3111 3481 3356 3551 princeps
3399 3472 3636 3545 magniﬁco
3677 3467 3742 3520 h0-

2273 3587 2404 3628 nore
2445 3571 2616 3641 ipsam
2659 3572 2982 3642 legationem
3041 3571 3278 3642 recepit,
3336 3581 3535 3624 munera
3577 3557 3741 3631 pretiosa

2271 3663 2519 3729 contulit,
2575 3670 2735 3732 atque
2777 3677 2902 3718 cum
2946 3662 3058 3718 suis
3101 3660 3303 3716 nuntiis
3346 3659 3550 3713 Romam
3585 3644 3742 3705 remisit.

2269 3751 2511 3821 Itemque
2554 3757 2883 3805 memoratus
2927 3749 3214 3820 prinecps,
3259 3745 3468 3804 consilio
3508 3738 3743 3809 optimatum

2273 3858 2494 3898 suorum
2543 3843 2798 3911 expetito,
2853 3841 2977 3897 filiis
3021 3841 3137 3896 suis
3184 3854 3342 3911 regna
3383 3833 3566 3893 dividit.
3602 3824 3744 3883 idcirco

2269 3933 2628 4004 primogenito
2679 3947 2778 3988 suo
2829 3931 3192 3987 Carlomanno
3232 3931 3435 3984 nomine
3477 3916 3744 3978 Austrasiam.

2270 4022 2543 4088 Sueviam,
2591 4024 2645 4078 id
2685 4031 2768 4078 est
2803 4021 3177 4077 Alemanniam
3208 4028 3263 4076 et
3296 4004 3745 4103 Turonicamlfottt.

2269 4113 2607 4186 Turingiam]
2637 4113 2877 4169 tradidit.
2911 4113 3084 4168 Alteri
3111 4128 3241 4169 vero
3263 4111 3368 4166 filio
3390 4103 3559 4163 minori
3585 4097 3746 4194 ἰξίρίξὶιιο

2268 4205 2508 4270 nomine,
2547 4205 2934 4276 Burgundiam,
2968 4204 3269 4268 Austriam,
3316 4208 3465 4269 atque
3497 4189 3746 4265 provinciam

2267 4294 2557 4350 commisit.
2587 4293 2667 4348 Eo
2692 4309 2835 4348 anno
2862 4292 3120 4364 Pippinus
3153 4297 3415 4348 commoto
3445 4278 3644 4340 exercitu
3661 4282 3744 4370 curn

2267 4384 2533 4440 av'unculo
2559 4401 2658 4440 suo
2686 4384 3048 4440 Hildebrando
3081 4385 3236 4450 duce,
3271 4390 3325 4436 et
3352 4371 3641 4435 multitudine
3665 4376 3745 4433 Ρη·

2269 4482 2495 4540 manu”.
2532 4481 2587 4528 εἰ
2625 4474 2838 4544 agmine
2881 4473 3172 4529 satellitum
3211 4471 3558 4542 plurimorum,
3588 4461 3630 4514 in
3652 4456 3746 4544 Bur-

583 4561 669 4618 vel
701 4561 920 4617 Colonia
957 4562 1194 4627 civitate,
1222 4571 1602 4632 pervenerunt,
1632 4570 1908 4620 vastantes
1935 4571 2158 4619 terram.
2191 4548 2241 4607 υ
2265 4565 2519 4635 gundiam
2558 4543 2813 4634 dirigunt,
2856 4565 2989 4621 ﬁnes
3018 4564 3293 4637 regionum
3321 4558 3660 4633 praeoccupam-
3685 4543 3744 4597 ιη’

583 4652 855 4723 Multoque
894 4654 1149 4709 thesauro
1199 4669 1230 4707 a
1282 4653 1566 4710 Plectrude
1615 4663 1859 4711 matrona
1912 4663 2154 4725 accepto,

583 4745 989 4801 revertebantur
1013 4746 1330 4816 gaudenter.
1373 4744 1484 4801 Sed
1527 4746 1582 4800 in
1624 4745 1740 4801 loco
1779 4747 2030 4816 quodam,
2063 4748 2156 4818 qui

581 4833 780 4888 dicitur
813 4833 1095 4900 Amblava,
1142 4834 1456 4900 maximum,
1503 4834 1698 4892 Carolo
1743 4851 1904 4906 super
1945 4852 2042 4893 eos
2078 4838 2154 4892 ir-

581 4934 786 4989 ruente,
823 4926 1062 4996 perpessi
1092 4934 1216 4981 sunt
1249 4925 1606 4996 dispendium.
1654 4924 1771 4993 Quo
1812 4928 1975 4982 etiam
2021 4937 2156 4984 tem-

579 5028 709 5085 pore
728 5016 1017 5086 praedictus
1039 5017 1122 5070 vir
1139 5015 1364 5071 Carolus
1396 5017 1635 5072 exercitu
1657 5026 1929 5073 commoto
1959 5018 2156 5075 iterum

578 5115 767 5163 contra
793 5106 1159 5177 Chilpericum.
1189 5106 1271 5162 vel
1300 5106 1692 5179 Ragenfredum
1719 5109 1786 5164 ad
1808 5110 2009 5165 bellum
2033 5126 2155 5167 sur-

580 5198 738 5252 rexit.
766 5196 848 5252 llli
872 5197 1038 5252 etiam
1062 5211 1093 5251 e
1118 5204 1307 5252 contra
1354 5197 1562 5252 hostem
1605 5197 1886 5269 colligunt,
1926 5199 2157 5254 bellum-

577 5300 683 5354 que
719 5293 974 5355 parantes
1017 5285 1342 5340 accelerant.
1389 5283 1496 5338 Sed
1535 5283 1759 5340 Carolus
1804 5301 1992 5354 pacem
2037 5286 2155 5342 fieri

578 5375 1054 5446 postulat.lllisque
1075 5375 1581 5436 contradicentibus,
1602 5376 1668 5431 ad
1690 5377 1930 5446 praelium
1952 5379 2152 5442 egressi

579 5474 704 5519 sunt
728 5466 782 5520 in
805 5467 922 5522 loco
948 5476 1290 5536 nuncupante
1317 5466 1573 5536 Vinciago
1599 5465 1730 5538 [Αι.,
1758 5467 2016 5542 Vicicco],
2048 5471 2155 5527 Do-

579 5555 778 5610 ruinico
814 5558 901 5612 die
935 5558 1278 5612 illucescente
1304 5557 1372 5612 l2
1401 5557 1520 5611 Kal.
1554 5557 1725 5628 April.
1759 5559 1814 5612 in
1845 5559 2152 5633 Quadrage-

578 5646 733 5701 sima.
784 5647 998 5716 lllisque
1036 5649 1246 5703 fortiter
1291 5649 1633 5713 bellantibus,
1661 5649 1996 5720 Chilpericus
2025 5670 2148 5709 cum

580 5735 917 5809 Ragenfredo
939 5744 1090 5806 terga
1113 5737 1292 5793 vertit.
1324 5735 1551 5794 Carolus
1580 5738 1752 5794 victor
1775 5741 2000 5798 exstitit.
2050 5742 2153 5800 Re-

2261 4656 2422 4711 terim
2465 4657 2520 4712 in
2565 4657 2678 4712 sole
2704 4666 2758 4712 et
2793 4657 2918 4712 luna
2947 4666 3003 4712 et
3028 4658 3197 4713 stellis
3221 4672 3355 4712 nova
3387 4655 3523 4723 signa
3553 4651 3729 4716 appttrue

2261 4754 2408 4811 runt,
2435 4755 2490 4802 et
2515 4747 2790 4803 Paschalis
2825 4762 3037 4818 quoque
3069 4748 3202 4804 ordo
3235 4743 3592 4802 sacratissimus
3616 4731 3741 4786 turba-

2259 4844 2347 4890 tus
2375 4835 2494 4890 fuit.
2523 4834 2748 4891 Carolus
2783 4836 2965 4906 itaque
3000 4836 3250 4906 princeps
3291 4833 3496 4889 Parisiis
3534 4822 3741 4916 basilicam

2257 4927 2428 4982 sancti
2457 4927 2696 4998 Dionysii
2743 4928 2999 4999 martyris
3044 4927 3228 4982 multis
3265 4923 3550 4981 muneribus

2259 5014 2491 5071 Veniens
2534 5014 2851 5072 Carriacum
2879 5017 3013 5089 [Al.,
3041 5013 3385 5086 Carisiacum]
3415 5011 3570 5066 villam
3608 4999 3739 5092 ρεξιξιιξὶ

2254 5118 2414 5174 ευμεν
2436 5105 2570 5160 lsira
2594 5104 2814 5162 ﬂuvium
2839 5087 3014 5164 valida
3036 5107 3172 5163 febri
3199 5113 3468 5174 correptus
3488 5096 3616 5154 obiit.
3639 5087 3738 5143 Obti-

2252 5196 2370 5250 nuit
2407 5196 2770 5266 principatum
2811 5198 2968 5255 annis
3014 5199 3104 5253 27.
3140 5197 3286 5254 Obiit
3311 5213 3361 5250 ιι
3388 5191 3495 5248 Kal.
3519 5177 3734 5275 Novembr-

2252 5289 2599 5359 sefumusque
2634 5297 2718 5344 est
2749 5288 2806 5344 in
2829 5290 3054 5346 basilica
3085 5290 3256 5345 sancti
3284 5281 3502 5355 Dionysii
3530 5277 3732 5339 martyrIS-

2255 5379 2514 5434 Hiltrudis
2560 5379 2670 5433 filia
2716 5378 2853 5449 ejus,
2900 5379 3127 5436 faciente
3166 5377 3386 5435 consilio
3413 5378 3622 5428 noverca:
3642 5366 3732 5413 ὅθεν

2253 5468 2618 5524 fraudulenter
2650 5483 2746 5539 per
2786 5484 2977 5525 manus
3018 5468 3278 5525 sodalium
3321 5473 3518 5519 suorum
3555 5451 3732 5540 Βιιθτηξῖη

2252 5559 2488 5625 transiit,
2514 5565 2570 5613 et
2595 5536 2666 5612 ad
2690 5557 2980 5614 Ottilonem
3003 5560 3192 5616 ducem
3218 5550 3519 5611 Baucoarias
3535 5536 3730 5614 portem“

2252 5650 2344 5706 llle
2368 5664 2496 5705 vero
2520 5665 2639 5705 eam
2662 5650 2729 5704 ad
2757 5649 3062 5721 coniugium
3088 5646 3348 5718 copulavit
3367 5648 3532 5700 contra
3553 5629 3732 5686 volun”

2255 5750 2365 5799 tem
2401 5741 2482 5798 vel
2506 5739 2786 5799 consilium
2811 5739 3034 5798 fratrum
3065 5754 3296 5799 suorum.
