4018 6174
363 316 498 372 μσς

1419 310 1810 369 CIIRONICON
1840 311 2054 367 EPISC.
2094 309 2519 368 METENSIUM.

3487 313 3625 370 1466

425 428 636 483 Interea
659 425 1040 483 rebellantibus
1062 425 1432 483 Vuaseonibus
1457 425 1511 479 in
1537 425 1753 495 regione
1771 422 1936 492 Aqui-
1964 428 2014 489 Α
2037 423 2288 492 precibus
2332 424 2699 479 obtinuerunt.
2750 423 2845 479 llis
2885 424 2959 479 ita
3007 424 3292 481 transactis
3311 465 3326 490 ,
3378 427 3623 494 sequenti

362 520 538 584 tanize,
573 533 697 573 cum
741 516 1024 572 Hunoaldo
1060 517 1196 572 duce
1232 515 1342 570 ﬁlio
1376 515 1610 570 Eodonis
1646 514 1939 583 quondam,

361 614 751 669 Carlomannus
795 619 954 680 atque
998 609 1254 679 Pippinus
1294 607 1566 677 principes
1605 615 1661 662 et
1697 606 1942 675 germani

362 711 686 776 congregato
716 701 954 756 exercitu
987 700 1197 769 Ligeris
1224 699 1433 752 alveum
1460 697 1600 766 apud
1627 697 1944 750 Aurelianas

362 799 550 852 urbem
576 803 876 858 transeunt,
924 795 1196 848 Romanos
1233 797 1537 861 proterunt,
1581 805 1752 859 usque
1794 789 1944 842 Bitu—

365 889 504 944 ricas
546 888 736 942 urbem
773 887 1059 950 accedunt,
1098 887 1407 942 suburbana
1443 885 1610 954 ipsius
1645 883 1769 955 igne
1797 897 1947 938 com-

364 982 582 1036 burunt.
640 977 976 1037 Hunoaldum
1034 979 1227 1033 ducem
1281 983 1663 1048 persequentes
1721 973 1946 1045 fugant,

365 1072 534 1126 multa
561 1068 743 1141 przeda
770 1079 1115 1138 capta,.......
1155 1069 1278 1123 inde
1306 1068 1539 1122 victores
1564 1067 1710 1122 circa
1735 1073 1948 1136 tempus

364 1162 608 1218 autumni
651 1161 851 1218 reversi
889 1169 1037 1216 sunt.
1086 1161 1290 1216 Eodem
1335 1174 1476 1214 anno
1505 1159 1701 1214 iterum
1741 1157 1952 1213 exerci-

368 1262 481 1308 tum
508 1260 792 1306 moverunt
825 1259 1012 1307 contra
1035 1250 1379 1314 Alemaunos,
1408 1265 1570 1318 supra
1599 1248 1821 1304 ﬂuvium
1846 1249 1950 1302 Da-

369 1343 592 1398 nubium
619 1351 797 1398 castra
829 1341 1016 1397 metati
1043 1349 1191 1397 sunt.
1235 1340 1422 1410 Ibique
1457 1339 1772 1402 residentes,
1813 1353 1953 1408 quo-

369 1448 542 1504 usque
586 1434 685 1503 ipsi
722 1432 1003 1486 Alemanni
1034 1433 1206 1487 victos
1227 1446 1286 1487 se
1309 1430 1576 1493 viderunt,
1604 1429 1821 1485 obsides
1853 1429 1954 1485 do--

372 1532 528 1589 nant,
567 1523 689 1594 jura
728 1523 1072 1594 promittunt,
1105 1536 1329 1576 munera
1370 1521 1638 1578 oﬂerunt:
1665 1528 1720 1576 et
1767 1535 1953 1590 pacem

371 1623 641 1687 petentes,
688 1629 877 1669 eorum
919 1613 1108 1668 ditioni
1153 1627 1272 1668 sese
1320 1613 1659 1668 submittunt.
1700 1612 1827 1667 Inde
1871 1628 1956 1667 re-

376 1704 520 1760 versi
571 1718 713 1758 anno
749 1703 986 1758 secundo
1009 1702 1062 1756 in
1088 1701 1402 1756 Bavoariam
1431 1709 1772 1756 commovent
1803 1715 1960 1755 exer-

376 1796 548 1852 citum
593 1801 780 1850 contra
823 1793 1115 1850 Ottilonem
1167 1798 1453 1863 cognatum
1498 1791 1738 1861 ipsorum
1784 1791 1958 1846 rebel-

378 1885 602 1942 lantem.
647 1885 1044 1954 Venicntesque
1081 1894 1257 1938 castra
1300 1884 1486 1938 metati
1521 1891 1646 1938 sunt
1675 1898 1836 1952 super
1863 1881 1963 1937 ﬂu-

375 1979 529 2034 vium
572 1977 662 2047 qui
707 1976 903 2032 dicitur
941 1976 1106 2031 Lech.
1155 1975 1536 2030 Bavoariorum
1576 1975 1848 2030 exercitus
1893 1988 1963 2029 ex

377 2068 484 2125 alia
513 2077 688 2138 parte.
721 2067 859 2122 Ilinc
880 2067 1003 2122 inde
1024 2082 1083 2122 se
1111 2074 1295 2121 mutuo
1324 2065 1587 2131 videntes,
1614 2081 1785 2134 usque
1811 2064 1879 2119 ad
1904 2082 1960 2119 ιι

381 2160 526 2216 diem
565 2159 760 2214 Franci
802 2159 1078 2229 provocati
1104 2159 1444 2214 irrisionibus
1465 2158 1641 2230 gentis
1671 2157 1833 2222 illius,
1865 2173 1961 2227 pe-

381 2249 556 2306 riculo
601 2265 660 2305 se
707 2250 970 2304 dederunt
1007 2263 1106 2317 per
1148 2248 1267 2303 loca
1313 2248 1527 2303 deserta
1563 2255 1619 2302 et
1653 2247 1819 2312 invia,
1871 2246 1964 2300 ubi

383 2340 592 2395 nullum
634 2341 738 2394 iter
784 2354 1021 2408 unquam
1066 2340 1288 2409 patebat
1333 2339 1586 2408 cuiquam
1629 2337 1961 2393 mortalium.

385 2428 660 2500 Nocteque
710 2431 976 2487 irruentes
1015 2449 1180 2503 super
1222 2448 1350 2497 eos,
1397 2433 1584 2488 divisis
1635 2433 1965 2488 exercitibus

384 2521 734 2576 commissum
771 2530 855 2577 est
882 2523 1099 2578 bellum.
1130 2523 1426 2579 Prtedictus
1447 2523 1554 2578 dux
1577 2523 1744 2580 Ottilo
1765 2539 1964 2581 caesum

385 2612 684 2667 exercitum
709 2629 862 2669 suum
885 2615 1095 2681 videns,
1119 2616 1207 2669 vix
1230 2631 1350 2670 eum
1372 2616 1558 2686 paucis
1577 2618 1806 2687 turpiter
1825 2619 1966 2674 ultra

383 2699 568 2775 Ignem
609 2703 826 2760 ﬂuvium
875 2705 1125 2775 fugiendo
1173 2707 1363 2761 evasit.
1397 2707 1493 2763 His
1533 2709 1818 2778 triumphis
1844 2724 1969 2778 per-

389 2793 548 2859 actis,
593 2795 834 2864 praedicti
881 2795 1150 2866 principes
1183 2797 1416 2851 victores
1456 2798 1526 2852 ad
1579 2799 1800 2868 propria
1843 2806 1970 2854 sunt

389 2900 613 2941 I’CVCI‘SI.
749 2959 756 2965 .

460 2977 690 3033 Evoluto
715 2977 894 3047 itaque
923 2977 1176 3044 triennio,
1207 2978 1403 3032 iterum
1428 2978 1818 3034 Carlomannus
1841 2995 1968 3034 con-

393 3066 576 3122 ﬁnium
613 3068 950 3123 Saxonorum
988 3068 1117 3138 ipsis
1146 3068 1529 3124 rebellantibus
1572 3085 1692 3124 cum
1729 3069 1969 3124 exercitu

394 3155 609 3226 irrupit.
647 3156 832 3227 Ibique
873 3158 1046 3226 captis
1084 3158 1510 3220 habitatoribus,
1557 3158 1648 3228 qui
1681 3175 1778 3214 suo
1804 3173 1969 3228 regno

393 3245 580 3302 amnes
607 3263 727 3303 esse
749 3248 1085 3312 videbantur,
1117 3249 1320 3319 absque
1362 3248 1488 3303 belli
1522 3249 1832 3304 discrimine
1857 3249 1976 3303 feli-

395 3336 532 3394 citer
573 3337 875 3407 acquisivit.
928 3337 1152 3392 Plurimi
1199 3353 1386 3394 eorum
1435 3339 1729 3395 Christiani
1775 3339 1971 3405 eﬂ'eeti,

394 3427 650 3499 baptizati
690 3435 835 3484 sunt.
872 3428 976 3483 Per
1004 3430 1144 3483 idem
1195 3437 1426 3498 tempus,
1473 3429 1762 3485 rebellante
1793 3429 1969 3483 Theo-

397 3518 628 3575 dobaldo
656 3519 768 3573 ﬁlio
793 3518 1034 3575 Godfridi
1071 3519 1244 3583 ducis,
1294 3519 1552 3588 Pippinus
1605 3533 1726 3572 cum
1772 3517 1972 3572 virtute

395 3608 670 3663 exercitus
714 3609 797 3663 sui
841 3623 965 3663 eum
1009 3623 1039 3661 a
1075 3608 1249 3676 patria
1282 3607 1505 3677 expulit.
1540 3607 1741 3675 Illoque
1767 3605 1968 3675 fugato,

399 3699 680 3753 renovavit
703 3699 805 3753 sibi
837 3698 1078 3767 ejusdem
1124 3697 1226 3752 loci
1266 3698 1538 3764 ducatum,
1581 3707 1744 3767 atque
1781 3696 1977 3751 exinde

398 3788 575 3844 victor
599 3788 776 3842 rediit.
814 3787 1070 3857 Sequenti
1109 3803 1251 3842 anno
1289 3787 1531 3856 praecelsi
1568 3785 1820 3842 Germani
1854 3800 1977 3854 pro-

399 3881 578 3935 vocati
605 3889 832 3937 coturno
859 3881 1284 3946 Vuasconorum,
1315 3881 1512 3935 iterum
1538 3896 1709 3950 usque
1733 3881 1799 3934 ad
1823 3880 1980 3950 Lige-

400 3971 507 4026 rim
534 3969 752 4025 ﬂuvium
775 3972 979 4041 pariter
1003 3971 1220 4026 adunati
1251 3980 1529 4027 venerunt.
1553 3972 1707 4040 Quod
1739 3971 1984 4027 videntes

402 4061 731 4124 Vuascones,
778 4071 1288 4133 praeoccupaverunt
1330 4079 1518 4132 pacem
1560 4072 1765 4134 petere,
1809 4072 1864 4118 et
1888 4077 1982 4117 v0-

404 4149 665 4204 luntatem
705 4150 916 4220 Pippini
959 4151 1013 4205 in
1058 4152 1313 4208 omnibus
1352 4168 1410 4207 se
1441 4162 1792 4209 exsecuturos
1826 4152 1981 4222 polli-

406 4249 610 4304 centes,
659 4250 995 4295 tuuneratum
1043 4257 1165 4297 eum
1205 4257 1237 4296 a
1279 4242 1476 4298 ﬁnibus
1516 4243 1630 4299 suis
1673 4251 1734 4298 ut
1779 4244 1979 4299 rediret

1997 3122 2045 3184 C

2037 528 2180 568 anno
2219 513 2346 568 dum
2385 511 2666 568 Alemanni
2700 523 2890 570 contra
2919 515 3397 570 Carlummannum
3435 530 3624 570 eorum

2039 603 2200 659 ﬁdem
2229 604 2563 669 fefellissent,
2597 606 2710 676 ipse
2733 622 2856 662 cum
2879 622 3075 677 magno
3102 605 3284 661 furore
3308 616 3364 662 et
3388 607 3627 662 exercitu

2041 693 2096 748 in
2135 711 2324 751 eorum
2366 697 2597 767 patriam
2641 699 2989 767 peraccessit,
3035 708 3090 754 et
3117 699 3379 768 plurimos
3417 715 3628 762 eorum,

2042 788 2135 860 qui
2161 787 2391 843 rebelles
2423 786 2774 849 exstiterant,
2816 787 2996 858 gladio
3050 788 3359 842 trucidavit.
3409 788 3505 842 His
3556 788 3630 841 ita

2043 880 2226 952 gestis,
2270 879 2516 949 sequenti
2549 893 2692 932 anno
2719 877 3113 934 Carlomannus
3140 879 3441 934 devotionis
3470 894 3632 933 causa

2045 972 2302 1028 instinctu
2332 985 2645 1034 succensus,
2687 985 2909 1040 regnum
2934 986 3041 1024 una
3073 985 3196 1023 cum
3237 969 3349 1023 ﬁlio
3375 985 3473 1024 suo
3499 968 3624 1023 Dro-

2047 1077 2182 1117 cone
2207 1060 2455 1116 manibus
2491 1061 2732 1132 germani
2772 1061 2856 1115 sui
2900 1059 3112 1130 Pippini
3158 1059 3521 1123 committens,
3565 1059 3634 1114 ad

2047 1153 2236 1207 limina
2261 1154 2541 1207 beatorum
2569 1151 2934 1222 apostolorum
2963 1150 3113 1205 Petri
3143 1157 3196 1205 et
3222 1149 3373 1203 Pauli
3405 1149 3636 1202 Romam

2050 1239 2106 1295 in
2150 1241 2450 1294 monastico
2497 1239 2688 1294 ordine
2741 1246 3186 1308 perseveraturus
3239 1237 3476 1291 advenit.
3521 1235 3634 1302 Qua

2050 1330 2392 1388 successione
2415 1331 2674 1400 Pippinus
2701 1330 2986 1384 roboratur
3014 1328 3068 1382 in
3095 1344 3280 1399 regno.

2122 1446 2327 1501 Eodem
2371 1459 2513 1499 anno
2562 1442 2806 1498 Saxones
2837 1440 3102 1497 rebellare
3131 1441 3309 1496 conati
3342 1447 3488 1495 sunt.
3521 1439 3638 1506 Qua

2055 1533 2122 1590 de
2146 1550 2308 1590 causa
2334 1534 2594 1604 Pippinus
2619 1549 2744 1588 cum
2770 1532 3010 1586 exercitu
3042 1544 3136 1586 eos
3163 1531 3461 1599 praevenire
3491 1545 3633 1584 com-

2054 1625 2242 1694 pulsus
2281 1632 2384 1680 est.
2412 1623 2510 1678 Cui
2541 1623 2706 1678 etiam
2741 1636 2897 1691 reges
2937 1621 3292 1677 Vuinidorum
3327 1627 3382 1674 et
3403 1619 3632 1674 Frisino-

2059 1734 2177 1772 rum
2204 1717 2272 1772 ad
2301 1716 2666 1770 auxiliandum
2712 1729 2822 1769 uno
2863 1714 3046 1768 animo
3089 1720 3463 1768 occurrerunt.
3490 1712 3641 1779 Quod

2061 1809 2306 1864 videntes
2330 1806 2594 1871 Saxones,
2621 1806 2815 1860 timore
2837 1805 3098 1875 compulsi
3126 1814 3273 1858 sunt.
3297 1804 3447 1859 Multi
3473 1821 3540 1860 ex
3564 1805 3643 1860 eis

2061 1897 2214 1954 fuere
2255 1898 2527 1963 trucidati,
2568 1896 2752 1966 plures
2789 1895 2844 1950 in
2882 1895 3251 1964 captivitatem
3280 1893 3517 1958 abducti,
3561 1909 3648 1949 re-

2063 1990 2249 2060 giones
2291 2004 2480 2044 eorum
2523 1987 2634 2055 igni
2683 1991 3062 2041 concrematac.
3111 1985 3306 2040 Pacem
3352 1984 3644 2053 petierunt,

2057 2082 2169 2152 juri
2214 2080 2565 2144 Francorum,
2607 2086 2667 2132 ut
2693 2092 2813 2132 mos
2851 2075 3048 2141 fuerat,
3077 2091 3137 2130 se
3161 2075 3548 2138 submiserunt,
3591 2080 3646 2128 et

2063 2191 2127 2231 ea
2156 2175 2375 2237 tributa,
2404 2187 2523 2242 qum
2542 2169 2816 2225 Chlotario
2837 2168 3104 2238 quondam
3127 2167 3422 2231 solvebant,
3451 2165 3647 2234 plenis-

2065 2264 2203 2319 sima
2231 2262 2496 2317 solutione
2522 2261 2590 2315 ab
2617 2275 2682 2314 eo
2703 2268 2944 2327 tempore
2965 2268 3019 2312 et
3047 2257 3299 2325 deinceps
3326 2270 3383 2310 se
3408 2253 3647 2308 redditu-

2065 2372 2155 2412 ros
2175 2355 2514 2425 promittunt.
2544 2353 2620 2406 Ex
2650 2353 2845 2422 quibus
2865 2364 3078 2420 quoque
3099 2349 3329 2419 plurima
3359 2346 3649 2402 multitudo

2065 2447 2321 2503 videntes
2357 2461 2415 2501 se
2459 2453 2648 2500 contra
2697 2444 2956 2512 impetum
3002 2441 3336 2495 Francorum
3386 2436 3649 2492 rebellare

2065 2557 2175 2596 non
2217 2553 2396 2608 posse,
2436 2535 2669 2606 propriis
2712 2535 2916 2588 viribus
2949 2531 3212 2596 destituti,
3245 2529 3518 2600 petierunt
3543 2525 3648 2581 sibi

2067 2627 2495 2686 Christianitatis
2555 2631 2892 2680 sacramenta
2947 2620 3202 2677 conferri.
3263 2619 3380 2685 Quo
3428 2623 3651 2686 peracto

2068 2730 2332 2791 tempore,
2350 2715 2776 2780 Baioariiﬁdem,
2797 2729 2960 2784 quam
2986 2721 3145 2767 antea
3171 2709 3552 2780 promiserant,
3567 2705 3648 2760 fe-

2067 2812 2278 2868 fellunt.
2323 2810 2439 2878 Qua
2467 2810 2533 2864 de
2561 2823 2620 2862 re
2649 2807 2900 2876 princeps
2925 2803 3184 2872 Pippinus
3205 2806 3475 2855 commoto
3497 2810 3652 2852 exer-

2070 2905 2181 2959 citu
2223 2917 2411 2957 eorum
2453 2899 2658 2969 patrias
2703 2896 2952 2951 accessit.
2980 2893 3086 2964 Ipsi
3111 2908 3240 2947 vero
3264 2891 3404 2946 ultra
3431 2889 3652 2943 ﬂuvium

2069 2992 2183 3062 Igni
2211 3007 2334 3046 cum
2355 2989 2612 3045 uxoribus
2638 3002 2702 3041 ac
2724 2985 2906 3040 liberis
2931 2982 3202 3054 fugerunt.
3229 2978 3495 3035 Prml'atus
3512 2978 3655 3046 prin-

2073 3097 2201 3152 ceps
2244 3096 2406 3151 super
2447 3079 2620 3147 ripam
2660 3075 2772 3146 Igni
2808 3081 2986 3129 castra
3025 3079 3279 3134 metatus,
3308 3066 3497 3122 navale
3517 3080 3655 3135 pra:-

2073 3176 2205 3230 lium
2233 3170 2578 3243 praeparavit,
2619 3167 2851 3237 qualiter
2888 3179 2983 3219 eos
3013 3177 3187 3233 usque
3222 3162 3290 3214 ad
3333 3155 3657 3212 internecio-

2075 3281 2200 3323 nem
2240 3270 2678 3336 persequeretur.
2710 3259 2826 3313 Hoc
2859 3256 3104 3311 videntes
3147 3249 3379 3307 Baioarii
3430 3264 3490 3303 se
3532 3259 3658 3301 eva-

2077 3358 2204 3413 dere
2250 3371 2359 3409 non
2406 3367 2566 3422 posse
2589 3391 2604 3418 ,
2654 3350 2862 3418 legatos
2920 3361 3044 3400 cum
3103 3343 3288 3399 multis
3341 3337 3658 3395 muneribus

2077 3449 2471 3510 transmittunt,
2519 3451 2575 3500 et
2608 3441 2725 3514 ejus
2763 3439 2952 3497 ditioni
2987 3451 3046 3493 se
3089 3435 3343 3498 subdunt,
3387 3439 3444 3486 et
3478 3443 3660 3485 sacra-

2075 3547 2258 3594 menta
2297 3534 2633 3593 vel'obsides
2677 3534 2898 3596 donant,
2938 3521 3318 3599 promittentes
3345 3538 3405 3578 se
3430 3520 3660 3577 ulterius

2076 3629 2302 3684 rebelles
2339 3643 2444 3682 non
2483 3624 2792 3680 exstituros.
2830 3621 2950 3691 Ipse
2982 3633 3109 3673 vero
3134 3617 3384 3688 princeps
3408 3613 3464 3666 in
3488 3609 3661 3665 Fran-

2077 3720 2216 3774 ciam
2269 3718 2549 3782 remeavit,
2593 3725 2648 3771 et
2693 3715 2897 3786 quievit
2949 3722 3091 3768 terra
3134 3726 3164 3764 a
3207 3707 3409 3779 praeliis
3452 3704 3661 3760 duobus

2080 3808 2256 3863 annis.
2281 3807 2398 3875 Quo
2427 3816 2666 3877 tempore
2691 3821 2811 3861 cum
2841 3803 3067 3861 consilio
3113 3801 3446 3856 Francorum
3490 3793 3660 3849 missa

2081 3901 2364 3966 relatione,
2393 3901 2536 3956 sedis
2571 3898 2876 3970 apostolica:
2898 3895 3217 3951 auctoritate
3245 3895 3517 3963 percepta,
3543 3886 3663 3956 ipse

2080 3993 2339 4065 Pippinus
2364 4009 2486 4049 cum
2512 4008 2776 4049 consensu
2801 3991 3133 4046 Francorum
3162 3995 3217 4044 et
3252 3981 3665 4044 consecratione

2079 4086 2452 4156 episcoporum
2476 4085 2796 4139 sublimatur
2821 4082 2875 4136 in
2899 4096 3084 4151 regno.

2461 4196 2754 4269 [Hactenus
2776 4195 2937 4248 codex
2965 4192 3089 4264 ms.]

413 4385 3648 4424 _______________________________

1015 4722 1603 4802 CHRONICON
1664 4720 2375 4800 EPISCOPORUM
2435 4718 2882 4796 METENSI
2901 4718 3041 4793 UM

1675 4869 2002 4926 AUCTORE
2038 4868 2394 4926 ANONYMO.

1621 5008 1714 5073 (Ex
1741 5006 1803 5058 D.
1829 5006 2063 5067 Calmeto,
2089 5006 2214 5056 Hist.
2240 5005 2460 5068 Lotbar.)

1846 5121 2221 5144 ψ

486 5235 512 5263 ι
537 5221 667 5277 Viro
689 5218 814 5276 huic
833 5216 1089 5289 pneclaro
1111 5218 1369 5295 successit
1389 5218 1617 5272 domnus
1633 5217 1988 5289 Angerannus
2015 5214 2064 5274 ι)
2088 5228 2328 5289 tempore
2351 5216 2492 5273 facta
2521 5226 2606 5274 est
2635 5216 3018 5289 imperatorum
3050 5218 3330 5274 translatio
3352 5220 3663 5280 Graecorum

416 5310 548 5386 [Αι.,
575 5306 960 5382 Angilramne],
991 5308 1045 5362 in
1068 5307 1254 5364 ordine
1281 5308 1590 5380 trigesimus
1617 5317 1859 5364 octavus.
1893 5306 1991 5362 Hic
2091 5311 2158 5365 ad
2191 5325 2345 5380 reges
2372 5308 2703 5365 Francorum
2720 5349 2735 5373 ,
2776 5310 2880 5366 hoc
2908 5317 2968 5364 ut
2993 5307 3166 5364 fertur
3190 5309 3350 5365 modo
3374 5329 3386 5364 :
3429 5312 3663 5369 Leonem

417 5403 878 5473 archicapellanus
909 5400 1091 5472 palatii
1128 5400 1334 5456 exstitit
1361 5399 1542 5455 Caroli
1578 5399 1774 5473 Magni.
1821 5397 1992 5468 Ilujus
2089 5416 2281 5472 papam
2303 5399 2366 5455 Ill
2393 5400 2622 5455 Romani
2649 5401 2764 5456 zelo
2788 5401 2988 5456 furoris
3012 5403 3263 5473 completi
3287 5405 3663 5475 corripientes,

490 5571 517 5597 ι
557 5557 678 5611 Viro
706 5557 826 5610 huic
851 5555 1124 5625 prreclaro.
1159 5555 1208 5608 ls
1234 5562 1318 5608 est
1332 5553 1760 5625 AChrodegangns
1784 5553 1992 5621 episco-
2091 5549 2391 5625 Chronicon
2414 5551 2535 5612 hoc,
2552 5550 2692 5625 quod
2712 5565 2778 5606 ex
2800 5550 3118 5625 D.Calmeto
3139 5553 3462 5625 recudimus,
3478 5554 3666 5624 incipit

422 5627 768 5754 gms-dequo
805 5619 1002 5708 Paulus
1024 5626 1289 5704 Diaconus
1330 5622 1384 5677 in
1409 5619 1990 5742 Gestis'eéiiscoporum
2092 5620 2160 5673 ab
2197 5619 2537 5701 Angelranuo
2572 5619 2849 5692 episcopo,
2895 5622 2949 5678 in
2991 5638 3098 5694 quo
3131 5621 3292 5680 Gesta
3335 5639 3432 5680 sua
3471 5619 3664 5681 clausit

457 5696 742 5752 lctcusuun
764 5697 1000 5754 (huiusce
1022 5693 1336 5754 Patrologue
1363 5701 1502 5746 tomo
1524 5689 1617 5747 XL
1676 5729 1696 5754 ,
1716 5689 1815 5745 col.
1839 5689 1987 5752 699).
2093 5689 2288 5745 Paulus
2315 5691 2599 5747 Diacouus.

457 5689 742 5752 lctcusiu'in
764 5697 1000 5765 (huiusce
1022 5693 1336 5761 Patrologite
1363 5701 1502 5746 tomo
1524 5689 1620 5747 XC
1634 5689 1696 5754 V,
1716 5689 1815 5745 col.
1839 5689 1987 5752 699).
2093 5689 2288 5745 Paulus
2315 5691 2599 5747 Diacouus.
