  <div class='ocr_page' id='page_1' title='image "/cluster/home/n/w/nwhite01/storage/ocr_20150623/96/hvd.32044052819901/739.png"; bbox 0 0 4046 6172; ppageno 0'>
   <div class='ocr_carea' id='block_1_1' title="bbox 561 335 689 389">
    <p class='ocr_par' dir='ltr' id='par_1_1' title="bbox 561 335 689 389">
     <span class='ocr_line' id='line_1_1' title="bbox 561 335 689 389; baseline 0 -1"><span class='ocrx_word' id='word_1_1' title='bbox 561 335 689 389; x_wconf 61' lang='lat' dir='ltr'><strong>HT!</strong></span> 
     </span>
    </p>
   </div>
   <div class='ocr_carea' id='block_1_2' title="bbox 1790 328 2574 393">
    <p class='ocr_par' dir='ltr' id='par_1_2' title="bbox 1790 328 2574 393">
     <span class='ocr_line' id='line_1_2' title="bbox 1790 328 2574 393; baseline -0.001 -3"><span class='ocrx_word' id='word_1_2' title='bbox 1790 328 2096 393; x_wconf 76' lang='lat' dir='ltr'><strong>ANONYMI</strong></span> <span class='ocrx_word' id='word_1_3' title='bbox 2133 331 2403 391; x_wconf 63' lang='lat' dir='ltr'><strong>SECULI</strong></span> <span class='ocrx_word' id='word_1_4' title='bbox 2443 328 2574 389; x_wconf 74' lang='lat' dir='ltr'><strong>Vill.</strong></span> 
     </span>
    </p>
   </div>
   <div class='ocr_carea' id='block_1_3' title="bbox 3613 339 3718 399">
    <p class='ocr_par' dir='ltr' id='par_1_3' title="bbox 3613 339 3718 399">
     <span class='ocr_line' id='line_1_3' title="bbox 3613 339 3718 399; baseline 0.067 -7"><span class='ocrx_word' id='word_1_5' title='bbox 3613 339 3718 399; x_wconf 60' lang='lat' dir='ltr'><strong>illis</strong></span> 
     </span>
    </p>
   </div>
   <div class='ocr_carea' id='block_1_4' title="bbox 555 440 3716 523">
    <p class='ocr_par' dir='ltr' id='par_1_4' title="bbox 555 440 3716 523">
     <span class='ocr_line' id='line_1_4' title="bbox 555 440 3716 523; baseline -0.001 -14"><span class='ocrx_word' id='word_1_6' title='bbox 555 454 727 510; x_wconf 87' lang='lat' dir='ltr'><strong>oculis</strong></span> <span class='ocrx_word' id='word_1_7' title='bbox 754 451 965 523; x_wconf 78' lang='lat' dir='ltr'><strong>privare</strong></span> <span class='ocrx_word' id='word_1_8' title='bbox 990 451 1288 516; x_wconf 83' lang='lat' dir='ltr'><strong>voluerunt,</strong></span> <span class='ocrx_word' id='word_1_9' title='bbox 1324 451 1417 507; x_wconf 86' lang='lat' dir='ltr'><strong>sed</strong></span> <span class='ocrx_word' id='word_1_10' title='bbox 1444 451 1623 506; x_wconf 84' lang='lat' dir='ltr'><strong>lumen</strong></span> <span class='ocrx_word' id='word_1_11' title='bbox 1650 449 1766 519; x_wconf 86' lang='lat' dir='ltr'><strong>ejus</strong></span> <span class='ocrx_word' id='word_1_12' title='bbox 1794 451 2006 520; x_wconf 87' lang='lat' dir='ltr'><strong>penitus</strong></span> <span class='ocrx_word' id='word_1_13' title='bbox 2031 464 2125 504; x_wconf 67' lang='lat' dir='ltr'><strong>ex«</strong></span> <span class='ocrx_word' id='word_1_14' title='bbox 2155 456 2201 514; x_wconf 76' lang='grc' dir='ltr'><strong>Α</strong></span> <span class='ocrx_word' id='word_1_15' title='bbox 2297 444 2536 502; x_wconf 79' lang='lat' dir='ltr'><strong>Domnus</strong></span> <span class='ocrx_word' id='word_1_16' title='bbox 2563 444 2833 500; x_wconf 76' lang='lat' dir='ltr'><strong>Robertus</strong></span> <span class='ocrx_word' id='word_1_17' title='bbox 2859 440 3180 498; x_wconf 73' lang='lat' dir='ltr'><strong>reformator</strong></span> <span class='ocrx_word' id='word_1_18' title='bbox 3204 444 3546 502; x_wconf 69' lang='lat' dir='ltr'><strong>emnobiorum</strong></span> <span class='ocrx_word' id='word_1_19' title='bbox 3568 461 3611 505; x_wconf 89' lang='lat' dir='ltr'><strong>et</strong></span> <span class='ocrx_word' id='word_1_20' title='bbox 3632 471 3716 509; x_wconf 76' lang='lat' dir='ltr'><strong>littl-</strong></span> 
     </span>
    </p>
   </div>
   <div class='ocr_carea' id='block_1_5' title="bbox 555 540 2130 614">
    <p class='ocr_par' dir='ltr' id='par_1_5' title="bbox 555 540 2130 614">
     <span class='ocr_line' id='line_1_5' title="bbox 555 540 2130 614; baseline -0.003 -15"><span class='ocrx_word' id='word_1_21' title='bbox 555 544 828 614; x_wconf 90' lang='lat' dir='ltr'><strong>stinguere</strong></span> <span class='ocrx_word' id='word_1_22' title='bbox 870 557 976 597; x_wconf 89' lang='lat' dir='ltr'><strong>non</strong></span> <span class='ocrx_word' id='word_1_23' title='bbox 1021 550 1327 611; x_wconf 88' lang='lat' dir='ltr'><strong>potuerunt.</strong></span> <span class='ocrx_word' id='word_1_24' title='bbox 1378 542 1481 609; x_wconf 87' lang='lat' dir='ltr'><strong>Qui</strong></span> <span class='ocrx_word' id='word_1_25' title='bbox 1529 542 1598 597; x_wconf 88' lang='lat' dir='ltr'><strong>ad</strong></span> <span class='ocrx_word' id='word_1_26' title='bbox 1640 541 1890 597; x_wconf 82' lang='lat' dir='ltr'><strong>Carolutn</strong></span> <span class='ocrx_word' id='word_1_27' title='bbox 1940 540 2130 596; x_wconf 86' lang='lat' dir='ltr'><strong>confu-</strong></span> 
     </span>
    </p>
   </div>
   <div class='ocr_carea' id='block_1_6' title="bbox 555 630 2128 706">
    <p class='ocr_par' dir='ltr' id='par_1_6' title="bbox 555 630 2128 706">
     <span class='ocr_line' id='line_1_6' title="bbox 555 630 2128 706; baseline -0.003 -17"><span class='ocrx_word' id='word_1_28' title='bbox 555 635 726 706; x_wconf 87' lang='lat' dir='ltr'><strong>giens,</strong></span> <span class='ocrx_word' id='word_1_29' title='bbox 748 632 1039 689; x_wconf 90' lang='lat' dir='ltr'><strong>honoriﬁce</strong></span> <span class='ocrx_word' id='word_1_30' title='bbox 1062 633 1131 687; x_wconf 89' lang='lat' dir='ltr'><strong>ab</strong></span> <span class='ocrx_word' id='word_1_31' title='bbox 1154 648 1219 687; x_wconf 83' lang='lat' dir='ltr'><strong>co</strong></span> <span class='ocrx_word' id='word_1_32' title='bbox 1239 640 1519 703; x_wconf 85' lang='lat' dir='ltr'><strong>susceptus</strong></span> <span class='ocrx_word' id='word_1_33' title='bbox 1537 640 1638 696; x_wconf 87' lang='lat' dir='ltr'><strong>est,</strong></span> <span class='ocrx_word' id='word_1_34' title='bbox 1667 641 1721 687; x_wconf 91' lang='lat' dir='ltr'><strong>et</strong></span> <span class='ocrx_word' id='word_1_35' title='bbox 1743 645 1865 686; x_wconf 88' lang='lat' dir='ltr'><strong>cum</strong></span> <span class='ocrx_word' id='word_1_36' title='bbox 1887 630 2128 699; x_wconf 76' lang='lat' dir='ltr'><strong>polentia</strong></span> 
     </span>
    </p>
   </div>
   <div class='ocr_carea' id='block_1_7' title="bbox 554 723 2125 787">
    <p class='ocr_par' dir='ltr' id='par_1_7' title="bbox 554 723 2125 787">
     <span class='ocr_line' id='line_1_7' title="bbox 554 723 2125 787; baseline -0.004 -4"><span class='ocrx_word' id='word_1_37' title='bbox 554 726 824 783; x_wconf 78' lang='lat' dir='ltr'><strong>exercitus</strong></span> <span class='ocrx_word' id='word_1_38' title='bbox 852 723 1079 780; x_wconf 78' lang='lat' dir='ltr'><strong>Romam</strong></span> <span class='ocrx_word' id='word_1_39' title='bbox 1111 725 1391 787; x_wconf 83' lang='lat' dir='ltr'><strong>reductus,</strong></span> <span class='ocrx_word' id='word_1_40' title='bbox 1428 741 1539 780; x_wconf 75' lang='lat' dir='ltr'><strong>sua:</strong></span> <span class='ocrx_word' id='word_1_41' title='bbox 1572 726 1685 779; x_wconf 84' lang='lat' dir='ltr'><strong>sedi</strong></span> <span class='ocrx_word' id='word_1_42' title='bbox 1714 731 1799 780; x_wconf 87' lang='lat' dir='ltr'><strong>est</strong></span> <span class='ocrx_word' id='word_1_43' title='bbox 1823 724 2125 779; x_wconf 86' lang='lat' dir='ltr'><strong>restitutus.</strong></span> 
     </span>
    </p>
   </div>
   <div class='ocr_carea' id='block_1_8' title="bbox 555 813 2130 886">
    <p class='ocr_par' dir='ltr' id='par_1_8' title="bbox 555 813 2130 886">
     <span class='ocr_line' id='line_1_8' title="bbox 555 813 2130 886; baseline -0.003 -14"><span class='ocrx_word' id='word_1_44' title='bbox 555 813 710 872; x_wconf 79' lang='lat' dir='ltr'><strong>Unde</strong></span> <span class='ocrx_word' id='word_1_45' title='bbox 730 816 796 871; x_wconf 90' lang='lat' dir='ltr'><strong>ab</strong></span> <span class='ocrx_word' id='word_1_46' title='bbox 815 816 1000 871; x_wconf 89' lang='lat' dir='ltr'><strong>eodem</strong></span> <span class='ocrx_word' id='word_1_47' title='bbox 1022 830 1159 884; x_wconf 88' lang='lat' dir='ltr'><strong>papa</strong></span> <span class='ocrx_word' id='word_1_48' title='bbox 1175 815 1400 871; x_wconf 84' lang='lat' dir='ltr'><strong>Carolus</strong></span> <span class='ocrx_word' id='word_1_49' title='bbox 1423 816 1642 886; x_wconf 88' lang='lat' dir='ltr'><strong>Magnus</strong></span> <span class='ocrx_word' id='word_1_50' title='bbox 1665 815 1717 869; x_wconf 90' lang='lat' dir='ltr'><strong>in</strong></span> <span class='ocrx_word' id='word_1_51' title='bbox 1740 814 1963 870; x_wconf 83' lang='lat' dir='ltr'><strong>ecclesia</strong></span> <span class='ocrx_word' id='word_1_52' title='bbox 1985 813 2130 870; x_wconf 83' lang='lat' dir='ltr'><strong>beati</strong></span> 
     </span>
    </p>
   </div>
   <div class='ocr_carea' id='block_1_9' title="bbox 552 903 2126 973">
    <p class='ocr_par' dir='ltr' id='par_1_9' title="bbox 552 903 2126 973">
     <span class='ocr_line' id='line_1_9' title="bbox 552 903 2126 973; baseline -0.003 -13"><span class='ocrx_word' id='word_1_53' title='bbox 552 903 699 960; x_wconf 85' lang='lat' dir='ltr'><strong>Petri</strong></span> <span class='ocrx_word' id='word_1_54' title='bbox 726 904 813 959; x_wconf 91' lang='lat' dir='ltr'><strong>die</strong></span> <span class='ocrx_word' id='word_1_55' title='bbox 836 904 1033 959; x_wconf 83' lang='lat' dir='ltr'><strong>natalis</strong></span> <span class='ocrx_word' id='word_1_56' title='bbox 1056 904 1266 958; x_wconf 81' lang='lat' dir='ltr'><strong>Domini</strong></span> <span class='ocrx_word' id='word_1_57' title='bbox 1296 912 1488 959; x_wconf 73' lang='lat' dir='ltr'><strong>uncttrs</strong></span> <span class='ocrx_word' id='word_1_58' title='bbox 1518 912 1603 959; x_wconf 84' lang='lat' dir='ltr'><strong>est</strong></span> <span class='ocrx_word' id='word_1_59' title='bbox 1636 904 1689 958; x_wconf 88' lang='lat' dir='ltr'><strong>in</strong></span> <span class='ocrx_word' id='word_1_60' title='bbox 1719 903 2126 973; x_wconf 70' lang='lat' dir='ltr'><strong>imperatorem,</strong></span> 
     </span>
    </p>
   </div>
   <div class='ocr_carea' id='block_1_10' title="bbox 551 993 1568 1051">
    <p class='ocr_par' dir='ltr' id='par_1_10' title="bbox 551 993 1568 1051">
     <span class='ocr_line' id='line_1_10' title="bbox 551 993 1568 1051; baseline 0.002 -5"><span class='ocrx_word' id='word_1_61' title='bbox 551 1007 696 1048; x_wconf 90' lang='lat' dir='ltr'><strong>anno</strong></span> <span class='ocrx_word' id='word_1_62' title='bbox 720 994 787 1048; x_wconf 88' lang='lat' dir='ltr'><strong>ab</strong></span> <span class='ocrx_word' id='word_1_63' title='bbox 811 993 1181 1049; x_wconf 88' lang='lat' dir='ltr'><strong>lucarnatione</strong></span> <span class='ocrx_word' id='word_1_64' title='bbox 1207 995 1417 1049; x_wconf 82' lang='lat' dir='ltr'><strong>Domini</strong></span> <span class='ocrx_word' id='word_1_65' title='bbox 1441 994 1568 1051; x_wconf 76' lang='lat'><strong>80!.</strong></span> 
     </span>
    </p>
   </div>
   <div class='ocr_carea' id='block_1_11' title="bbox 623 1080 2126 1156">
    <p class='ocr_par' dir='ltr' id='par_1_11' title="bbox 623 1080 2126 1156">
     <span class='ocr_line' id='line_1_11' title="bbox 623 1080 2126 1156; baseline 0.003 -21"><span class='ocrx_word' id='word_1_66' title='bbox 623 1080 883 1137; x_wconf 63' lang='lat' dir='ltr'><strong>Prtefatus</strong></span> <span class='ocrx_word' id='word_1_67' title='bbox 923 1083 1304 1153; x_wconf 83' lang='lat' dir='ltr'><strong>Angerannus,</strong></span> <span class='ocrx_word' id='word_1_68' title='bbox 1352 1085 1495 1139; x_wconf 90' lang='lat' dir='ltr'><strong>inter</strong></span> <span class='ocrx_word' id='word_1_69' title='bbox 1533 1094 1727 1139; x_wconf 62' lang='lat' dir='ltr'><strong>caetera</strong></span> <span class='ocrx_word' id='word_1_70' title='bbox 1766 1085 1904 1140; x_wconf 85' lang='lat' dir='ltr'><strong>bene</strong></span> <span class='ocrx_word' id='word_1_71' title='bbox 1945 1092 2126 1156; x_wconf 84' lang='lat' dir='ltr'><strong>gesta,</strong></span> 
     </span>
    </p>
   </div>
   <div class='ocr_carea' id='block_1_12' title="bbox 551 1170 2130 1244">
    <p class='ocr_par' dir='ltr' id='par_1_12' title="bbox 551 1170 2130 1244">
     <span class='ocr_line' id='line_1_12' title="bbox 551 1170 2130 1244; baseline 0.002 -18"><span class='ocrx_word' id='word_1_72' title='bbox 551 1170 715 1227; x_wconf 73' lang='lat' dir='ltr'><strong>Nova:</strong></span> <span class='ocrx_word' id='word_1_73' title='bbox 759 1171 920 1228; x_wconf 75' lang='lat' dir='ltr'><strong>Cella:</strong></span> <span class='ocrx_word' id='word_1_74' title='bbox 971 1174 1360 1228; x_wconf 77' lang='lat' dir='ltr'><strong>monasterium</strong></span> <span class='ocrx_word' id='word_1_75' title='bbox 1411 1175 1712 1229; x_wconf 80' lang='lat' dir='ltr'><strong>construxit</strong></span> <span class='ocrx_word' id='word_1_76' title='bbox 1737 1215 1751 1239; x_wconf 92' lang='lat'><strong>,</strong></span> <span class='ocrx_word' id='word_1_77' title='bbox 1807 1175 1863 1229; x_wconf 89' lang='lat' dir='ltr'><strong>in</strong></span> <span class='ocrx_word' id='word_1_78' title='bbox 1914 1187 2025 1244; x_wconf 93' lang='lat' dir='ltr'><strong>quo</strong></span> <span class='ocrx_word' id='word_1_79' title='bbox 2071 1183 2130 1229; x_wconf 89' lang='lat' dir='ltr'><strong>et</strong></span> 
     </span>
    </p>
   </div>
   <div class='ocr_carea' id='block_1_13' title="bbox 550 1252 2130 1332">
    <p class='ocr_par' dir='ltr' id='par_1_13' title="bbox 550 1252 2130 1332">
     <span class='ocr_line' id='line_1_13' title="bbox 550 1252 2130 1332; baseline 0.004 -18"><span class='ocrx_word' id='word_1_80' title='bbox 550 1261 800 1331; x_wconf 83' lang='lat' dir='ltr'><strong>quiescit.</strong></span> <span class='ocrx_word' id='word_1_81' title='bbox 846 1261 1006 1317; x_wconf 79' lang='lat' dir='ltr'><strong>Rexit</strong></span> <span class='ocrx_word' id='word_1_82' title='bbox 1032 1262 1378 1331; x_wconf 71' lang='lat' dir='ltr'><strong>praesulatum</strong></span> <span class='ocrx_word' id='word_1_83' title='bbox 1408 1262 1565 1318; x_wconf 88' lang='lat' dir='ltr'><strong>annis</strong></span> <span class='ocrx_word' id='word_1_84' title='bbox 1593 1265 1663 1319; x_wconf 80' lang='lat'><strong>35</strong></span> <span class='ocrx_word' id='word_1_85' title='bbox 1692 1264 1793 1319; x_wconf 91' lang='lat' dir='ltr'><strong>sub</strong></span> <span class='ocrx_word' id='word_1_86' title='bbox 1821 1252 2130 1332; x_wconf 74' lang='lat' dir='ltr'><strong>apostolicis</strong></span> 
     </span>
    </p>
   </div>
   <div class='ocr_carea' id='block_1_14' title="bbox 549 1348 2135 1423">
    <p class='ocr_par' dir='ltr' id='par_1_14' title="bbox 549 1348 2135 1423">
     <span class='ocr_line' id='line_1_14' title="bbox 549 1348 2135 1423; baseline 0.003 -20"><span class='ocrx_word' id='word_1_87' title='bbox 549 1348 821 1416; x_wconf 80' lang='lat' dir='ltr'><strong>Adriano,</strong></span> <span class='ocrx_word' id='word_1_88' title='bbox 864 1350 1044 1407; x_wconf 90' lang='lat' dir='ltr'><strong>Leone</strong></span> <span class='ocrx_word' id='word_1_89' title='bbox 1083 1351 1429 1421; x_wconf 81' lang='lat' dir='ltr'><strong>praescripto,</strong></span> <span class='ocrx_word' id='word_1_90' title='bbox 1470 1361 1526 1407; x_wconf 89' lang='lat' dir='ltr'><strong>et</strong></span> <span class='ocrx_word' id='word_1_91' title='bbox 1556 1350 1832 1423; x_wconf 80' lang='lat' dir='ltr'><strong>Stephano</strong></span> <span class='ocrx_word' id='word_1_92' title='bbox 1852 1351 1938 1407; x_wconf 87' lang='grc' dir='ltr'><strong>ιιι.</strong></span> <span class='ocrx_word' id='word_1_93' title='bbox 1983 1352 2135 1411; x_wconf 84' lang='lat' dir='ltr'><strong>Obiit</strong></span> 
     </span>
    </p>
   </div>
   <div class='ocr_carea' id='block_1_15' title="bbox 549 1441 1303 1499">
    <p class='ocr_par' dir='ltr' id='par_1_15' title="bbox 549 1441 1303 1499">
     <span class='ocr_line' id='line_1_15' title="bbox 549 1441 1303 1499; baseline 0 -2"><span class='ocrx_word' id='word_1_94' title='bbox 549 1450 747 1497; x_wconf 82' lang='lat' dir='ltr'><strong>octavo</strong></span> <span class='ocrx_word' id='word_1_95' title='bbox 770 1441 889 1497; x_wconf 85' lang='lat' dir='ltr'><strong>Kal.</strong></span> <span class='ocrx_word' id='word_1_96' title='bbox 917 1442 1231 1499; x_wconf 76' lang='lat' dir='ltr'><strong>Decembris</strong></span> <span class='ocrx_word' id='word_1_97' title='bbox 1252 1456 1303 1497; x_wconf 75' lang='grc' dir='ltr'><strong>ι.</strong></span> 
     </span>
    </p>
   </div>
   <div class='ocr_carea' id='block_1_16' title="bbox 622 1531 2129 1607">
    <p class='ocr_par' dir='ltr' id='par_1_16' title="bbox 622 1531 2129 1607">
     <span class='ocr_line' id='line_1_16' title="bbox 622 1531 2129 1607; baseline 0.004 -21"><span class='ocrx_word' id='word_1_98' title='bbox 622 1531 955 1587; x_wconf 86' lang='lat' dir='ltr'><strong>Sublimatur</strong></span> <span class='ocrx_word' id='word_1_99' title='bbox 988 1541 1112 1603; x_wconf 88' lang='lat' dir='ltr'><strong>post</strong></span> <span class='ocrx_word' id='word_1_100' title='bbox 1151 1534 1296 1591; x_wconf 90' lang='lat' dir='ltr'><strong>hunc</strong></span> <span class='ocrx_word' id='word_1_101' title='bbox 1329 1533 1634 1591; x_wconf 84' lang='lat' dir='ltr'><strong>Gundulfus</strong></span> <span class='ocrx_word' id='word_1_102' title='bbox 1679 1536 1988 1607; x_wconf 85' lang='lat' dir='ltr'><strong>trigesimus</strong></span> <span class='ocrx_word' id='word_1_103' title='bbox 2028 1552 2129 1591; x_wconf 89' lang='lat' dir='ltr'><strong>uo—</strong></span> 
     </span>
    </p>
   </div>
   <div class='ocr_carea' id='block_1_17' title="bbox 550 1622 2135 1695">
    <p class='ocr_par' dir='ltr' id='par_1_17' title="bbox 550 1622 2135 1695">
     <span class='ocr_line' id='line_1_17' title="bbox 550 1622 2135 1695; baseline 0.003 -17"><span class='ocrx_word' id='word_1_104' title='bbox 550 1638 652 1678; x_wconf 86' lang='lat' dir='ltr'><strong>nus</strong></span> <span class='ocrx_word' id='word_1_105' title='bbox 683 1622 937 1680; x_wconf 78' lang='lat' dir='ltr'><strong>Metensis</strong></span> <span class='ocrx_word' id='word_1_106' title='bbox 964 1625 1268 1695; x_wconf 77' lang='lat' dir='ltr'><strong>episcOpus,</strong></span> <span class='ocrx_word' id='word_1_107' title='bbox 1309 1628 1720 1682; x_wconf 85' lang='lat' dir='ltr'><strong>conversatione</strong></span> <span class='ocrx_word' id='word_1_108' title='bbox 1748 1643 1810 1682; x_wconf 82' lang='lat' dir='ltr'><strong>ac</strong></span> <span class='ocrx_word' id='word_1_109' title='bbox 1841 1626 1943 1681; x_wconf 86' lang='lat' dir='ltr'><strong>ﬁde</strong></span> <span class='ocrx_word' id='word_1_110' title='bbox 1971 1643 2135 1682; x_wconf 75' lang='lat' dir='ltr'><strong>vene-</strong></span> 
     </span>
    </p>
   </div>
   <div class='ocr_carea' id='block_1_18' title="bbox 550 1711 2128 1783">
    <p class='ocr_par' dir='ltr' id='par_1_18' title="bbox 550 1711 2128 1783">
     <span class='ocr_line' id='line_1_18' title="bbox 550 1711 2128 1783; baseline 0.003 -17"><span class='ocrx_word' id='word_1_111' title='bbox 550 1712 772 1767; x_wconf 79' lang='lat' dir='ltr'><strong>randns.</strong></span> <span class='ocrx_word' id='word_1_112' title='bbox 828 1711 981 1768; x_wconf 80' lang='lat' dir='ltr'><strong>Sedit</strong></span> <span class='ocrx_word' id='word_1_113' title='bbox 1008 1713 1042 1767; x_wconf 87' lang='lat'><strong>6</strong></span> <span class='ocrx_word' id='word_1_114' title='bbox 1068 1715 1225 1770; x_wconf 89' lang='lat' dir='ltr'><strong>annis</strong></span> <span class='ocrx_word' id='word_1_115' title='bbox 1271 1722 1511 1783; x_wconf 88' lang='lat' dir='ltr'><strong>tempore</strong></span> <span class='ocrx_word' id='word_1_116' title='bbox 1557 1715 1813 1769; x_wconf 77' lang='lat' dir='ltr'><strong>Ludovici</strong></span> <span class='ocrx_word' id='word_1_117' title='bbox 1857 1716 1939 1770; x_wconf 90' lang='lat' dir='ltr'><strong>Pii</strong></span> <span class='ocrx_word' id='word_1_118' title='bbox 1964 1757 1980 1779; x_wconf 89' lang='lat'><strong>,</strong></span> <span class='ocrx_word' id='word_1_119' title='bbox 2026 1716 2128 1772; x_wconf 88' lang='lat' dir='ltr'><strong>sub</strong></span> 
     </span>
    </p>
   </div>
   <div class='ocr_carea' id='block_1_19' title="bbox 2230 533 3743 605">
    <p class='ocr_par' dir='ltr' id='par_1_19' title="bbox 2230 533 3743 605">
     <span class='ocr_line' id='line_1_19' title="bbox 2230 533 3743 605; baseline 0.004 -14"><span class='ocrx_word' id='word_1_120' title='bbox 2230 554 2411 595; x_wconf 80' lang='lat' dir='ltr'><strong>rerum</strong></span> <span class='ocrx_word' id='word_1_121' title='bbox 2441 537 2610 602; x_wconf 88' lang='lat' dir='ltr'><strong>urbis,</strong></span> <span class='ocrx_word' id='word_1_122' title='bbox 2647 533 3091 605; x_wconf 69' lang='lat' dir='ltr'><strong>quadragesimus</strong></span> <span class='ocrx_word' id='word_1_123' title='bbox 3126 534 3317 590; x_wconf 87' lang='lat' dir='ltr'><strong>tertius</strong></span> <span class='ocrx_word' id='word_1_124' title='bbox 3351 534 3468 590; x_wconf 84' lang='lat' dir='ltr'><strong>huic</strong></span> <span class='ocrx_word' id='word_1_125' title='bbox 3497 544 3714 598; x_wconf 75' lang='lat' dir='ltr'><strong>successit.</strong></span> <span class='ocrx_word' id='word_1_126' title='bbox 3740 568 3743 569; x_wconf 53' lang='grc' dir='ltr'><em>ν</em></span> 
     </span>
    </p>
   </div>
   <div class='ocr_carea' id='block_1_20' title="bbox 2229 622 3716 693">
    <p class='ocr_par' dir='ltr' id='par_1_20' title="bbox 2229 622 3716 693">
     <span class='ocr_line' id='line_1_20' title="bbox 2229 622 3716 693; baseline 0 -9"><span class='ocrx_word' id='word_1_127' title='bbox 2229 628 2380 685; x_wconf 87' lang='lat' dir='ltr'><strong>Sedit</strong></span> <span class='ocrx_word' id='word_1_128' title='bbox 2416 627 2573 682; x_wconf 86' lang='lat' dir='ltr'><strong>annis</strong></span> <span class='ocrx_word' id='word_1_129' title='bbox 2604 624 2673 681; x_wconf 71' lang='grc'><strong>54</strong></span> <span class='ocrx_word' id='word_1_130' title='bbox 2698 623 2713 675; x_wconf 89' lang='lat' dir='ltr'><strong>i</strong></span> <span class='ocrx_word' id='word_1_131' title='bbox 2745 626 2847 681; x_wconf 87' lang='lat' dir='ltr'><strong>sub</strong></span> <span class='ocrx_word' id='word_1_132' title='bbox 2883 623 3195 693; x_wconf 82' lang='lat' dir='ltr'><strong>apostolicis</strong></span> <span class='ocrx_word' id='word_1_133' title='bbox 3217 622 3417 681; x_wconf 80' lang='lat' dir='ltr'><strong>Joanne</strong></span> <span class='ocrx_word' id='word_1_134' title='bbox 3442 626 3507 683; x_wconf 81' lang='lat' dir='ltr'><strong>XI</strong></span> <span class='ocrx_word' id='word_1_135' title='bbox 3538 638 3587 684; x_wconf 86' lang='lat' dir='ltr'><strong>et</strong></span> <span class='ocrx_word' id='word_1_136' title='bbox 3616 631 3716 689; x_wconf 81' lang='lat' dir='ltr'><strong>Leo.</strong></span> 
     </span>
    </p>
   </div>
   <div class='ocr_carea' id='block_1_21' title="bbox 2228 718 3722 792">
    <p class='ocr_par' dir='ltr' id='par_1_21' title="bbox 2228 718 3722 792">
     <span class='ocr_line' id='line_1_21' title="bbox 2228 718 3722 792; baseline 0.005 -17"><span class='ocrx_word' id='word_1_137' title='bbox 2228 734 2299 775; x_wconf 88' lang='lat' dir='ltr'><strong>ne</strong></span> <span class='ocrx_word' id='word_1_138' title='bbox 2322 721 2386 787; x_wconf 77' lang='lat' dir='ltr'><strong>V,</strong></span> <span class='ocrx_word' id='word_1_139' title='bbox 2421 722 2751 790; x_wconf 83' lang='lat' dir='ltr'><strong>temporibus</strong></span> <span class='ocrx_word' id='word_1_140' title='bbox 2788 735 2978 792; x_wconf 84' lang='lat' dir='ltr'><strong>regum</strong></span> <span class='ocrx_word' id='word_1_141' title='bbox 3012 718 3291 789; x_wconf 77' lang='lat' dir='ltr'><strong>iuniorum</strong></span> <span class='ocrx_word' id='word_1_142' title='bbox 3313 720 3650 789; x_wconf 82' lang='lat' dir='ltr'><strong>Carlomanni,</strong></span> <span class='ocrx_word' id='word_1_143' title='bbox 3681 736 3722 782; x_wconf 83' lang='lat' dir='ltr'><strong>et</strong></span> 
     </span>
    </p>
   </div>
   <div class='ocr_carea' id='block_1_22' title="bbox 2227 808 3721 888">
    <p class='ocr_par' dir='ltr' id='par_1_22' title="bbox 2227 808 3721 888">
     <span class='ocr_line' id='line_1_22' title="bbox 2227 808 3721 888; baseline -0.003 -21"><span class='ocrx_word' id='word_1_144' title='bbox 2227 808 2468 879; x_wconf 75' lang='lat' dir='ltr'><strong>Lodoici,</strong></span> <span class='ocrx_word' id='word_1_145' title='bbox 2501 821 2556 868; x_wconf 87' lang='lat' dir='ltr'><strong>et</strong></span> <span class='ocrx_word' id='word_1_146' title='bbox 2579 812 2777 869; x_wconf 80' lang='lat' dir='ltr'><strong>Caroli.</strong></span> <span class='ocrx_word' id='word_1_147' title='bbox 2818 813 2918 869; x_wconf 79' lang='lat' dir='ltr'><strong>llic</strong></span> <span class='ocrx_word' id='word_1_148' title='bbox 2954 813 3224 869; x_wconf 77' lang='lat' dir='ltr'><strong>Rohcrtus</strong></span> <span class='ocrx_word' id='word_1_149' title='bbox 3250 827 3437 882; x_wconf 87' lang='lat' dir='ltr'><strong>genere</strong></span> <span class='ocrx_word' id='word_1_150' title='bbox 3462 812 3551 868; x_wconf 82' lang='lat' dir='ltr'><strong>fuit</strong></span> 
     </span>
    </p>
   </div>
   <div class='ocr_carea' id='block_1_23' title="bbox 2225 902 3722 974">
    <p class='ocr_par' dir='ltr' id='par_1_23' title="bbox 2225 902 3722 974">
     <span class='ocr_line' id='line_1_23' title="bbox 2225 902 3722 974; baseline 0.002 -17"><span class='ocrx_word' id='word_1_151' title='bbox 2225 902 2678 969; x_wconf 75' lang='lat' dir='ltr'><strong>Alamannorum;</strong></span> <span class='ocrx_word' id='word_1_152' title='bbox 2716 905 2940 974; x_wconf 78' lang='lat' dir='ltr'><strong>pallium</strong></span> <span class='ocrx_word' id='word_1_153' title='bbox 2974 919 3003 958; x_wconf 90' lang='lat' dir='ltr'><strong>a</strong></span> <span class='ocrx_word' id='word_1_154' title='bbox 3032 919 3167 974; x_wconf 82' lang='lat' dir='ltr'><strong>papa</strong></span> <span class='ocrx_word' id='word_1_155' title='bbox 3199 904 3434 958; x_wconf 74' lang='lat' dir='ltr'><strong>Romano</strong></span> <span class='ocrx_word' id='word_1_156' title='bbox 3459 908 3722 974; x_wconf 73' lang='lat' dir='ltr'><strong>promeruit;</strong></span> 
     </span>
    </p>
   </div>
   <div class='ocr_carea' id='block_1_24' title="bbox 2227 995 3724 1062">
    <p class='ocr_par' dir='ltr' id='par_1_24' title="bbox 2227 995 3724 1062">
     <span class='ocr_line' id='line_1_24' title="bbox 2227 995 3724 1062; baseline 0.001 -11"><span class='ocrx_word' id='word_1_157' title='bbox 2227 1005 2547 1051; x_wconf 87' lang='lat' dir='ltr'><strong>ornamenta</strong></span> <span class='ocrx_word' id='word_1_158' title='bbox 2570 998 2936 1053; x_wconf 72' lang='lat' dir='ltr'><strong>emnobiorum</strong></span> <span class='ocrx_word' id='word_1_159' title='bbox 2968 996 3133 1051; x_wconf 78' lang='lat' dir='ltr'><strong>multa</strong></span> <span class='ocrx_word' id='word_1_160' title='bbox 3156 995 3243 1051; x_wconf 86' lang='lat' dir='ltr'><strong>vel</strong></span> <span class='ocrx_word' id='word_1_161' title='bbox 3270 997 3501 1062; x_wconf 88' lang='lat' dir='ltr'><strong>mutavit,</strong></span> <span class='ocrx_word' id='word_1_162' title='bbox 3522 998 3594 1052; x_wconf 84' lang='lat' dir='ltr'><strong>vel</strong></span> <span class='ocrx_word' id='word_1_163' title='bbox 3612 1015 3724 1053; x_wconf 76' lang='lat' dir='ltr'><strong>reno-</strong></span> 
     </span>
    </p>
   </div>
   <div class='ocr_carea' id='block_1_25' title="bbox 2228 1087 3721 1157">
    <p class='ocr_par' dir='ltr' id='par_1_25' title="bbox 2228 1087 3721 1157">
     <span class='ocr_line' id='line_1_25' title="bbox 2228 1087 3721 1157; baseline 0.003 -18"><span class='ocrx_word' id='word_1_164' title='bbox 2228 1088 2393 1151; x_wconf 86' lang='lat' dir='ltr'><strong>vavit,</strong></span> <span class='ocrx_word' id='word_1_165' title='bbox 2420 1102 2541 1143; x_wconf 87' lang='lat' dir='ltr'><strong>cum</strong></span> <span class='ocrx_word' id='word_1_166' title='bbox 2571 1089 2746 1144; x_wconf 87' lang='lat' dir='ltr'><strong>muris</strong></span> <span class='ocrx_word' id='word_1_167' title='bbox 2772 1089 2925 1143; x_wconf 81' lang='lat' dir='ltr'><strong>senio</strong></span> <span class='ocrx_word' id='word_1_168' title='bbox 2951 1088 3223 1157; x_wconf 77' lang='lat' dir='ltr'><strong>collapsis.</strong></span> <span class='ocrx_word' id='word_1_169' title='bbox 3261 1087 3400 1143; x_wconf 80' lang='lat' dir='ltr'><strong>Obiit</strong></span> <span class='ocrx_word' id='word_1_170' title='bbox 3426 1104 3472 1142; x_wconf 78' lang='lat' dir='ltr'><strong>iv</strong></span> <span class='ocrx_word' id='word_1_171' title='bbox 3497 1088 3610 1143; x_wconf 81' lang='lat' dir='ltr'><strong>Non.</strong></span> <span class='ocrx_word' id='word_1_172' title='bbox 3631 1088 3721 1143; x_wconf 81' lang='lat' dir='ltr'><strong>Jan.</strong></span> 
     </span>
    </p>
   </div>
   <div class='ocr_carea' id='block_1_26' title="bbox 2229 1174 3302 1244">
    <p class='ocr_par' dir='ltr' id='par_1_26' title="bbox 2229 1174 3302 1244">
     <span class='ocr_line' id='line_1_26' title="bbox 2229 1174 3302 1244; baseline 0.002 -16"><span class='ocrx_word' id='word_1_173' title='bbox 2229 1174 2482 1244; x_wconf 88' lang='lat' dir='ltr'><strong>Sepultus</strong></span> <span class='ocrx_word' id='word_1_174' title='bbox 2505 1184 2589 1231; x_wconf 87' lang='lat' dir='ltr'><strong>est</strong></span> <span class='ocrx_word' id='word_1_175' title='bbox 2614 1176 2670 1230; x_wconf 80' lang='lat' dir='ltr'><strong>in</strong></span> <span class='ocrx_word' id='word_1_176' title='bbox 2694 1177 2924 1232; x_wconf 77' lang='lat' dir='ltr'><strong>ecclesia</strong></span> <span class='ocrx_word' id='word_1_177' title='bbox 2947 1177 3119 1232; x_wconf 73' lang='lat' dir='ltr'><strong>sancti</strong></span> <span class='ocrx_word' id='word_1_178' title='bbox 3143 1176 3302 1232; x_wconf 78' lang='lat' dir='ltr'><strong>Galli.</strong></span> 
     </span>
    </p>
   </div>
   <div class='ocr_carea' id='block_1_27' title="bbox 2299 1264 3724 1337">
    <p class='ocr_par' dir='ltr' id='par_1_27' title="bbox 2299 1264 3724 1337">
     <span class='ocr_line' id='line_1_27' title="bbox 2299 1264 3724 1337; baseline 0.003 -16"><span class='ocrx_word' id='word_1_179' title='bbox 2299 1264 2603 1337; x_wconf 83' lang='lat' dir='ltr'><strong>Wigericus</strong></span> <span class='ocrx_word' id='word_1_180' title='bbox 2641 1268 3086 1337; x_wconf 73' lang='lat' dir='ltr'><strong>quadragesimus</strong></span> <span class='ocrx_word' id='word_1_181' title='bbox 3123 1275 3350 1336; x_wconf 79' lang='lat' dir='ltr'><strong>quat-tus</strong></span> <span class='ocrx_word' id='word_1_182' title='bbox 3388 1269 3614 1323; x_wconf 85' lang='lat' dir='ltr'><strong>successit</strong></span> <span class='ocrx_word' id='word_1_183' title='bbox 3644 1268 3724 1325; x_wconf 87' lang='lat' dir='ltr'><strong>Ro-</strong></span> 
     </span>
    </p>
   </div>
   <div class='ocr_carea' id='block_1_28' title="bbox 2226 1356 3720 1423">
    <p class='ocr_par' dir='ltr' id='par_1_28' title="bbox 2226 1356 3720 1423">
     <span class='ocr_line' id='line_1_28' title="bbox 2226 1356 3720 1423; baseline -0.001 -10"><span class='ocrx_word' id='word_1_184' title='bbox 2226 1356 2403 1413; x_wconf 87' lang='lat' dir='ltr'><strong>berto.</strong></span> <span class='ocrx_word' id='word_1_185' title='bbox 2436 1356 2590 1413; x_wconf 82' lang='lat' dir='ltr'><strong>Sedit</strong></span> <span class='ocrx_word' id='word_1_186' title='bbox 2610 1357 2767 1412; x_wconf 88' lang='lat' dir='ltr'><strong>annis</strong></span> <span class='ocrx_word' id='word_1_187' title='bbox 2798 1356 2883 1423; x_wconf 80' lang='grc' dir='ltr'><strong>ιο,</strong></span> <span class='ocrx_word' id='word_1_188' title='bbox 2913 1356 3104 1413; x_wconf 88' lang='lat' dir='ltr'><strong>diebus</strong></span> <span class='ocrx_word' id='word_1_189' title='bbox 3123 1357 3217 1411; x_wconf 73' lang='lat'><strong>30.</strong></span> <span class='ocrx_word' id='word_1_190' title='bbox 3245 1356 3387 1413; x_wconf 80' lang='lat' dir='ltr'><strong>Obiit</strong></span> <span class='ocrx_word' id='word_1_191' title='bbox 3412 1356 3551 1411; x_wconf 75' lang='lat' dir='ltr'><strong>Motis</strong></span> <span class='ocrx_word' id='word_1_192' title='bbox 3568 1372 3611 1410; x_wconf 78' lang='grc' dir='ltr'><strong>ιι</strong></span> <span class='ocrx_word' id='word_1_193' title='bbox 3635 1356 3720 1411; x_wconf 81' lang='lat' dir='ltr'><strong>Kal.</strong></span> 
     </span>
    </p>
   </div>
   <div class='ocr_carea' id='block_1_29' title="bbox 2229 1447 3722 1519">
    <p class='ocr_par' dir='ltr' id='par_1_29' title="bbox 2229 1447 3722 1519">
     <span class='ocr_line' id='line_1_29' title="bbox 2229 1447 3722 1519; baseline 0 -17"><span class='ocrx_word' id='word_1_194' title='bbox 2229 1447 2431 1502; x_wconf 77' lang='lat' dir='ltr'><strong>Martii.</strong></span> <span class='ocrx_word' id='word_1_195' title='bbox 2464 1447 2562 1504; x_wconf 79' lang='lat' dir='ltr'><strong>His</strong></span> <span class='ocrx_word' id='word_1_196' title='bbox 2589 1447 2923 1517; x_wconf 82' lang='lat' dir='ltr'><strong>temporibus</strong></span> <span class='ocrx_word' id='word_1_197' title='bbox 2952 1447 3189 1519; x_wconf 82' lang='lat' dir='ltr'><strong>Hungari</strong></span> <span class='ocrx_word' id='word_1_198' title='bbox 3218 1448 3447 1504; x_wconf 80' lang='lat' dir='ltr'><strong>secumlo</strong></span> <span class='ocrx_word' id='word_1_199' title='bbox 3468 1447 3634 1504; x_wconf 78' lang='lat' dir='ltr'><strong>Gallias</strong></span> <span class='ocrx_word' id='word_1_200' title='bbox 3651 1464 3722 1502; x_wconf 58' lang='lat' dir='ltr'><strong>va.</strong></span> 
     </span>
    </p>
   </div>
   <div class='ocr_carea' id='block_1_30' title="bbox 2228 1535 3724 1607">
    <p class='ocr_par' dir='ltr' id='par_1_30' title="bbox 2228 1535 3724 1607">
     <span class='ocr_line' id='line_1_30' title="bbox 2228 1535 3724 1607; baseline -0.001 -16"><span class='ocrx_word' id='word_1_201' title='bbox 2228 1544 2454 1601; x_wconf 82' lang='lat' dir='ltr'><strong>stantes,</strong></span> <span class='ocrx_word' id='word_1_202' title='bbox 2482 1536 2677 1590; x_wconf 83' lang='lat' dir='ltr'><strong>multas</strong></span> <span class='ocrx_word' id='word_1_203' title='bbox 2703 1537 2868 1592; x_wconf 86' lang='lat' dir='ltr'><strong>urbes</strong></span> <span class='ocrx_word' id='word_1_204' title='bbox 2897 1552 2962 1591; x_wconf 85' lang='lat' dir='ltr'><strong>ac</strong></span> <span class='ocrx_word' id='word_1_205' title='bbox 2985 1535 3248 1591; x_wconf 84' lang='lat' dir='ltr'><strong>ecclesias</strong></span> <span class='ocrx_word' id='word_1_206' title='bbox 3271 1536 3323 1590; x_wconf 84' lang='lat' dir='ltr'><strong>in</strong></span> <span class='ocrx_word' id='word_1_207' title='bbox 3351 1536 3543 1591; x_wconf 87' lang='lat' dir='ltr'><strong>cineres</strong></span> <span class='ocrx_word' id='word_1_208' title='bbox 3560 1536 3724 1607; x_wconf 73' lang='lat' dir='ltr'><strong>redege-</strong></span> 
     </span>
    </p>
   </div>
   <div class='ocr_carea' id='block_1_31' title="bbox 2227 1624 3721 1696">
    <p class='ocr_par' dir='ltr' id='par_1_31' title="bbox 2227 1624 3721 1696">
     <span class='ocr_line' id='line_1_31' title="bbox 2227 1624 3721 1696; baseline -0.002 -13"><span class='ocrx_word' id='word_1_209' title='bbox 2227 1637 2371 1691; x_wconf 84' lang='lat' dir='ltr'><strong>runt,</strong></span> <span class='ocrx_word' id='word_1_210' title='bbox 2392 1634 2451 1683; x_wconf 89' lang='lat' dir='ltr'><strong>et</strong></span> <span class='ocrx_word' id='word_1_211' title='bbox 2466 1626 2701 1696; x_wconf 88' lang='lat' dir='ltr'><strong>plurium</strong></span> <span class='ocrx_word' id='word_1_212' title='bbox 2719 1633 3029 1681; x_wconf 83' lang='lat' dir='ltr'><strong>sanctorum</strong></span> <span class='ocrx_word' id='word_1_213' title='bbox 3051 1625 3291 1695; x_wconf 64' lang='lat' dir='ltr'><strong>reliquiae</strong></span> <span class='ocrx_word' id='word_1_214' title='bbox 3311 1625 3376 1681; x_wconf 88' lang='lat' dir='ltr'><strong>de</strong></span> <span class='ocrx_word' id='word_1_215' title='bbox 3396 1626 3501 1681; x_wconf 90' lang='lat' dir='ltr'><strong>loco</strong></span> <span class='ocrx_word' id='word_1_216' title='bbox 3519 1626 3575 1680; x_wconf 80' lang='lat' dir='ltr'><strong>ad</strong></span> <span class='ocrx_word' id='word_1_217' title='bbox 3591 1624 3721 1680; x_wconf 78' lang='grc' dir='ltr'><strong>ιυαιιιι</strong></span> 
     </span>
    </p>
   </div>
   <div class='ocr_carea' id='block_1_32' title="bbox 2228 1715 3475 1786">
    <p class='ocr_par' dir='ltr' id='par_1_32' title="bbox 2228 1715 3475 1786">
     <span class='ocr_line' id='line_1_32' title="bbox 2228 1715 3475 1786; baseline -0.006 -11"><span class='ocrx_word' id='word_1_218' title='bbox 2228 1718 2505 1775; x_wconf 73' lang='lat' dir='ltr'><strong>translata:</strong></span> <span class='ocrx_word' id='word_1_219' title='bbox 2532 1716 2844 1773; x_wconf 84' lang='lat' dir='ltr'><strong>sunt.—Tum</strong></span> <span class='ocrx_word' id='word_1_220' title='bbox 2872 1717 3133 1786; x_wconf 77' lang='lat' dir='ltr'><strong>regnabat</strong></span> <span class='ocrx_word' id='word_1_221' title='bbox 3158 1715 3475 1785; x_wconf 81' lang='lat' dir='ltr'><strong>Arnulphus.</strong></span> 
     </span>
    </p>
   </div>
   <div class='ocr_carea' id='block_1_33' title="bbox 548 1802 3727 1878">
    <p class='ocr_par' dir='ltr' id='par_1_33' title="bbox 548 1802 3727 1878">
     <span class='ocr_line' id='line_1_33' title="bbox 548 1802 3727 1878; baseline 0 -19"><span class='ocrx_word' id='word_1_222' title='bbox 548 1803 858 1873; x_wconf 78' lang='lat' dir='ltr'><strong>apostolicis</strong></span> <span class='ocrx_word' id='word_1_223' title='bbox 882 1802 1140 1859; x_wconf 88' lang='lat' dir='ltr'><strong>Paschale</strong></span> <span class='ocrx_word' id='word_1_224' title='bbox 1168 1812 1223 1859; x_wconf 91' lang='lat' dir='ltr'><strong>et</strong></span> <span class='ocrx_word' id='word_1_225' title='bbox 1249 1804 1512 1874; x_wconf 80' lang='lat' dir='ltr'><strong>Eugenio.</strong></span> <span class='ocrx_word' id='word_1_226' title='bbox 1556 1804 1702 1860; x_wconf 82' lang='lat' dir='ltr'><strong>Obiit</strong></span> <span class='ocrx_word' id='word_1_227' title='bbox 1728 1820 1803 1859; x_wconf 90' lang='lat' dir='ltr'><strong>vn</strong></span> <span class='ocrx_word' id='word_1_228' title='bbox 1841 1804 1967 1860; x_wconf 83' lang='lat' dir='ltr'><strong>llus</strong></span> <span class='ocrx_word' id='word_1_229' title='bbox 1990 1805 2124 1874; x_wconf 72' lang='grc' dir='ltr'><strong>εφ-</strong></span> <span class='ocrx_word' id='word_1_230' title='bbox 2158 1806 2205 1871; x_wconf 77' lang='grc' dir='ltr'><strong>Β</strong></span> <span class='ocrx_word' id='word_1_231' title='bbox 2300 1806 2757 1878; x_wconf 83' lang='lat' dir='ltr'><strong>Quadragesimus</strong></span> <span class='ocrx_word' id='word_1_232' title='bbox 2787 1806 3009 1876; x_wconf 88' lang='lat' dir='ltr'><strong>quintus-</strong></span> <span class='ocrx_word' id='word_1_233' title='bbox 3042 1806 3224 1877; x_wconf 70' lang='lat' dir='ltr'><strong>digna:</strong></span> <span class='ocrx_word' id='word_1_234' title='bbox 3263 1806 3518 1861; x_wconf 77' lang='lat' dir='ltr'><strong>memoria:</strong></span> <span class='ocrx_word' id='word_1_235' title='bbox 3550 1805 3727 1860; x_wconf 76' lang='lat' dir='ltr'><strong>domus</strong></span> 
     </span>
    </p>
   </div>
   <div class='ocr_carea' id='block_1_34' title="bbox 552 1896 799 1952">
    <p class='ocr_par' dir='ltr' id='par_1_34' title="bbox 552 1896 799 1952">
     <span class='ocr_line' id='line_1_34' title="bbox 552 1896 799 1952; baseline -0.012 0"><span class='ocrx_word' id='word_1_236' title='bbox 552 1896 799 1952; x_wconf 81' lang='lat' dir='ltr'><strong>tembris.</strong></span> 
     </span>
    </p>
   </div>
   <div class='ocr_carea' id='block_1_35' title="bbox 621 1974 2129 2055">
    <p class='ocr_par' dir='ltr' id='par_1_35' title="bbox 621 1974 2129 2055">
     <span class='ocr_line' id='line_1_35' title="bbox 621 1974 2129 2055; baseline -0.003 -16"><span class='ocrx_word' id='word_1_237' title='bbox 621 1985 750 2039; x_wconf 88' lang='lat' dir='ltr'><strong>Post</strong></span> <span class='ocrx_word' id='word_1_238' title='bbox 774 1985 915 2039; x_wconf 89' lang='lat' dir='ltr'><strong>hunc</strong></span> <span class='ocrx_word' id='word_1_239' title='bbox 942 1974 1657 2055; x_wconf 68' lang='lat' dir='ltr'><strong>quadragesimus&#39;ascendit</strong></span> <span class='ocrx_word' id='word_1_240' title='bbox 1700 1984 1768 2038; x_wconf 87' lang='lat' dir='ltr'><strong>ad</strong></span> <span class='ocrx_word' id='word_1_241' title='bbox 1809 1983 2015 2054; x_wconf 78' lang='lat' dir='ltr'><strong>apicem</strong></span> <span class='ocrx_word' id='word_1_242' title='bbox 2042 1997 2129 2036; x_wconf 83' lang='lat' dir='ltr'><strong>sa-</strong></span> 
     </span>
    </p>
   </div>
   <div class='ocr_carea' id='block_1_36' title="bbox 546 2073 2129 2144">
    <p class='ocr_par' dir='ltr' id='par_1_36' title="bbox 546 2073 2129 2144">
     <span class='ocr_line' id='line_1_36' title="bbox 546 2073 2129 2144; baseline -0.002 -13"><span class='ocrx_word' id='word_1_243' title='bbox 546 2076 773 2131; x_wconf 85' lang='lat' dir='ltr'><strong>cerdotii</strong></span> <span class='ocrx_word' id='word_1_244' title='bbox 804 2075 1058 2130; x_wconf 88' lang='lat' dir='ltr'><strong>Metensis</strong></span> <span class='ocrx_word' id='word_1_245' title='bbox 1085 2075 1327 2131; x_wconf 71' lang='lat' dir='ltr'><strong>ecclesiae</strong></span> <span class='ocrx_word' id='word_1_246' title='bbox 1354 2076 1549 2144; x_wconf 83' lang='lat' dir='ltr'><strong>Drogo,</strong></span> <span class='ocrx_word' id='word_1_247' title='bbox 1577 2076 1721 2132; x_wconf 87' lang='lat' dir='ltr'><strong>ﬁlius</strong></span> <span class='ocrx_word' id='word_1_248' title='bbox 1744 2075 1923 2130; x_wconf 78' lang='lat' dir='ltr'><strong>Caroli</strong></span> <span class='ocrx_word' id='word_1_249' title='bbox 1951 2073 2129 2143; x_wconf 77' lang='lat' dir='ltr'><strong>Magni</strong></span> 
     </span>
    </p>
   </div>
   <div class='ocr_carea' id='block_1_37' title="bbox 548 2162 2129 2235">
    <p class='ocr_par' dir='ltr' id='par_1_37' title="bbox 548 2162 2129 2235">
     <span class='ocr_line' id='line_1_37' title="bbox 548 2162 2129 2235; baseline -0.004 -15"><span class='ocrx_word' id='word_1_250' title='bbox 548 2165 910 2235; x_wconf 82' lang='lat' dir='ltr'><strong>imperatoris.</strong></span> <span class='ocrx_word' id='word_1_251' title='bbox 966 2163 1118 2220; x_wconf 86' lang='lat' dir='ltr'><strong>Sedit</strong></span> <span class='ocrx_word' id='word_1_252' title='bbox 1163 2165 1320 2220; x_wconf 88' lang='lat' dir='ltr'><strong>annis</strong></span> <span class='ocrx_word' id='word_1_253' title='bbox 1349 2164 1420 2218; x_wconf 75' lang='lat'><strong>32</strong></span> <span class='ocrx_word' id='word_1_254' title='bbox 1464 2165 1568 2219; x_wconf 87' lang='lat' dir='ltr'><strong>sub</strong></span> <span class='ocrx_word' id='word_1_255' title='bbox 1597 2163 1907 2235; x_wconf 81' lang='lat' dir='ltr'><strong>apostolicis</strong></span> <span class='ocrx_word' id='word_1_256' title='bbox 1934 2162 2129 2218; x_wconf 79' lang='lat' dir='ltr'><strong>Valen-</strong></span> 
     </span>
    </p>
   </div>
   <div class='ocr_carea' id='block_1_38' title="bbox 552 2251 2129 2326">
    <p class='ocr_par' dir='ltr' id='par_1_38' title="bbox 552 2251 2129 2326">
     <span class='ocr_line' id='line_1_38' title="bbox 552 2251 2129 2326; baseline -0.004 -15"><span class='ocrx_word' id='word_1_257' title='bbox 552 2256 687 2321; x_wconf 84' lang='lat' dir='ltr'><strong>tino,</strong></span> <span class='ocrx_word' id='word_1_258' title='bbox 717 2255 979 2326; x_wconf 75' lang='lat' dir='ltr'><strong>Gregorio</strong></span> <span class='ocrx_word' id='word_1_259' title='bbox 1006 2256 1094 2320; x_wconf 73' lang='grc' dir='ltr'><strong>ιγ,</strong></span> <span class='ocrx_word' id='word_1_260' title='bbox 1125 2254 1334 2325; x_wconf 87' lang='lat' dir='ltr'><strong>Sergio.</strong></span> <span class='ocrx_word' id='word_1_261' title='bbox 1382 2253 1482 2309; x_wconf 83' lang='lat' dir='ltr'><strong>llic</strong></span> <span class='ocrx_word' id='word_1_262' title='bbox 1508 2253 2002 2324; x_wconf 85' lang='lat' dir='ltr'><strong>archiepiscopatus</strong></span> <span class='ocrx_word' id='word_1_263' title='bbox 2032 2251 2129 2306; x_wconf 89' lang='lat' dir='ltr'><strong>bo-</strong></span> 
     </span>
    </p>
   </div>
   <div class='ocr_carea' id='block_1_39' title="bbox 546 2347 2126 2418">
    <p class='ocr_par' dir='ltr' id='par_1_39' title="bbox 546 2347 2126 2418">
     <span class='ocr_line' id='line_1_39' title="bbox 546 2347 2126 2418; baseline -0.003 -13"><span class='ocrx_word' id='word_1_264' title='bbox 546 2364 680 2405; x_wconf 82' lang='lat' dir='ltr'><strong>nore</strong></span> <span class='ocrx_word' id='word_1_265' title='bbox 713 2350 1036 2404; x_wconf 86' lang='lat' dir='ltr'><strong>sublimatus</strong></span> <span class='ocrx_word' id='word_1_266' title='bbox 1073 2357 1192 2414; x_wconf 87' lang='lat' dir='ltr'><strong>est,</strong></span> <span class='ocrx_word' id='word_1_267' title='bbox 1244 2356 1300 2404; x_wconf 88' lang='lat' dir='ltr'><strong>et</strong></span> <span class='ocrx_word' id='word_1_268' title='bbox 1342 2349 1485 2404; x_wconf 87' lang='lat' dir='ltr'><strong>sacri</strong></span> <span class='ocrx_word' id='word_1_269' title='bbox 1530 2348 1717 2418; x_wconf 81' lang='lat' dir='ltr'><strong>palatii</strong></span> <span class='ocrx_word' id='word_1_270' title='bbox 1762 2347 2074 2404; x_wconf 87' lang='lat' dir='ltr'><strong>moderator</strong></span> <span class='ocrx_word' id='word_1_271' title='bbox 2097 2347 2126 2388; x_wconf 69' lang='grc' dir='ltr'>δ</span> 
     </span>
    </p>
   </div>
   <div class='ocr_carea' id='block_1_40' title="bbox 543 2438 2126 2511">
    <p class='ocr_par' dir='ltr' id='par_1_40' title="bbox 543 2438 2126 2511">
     <span class='ocr_line' id='line_1_40' title="bbox 543 2438 2126 2511; baseline -0.003 -14"><span class='ocrx_word' id='word_1_272' title='bbox 543 2441 775 2497; x_wconf 75' lang='lat' dir='ltr'><strong>exstitit.</strong></span> <span class='ocrx_word' id='word_1_273' title='bbox 824 2441 925 2496; x_wconf 85' lang='lat' dir='ltr'><strong>Hic</strong></span> <span class='ocrx_word' id='word_1_274' title='bbox 961 2442 1158 2496; x_wconf 79' lang='lat' dir='ltr'><strong>levavit</strong></span> <span class='ocrx_word' id='word_1_275' title='bbox 1184 2456 1381 2511; x_wconf 88' lang='lat' dir='ltr'><strong>corpus</strong></span> <span class='ocrx_word' id='word_1_276' title='bbox 1414 2449 1614 2496; x_wconf 57' lang='lat' dir='ltr'><strong>sancta</strong></span> <span class='ocrx_word' id='word_1_277' title='bbox 1641 2438 1984 2496; x_wconf 89' lang='lat' dir='ltr'><strong>Glodesindis</strong></span> <span class='ocrx_word' id='word_1_278' title='bbox 2012 2439 2126 2494; x_wconf 86' lang='lat' dir='ltr'><strong>vir-</strong></span> 
     </span>
    </p>
   </div>
   <div class='ocr_carea' id='block_1_41' title="bbox 544 2529 2129 2602">
    <p class='ocr_par' dir='ltr' id='par_1_41' title="bbox 544 2529 2129 2602">
     <span class='ocr_line' id='line_1_41' title="bbox 544 2529 2129 2602; baseline -0.001 -17"><span class='ocrx_word' id='word_1_279' title='bbox 544 2532 688 2602; x_wconf 84' lang='lat' dir='ltr'><strong>ginis</strong></span> <span class='ocrx_word' id='word_1_280' title='bbox 716 2533 785 2586; x_wconf 87' lang='lat' dir='ltr'><strong>ab</strong></span> <span class='ocrx_word' id='word_1_281' title='bbox 818 2532 1003 2586; x_wconf 89' lang='lat' dir='ltr'><strong>humo.</strong></span> <span class='ocrx_word' id='word_1_282' title='bbox 1054 2530 1294 2586; x_wconf 87' lang='lat' dir='ltr'><strong>Plurima</strong></span> <span class='ocrx_word' id='word_1_283' title='bbox 1329 2531 1445 2602; x_wconf 85' lang='lat' dir='ltr'><strong>egit</strong></span> <span class='ocrx_word' id='word_1_284' title='bbox 1479 2529 1764 2602; x_wconf 82' lang='lat' dir='ltr'><strong>magniﬁca</strong></span> <span class='ocrx_word' id='word_1_285' title='bbox 1788 2570 1802 2597; x_wconf 93' lang='lat'><strong>,</strong></span> <span class='ocrx_word' id='word_1_286' title='bbox 1850 2529 1991 2585; x_wconf 85' lang='lat' dir='ltr'><strong>sicut</strong></span> <span class='ocrx_word' id='word_1_287' title='bbox 2035 2529 2129 2599; x_wconf 89' lang='lat' dir='ltr'><strong>qui</strong></span> 
     </span>
    </p>
   </div>
   <div class='ocr_carea' id='block_1_42' title="bbox 547 2620 2130 2691">
    <p class='ocr_par' dir='ltr' id='par_1_42' title="bbox 547 2620 2130 2691">
     <span class='ocr_line' id='line_1_42' title="bbox 547 2620 2130 2691; baseline -0.001 -16"><span class='ocrx_word' id='word_1_288' title='bbox 547 2621 723 2675; x_wconf 88' lang='lat' dir='ltr'><strong>vicem</strong></span> <span class='ocrx_word' id='word_1_289' title='bbox 770 2621 1121 2690; x_wconf 87' lang='lat' dir='ltr'><strong>apostolicam</strong></span> <span class='ocrx_word' id='word_1_290' title='bbox 1182 2622 1404 2691; x_wconf 77' lang='lat' dir='ltr'><strong>gerebat</strong></span> <span class='ocrx_word' id='word_1_291' title='bbox 1458 2621 1539 2677; x_wconf 91' lang='lat' dir='ltr'><strong>cis</strong></span> <span class='ocrx_word' id='word_1_292' title='bbox 1593 2620 1760 2691; x_wconf 84' lang='lat' dir='ltr'><strong>Alpes</strong></span> <span class='ocrx_word' id='word_1_293' title='bbox 1824 2632 1919 2691; x_wconf 88' lang='lat' dir='ltr'><strong>per</strong></span> <span class='ocrx_word' id='word_1_294' title='bbox 1960 2628 2130 2675; x_wconf 85' lang='lat' dir='ltr'><strong>totam</strong></span> 
     </span>
    </p>
   </div>
   <div class='ocr_carea' id='block_1_43' title="bbox 546 2709 2126 2784">
    <p class='ocr_par' dir='ltr' id='par_1_43' title="bbox 546 2709 2126 2784">
     <span class='ocr_line' id='line_1_43' title="bbox 546 2709 2126 2784; baseline 0 -19"><span class='ocrx_word' id='word_1_295' title='bbox 546 2709 798 2765; x_wconf 79' lang='lat' dir='ltr'><strong>Galliam.</strong></span> <span class='ocrx_word' id='word_1_296' title='bbox 853 2712 1000 2768; x_wconf 85' lang='lat' dir='ltr'><strong>Obiit</strong></span> <span class='ocrx_word' id='word_1_297' title='bbox 1045 2713 1100 2767; x_wconf 90' lang='lat' dir='ltr'><strong>in</strong></span> <span class='ocrx_word' id='word_1_298' title='bbox 1142 2712 1454 2784; x_wconf 85' lang='lat' dir='ltr'><strong>Burgundia</strong></span> <span class='ocrx_word' id='word_1_299' title='bbox 1478 2727 1533 2767; x_wconf 75' lang='lat' dir='ltr'><strong>vr</strong></span> <span class='ocrx_word' id='word_1_300' title='bbox 1574 2713 1700 2768; x_wconf 84' lang='lat' dir='ltr'><strong>ldus</strong></span> <span class='ocrx_word' id='word_1_301' title='bbox 1731 2711 2051 2767; x_wconf 82' lang='lat' dir='ltr'><strong>Novembris</strong></span> <span class='ocrx_word' id='word_1_302' title='bbox 2076 2721 2126 2765; x_wconf 78' lang='grc' dir='ltr'><strong>ο.</strong></span> 
     </span>
    </p>
   </div>
   <div class='ocr_carea' id='block_1_44' title="bbox 545 2800 2125 2871">
    <p class='ocr_par' dir='ltr' id='par_1_44' title="bbox 545 2800 2125 2871">
     <span class='ocr_line' id='line_1_44' title="bbox 545 2800 2125 2871; baseline -0.001 -14"><span class='ocrx_word' id='word_1_303' title='bbox 545 2800 755 2870; x_wconf 84' lang='lat' dir='ltr'><strong>Corpus</strong></span> <span class='ocrx_word' id='word_1_304' title='bbox 776 2801 892 2870; x_wconf 83' lang='lat' dir='ltr'><strong>ejus</strong></span> <span class='ocrx_word' id='word_1_305' title='bbox 917 2803 1041 2857; x_wconf 90' lang='lat' dir='ltr'><strong>inde</strong></span> <span class='ocrx_word' id='word_1_306' title='bbox 1064 2802 1319 2867; x_wconf 83' lang='lat' dir='ltr'><strong>relatum,</strong></span> <span class='ocrx_word' id='word_1_307' title='bbox 1342 2802 1604 2871; x_wconf 85' lang='lat' dir='ltr'><strong>sepelitur</strong></span> <span class='ocrx_word' id='word_1_308' title='bbox 1621 2803 1678 2857; x_wconf 91' lang='lat' dir='ltr'><strong>in</strong></span> <span class='ocrx_word' id='word_1_309' title='bbox 1701 2801 1930 2858; x_wconf 86' lang='lat' dir='ltr'><strong>ecclesia</strong></span> <span class='ocrx_word' id='word_1_310' title='bbox 1954 2801 2125 2856; x_wconf 85' lang='lat' dir='ltr'><strong>sancti</strong></span> 
     </span>
    </p>
   </div>
   <div class='ocr_carea' id='block_1_45' title="bbox 546 2889 2129 2962">
    <p class='ocr_par' dir='ltr' id='par_1_45' title="bbox 546 2889 2129 2962">
     <span class='ocr_line' id='line_1_45' title="bbox 546 2889 2129 2962; baseline 0 -15"><span class='ocrx_word' id='word_1_311' title='bbox 546 2889 771 2947; x_wconf 73' lang='lat' dir='ltr'><strong>Joannis</strong></span> <span class='ocrx_word' id='word_1_312' title='bbox 796 2891 1137 2962; x_wconf 68' lang='lat' dir='ltr'><strong>evangelistm</strong></span> <span class='ocrx_word' id='word_1_313' title='bbox 1167 2891 1423 2954; x_wconf 82' lang='lat' dir='ltr'><strong>Metensi,</strong></span> <span class='ocrx_word' id='word_1_314' title='bbox 1460 2891 1554 2946; x_wconf 87' lang='lat' dir='ltr'><strong>ubi</strong></span> <span class='ocrx_word' id='word_1_315' title='bbox 1590 2900 1646 2948; x_wconf 91' lang='lat' dir='ltr'><strong>et</strong></span> <span class='ocrx_word' id='word_1_316' title='bbox 1671 2892 1974 2947; x_wconf 81' lang='lat' dir='ltr'><strong>Ludovicus</strong></span> <span class='ocrx_word' id='word_1_317' title='bbox 1999 2891 2129 2947; x_wconf 81' lang='lat' dir='ltr'><strong>Pius</strong></span> 
     </span>
    </p>
   </div>
   <div class='ocr_carea' id='block_1_46' title="bbox 547 2981 2130 3055">
    <p class='ocr_par' dir='ltr' id='par_1_46' title="bbox 547 2981 2130 3055">
     <span class='ocr_line' id='line_1_46' title="bbox 547 2981 2130 3055; baseline -0.003 -16"><span class='ocrx_word' id='word_1_318' title='bbox 547 2983 860 3055; x_wconf 86' lang='lat' dir='ltr'><strong>imperator,</strong></span> <span class='ocrx_word' id='word_1_319' title='bbox 896 2983 1067 3039; x_wconf 89' lang='lat' dir='ltr'><strong>frater</strong></span> <span class='ocrx_word' id='word_1_320' title='bbox 1090 2982 1227 3053; x_wconf 84' lang='lat' dir='ltr'><strong>ejus,</strong></span> <span class='ocrx_word' id='word_1_321' title='bbox 1264 2982 1499 3054; x_wconf 84' lang='lat' dir='ltr'><strong>quiescit</strong></span> <span class='ocrx_word' id='word_1_322' title='bbox 1522 2981 1771 3040; x_wconf 78' lang='lat' dir='ltr'><strong>feliciter.</strong></span> <span class='ocrx_word' id='word_1_323' title='bbox 1804 2997 1931 3039; x_wconf 85' lang='lat' dir='ltr'><strong>cum</strong></span> <span class='ocrx_word' id='word_1_324' title='bbox 1955 2988 2130 3036; x_wconf 80' lang='lat' dir='ltr'><strong>matre</strong></span> 
     </span>
    </p>
   </div>
   <div class='ocr_carea' id='block_1_47' title="bbox 544 3073 1231 3145">
    <p class='ocr_par' dir='ltr' id='par_1_47' title="bbox 544 3073 1231 3145">
     <span class='ocr_line' id='line_1_47' title="bbox 544 3073 1231 3145; baseline -0.006 -14"><span class='ocrx_word' id='word_1_325' title='bbox 544 3090 644 3132; x_wconf 89' lang='lat' dir='ltr'><strong>sua</strong></span> <span class='ocrx_word' id='word_1_326' title='bbox 670 3073 993 3145; x_wconf 80' lang='lat' dir='ltr'><strong>Hildcgarda</strong></span> <span class='ocrx_word' id='word_1_327' title='bbox 1020 3075 1231 3145; x_wconf 87' lang='lat' dir='ltr'><strong>regina.</strong></span> 
     </span>
    </p>
   </div>
   <div class='ocr_carea' id='block_1_48' title="bbox 2226 1896 3727 1969">
    <p class='ocr_par' dir='ltr' id='par_1_48' title="bbox 2226 1896 3727 1969">
     <span class='ocr_line' id='line_1_48' title="bbox 2226 1896 3727 1969; baseline -0.003 -13"><span class='ocrx_word' id='word_1_328' title='bbox 2226 1899 2495 1956; x_wconf 78' lang='lat' dir='ltr'><strong>Adclbero</strong></span> <span class='ocrx_word' id='word_1_329' title='bbox 2519 1898 2781 1954; x_wconf 80' lang='lat' dir='ltr'><strong>successit</strong></span> <span class='ocrx_word' id='word_1_330' title='bbox 2803 1898 3093 1969; x_wconf 84' lang='lat' dir='ltr'><strong>Wigerico.</strong></span> <span class='ocrx_word' id='word_1_331' title='bbox 3127 1897 3277 1952; x_wconf 86' lang='lat' dir='ltr'><strong>inter</strong></span> <span class='ocrx_word' id='word_1_332' title='bbox 3298 1898 3473 1961; x_wconf 87' lang='lat' dir='ltr'><strong>multa,</strong></span> <span class='ocrx_word' id='word_1_333' title='bbox 3496 1896 3727 1953; x_wconf 77' lang='lat' dir='ltr'><strong>Gonieme</strong></span> 
     </span>
    </p>
   </div>
   <div class='ocr_carea' id='block_1_49' title="bbox 2227 1988 3721 2061">
    <p class='ocr_par' dir='ltr' id='par_1_49' title="bbox 2227 1988 3721 2061">
     <span class='ocr_line' id='line_1_49' title="bbox 2227 1988 3721 2061; baseline -0.005 -13"><span class='ocrx_word' id='word_1_334' title='bbox 2227 1991 2532 2049; x_wconf 70' lang='lat' dir='ltr'><strong>canobium</strong></span> <span class='ocrx_word' id='word_1_335' title='bbox 2556 2003 2694 2061; x_wconf 87' lang='lat' dir='ltr'><strong>pene</strong></span> <span class='ocrx_word' id='word_1_336' title='bbox 2718 1988 3017 2060; x_wconf 81' lang='lat' dir='ltr'><strong>collapsum</strong></span> <span class='ocrx_word' id='word_1_337' title='bbox 3039 1988 3223 2045; x_wconf 88' lang='lat' dir='ltr'><strong>fundis</strong></span> <span class='ocrx_word' id='word_1_338' title='bbox 3249 1996 3302 2043; x_wconf 92' lang='lat' dir='ltr'><strong>et</strong></span> <span class='ocrx_word' id='word_1_339' title='bbox 3326 1988 3546 2045; x_wconf 71' lang='lat' dir='ltr'><strong>aediﬁciis</strong></span> <span class='ocrx_word' id='word_1_340' title='bbox 3566 1995 3721 2041; x_wconf 84' lang='lat' dir='ltr'><strong>restru-</strong></span> 
     </span>
    </p>
   </div>
   <div class='ocr_carea' id='block_1_50' title="bbox 2226 2077 3727 2149">
    <p class='ocr_par' dir='ltr' id='par_1_50' title="bbox 2226 2077 3727 2149">
     <span class='ocr_line' id='line_1_50' title="bbox 2226 2077 3727 2149; baseline -0.005 -11"><span class='ocrx_word' id='word_1_341' title='bbox 2226 2082 2332 2149; x_wconf 84' lang='lat' dir='ltr'><strong>xit,</strong></span> <span class='ocrx_word' id='word_1_342' title='bbox 2344 2097 2501 2138; x_wconf 79' lang='lat' dir='ltr'><strong>muro</strong></span> <span class='ocrx_word' id='word_1_343' title='bbox 2519 2081 2899 2147; x_wconf 76' lang='lat' dir='ltr'><strong>circumdedit;</strong></span> <span class='ocrx_word' id='word_1_344' title='bbox 2921 2080 3086 2136; x_wconf 71' lang='lat' dir='ltr'><strong>simili</strong></span> <span class='ocrx_word' id='word_1_345' title='bbox 3105 2079 3266 2136; x_wconf 77' lang='lat' dir='ltr'><strong>modo</strong></span> <span class='ocrx_word' id='word_1_346' title='bbox 3284 2088 3337 2136; x_wconf 88' lang='lat' dir='ltr'><strong>et</strong></span> <span class='ocrx_word' id='word_1_347' title='bbox 3352 2080 3511 2136; x_wconf 84' lang='lat' dir='ltr'><strong>sancti</strong></span> <span class='ocrx_word' id='word_1_348' title='bbox 3524 2077 3727 2147; x_wconf 81' lang='lat' dir='ltr'><strong>Arnolphi</strong></span> 
     </span>
    </p>
   </div>
   <div class='ocr_carea' id='block_1_51' title="bbox 2226 2166 3727 2241">
    <p class='ocr_par' dir='ltr' id='par_1_51' title="bbox 2226 2166 3727 2241">
     <span class='ocr_line' id='line_1_51' title="bbox 2226 2166 3727 2241; baseline -0.007 -12"><span class='ocrx_word' id='word_1_349' title='bbox 2226 2172 2471 2229; x_wconf 72' lang='lat' dir='ltr'><strong>ecclesiae</strong></span> <span class='ocrx_word' id='word_1_350' title='bbox 2511 2172 2568 2227; x_wconf 88' lang='lat' dir='ltr'><strong>in</strong></span> <span class='ocrx_word' id='word_1_351' title='bbox 2605 2171 2791 2228; x_wconf 57' lang='lat' dir='ltr'><strong>“etim</strong></span> <span class='ocrx_word' id='word_1_352' title='bbox 2831 2171 2998 2225; x_wconf 86' lang='lat' dir='ltr'><strong>multa</strong></span> <span class='ocrx_word' id='word_1_353' title='bbox 3038 2171 3323 2226; x_wconf 82' lang='lat' dir='ltr'><strong>commoda</strong></span> <span class='ocrx_word' id='word_1_354' title='bbox 3354 2169 3577 2241; x_wconf 82' lang='lat' dir='ltr'><strong>providit.</strong></span> <span class='ocrx_word' id='word_1_355' title='bbox 3613 2166 3727 2221; x_wconf 81' lang='lat' dir='ltr'><strong>Sedit</strong></span> 
     </span>
    </p>
   </div>
   <div class='ocr_carea' id='block_1_52' title="bbox 2227 2259 3727 2331">
    <p class='ocr_par' dir='ltr' id='par_1_52' title="bbox 2227 2259 3727 2331">
     <span class='ocr_line' id='line_1_52' title="bbox 2227 2259 3727 2331; baseline -0.007 -10"><span class='ocrx_word' id='word_1_356' title='bbox 2227 2265 2391 2321; x_wconf 68' lang='lat' dir='ltr'><strong>anuis</strong></span> <span class='ocrx_word' id='word_1_357' title='bbox 2405 2263 2479 2321; x_wconf 77' lang='lat'><strong>30</strong></span> <span class='ocrx_word' id='word_1_358' title='bbox 2493 2265 2544 2331; x_wconf 77' lang='grc' dir='ltr'><strong>ιι,</strong></span> <span class='ocrx_word' id='word_1_359' title='bbox 2569 2265 2847 2320; x_wconf 80' lang='lat' dir='ltr'><strong>mensibus</strong></span> <span class='ocrx_word' id='word_1_360' title='bbox 2863 2264 2917 2329; x_wconf 85' lang='lat'><strong>9,</strong></span> <span class='ocrx_word' id='word_1_361' title='bbox 2942 2264 3136 2319; x_wconf 87' lang='lat' dir='ltr'><strong>diebus</strong></span> <span class='ocrx_word' id='word_1_362' title='bbox 3159 2263 3251 2318; x_wconf 71' lang='lat'><strong>25.</strong></span> <span class='ocrx_word' id='word_1_363' title='bbox 3279 2262 3417 2320; x_wconf 86' lang='lat' dir='ltr'><strong>Obiit</strong></span> <span class='ocrx_word' id='word_1_364' title='bbox 3432 2278 3480 2317; x_wconf 78' lang='lat' dir='ltr'><strong>v1</strong></span> <span class='ocrx_word' id='word_1_365' title='bbox 3499 2261 3597 2317; x_wconf 77' lang='lat' dir='ltr'><strong>Kal.</strong></span> 
     </span>
    </p>
   </div>
   <div class='ocr_carea' id='block_1_53' title="bbox 2226 2353 3333 2413">
    <p class='ocr_par' dir='ltr' id='par_1_53' title="bbox 2226 2353 3333 2413">
     <span class='ocr_line' id='line_1_53' title="bbox 2226 2353 3333 2413; baseline -0.005 -1"><span class='ocrx_word' id='word_1_366' title='bbox 2226 2356 2442 2413; x_wconf 70' lang='lat' dir='ltr'><strong>Goniaa</strong></span> <span class='ocrx_word' id='word_1_367' title='bbox 2467 2355 2700 2411; x_wconf 84' lang='lat' dir='ltr'><strong>sustinet</strong></span> <span class='ocrx_word' id='word_1_368' title='bbox 2726 2353 3146 2410; x_wconf 82' lang='lat' dir='ltr'><strong>resurrectionis</strong></span> <span class='ocrx_word' id='word_1_369' title='bbox 3172 2353 3333 2409; x_wconf 88' lang='lat' dir='ltr'><strong>diem.</strong></span> 
     </span>
    </p>
   </div>
   <div class='ocr_carea' id='block_1_54' title="bbox 2300 2442 3724 2516">
    <p class='ocr_par' dir='ltr' id='par_1_54' title="bbox 2300 2442 3724 2516">
     <span class='ocr_line' id='line_1_54' title="bbox 2300 2442 3724 2516; baseline -0.005 -14"><span class='ocrx_word' id='word_1_370' title='bbox 2300 2446 2571 2502; x_wconf 82' lang='lat' dir='ltr'><strong>Successit</strong></span> <span class='ocrx_word' id='word_1_371' title='bbox 2588 2443 2705 2513; x_wconf 86' lang='lat' dir='ltr'><strong>ejus</strong></span> <span class='ocrx_word' id='word_1_372' title='bbox 2725 2445 2906 2501; x_wconf 77' lang='lat' dir='ltr'><strong>infula:</strong></span> <span class='ocrx_word' id='word_1_373' title='bbox 2926 2444 3275 2516; x_wconf 87' lang='lat' dir='ltr'><strong>pontiﬁcatus</strong></span> <span class='ocrx_word' id='word_1_374' title='bbox 3294 2442 3616 2500; x_wconf 82' lang='lat' dir='ltr'><strong>Theodericus</strong></span> <span class='ocrx_word' id='word_1_375' title='bbox 3630 2454 3724 2508; x_wconf 73' lang='lat' dir='ltr'><strong>qua-</strong></span> 
     </span>
    </p>
   </div>
   <div class='ocr_carea' id='block_1_55' title="bbox 2229 2528 3726 2608">
    <p class='ocr_par' dir='ltr' id='par_1_55' title="bbox 2229 2528 3726 2608">
     <span class='ocr_line' id='line_1_55' title="bbox 2229 2528 3726 2608; baseline -0.007 -15"><span class='ocrx_word' id='word_1_376' title='bbox 2229 2537 2563 2608; x_wconf 80' lang='lat' dir='ltr'><strong>dragesimus</strong></span> <span class='ocrx_word' id='word_1_377' title='bbox 2587 2542 2775 2591; x_wconf 85' lang='lat' dir='ltr'><strong>sextus</strong></span> <span class='ocrx_word' id='word_1_378' title='bbox 2800 2536 2892 2605; x_wconf 88' lang='lat' dir='ltr'><strong>qui</strong></span> <span class='ocrx_word' id='word_1_379' title='bbox 2920 2536 3314 2591; x_wconf 85' lang='lat' dir='ltr'><strong>monasterium</strong></span> <span class='ocrx_word' id='word_1_380' title='bbox 3339 2534 3497 2592; x_wconf 85' lang='lat' dir='ltr'><strong>sancti</strong></span> <span class='ocrx_word' id='word_1_381' title='bbox 3523 2528 3726 2588; x_wconf 73' lang='lat' dir='ltr'><strong>Vince-lii</strong></span> 
     </span>
    </p>
   </div>
   <div class='ocr_carea' id='block_1_56' title="bbox 2227 2623 3728 2700">
    <p class='ocr_par' dir='ltr' id='par_1_56' title="bbox 2227 2623 3728 2700">
     <span class='ocr_line' id='line_1_56' title="bbox 2227 2623 3728 2700; baseline -0.005 -17"><span class='ocrx_word' id='word_1_382' title='bbox 2227 2627 2484 2700; x_wconf 82' lang='lat' dir='ltr'><strong>martyris</strong></span> <span class='ocrx_word' id='word_1_383' title='bbox 2512 2628 2569 2682; x_wconf 83' lang='lat' dir='ltr'><strong>in</strong></span> <span class='ocrx_word' id='word_1_384' title='bbox 2596 2627 2856 2682; x_wconf 81' lang='lat' dir='ltr'><strong>suburbio</strong></span> <span class='ocrx_word' id='word_1_385' title='bbox 2881 2626 3111 2683; x_wconf 75' lang='lat' dir='ltr'><strong>Metensi</strong></span> <span class='ocrx_word' id='word_1_386' title='bbox 3136 2626 3161 2666; x_wconf 74' lang='grc' dir='ltr'><strong>ι</strong></span> <span class='ocrx_word' id='word_1_387' title='bbox 3200 2627 3475 2684; x_wconf 85' lang='lat' dir='ltr'><strong>aediﬁcavit</strong></span> <span class='ocrx_word' id='word_1_388' title='bbox 3498 2623 3728 2681; x_wconf 35' lang='lat' dir='ltr'><strong>homnine</strong></span> 
     </span>
    </p>
   </div>
   <div class='ocr_carea' id='block_1_57' title="bbox 2228 2710 3729 2787">
    <p class='ocr_par' dir='ltr' id='par_1_57' title="bbox 2228 2710 3729 2787">
     <span class='ocr_line' id='line_1_57' title="bbox 2228 2710 3729 2787; baseline -0.004 -16"><span class='ocrx_word' id='word_1_389' title='bbox 2228 2716 2371 2782; x_wconf 84' lang='lat' dir='ltr'><strong>liter,</strong></span> <span class='ocrx_word' id='word_1_390' title='bbox 2401 2716 2693 2785; x_wconf 78' lang='lat' dir='ltr'><strong>multisque</strong></span> <span class='ocrx_word' id='word_1_391' title='bbox 2735 2716 3048 2787; x_wconf 84' lang='lat' dir='ltr'><strong>pignoribus</strong></span> <span class='ocrx_word' id='word_1_392' title='bbox 3074 2724 3390 2773; x_wconf 80' lang='lat' dir='ltr'><strong>sanctorum</strong></span> <span class='ocrx_word' id='word_1_393' title='bbox 3415 2713 3646 2787; x_wconf 69' lang='lat' dir='ltr'><strong>insignivit</strong></span> <span class='ocrx_word' id='word_1_394' title='bbox 3679 2710 3729 2765; x_wconf 82' lang='lat' dir='ltr'><strong>ab</strong></span> 
     </span>
    </p>
   </div>
   <div class='ocr_carea' id='block_1_58' title="bbox 2227 2803 3728 2881">
    <p class='ocr_par' dir='ltr' id='par_1_58' title="bbox 2227 2803 3728 2881">
     <span class='ocr_line' id='line_1_58' title="bbox 2227 2803 3728 2881; baseline -0.007 -15"><span class='ocrx_word' id='word_1_395' title='bbox 2227 2809 2382 2866; x_wconf 80' lang='lat' dir='ltr'><strong>Italia</strong></span> <span class='ocrx_word' id='word_1_396' title='bbox 2410 2823 2593 2865; x_wconf 83' lang='lat' dir='ltr'><strong>secum</strong></span> <span class='ocrx_word' id='word_1_397' title='bbox 2615 2808 2843 2865; x_wconf 84' lang='lat' dir='ltr'><strong>devictis</strong></span> <span class='ocrx_word' id='word_1_398' title='bbox 2864 2817 2926 2862; x_wconf 77' lang='grc'><strong>³³.</strong></span> <span class='ocrx_word' id='word_1_399' title='bbox 2973 2807 3147 2879; x_wconf 80' lang='lat' dir='ltr'><strong>Hujus</strong></span> <span class='ocrx_word' id='word_1_400' title='bbox 3182 2818 3329 2881; x_wconf 86' lang='lat' dir='ltr'><strong>gesta</strong></span> <span class='ocrx_word' id='word_1_401' title='bbox 3359 2811 3604 2866; x_wconf 85' lang='lat' dir='ltr'><strong>habentur.</strong></span> <span class='ocrx_word' id='word_1_402' title='bbox 3639 2803 3728 2858; x_wconf 76' lang='lat' dir='ltr'><strong>Flo-</strong></span> 
     </span>
    </p>
   </div>
   <div class='ocr_carea' id='block_1_59' title="bbox 2229 2896 3724 2972">
    <p class='ocr_par' dir='ltr' id='par_1_59' title="bbox 2229 2896 3724 2972">
     <span class='ocr_line' id='line_1_59' title="bbox 2229 2896 3724 2972; baseline -0.004 -16"><span class='ocrx_word' id='word_1_403' title='bbox 2229 2901 2337 2956; x_wconf 91' lang='lat' dir='ltr'><strong>ruit</strong></span> <span class='ocrx_word' id='word_1_404' title='bbox 2366 2903 2466 2956; x_wconf 89' lang='lat' dir='ltr'><strong>sub</strong></span> <span class='ocrx_word' id='word_1_405' title='bbox 2493 2903 2819 2972; x_wconf 88' lang='lat' dir='ltr'><strong>imperatore</strong></span> <span class='ocrx_word' id='word_1_406' title='bbox 2848 2901 3023 2971; x_wconf 89' lang='lat' dir='ltr'><strong>primo</strong></span> <span class='ocrx_word' id='word_1_407' title='bbox 3051 2900 3271 2967; x_wconf 90' lang='lat' dir='ltr'><strong>Ottone,</strong></span> <span class='ocrx_word' id='word_1_408' title='bbox 3314 2901 3419 2957; x_wconf 86' lang='lat' dir='ltr'><strong>ﬁlio</strong></span> <span class='ocrx_word' id='word_1_409' title='bbox 3455 2896 3638 2955; x_wconf 81' lang='lat' dir='ltr'><strong>Henricl</strong></span> <span class='ocrx_word' id='word_1_410' title='bbox 3666 2908 3724 2950; x_wconf 85' lang='lat' dir='ltr'><strong>re-</strong></span> 
     </span>
    </p>
   </div>
   <div class='ocr_carea' id='block_1_60' title="bbox 2228 2992 3722 3065">
    <p class='ocr_par' dir='ltr' id='par_1_60' title="bbox 2228 2992 3722 3065">
     <span class='ocr_line' id='line_1_60' title="bbox 2228 2992 3722 3065; baseline 0.001 -17"><span class='ocrx_word' id='word_1_411' title='bbox 2228 2994 2311 3065; x_wconf 89' lang='lat' dir='ltr'><strong>gis</strong></span> <span class='ocrx_word' id='word_1_412' title='bbox 2359 2994 2834 3061; x_wconf 85' lang='lat' dir='ltr'><strong>Lotharingorum.</strong></span> <span class='ocrx_word' id='word_1_413' title='bbox 2893 2992 3127 3050; x_wconf 68' lang='lat' dir='ltr'><strong>Praelata</strong></span> <span class='ocrx_word' id='word_1_414' title='bbox 3173 2993 3366 3050; x_wconf 89' lang='lat' dir='ltr'><strong>Ottonc</strong></span> <span class='ocrx_word' id='word_1_415' title='bbox 3404 3004 3431 3033; x_wconf 78' lang='grc' dir='ltr'><strong>ι</strong></span> <span class='ocrx_word' id='word_1_416' title='bbox 3458 2993 3722 3063; x_wconf 59' lang='lat' dir='ltr'><strong>imperante,</strong></span> 
     </span>
    </p>
   </div>
   <div class='ocr_carea' id='block_1_61' title="bbox 2228 3081 3722 3150">
    <p class='ocr_par' dir='ltr' id='par_1_61' title="bbox 2228 3081 3722 3150">
     <span class='ocr_line' id='line_1_61' title="bbox 2228 3081 3722 3150; baseline -0.001 -10"><span class='ocrx_word' id='word_1_417' title='bbox 2228 3084 2495 3140; x_wconf 82' lang='lat' dir='ltr'><strong>famosum</strong></span> <span class='ocrx_word' id='word_1_418' title='bbox 2527 3084 2726 3140; x_wconf 80' lang='lat' dir='ltr'><strong>bellum</strong></span> <span class='ocrx_word' id='word_1_419' title='bbox 2749 3082 2950 3138; x_wconf 89' lang='lat' dir='ltr'><strong>factum</strong></span> <span class='ocrx_word' id='word_1_420' title='bbox 2974 3091 3059 3139; x_wconf 90' lang='lat' dir='ltr'><strong>est</strong></span> <span class='ocrx_word' id='word_1_421' title='bbox 3088 3085 3147 3140; x_wconf 91' lang='lat' dir='ltr'><strong>in</strong></span> <span class='ocrx_word' id='word_1_422' title='bbox 3172 3085 3430 3150; x_wconf 88' lang='lat' dir='ltr'><strong>Calabria,</strong></span> <span class='ocrx_word' id='word_1_423' title='bbox 3456 3085 3575 3139; x_wconf 86' lang='lat' dir='ltr'><strong>inter</strong></span> <span class='ocrx_word' id='word_1_424' title='bbox 3596 3081 3722 3150; x_wconf 81' lang='lat' dir='ltr'><strong>ipsum</strong></span> 
     </span>
    </p>
   </div>
   <div class='ocr_carea' id='block_1_62' title="bbox 450 3149 2048 3243">
    <p class='ocr_par' dir='ltr' id='par_1_62' title="bbox 450 3160 2048 3237">
     <span class='ocr_line' id='line_1_62' title="bbox 450 3160 2048 3237; baseline -0.004 -15"><span class='ocrx_word' id='word_1_425' title='bbox 450 3228 465 3237; x_wconf 28' lang='lat' dir='ltr'><strong><em>I</em></strong></span> <span class='ocrx_word' id='word_1_426' title='bbox 544 3194 549 3199; x_wconf 90' lang='lat'><strong><em>-</em></strong></span> <span class='ocrx_word' id='word_1_427' title='bbox 618 3164 893 3221; x_wconf 76' lang='lat' dir='ltr'><strong>Successit</strong></span> <span class='ocrx_word' id='word_1_428' title='bbox 918 3164 1094 3220; x_wconf 79' lang='lat' dir='ltr'><strong>eidem</strong></span> <span class='ocrx_word' id='word_1_429' title='bbox 1134 3163 1191 3218; x_wconf 75' lang='lat' dir='ltr'><strong>in</strong></span> <span class='ocrx_word' id='word_1_430' title='bbox 1233 3163 1527 3234; x_wconf 71' lang='lat' dir='ltr'><strong>prtesulatu</strong></span> <span class='ocrx_word' id='word_1_431' title='bbox 1560 3160 1861 3218; x_wconf 85' lang='lat' dir='ltr'><strong>Adventius</strong></span> <span class='ocrx_word' id='word_1_432' title='bbox 1894 3160 2048 3231; x_wconf 66' lang='lat' dir='ltr'><strong>quad:</strong></span> 
     </span>
    </p>
   </div>
   <div class='ocr_carea' id='block_1_63' title="bbox 2126 3149 3724 3243">
    <p class='ocr_par' dir='ltr' id='par_1_63' title="bbox 2126 3149 3724 3243">
     <span class='ocr_line' id='line_1_63' title="bbox 2126 3149 3724 3243; baseline -0.006 -14"><span class='ocrx_word' id='word_1_433' title='bbox 2126 3192 2128 3200; x_wconf 56' lang='grc' dir='ltr'>λ</span> <span class='ocrx_word' id='word_1_434' title='bbox 2152 3149 2202 3215; x_wconf 67' lang='lat' dir='ltr'>c</span> <span class='ocrx_word' id='word_1_435' title='bbox 2229 3182 2287 3229; x_wconf 88' lang='lat' dir='ltr'><strong>ct</strong></span> <span class='ocrx_word' id='word_1_436' title='bbox 2311 3173 2633 3238; x_wconf 85' lang='lat' dir='ltr'><strong>Saracenos,</strong></span> <span class='ocrx_word' id='word_1_437' title='bbox 2681 3173 2737 3227; x_wconf 88' lang='lat' dir='ltr'><strong>in</strong></span> <span class='ocrx_word' id='word_1_438' title='bbox 2775 3187 2884 3243; x_wconf 86' lang='lat' dir='ltr'><strong>quo</strong></span> <span class='ocrx_word' id='word_1_439' title='bbox 2911 3173 3321 3231; x_wconf 87' lang='lat' dir='ltr'><strong>innumerabilis</strong></span> <span class='ocrx_word' id='word_1_440' title='bbox 3345 3149 3597 3228; x_wconf 76' lang='lat' dir='ltr'><strong>multitudo</strong></span> <span class='ocrx_word' id='word_1_441' title='bbox 3612 3149 3724 3224; x_wconf 77' lang='lat' dir='ltr'><strong>Ciui-</strong></span> 
     </span>
    </p>
   </div>
   <div class='ocr_carea' id='block_1_64' title="bbox 544 3253 2122 3329">
    <p class='ocr_par' dir='ltr' id='par_1_64' title="bbox 544 3253 2122 3329">
     <span class='ocr_line' id='line_1_64' title="bbox 544 3253 2122 3329; baseline -0.003 -18"><span class='ocrx_word' id='word_1_442' title='bbox 544 3258 781 3329; x_wconf 77' lang='lat' dir='ltr'><strong>gesimus</strong></span> <span class='ocrx_word' id='word_1_443' title='bbox 800 3256 1006 3327; x_wconf 88' lang='lat' dir='ltr'><strong>primus</strong></span> <span class='ocrx_word' id='word_1_444' title='bbox 1028 3271 1097 3311; x_wconf 79' lang='lat' dir='ltr'><strong>ex</strong></span> <span class='ocrx_word' id='word_1_445' title='bbox 1116 3255 1445 3312; x_wconf 80' lang='lat' dir='ltr'><strong>Metensibus</strong></span> <span class='ocrx_word' id='word_1_446' title='bbox 1465 3253 1705 3312; x_wconf 87' lang='lat' dir='ltr'><strong>liheriori</strong></span> <span class='ocrx_word' id='word_1_447' title='bbox 1723 3268 1921 3326; x_wconf 81' lang='lat' dir='ltr'><strong>genere</strong></span> <span class='ocrx_word' id='word_1_448' title='bbox 1942 3260 2122 3308; x_wconf 87' lang='lat' dir='ltr'><strong>natus.</strong></span> 
     </span>
    </p>
   </div>
   <div class='ocr_carea' id='block_1_65' title="bbox 546 3344 2126 3415">
    <p class='ocr_par' dir='ltr' id='par_1_65' title="bbox 546 3344 2126 3415">
     <span class='ocr_line' id='line_1_65' title="bbox 546 3344 2126 3415; baseline -0.001 -13"><span class='ocrx_word' id='word_1_449' title='bbox 546 3345 604 3402; x_wconf 87' lang='lat' dir='ltr'><strong>lu</strong></span> <span class='ocrx_word' id='word_1_450' title='bbox 628 3344 961 3402; x_wconf 80' lang='lat' dir='ltr'><strong>ornamentis</strong></span> <span class='ocrx_word' id='word_1_451' title='bbox 988 3354 1045 3399; x_wconf 91' lang='lat' dir='ltr'><strong>et</strong></span> <span class='ocrx_word' id='word_1_452' title='bbox 1071 3346 1343 3401; x_wconf 82' lang='lat' dir='ltr'><strong>thesauris</strong></span> <span class='ocrx_word' id='word_1_453' title='bbox 1368 3348 1656 3403; x_wconf 84' lang='lat' dir='ltr'><strong>ecclesiam</strong></span> <span class='ocrx_word' id='word_1_454' title='bbox 1681 3346 1826 3403; x_wconf 89' lang='lat' dir='ltr'><strong>beati</strong></span> <span class='ocrx_word' id='word_1_455' title='bbox 1864 3344 2126 3415; x_wconf 83' lang='lat' dir='ltr'><strong>Stephani</strong></span> 
     </span>
    </p>
   </div>
   <div class='ocr_carea' id='block_1_66' title="bbox 548 3435 2128 3508">
    <p class='ocr_par' dir='ltr' id='par_1_66' title="bbox 548 3435 2128 3508">
     <span class='ocr_line' id='line_1_66' title="bbox 548 3435 2128 3508; baseline -0.001 -15"><span class='ocrx_word' id='word_1_456' title='bbox 548 3437 844 3508; x_wconf 79' lang='lat' dir='ltr'><strong>ampliavit.</strong></span> <span class='ocrx_word' id='word_1_457' title='bbox 890 3435 1059 3505; x_wconf 80' lang='lat' dir='ltr'><strong>Hujus</strong></span> <span class='ocrx_word' id='word_1_458' title='bbox 1090 3437 1421 3506; x_wconf 84' lang='lat' dir='ltr'><strong>temporibus</strong></span> <span class='ocrx_word' id='word_1_459' title='bbox 1449 3438 1771 3494; x_wconf 84' lang='lat' dir='ltr'><strong>Hincmarus</strong></span> <span class='ocrx_word' id='word_1_460' title='bbox 1798 3437 2128 3492; x_wconf 80' lang='lat' dir='ltr'><strong>Rhemorum</strong></span> 
     </span>
    </p>
   </div>
   <div class='ocr_carea' id='block_1_67' title="bbox 547 3524 2127 3596">
    <p class='ocr_par' dir='ltr' id='par_1_67' title="bbox 547 3524 2127 3596">
     <span class='ocr_line' id='line_1_67' title="bbox 547 3524 2127 3596; baseline -0.002 -13"><span class='ocrx_word' id='word_1_461' title='bbox 547 3526 989 3596; x_wconf 82' lang='lat' dir='ltr'><strong>archiepiscopus</strong></span> <span class='ocrx_word' id='word_1_462' title='bbox 1022 3524 1125 3582; x_wconf 89' lang='lat' dir='ltr'><strong>fuit</strong></span> <span class='ocrx_word' id='word_1_463' title='bbox 1147 3565 1166 3591; x_wconf 92' lang='lat'><strong>,</strong></span> <span class='ocrx_word' id='word_1_464' title='bbox 1210 3526 1304 3596; x_wconf 82' lang='lat' dir='ltr'><strong>qui</strong></span> <span class='ocrx_word' id='word_1_465' title='bbox 1333 3541 1460 3582; x_wconf 88' lang='lat' dir='ltr'><strong>cum</strong></span> <span class='ocrx_word' id='word_1_466' title='bbox 1486 3527 1676 3583; x_wconf 88' lang='lat' dir='ltr'><strong>eodem</strong></span> <span class='ocrx_word' id='word_1_467' title='bbox 1704 3525 1973 3582; x_wconf 83' lang='lat' dir='ltr'><strong>Adventio</strong></span> <span class='ocrx_word' id='word_1_468' title='bbox 2001 3524 2127 3581; x_wconf 88' lang='lat' dir='ltr'><strong>Meti</strong></span> 
     </span>
    </p>
   </div>
   <div class='ocr_carea' id='block_1_68' title="bbox 544 3617 2131 3690">
    <p class='ocr_par' dir='ltr' id='par_1_68' title="bbox 544 3617 2131 3690">
     <span class='ocr_line' id='line_1_68' title="bbox 544 3617 2131 3690; baseline -0.001 -15"><span class='ocrx_word' id='word_1_469' title='bbox 544 3617 798 3675; x_wconf 82' lang='lat' dir='ltr'><strong>Carolum</strong></span> <span class='ocrx_word' id='word_1_470' title='bbox 827 3627 1223 3675; x_wconf 80' lang='lat' dir='ltr'><strong>coronaverunt</strong></span> <span class='ocrx_word' id='word_1_471' title='bbox 1240 3658 1254 3684; x_wconf 92' lang='lat'><strong>,</strong></span> <span class='ocrx_word' id='word_1_472' title='bbox 1302 3618 1473 3676; x_wconf 88' lang='lat' dir='ltr'><strong>fratre</strong></span> <span class='ocrx_word' id='word_1_473' title='bbox 1492 3619 1521 3660; x_wconf 74' lang='grc' dir='ltr'><strong>ἀ</strong></span> <span class='ocrx_word' id='word_1_474' title='bbox 1552 3620 1725 3690; x_wconf 88' lang='lat' dir='ltr'><strong>ipsius</strong></span> <span class='ocrx_word' id='word_1_475' title='bbox 1750 3619 2011 3675; x_wconf 89' lang='lat' dir='ltr'><strong>Lothario</strong></span> <span class='ocrx_word' id='word_1_476' title='bbox 2047 3619 2131 3674; x_wconf 90' lang='lat' dir='ltr'><strong>di-</strong></span> 
     </span>
    </p>
   </div>
   <div class='ocr_carea' id='block_1_69' title="bbox 547 3709 2130 3783">
    <p class='ocr_par' dir='ltr' id='par_1_69' title="bbox 547 3709 2130 3783">
     <span class='ocr_line' id='line_1_69' title="bbox 547 3709 2130 3783; baseline 0 -14"><span class='ocrx_word' id='word_1_477' title='bbox 547 3712 681 3769; x_wconf 74' lang='lat' dir='ltr'><strong>vino</strong></span> <span class='ocrx_word' id='word_1_478' title='bbox 706 3709 910 3781; x_wconf 83' lang='lat' dir='ltr'><strong>judicio</strong></span> <span class='ocrx_word' id='word_1_479' title='bbox 939 3712 1282 3783; x_wconf 83' lang='lat' dir='ltr'><strong>interempto.</strong></span> <span class='ocrx_word' id='word_1_480' title='bbox 1339 3713 1442 3770; x_wconf 85' lang='lat' dir='ltr'><strong>Hic</strong></span> <span class='ocrx_word' id='word_1_481' title='bbox 1469 3713 1769 3769; x_wconf 85' lang='lat' dir='ltr'><strong>Adventius</strong></span> <span class='ocrx_word' id='word_1_482' title='bbox 1801 3713 1941 3770; x_wconf 88' lang='lat' dir='ltr'><strong>sedit</strong></span> <span class='ocrx_word' id='word_1_483' title='bbox 1972 3712 2130 3769; x_wconf 80' lang='lat' dir='ltr'><strong>annis</strong></span> 
     </span>
    </p>
   </div>
   <div class='ocr_carea' id='block_1_70' title="bbox 547 3800 2127 3872">
    <p class='ocr_par' dir='ltr' id='par_1_70' title="bbox 547 3800 2127 3872">
     <span class='ocr_line' id='line_1_70' title="bbox 547 3800 2127 3872; baseline 0.003 -17"><span class='ocrx_word' id='word_1_484' title='bbox 547 3800 615 3856; x_wconf 68' lang='grc'><strong>17</strong></span> <span class='ocrx_word' id='word_1_485' title='bbox 651 3803 757 3857; x_wconf 83' lang='lat' dir='ltr'><strong>sub</strong></span> <span class='ocrx_word' id='word_1_486' title='bbox 798 3803 1110 3872; x_wconf 79' lang='lat' dir='ltr'><strong>apostolicis</strong></span> <span class='ocrx_word' id='word_1_487' title='bbox 1157 3804 1336 3860; x_wconf 84' lang='lat' dir='ltr'><strong>Leone</strong></span> <span class='ocrx_word' id='word_1_488' title='bbox 1366 3805 1461 3870; x_wconf 87' lang='lat' dir='ltr'><strong>Vi,</strong></span> <span class='ocrx_word' id='word_1_489' title='bbox 1516 3804 1839 3870; x_wconf 87' lang='lat' dir='ltr'><strong>Benedicto,</strong></span> <span class='ocrx_word' id='word_1_490' title='bbox 1887 3803 2127 3869; x_wconf 84' lang='lat' dir='ltr'><strong>Nicolao,</strong></span> 
     </span>
    </p>
   </div>
   <div class='ocr_carea' id='block_1_71' title="bbox 547 3892 2133 3962">
    <p class='ocr_par' dir='ltr' id='par_1_71' title="bbox 547 3892 2133 3962">
     <span class='ocr_line' id='line_1_71' title="bbox 547 3892 2133 3962; baseline 0.004 -17"><span class='ocrx_word' id='word_1_491' title='bbox 547 3892 643 3962; x_wconf 80' lang='lat' dir='ltr'><strong>qui</strong></span> <span class='ocrx_word' id='word_1_492' title='bbox 670 3892 1038 3962; x_wconf 79' lang='lat' dir='ltr'><strong>Thiegaudum</strong></span> <span class='ocrx_word' id='word_1_493' title='bbox 1062 3905 1085 3933; x_wconf 76' lang='grc' dir='ltr'><strong>ο</strong></span> <span class='ocrx_word' id='word_1_494' title='bbox 1119 3894 1495 3950; x_wconf 89' lang='lat' dir='ltr'><strong>Trevirensem</strong></span> <span class='ocrx_word' id='word_1_495' title='bbox 1528 3904 1584 3951; x_wconf 88' lang='lat' dir='ltr'><strong>et</strong></span> <span class='ocrx_word' id='word_1_496' title='bbox 1611 3894 1950 3951; x_wconf 82' lang='lat' dir='ltr'><strong>Guntherqu</strong></span> <span class='ocrx_word' id='word_1_497' title='bbox 1973 3894 2133 3950; x_wconf 87' lang='lat' dir='ltr'><strong>Colo-</strong></span> 
     </span>
    </p>
   </div>
   <div class='ocr_carea' id='block_1_72' title="bbox 548 3981 2131 4051">
    <p class='ocr_par' dir='ltr' id='par_1_72' title="bbox 548 3981 2131 4051">
     <span class='ocr_line' id='line_1_72' title="bbox 548 3981 2131 4051; baseline 0.003 -16"><span class='ocrx_word' id='word_1_498' title='bbox 548 3981 791 4036; x_wconf 83' lang='lat' dir='ltr'><strong>nicusem</strong></span> <span class='ocrx_word' id='word_1_499' title='bbox 820 3982 1252 4051; x_wconf 85' lang='lat' dir='ltr'><strong>archiepiscopos</strong></span> <span class='ocrx_word' id='word_1_500' title='bbox 1280 3983 1575 4047; x_wconf 82' lang='lat' dir='ltr'><strong>damnavit,</strong></span> <span class='ocrx_word' id='word_1_501' title='bbox 1607 3983 1850 4039; x_wconf 88' lang='lat' dir='ltr'><strong>fautores</strong></span> <span class='ocrx_word' id='word_1_502' title='bbox 1878 3983 2131 4040; x_wconf 89' lang='lat' dir='ltr'><strong>adulterii</strong></span> 
     </span>
    </p>
   </div>
   <div class='ocr_carea' id='block_1_73' title="bbox 549 4071 2132 4147">
    <p class='ocr_par' dir='ltr' id='par_1_73' title="bbox 549 4071 2132 4147">
     <span class='ocr_line' id='line_1_73' title="bbox 549 4071 2132 4147; baseline 0.006 -22"><span class='ocrx_word' id='word_1_503' title='bbox 549 4071 693 4143; x_wconf 83' lang='lat' dir='ltr'><strong>regis</strong></span> <span class='ocrx_word' id='word_1_504' title='bbox 721 4072 992 4139; x_wconf 89' lang='lat' dir='ltr'><strong>Lotharii,</strong></span> <span class='ocrx_word' id='word_1_505' title='bbox 1036 4076 1431 4145; x_wconf 88' lang='lat' dir='ltr'><strong>conciliumque</strong></span> <span class='ocrx_word' id='word_1_506' title='bbox 1467 4079 1613 4147; x_wconf 89' lang='lat' dir='ltr'><strong>quod</strong></span> <span class='ocrx_word' id='word_1_507' title='bbox 1651 4078 1806 4134; x_wconf 76' lang='lat' dir='ltr'><strong>Motis</strong></span> <span class='ocrx_word' id='word_1_508' title='bbox 1843 4086 2132 4134; x_wconf 82' lang='lat' dir='ltr'><strong>tenuerant</strong></span> 
     </span>
    </p>
   </div>
   <div class='ocr_carea' id='block_1_74' title="bbox 549 4163 2129 4239">
    <p class='ocr_par' dir='ltr' id='par_1_74' title="bbox 549 4163 2129 4239">
     <span class='ocr_line' id='line_1_74' title="bbox 549 4163 2129 4239; baseline 0.004 -22"><span class='ocrx_word' id='word_1_509' title='bbox 549 4163 801 4218; x_wconf 89' lang='lat' dir='ltr'><strong>cassavit.</strong></span> <span class='ocrx_word' id='word_1_510' title='bbox 842 4163 1110 4220; x_wconf 78' lang='lat' dir='ltr'><strong>Pnefatus</strong></span> <span class='ocrx_word' id='word_1_511' title='bbox 1137 4166 1435 4223; x_wconf 88' lang='lat' dir='ltr'><strong>Adventius</strong></span> <span class='ocrx_word' id='word_1_512' title='bbox 1469 4167 1595 4224; x_wconf 85' lang='lat' dir='ltr'><strong>Meti</strong></span> <span class='ocrx_word' id='word_1_513' title='bbox 1634 4169 1691 4224; x_wconf 90' lang='lat' dir='ltr'><strong>in</strong></span> <span class='ocrx_word' id='word_1_514' title='bbox 1720 4169 1925 4239; x_wconf 82' lang='lat' dir='ltr'><strong>capella</strong></span> <span class='ocrx_word' id='word_1_515' title='bbox 1955 4169 2129 4225; x_wconf 88' lang='lat' dir='ltr'><strong>sancti</strong></span> 
     </span>
    </p>
   </div>
   <div class='ocr_carea' id='block_1_75' title="bbox 548 4253 2129 4324">
    <p class='ocr_par' dir='ltr' id='par_1_75' title="bbox 548 4253 2129 4324">
     <span class='ocr_line' id='line_1_75' title="bbox 548 4253 2129 4324; baseline 0.004 -14"><span class='ocrx_word' id='word_1_516' title='bbox 548 4253 687 4310; x_wconf 89' lang='lat' dir='ltr'><strong>Galli</strong></span> <span class='ocrx_word' id='word_1_517' title='bbox 715 4256 955 4324; x_wconf 84' lang='lat' dir='ltr'><strong>sepultus</strong></span> <span class='ocrx_word' id='word_1_518' title='bbox 982 4265 1083 4323; x_wconf 88' lang='lat' dir='ltr'><strong>est,</strong></span> <span class='ocrx_word' id='word_1_519' title='bbox 1120 4267 1175 4313; x_wconf 90' lang='lat' dir='ltr'><strong>et</strong></span> <span class='ocrx_word' id='word_1_520' title='bbox 1204 4275 1240 4313; x_wconf 89' lang='grc' dir='ltr'><strong>ιι</strong></span> <span class='ocrx_word' id='word_1_521' title='bbox 1276 4258 1395 4314; x_wconf 85' lang='lat' dir='ltr'><strong>Kal.</strong></span> <span class='ocrx_word' id='word_1_522' title='bbox 1424 4258 1673 4316; x_wconf 87' lang='lat' dir='ltr'><strong>Octobris</strong></span> <span class='ocrx_word' id='word_1_523' title='bbox 1699 4260 1726 4300; x_wconf 61' lang='grc' dir='ltr'><strong><em>Γ</em></strong></span> <span class='ocrx_word' id='word_1_524' title='bbox 1745 4262 1882 4317; x_wconf 91' lang='lat' dir='ltr'><strong>obiit</strong></span> <span class='ocrx_word' id='word_1_525' title='bbox 1918 4262 1973 4317; x_wconf 91' lang='lat' dir='ltr'><strong>in</strong></span> <span class='ocrx_word' id='word_1_526' title='bbox 2004 4262 2129 4317; x_wconf 90' lang='lat' dir='ltr'><strong>villa</strong></span> 
     </span>
    </p>
   </div>
   <div class='ocr_carea' id='block_1_76' title="bbox 551 4344 1731 4422">
    <p class='ocr_par' dir='ltr' id='par_1_76' title="bbox 551 4344 1731 4422">
     <span class='ocr_line' id='line_1_76' title="bbox 551 4344 1731 4422; baseline 0.004 -21"><span class='ocrx_word' id='word_1_527' title='bbox 551 4344 701 4401; x_wconf 89' lang='lat' dir='ltr'><strong>Salto</strong></span> <span class='ocrx_word' id='word_1_528' title='bbox 726 4345 890 4412; x_wconf 89' lang='lat' dir='ltr'><strong>dicta,</strong></span> <span class='ocrx_word' id='word_1_529' title='bbox 920 4348 1019 4403; x_wconf 89' lang='lat' dir='ltr'><strong>sub</strong></span> <span class='ocrx_word' id='word_1_530' title='bbox 1042 4349 1284 4406; x_wconf 86' lang='lat' dir='ltr'><strong>Adriano</strong></span> <span class='ocrx_word' id='word_1_531' title='bbox 1309 4365 1448 4422; x_wconf 88' lang='lat' dir='ltr'><strong>papa</strong></span> <span class='ocrx_word' id='word_1_532' title='bbox 1476 4352 1731 4408; x_wconf 89' lang='lat' dir='ltr'><strong>secundo.</strong></span> 
     </span>
    </p>
   </div>
   <div class='ocr_carea' id='block_1_77' title="bbox 618 4434 2126 4511">
    <p class='ocr_par' dir='ltr' id='par_1_77' title="bbox 618 4434 2126 4511">
     <span class='ocr_line' id='line_1_77' title="bbox 618 4434 2126 4511; baseline 0.004 -22"><span class='ocrx_word' id='word_1_533' title='bbox 618 4434 747 4490; x_wconf 90' lang='lat' dir='ltr'><strong>Post</strong></span> <span class='ocrx_word' id='word_1_534' title='bbox 784 4437 927 4492; x_wconf 91' lang='lat' dir='ltr'><strong>hunc</strong></span> <span class='ocrx_word' id='word_1_535' title='bbox 952 4437 1109 4493; x_wconf 87' lang='lat' dir='ltr'><strong>Walo</strong></span> <span class='ocrx_word' id='word_1_536' title='bbox 1145 4440 1591 4511; x_wconf 83' lang='lat' dir='ltr'><strong>quadragesimus</strong></span> <span class='ocrx_word' id='word_1_537' title='bbox 1627 4440 1895 4498; x_wconf 83' lang='lat' dir='ltr'><strong>secundus</strong></span> <span class='ocrx_word' id='word_1_538' title='bbox 1929 4440 2126 4511; x_wconf 70' lang='lat' dir='ltr'><strong>prmsul</strong></span> 
     </span>
    </p>
   </div>
   <div class='ocr_carea' id='block_1_78' title="bbox 549 4525 2129 4601">
    <p class='ocr_par' dir='ltr' id='par_1_78' title="bbox 549 4525 2129 4601">
     <span class='ocr_line' id='line_1_78' title="bbox 549 4525 2129 4601; baseline 0.008 -23"><span class='ocrx_word' id='word_1_539' title='bbox 549 4533 632 4578; x_wconf 90' lang='lat' dir='ltr'><strong>est</strong></span> <span class='ocrx_word' id='word_1_540' title='bbox 657 4525 875 4582; x_wconf 89' lang='lat' dir='ltr'><strong>electus.</strong></span> <span class='ocrx_word' id='word_1_541' title='bbox 897 4527 1047 4583; x_wconf 84' lang='lat' dir='ltr'><strong>Sedit</strong></span> <span class='ocrx_word' id='word_1_542' title='bbox 1073 4529 1231 4585; x_wconf 88' lang='lat' dir='ltr'><strong>annis</strong></span> <span class='ocrx_word' id='word_1_543' title='bbox 1258 4530 1311 4595; x_wconf 88' lang='lat'><strong>6,</strong></span> <span class='ocrx_word' id='word_1_544' title='bbox 1343 4532 1532 4588; x_wconf 89' lang='lat' dir='ltr'><strong>diebus</strong></span> <span class='ocrx_word' id='word_1_545' title='bbox 1565 4532 1629 4587; x_wconf 86' lang='lat' dir='ltr'><strong>l5</strong></span> <span class='ocrx_word' id='word_1_546' title='bbox 1654 4535 1678 4573; x_wconf 75' lang='grc' dir='ltr'>ε</span> <span class='ocrx_word' id='word_1_547' title='bbox 1706 4533 1805 4587; x_wconf 92' lang='lat' dir='ltr'><strong>sub</strong></span> <span class='ocrx_word' id='word_1_548' title='bbox 1834 4533 2129 4601; x_wconf 86' lang='lat' dir='ltr'><strong>apostolico</strong></span> 
     </span>
    </p>
   </div>
   <div class='ocr_carea' id='block_1_79' title="bbox 549 4613 2124 4692">
    <p class='ocr_par' dir='ltr' id='par_1_79' title="bbox 549 4613 2124 4692">
     <span class='ocr_line' id='line_1_79' title="bbox 549 4613 2124 4692; baseline 0.006 -22"><span class='ocrx_word' id='word_1_549' title='bbox 549 4613 753 4672; x_wconf 86' lang='lat' dir='ltr'><strong>Joanne</strong></span> <span class='ocrx_word' id='word_1_550' title='bbox 777 4618 866 4672; x_wconf 75' lang='lat' dir='ltr'><strong>Vll</strong></span> <span class='ocrx_word' id='word_1_551' title='bbox 887 4621 938 4683; x_wconf 78' lang='grc' dir='ltr'><strong>ιι,</strong></span> <span class='ocrx_word' id='word_1_552' title='bbox 988 4635 1017 4673; x_wconf 89' lang='lat' dir='ltr'><strong>a</strong></span> <span class='ocrx_word' id='word_1_553' title='bbox 1058 4635 1164 4688; x_wconf 92' lang='lat' dir='ltr'><strong>quo</strong></span> <span class='ocrx_word' id='word_1_554' title='bbox 1191 4631 1246 4675; x_wconf 92' lang='lat' dir='ltr'><strong>et</strong></span> <span class='ocrx_word' id='word_1_555' title='bbox 1272 4623 1489 4692; x_wconf 89' lang='lat' dir='ltr'><strong>pallium</strong></span> <span class='ocrx_word' id='word_1_556' title='bbox 1517 4624 1769 4679; x_wconf 81' lang='lat' dir='ltr'><strong>obtinuit.</strong></span> <span class='ocrx_word' id='word_1_557' title='bbox 1822 4624 1922 4680; x_wconf 86' lang='lat' dir='ltr'><strong>Hic</strong></span> <span class='ocrx_word' id='word_1_558' title='bbox 1950 4624 2124 4691; x_wconf 86' lang='lat' dir='ltr'><strong>Walo,</strong></span> 
     </span>
    </p>
   </div>
   <div class='ocr_carea' id='block_1_80' title="bbox 550 4706 2126 4784">
    <p class='ocr_par' dir='ltr' id='par_1_80' title="bbox 550 4706 2126 4784">
     <span class='ocr_line' id='line_1_80' title="bbox 550 4706 2126 4784; baseline 0.007 -23"><span class='ocrx_word' id='word_1_559' title='bbox 550 4706 676 4761; x_wconf 88' lang='lat' dir='ltr'><strong>dum</strong></span> <span class='ocrx_word' id='word_1_560' title='bbox 715 4723 835 4762; x_wconf 90' lang='lat' dir='ltr'><strong>cum</strong></span> <span class='ocrx_word' id='word_1_561' title='bbox 876 4710 988 4764; x_wconf 89' lang='lat' dir='ltr'><strong>suis</strong></span> <span class='ocrx_word' id='word_1_562' title='bbox 1025 4719 1212 4766; x_wconf 89' lang='lat' dir='ltr'><strong>contra</strong></span> <span class='ocrx_word' id='word_1_563' title='bbox 1250 4713 1611 4775; x_wconf 82' lang='lat' dir='ltr'><strong>Normannos,</strong></span> <span class='ocrx_word' id='word_1_564' title='bbox 1641 4715 1732 4784; x_wconf 91' lang='lat' dir='ltr'><strong>qui</strong></span> <span class='ocrx_word' id='word_1_565' title='bbox 1764 4722 1894 4770; x_wconf 90' lang='lat' dir='ltr'><strong>tunc</strong></span> <span class='ocrx_word' id='word_1_566' title='bbox 1921 4714 2126 4773; x_wconf 88' lang='lat' dir='ltr'><strong>Gallias</strong></span> 
     </span>
    </p>
   </div>
   <div class='ocr_carea' id='block_1_81' title="bbox 549 4794 2123 4875">
    <p class='ocr_par' dir='ltr' id='par_1_81' title="bbox 549 4794 2123 4875">
     <span class='ocr_line' id='line_1_81' title="bbox 549 4794 2123 4875; baseline 0.008 -25"><span class='ocrx_word' id='word_1_567' title='bbox 549 4794 927 4863; x_wconf 88' lang='lat' dir='ltr'><strong>incursabant,</strong></span> <span class='ocrx_word' id='word_1_568' title='bbox 970 4800 1163 4870; x_wconf 88' lang='lat' dir='ltr'><strong>impari</strong></span> <span class='ocrx_word' id='word_1_569' title='bbox 1202 4818 1363 4857; x_wconf 92' lang='lat' dir='ltr'><strong>manu</strong></span> <span class='ocrx_word' id='word_1_570' title='bbox 1402 4814 1636 4875; x_wconf 81' lang='lat' dir='ltr'><strong>pugnat,</strong></span> <span class='ocrx_word' id='word_1_571' title='bbox 1677 4807 2033 4862; x_wconf 87' lang='lat' dir='ltr'><strong>obtruncatur</strong></span> <span class='ocrx_word' id='word_1_572' title='bbox 2060 4825 2123 4864; x_wconf 91' lang='grc' dir='ltr'><strong>ιιι</strong></span> 
     </span>
    </p>
   </div>
   <div class='ocr_carea' id='block_1_82' title="bbox 548 4883 2126 4959">
    <p class='ocr_par' dir='ltr' id='par_1_82' title="bbox 548 4883 2126 4959">
     <span class='ocr_line' id='line_1_82' title="bbox 548 4883 2126 4959; baseline 0.007 -17"><span class='ocrx_word' id='word_1_573' title='bbox 548 4883 690 4942; x_wconf 85' lang='lat' dir='ltr'><strong>Non.</strong></span> <span class='ocrx_word' id='word_1_574' title='bbox 719 4900 734 4926; x_wconf 84' lang='grc' dir='ltr'><strong>ι</strong></span> <span class='ocrx_word' id='word_1_575' title='bbox 761 4886 981 4956; x_wconf 88' lang='lat' dir='ltr'><strong>Aprilis,</strong></span> <span class='ocrx_word' id='word_1_576' title='bbox 1016 4889 1303 4959; x_wconf 85' lang='lat' dir='ltr'><strong>Metimquc</strong></span> <span class='ocrx_word' id='word_1_577' title='bbox 1332 4893 1555 4959; x_wconf 79' lang='lat' dir='ltr'><strong>relatus,</strong></span> <span class='ocrx_word' id='word_1_578' title='bbox 1585 4895 1639 4948; x_wconf 89' lang='lat' dir='ltr'><strong>in</strong></span> <span class='ocrx_word' id='word_1_579' title='bbox 1666 4895 1908 4950; x_wconf 88' lang='lat' dir='ltr'><strong>Ecclesia</strong></span> <span class='ocrx_word' id='word_1_580' title='bbox 1936 4896 2126 4953; x_wconf 82' lang='lat' dir='ltr'><strong>Salva—</strong></span> 
     </span>
    </p>
   </div>
   <div class='ocr_carea' id='block_1_83' title="bbox 549 4974 1767 5054">
    <p class='ocr_par' dir='ltr' id='par_1_83' title="bbox 549 4974 1767 5054">
     <span class='ocr_line' id='line_1_83' title="bbox 549 4974 1767 5054; baseline 0.005 -22"><span class='ocrx_word' id='word_1_581' title='bbox 549 4974 705 5040; x_wconf 85' lang='lat' dir='ltr'><strong>toris,</strong></span> <span class='ocrx_word' id='word_1_582' title='bbox 734 4992 897 5046; x_wconf 89' lang='lat' dir='ltr'><strong>quam</strong></span> <span class='ocrx_word' id='word_1_583' title='bbox 924 4978 1038 5047; x_wconf 89' lang='lat' dir='ltr'><strong>ipse</strong></span> <span class='ocrx_word' id='word_1_584' title='bbox 1063 4987 1463 5048; x_wconf 81' lang='lat' dir='ltr'><strong>construxerat,</strong></span> <span class='ocrx_word' id='word_1_585' title='bbox 1490 4983 1767 5054; x_wconf 87' lang='lat' dir='ltr'><strong>sepelitur.</strong></span> 
     </span>
    </p>
   </div>
   <div class='ocr_carea' id='block_1_84' title="bbox 505 5149 2121 5228">
    <p class='ocr_par' dir='ltr' id='par_1_84' title="bbox 505 5149 2121 5228">
     <span class='ocr_line' id='line_1_84' title="bbox 505 5149 2121 5228; baseline 0.008 -24"><span class='ocrx_word' id='word_1_586' title='bbox 505 5200 512 5228; x_wconf 36' lang='grc' dir='ltr'><strong>ξ</strong></span> <span class='ocrx_word' id='word_1_587' title='bbox 619 5162 648 5228; x_wconf 64' lang='grc' dir='ltr'><strong>ξι</strong></span> <span class='ocrx_word' id='word_1_588' title='bbox 673 5149 840 5228; x_wconf 69' lang='lat' dir='ltr'><strong>Alias,</strong></span> <span class='ocrx_word' id='word_1_589' title='bbox 863 5168 938 5207; x_wconf 88' lang='lat' dir='ltr'><strong>vu</strong></span> <span class='ocrx_word' id='word_1_590' title='bbox 960 5151 1082 5228; x_wconf 64' lang='grc' dir='ltr'><strong>Καί.</strong></span> <span class='ocrx_word' id='word_1_591' title='bbox 1102 5153 1375 5228; x_wconf 50' lang='lat' dir='ltr'><strong>Norant,</strong></span> <span class='ocrx_word' id='word_1_592' title='bbox 1403 5154 1539 5212; x_wconf 90' lang='lat' dir='ltr'><strong>alias</strong></span> <span class='ocrx_word' id='word_1_593' title='bbox 1559 5173 1633 5223; x_wconf 81' lang='grc' dir='ltr'><strong>ιν,</strong></span> <span class='ocrx_word' id='word_1_594' title='bbox 1657 5166 1711 5213; x_wconf 90' lang='lat' dir='ltr'><strong>et</strong></span> <span class='ocrx_word' id='word_1_595' title='bbox 1729 5158 2047 5228; x_wconf 85' lang='lat' dir='ltr'><strong>quibusdam</strong></span> <span class='ocrx_word' id='word_1_596' title='bbox 2068 5177 2121 5217; x_wconf 91' lang='lat' dir='ltr'><strong>v.</strong></span> 
     </span>
    </p>
   </div>
   <div class='ocr_carea' id='block_1_85' title="bbox 503 5219 1337 5305">
    <p class='ocr_par' dir='ltr' id='par_1_85' title="bbox 503 5219 1337 5305">
     <span class='ocr_line' id='line_1_85' title="bbox 503 5219 1337 5305; baseline 0.006 -31"><span class='ocrx_word' id='word_1_597' title='bbox 619 5220 649 5305; x_wconf 56' lang='grc' dir='ltr'><strong>ξ</strong></span> <span class='ocrx_word' id='word_1_598' title='bbox 673 5219 736 5305; x_wconf 59' lang='lat' dir='ltr'><strong>id</strong></span> <span class='ocrx_word' id='word_1_599' title='bbox 754 5223 1337 5305; x_wconf 53' lang='lat' dir='ltr'><strong>estharch‘capellanus.</strong></span> 
     </span>
    </p>
   </div>
   <div class='ocr_carea' id='block_1_86' title="bbox 503 5289 1129 5365">
    <p class='ocr_par' dir='ltr' id='par_1_86' title="bbox 503 5289 1129 5365">
     <span class='ocr_line' id='line_1_86' title="bbox 503 5289 1129 5365; baseline 0.008 -22"><span class='ocrx_word' id='word_1_600' title='bbox 503 5298 516 5365; x_wconf 63' lang='grc' dir='ltr'><strong>ἕ·</strong></span> <span class='ocrx_word' id='word_1_601' title='bbox 620 5300 644 5365; x_wconf 63' lang='grc' dir='ltr'><strong>ξ</strong></span> <span class='ocrx_word' id='word_1_602' title='bbox 670 5289 782 5365; x_wconf 60' lang='lat' dir='ltr'><strong>AL,</strong></span> <span class='ocrx_word' id='word_1_603' title='bbox 814 5289 1129 5365; x_wconf 69' lang='lat' dir='ltr'><strong>Decembris.</strong></span> 
     </span>
    </p>
   </div>
   <div class='ocr_carea' id='block_1_87' title="bbox 505 5357 1722 5501">
    <p class='ocr_par' dir='ltr' id='par_1_87' title="bbox 505 5357 1722 5501">
     <span class='ocr_line' id='line_1_87' title="bbox 505 5357 1722 5484; baseline 0.011 -74"><span class='ocrx_word' id='word_1_604' title='bbox 505 5362 513 5400; x_wconf 72' lang='grc' dir='ltr'>ὲ</span> <span class='ocrx_word' id='word_1_605' title='bbox 616 5357 644 5398; x_wconf 76' lang='grc' dir='ltr'><em>δ</em></span> <span class='ocrx_word' id='word_1_606' title='bbox 670 5357 834 5431; x_wconf 83' lang='lat' dir='ltr'><strong>Lego,</strong></span> <span class='ocrx_word' id='word_1_607' title='bbox 860 5361 1135 5484; x_wconf 47' lang='lat' dir='ltr'><strong>grutruele,</strong></span> <span class='ocrx_word' id='word_1_608' title='bbox 1170 5363 1223 5417; x_wconf 87' lang='lat' dir='ltr'><strong>id</strong></span> <span class='ocrx_word' id='word_1_609' title='bbox 1247 5373 1348 5425; x_wconf 80' lang='lat' dir='ltr'><strong>est.</strong></span> <span class='ocrx_word' id='word_1_610' title='bbox 1376 5363 1565 5450; x_wconf 74' lang='lat' dir='ltr'><strong>fratris</strong></span> <span class='ocrx_word' id='word_1_611' title='bbox 1593 5365 1722 5423; x_wconf 79' lang='lat' dir='ltr'><strong>ﬁlio.</strong></span> 
     </span>
     <span class='ocr_line' id='line_1_88' title="bbox 623 5428 1678 5501; baseline 0.01 -20"><span class='ocrx_word' id='word_1_612' title='bbox 623 5439 650 5501; x_wconf 62' lang='grc' dir='ltr'><strong>ξ</strong></span> <span class='ocrx_word' id='word_1_613' title='bbox 674 5428 785 5501; x_wconf 60' lang='lat' dir='ltr'><strong>AL,</strong></span> <span class='ocrx_word' id='word_1_614' title='bbox 818 5429 860 5483; x_wconf 82' lang='grc' dir='ltr'><em>Τ</em></span> <span class='ocrx_word' id='word_1_615' title='bbox 880 5434 1211 5501; x_wconf 15' lang='grc' dir='ltr'><strong>νεαισηαάηηι</strong></span> <span class='ocrx_word' id='word_1_616' title='bbox 1238 5444 1287 5488; x_wconf 85' lang='lat' dir='ltr'><strong>et</strong></span> <span class='ocrx_word' id='word_1_617' title='bbox 1313 5434 1678 5491; x_wconf 71' lang='lat' dir='ltr'><strong>Cantherium.</strong></span> 
     </span>
    </p>
   </div>
   <div class='ocr_carea' id='block_1_88' title="bbox 769 5450 1678 5494">
    <p class='ocr_par' dir='ltr' id='par_1_88' title="bbox 769 5450 1678 5494">
     <span class='ocr_line' id='line_1_89' title="bbox 769 5450 1678 5494; baseline 0.01 -11"><span class='ocrx_word' id='word_1_618' title='bbox 769 5469 785 5494; x_wconf 83' lang='lat'><strong>,</strong></span> <span class='ocrx_word' id='word_1_619' title='bbox 820 5450 1211 5494; x_wconf 74' lang='lat' dir='ltr'><strong>rueatgaumtm</strong></span> <span class='ocrx_word' id='word_1_620' title='bbox 1238 5450 1287 5488; x_wconf 81' lang='lat' dir='ltr'><strong>et</strong></span> <span class='ocrx_word' id='word_1_621' title='bbox 1313 5450 1678 5491; x_wconf 73' lang='lat' dir='ltr'><strong>uuntltemtm.</strong></span> 
     </span>
    </p>
   </div>
   <div class='ocr_carea' id='block_1_89' title="bbox 625 5496 1484 5576">
    <p class='ocr_par' dir='ltr' id='par_1_89' title="bbox 625 5496 1484 5576">
     <span class='ocr_line' id='line_1_90' title="bbox 625 5496 1484 5576; baseline 0.015 -28"><span class='ocrx_word' id='word_1_622' title='bbox 625 5496 649 5576; x_wconf 64' lang='grc' dir='ltr'><strong>ξ</strong></span> <span class='ocrx_word' id='word_1_623' title='bbox 672 5497 779 5576; x_wconf 52' lang='lat' dir='ltr'><strong>AL,</strong></span> <span class='ocrx_word' id='word_1_624' title='bbox 805 5496 1122 5569; x_wconf 28' lang='lat' dir='ltr'><strong>pridievKal.</strong></span> <span class='ocrx_word' id='word_1_625' title='bbox 1149 5503 1484 5575; x_wconf 78' lang='lat' dir='ltr'><strong>Septembris.</strong></span> 
     </span>
    </p>
   </div>
   <div class='ocr_carea' id='block_1_90' title="bbox 625 5565 904 5622">
    <p class='ocr_par' dir='ltr' id='par_1_90' title="bbox 625 5565 904 5622">
     <span class='ocr_line' id='line_1_91' title="bbox 625 5565 904 5622; baseline 0.011 -3"><span class='ocrx_word' id='word_1_626' title='bbox 625 5569 649 5607; x_wconf 76' lang='grc'>⁸</span> <span class='ocrx_word' id='word_1_627' title='bbox 674 5565 823 5622; x_wconf 78' lang='lat' dir='ltr'><strong>Alias</strong></span> <span class='ocrx_word' id='word_1_628' title='bbox 850 5584 904 5622; x_wconf 85' lang='lat' dir='ltr'><strong>v.</strong></span> 
     </span>
    </p>
   </div>
   <div class='ocr_carea' id='block_1_91' title="bbox 621 5636 965 5691">
    <p class='ocr_par' dir='ltr' id='par_1_91' title="bbox 621 5636 965 5691">
     <span class='ocr_line' id='line_1_92' title="bbox 621 5636 965 5691; baseline 0.009 -3"><span class='ocrx_word' id='word_1_629' title='bbox 621 5638 646 5677; x_wconf 79' lang='grc' dir='ltr'><strong>ιι</strong></span> <span class='ocrx_word' id='word_1_630' title='bbox 675 5636 823 5689; x_wconf 83' lang='lat' dir='ltr'><strong>Alias</strong></span> <span class='ocrx_word' id='word_1_631' title='bbox 849 5653 965 5691; x_wconf 85' lang='lat' dir='ltr'><strong>vm.</strong></span> 
     </span>
    </p>
   </div>
   <div class='ocr_carea' id='block_1_92' title="bbox 632 5703 1405 5776">
    <p class='ocr_par' dir='ltr' id='par_1_92' title="bbox 632 5703 1405 5776">
     <span class='ocr_line' id='line_1_93' title="bbox 632 5703 1405 5776; baseline 0.006 -16"><span class='ocrx_word' id='word_1_632' title='bbox 632 5707 645 5747; x_wconf 65' lang='grc' dir='ltr'><strong><em>ἱ</em></strong></span> <span class='ocrx_word' id='word_1_633' title='bbox 679 5721 735 5761; x_wconf 75' lang='lat' dir='ltr'><strong>tv</strong></span> <span class='ocrx_word' id='word_1_634' title='bbox 761 5703 889 5759; x_wconf 82' lang='lat' dir='ltr'><strong>Idus</strong></span> <span class='ocrx_word' id='word_1_635' title='bbox 919 5707 1129 5776; x_wconf 68' lang='lat' dir='ltr'><strong>Aprilis,</strong></span> <span class='ocrx_word' id='word_1_636' title='bbox 1161 5727 1250 5763; x_wconf 83' lang='lat' dir='ltr'><strong>an.</strong></span> <span class='ocrx_word' id='word_1_637' title='bbox 1281 5711 1405 5765; x_wconf 79' lang='lat'><strong>883.</strong></span> 
     </span>
    </p>
   </div>
   <div class='ocr_carea' id='block_1_93' title="bbox 2226 3258 3721 3337">
    <p class='ocr_par' dir='ltr' id='par_1_93' title="bbox 2226 3258 3721 3337">
     <span class='ocr_line' id='line_1_94' title="bbox 2226 3258 3721 3337; baseline -0.004 -17"><span class='ocrx_word' id='word_1_638' title='bbox 2226 3266 2526 3320; x_wconf 84' lang='lat' dir='ltr'><strong>stianorum</strong></span> <span class='ocrx_word' id='word_1_639' title='bbox 2554 3264 2801 3320; x_wconf 88' lang='lat' dir='ltr'><strong>obeundo</strong></span> <span class='ocrx_word' id='word_1_640' title='bbox 2827 3265 2959 3321; x_wconf 86' lang='lat' dir='ltr'><strong>vicit</strong></span> <span class='ocrx_word' id='word_1_641' title='bbox 2983 3281 3096 3321; x_wconf 81' lang='lat' dir='ltr'><strong>xvn</strong></span> <span class='ocrx_word' id='word_1_642' title='bbox 3130 3266 3248 3321; x_wconf 79' lang='lat' dir='ltr'><strong>Kal.</strong></span> <span class='ocrx_word' id='word_1_643' title='bbox 3275 3265 3506 3337; x_wconf 83' lang='lat' dir='ltr'><strong>Augusti.</strong></span> <span class='ocrx_word' id='word_1_644' title='bbox 3529 3258 3721 3317; x_wconf 76' lang='lat' dir='ltr'><strong>Revelala</strong></span> 
     </span>
    </p>
   </div>
   <div class='ocr_carea' id='block_1_94' title="bbox 2226 3353 3721 3428">
    <p class='ocr_par' dir='ltr' id='par_1_94' title="bbox 2226 3353 3721 3428">
     <span class='ocr_line' id='line_1_95' title="bbox 2226 3353 3721 3428; baseline -0.004 -16"><span class='ocrx_word' id='word_1_645' title='bbox 2226 3365 2311 3412; x_wconf 87' lang='lat' dir='ltr'><strong>est</strong></span> <span class='ocrx_word' id='word_1_646' title='bbox 2332 3356 2597 3426; x_wconf 83' lang='lat' dir='ltr'><strong>siquidem</strong></span> <span class='ocrx_word' id='word_1_647' title='bbox 2625 3357 2787 3412; x_wconf 87' lang='lat' dir='ltr'><strong>beato</strong></span> <span class='ocrx_word' id='word_1_648' title='bbox 2810 3357 2878 3413; x_wconf 92' lang='lat' dir='ltr'><strong>de</strong></span> <span class='ocrx_word' id='word_1_649' title='bbox 2898 3354 3143 3426; x_wconf 84' lang='lat' dir='ltr'><strong>Bajoaria</strong></span> <span class='ocrx_word' id='word_1_650' title='bbox 3168 3358 3409 3415; x_wconf 87' lang='lat' dir='ltr'><strong>Odelrico</strong></span> <span class='ocrx_word' id='word_1_651' title='bbox 3432 3353 3613 3428; x_wconf 72' lang='grc' dir='ltr'><strong>ιιι-ιεςωὶ</strong></span> <span class='ocrx_word' id='word_1_652' title='bbox 3633 3359 3721 3403; x_wconf 72' lang='grc' dir='ltr'><strong>ἰιν</strong></span> 
     </span>
    </p>
   </div>
   <div class='ocr_carea' id='block_1_95' title="bbox 2227 3446 2755 3503">
    <p class='ocr_par' dir='ltr' id='par_1_95' title="bbox 2227 3446 2755 3503">
     <span class='ocr_line' id='line_1_96' title="bbox 2227 3446 2755 3503; baseline -0.002 -1"><span class='ocrx_word' id='word_1_653' title='bbox 2227 3447 2296 3503; x_wconf 87' lang='lat' dir='ltr'><strong>lis</strong></span> <span class='ocrx_word' id='word_1_654' title='bbox 2317 3446 2577 3503; x_wconf 85' lang='lat' dir='ltr'><strong>divinitus</strong></span> <span class='ocrx_word' id='word_1_655' title='bbox 2598 3447 2755 3503; x_wconf 87' lang='lat' dir='ltr'><strong>visio.</strong></span> 
     </span>
    </p>
   </div>
   <div class='ocr_carea' id='block_1_96' title="bbox 2299 3527 3724 3606">
    <p class='ocr_par' dir='ltr' id='par_1_96' title="bbox 2299 3527 3724 3606">
     <span class='ocr_line' id='line_1_97' title="bbox 2299 3527 3724 3606; baseline -0.002 -14"><span class='ocrx_word' id='word_1_656' title='bbox 2299 3535 2593 3592; x_wconf 72' lang='lat' dir='ltr'><strong>Videbatur</strong></span> <span class='ocrx_word' id='word_1_657' title='bbox 2615 3536 2719 3593; x_wconf 83' lang='lat' dir='ltr'><strong>sibi</strong></span> <span class='ocrx_word' id='word_1_658' title='bbox 2744 3536 2927 3593; x_wconf 86' lang='lat' dir='ltr'><strong>videre</strong></span> <span class='ocrx_word' id='word_1_659' title='bbox 2947 3535 3157 3606; x_wconf 90' lang='lat' dir='ltr'><strong>justum</strong></span> <span class='ocrx_word' id='word_1_660' title='bbox 3188 3539 3461 3594; x_wconf 85' lang='lat' dir='ltr'><strong>Dominum</strong></span> <span class='ocrx_word' id='word_1_661' title='bbox 3476 3533 3665 3605; x_wconf 77' lang='lat' dir='ltr'><strong>iudicem</strong></span> <span class='ocrx_word' id='word_1_662' title='bbox 3684 3527 3724 3581; x_wconf 59' lang='grc' dir='ltr'>ἤ</span> 
     </span>
    </p>
   </div>
   <div class='ocr_carea' id='block_1_97' title="bbox 2227 3625 3726 3689">
    <p class='ocr_par' dir='ltr' id='par_1_97' title="bbox 2227 3625 3726 3689">
     <span class='ocr_line' id='line_1_98' title="bbox 2227 3625 3726 3689; baseline -0.003 -6"><span class='ocrx_word' id='word_1_663' title='bbox 2227 3627 2502 3683; x_wconf 85' lang='lat' dir='ltr'><strong>schemate</strong></span> <span class='ocrx_word' id='word_1_664' title='bbox 2522 3625 2650 3683; x_wconf 88' lang='lat' dir='ltr'><strong>Jesu</strong></span> <span class='ocrx_word' id='word_1_665' title='bbox 2669 3626 2871 3683; x_wconf 83' lang='lat' dir='ltr'><strong>Christi</strong></span> <span class='ocrx_word' id='word_1_666' title='bbox 2891 3628 3109 3685; x_wconf 87' lang='lat' dir='ltr'><strong>sublimi</strong></span> <span class='ocrx_word' id='word_1_667' title='bbox 3134 3630 3271 3686; x_wconf 89' lang='lat' dir='ltr'><strong>solio</strong></span> <span class='ocrx_word' id='word_1_668' title='bbox 3291 3629 3524 3689; x_wconf 73' lang='lat' dir='ltr'><strong>residere.</strong></span> <span class='ocrx_word' id='word_1_669' title='bbox 3543 3632 3726 3679; x_wconf 69' lang='lat' dir='ltr'><strong>onlnem-</strong></span> 
     </span>
    </p>
   </div>
   <div class='ocr_carea' id='block_1_98' title="bbox 2229 3716 3724 3788">
    <p class='ocr_par' dir='ltr' id='par_1_98' title="bbox 2229 3716 3724 3788">
     <span class='ocr_line' id='line_1_99' title="bbox 2229 3716 3724 3788; baseline -0.003 -15"><span class='ocrx_word' id='word_1_670' title='bbox 2229 3726 2338 3788; x_wconf 73' lang='lat' dir='ltr'><strong>quc‘</strong></span> <span class='ocrx_word' id='word_1_671' title='bbox 2364 3716 2489 3774; x_wconf 74' lang='grc' dir='ltr'><strong>οωιί</strong></span> <span class='ocrx_word' id='word_1_672' title='bbox 2520 3718 2765 3774; x_wconf 89' lang='lat' dir='ltr'><strong>ordinem</strong></span> <span class='ocrx_word' id='word_1_673' title='bbox 2796 3719 3174 3776; x_wconf 85' lang='lat' dir='ltr'><strong>circumstare.</strong></span> <span class='ocrx_word' id='word_1_674' title='bbox 3214 3717 3532 3776; x_wconf 84' lang='lat' dir='ltr'><strong>Examinatio</strong></span> <span class='ocrx_word' id='word_1_675' title='bbox 3563 3721 3724 3768; x_wconf 65' lang='lat' dir='ltr'><strong>statera</strong></span> 
     </span>
    </p>
   </div>
   <div class='ocr_carea' id='block_1_99' title="bbox 2227 3797 3721 3880">
    <p class='ocr_par' dir='ltr' id='par_1_99' title="bbox 2227 3797 3721 3880">
     <span class='ocr_line' id='line_1_100' title="bbox 2227 3797 3721 3880; baseline -0.003 -18"><span class='ocrx_word' id='word_1_676' title='bbox 2227 3816 2418 3880; x_wconf 79' lang='lat' dir='ltr'><strong>parata</strong></span> <span class='ocrx_word' id='word_1_677' title='bbox 2453 3816 2557 3873; x_wconf 86' lang='lat' dir='ltr'><strong>est,</strong></span> <span class='ocrx_word' id='word_1_678' title='bbox 2597 3808 2829 3877; x_wconf 69' lang='lat' dir='ltr'><strong>qimstio</strong></span> <span class='ocrx_word' id='word_1_679' title='bbox 2863 3808 3141 3875; x_wconf 83' lang='lat' dir='ltr'><strong>ventilata,</strong></span> <span class='ocrx_word' id='word_1_680' title='bbox 3185 3810 3271 3865; x_wconf 92' lang='lat' dir='ltr'><strong>cui</strong></span> <span class='ocrx_word' id='word_1_681' title='bbox 3312 3809 3510 3865; x_wconf 87' lang='lat' dir='ltr'><strong>cederet</strong></span> <span class='ocrx_word' id='word_1_682' title='bbox 3534 3797 3721 3859; x_wconf 66' lang='lat' dir='ltr'><strong>victoria,</strong></span> 
     </span>
    </p>
   </div>
   <div class='ocr_carea' id='block_1_100' title="bbox 2228 3897 3721 3969">
    <p class='ocr_par' dir='ltr' id='par_1_100' title="bbox 2228 3897 3721 3969">
     <span class='ocr_line' id='line_1_101' title="bbox 2228 3897 3721 3969; baseline 0.005 -17"><span class='ocrx_word' id='word_1_683' title='bbox 2228 3897 2486 3963; x_wconf 83' lang='lat' dir='ltr'><strong>Ethnico,</strong></span> <span class='ocrx_word' id='word_1_684' title='bbox 2532 3912 2601 3951; x_wconf 88' lang='lat' dir='ltr'><strong>an</strong></span> <span class='ocrx_word' id='word_1_685' title='bbox 2640 3897 2920 3953; x_wconf 86' lang='lat' dir='ltr'><strong>Christum</strong></span> <span class='ocrx_word' id='word_1_686' title='bbox 2955 3898 3235 3969; x_wconf 86' lang='lat' dir='ltr'><strong>professis.</strong></span> <span class='ocrx_word' id='word_1_687' title='bbox 3283 3898 3525 3968; x_wconf 83' lang='lat' dir='ltr'><strong>lniquitas</strong></span> <span class='ocrx_word' id='word_1_688' title='bbox 3557 3902 3721 3960; x_wconf 61' lang='lat' dir='ltr'><strong>81W</strong></span> 
     </span>
    </p>
   </div>
   <div class='ocr_carea' id='block_1_101' title="bbox 2229 3976 3727 4057">
    <p class='ocr_par' dir='ltr' id='par_1_101' title="bbox 2229 3976 3727 4057">
     <span class='ocr_line' id='line_1_102' title="bbox 2229 3976 3727 4057; baseline 0.003 -12"><span class='ocrx_word' id='word_1_689' title='bbox 2229 3997 2412 4045; x_wconf 88' lang='lat' dir='ltr'><strong>catum</strong></span> <span class='ocrx_word' id='word_1_690' title='bbox 2461 3989 2892 4046; x_wconf 84' lang='lat' dir='ltr'><strong>Christianorum</strong></span> <span class='ocrx_word' id='word_1_691' title='bbox 2945 4000 3264 4048; x_wconf 88' lang='lat' dir='ltr'><strong>excreverat</strong></span> <span class='ocrx_word' id='word_1_692' title='bbox 3317 4004 3381 4046; x_wconf 86' lang='lat' dir='ltr'><strong>co</strong></span> <span class='ocrx_word' id='word_1_693' title='bbox 3432 3999 3613 4057; x_wconf 56' lang='lat' dir='ltr'><strong>usque,</strong></span> <span class='ocrx_word' id='word_1_694' title='bbox 3647 3976 3727 4049; x_wconf 58' lang='lat' dir='ltr'><strong>illi“</strong></span> 
     </span>
    </p>
   </div>
   <div class='ocr_carea' id='block_1_102' title="bbox 2223 4073 3725 4150">
    <p class='ocr_par' dir='ltr' id='par_1_102' title="bbox 2223 4073 3725 4150">
     <span class='ocr_line' id='line_1_103' title="bbox 2223 4073 3725 4150; baseline -0.007 -15"><span class='ocrx_word' id='word_1_695' title='bbox 2223 4078 2601 4148; x_wconf 70' lang='lat' dir='ltr'><strong>iudicarentur</strong></span> <span class='ocrx_word' id='word_1_696' title='bbox 2639 4079 2835 4150; x_wconf 85' lang='lat' dir='ltr'><strong>subjici</strong></span> <span class='ocrx_word' id='word_1_697' title='bbox 2875 4079 3054 4150; x_wconf 87' lang='lat' dir='ltr'><strong>gladio</strong></span> <span class='ocrx_word' id='word_1_698' title='bbox 3100 4080 3500 4136; x_wconf 89' lang='lat' dir='ltr'><strong>Saracenorum.</strong></span> <span class='ocrx_word' id='word_1_699' title='bbox 3553 4073 3725 4128; x_wconf 74' lang='lat' dir='ltr'><strong>Sanctus</strong></span> 
     </span>
    </p>
   </div>
   <div class='ocr_carea' id='block_1_103' title="bbox 2228 4157 3722 4242">
    <p class='ocr_par' dir='ltr' id='par_1_103' title="bbox 2228 4157 3722 4242">
     <span class='ocr_line' id='line_1_104' title="bbox 2228 4157 3722 4242; baseline -0.004 -16"><span class='ocrx_word' id='word_1_700' title='bbox 2228 4171 2487 4242; x_wconf 87' lang='lat' dir='ltr'><strong>evigilans</strong></span> <span class='ocrx_word' id='word_1_701' title='bbox 2527 4173 2782 4229; x_wconf 89' lang='lat' dir='ltr'><strong>sacerdos</strong></span> <span class='ocrx_word' id='word_1_702' title='bbox 2804 4212 2823 4238; x_wconf 90' lang='lat'><strong>,</strong></span> <span class='ocrx_word' id='word_1_703' title='bbox 2861 4173 3129 4229; x_wconf 79' lang='lat' dir='ltr'><strong>visionem</strong></span> <span class='ocrx_word' id='word_1_704' title='bbox 3170 4172 3467 4230; x_wconf 83' lang='lat' dir='ltr'><strong>manifestat</strong></span> <span class='ocrx_word' id='word_1_705' title='bbox 3503 4157 3722 4224; x_wconf 70' lang='lat' dir='ltr'><strong>exercitui-</strong></span> 
     </span>
    </p>
   </div>
   <div class='ocr_carea' id='block_1_104' title="bbox 2229 4259 3723 4336">
    <p class='ocr_par' dir='ltr' id='par_1_104' title="bbox 2229 4259 3723 4336">
     <span class='ocr_line' id='line_1_105' title="bbox 2229 4259 3723 4336; baseline -0.005 -17"><span class='ocrx_word' id='word_1_706' title='bbox 2229 4263 2577 4320; x_wconf 86' lang='lat' dir='ltr'><strong>Orationibus</strong></span> <span class='ocrx_word' id='word_1_707' title='bbox 2619 4264 2783 4336; x_wconf 85' lang='lat' dir='ltr'><strong>igitur</strong></span> <span class='ocrx_word' id='word_1_708' title='bbox 2824 4259 2888 4320; x_wconf 73' lang='lat' dir='ltr'><strong>et&#39;</strong></span> <span class='ocrx_word' id='word_1_709' title='bbox 2911 4262 3141 4333; x_wconf 86' lang='lat' dir='ltr'><strong>jejuniis</strong></span> <span class='ocrx_word' id='word_1_710' title='bbox 3175 4263 3333 4320; x_wconf 87' lang='lat' dir='ltr'><strong>simul</strong></span> <span class='ocrx_word' id='word_1_711' title='bbox 3369 4262 3579 4318; x_wconf 85' lang='lat' dir='ltr'><strong>instant,</strong></span> <span class='ocrx_word' id='word_1_712' title='bbox 3615 4260 3723 4321; x_wconf 73' lang='lat' dir='ltr'><strong>spell</strong></span> 
     </span>
    </p>
   </div>
   <div class='ocr_carea' id='block_1_105' title="bbox 2228 4344 3724 4425">
    <p class='ocr_par' dir='ltr' id='par_1_105' title="bbox 2228 4344 3724 4425">
     <span class='ocr_line' id='line_1_106' title="bbox 2228 4344 3724 4425; baseline -0.005 -16"><span class='ocrx_word' id='word_1_713' title='bbox 2228 4369 2341 4409; x_wconf 86' lang='lat' dir='ltr'><strong>suae</strong></span> <span class='ocrx_word' id='word_1_714' title='bbox 2379 4354 2569 4409; x_wconf 89' lang='lat' dir='ltr'><strong>salutis</strong></span> <span class='ocrx_word' id='word_1_715' title='bbox 2610 4355 2664 4409; x_wconf 91' lang='lat' dir='ltr'><strong>in</strong></span> <span class='ocrx_word' id='word_1_716' title='bbox 2703 4368 2837 4425; x_wconf 89' lang='lat' dir='ltr'><strong>pura</strong></span> <span class='ocrx_word' id='word_1_717' title='bbox 2882 4352 3222 4410; x_wconf 89' lang='lat' dir='ltr'><strong>confessione</strong></span> <span class='ocrx_word' id='word_1_718' title='bbox 3263 4358 3520 4424; x_wconf 88' lang='lat' dir='ltr'><strong>ponentes.</strong></span> <span class='ocrx_word' id='word_1_719' title='bbox 3569 4344 3724 4398; x_wconf 68' lang='lat' dir='ltr'><strong>lnlcl’ea</strong></span> 
     </span>
    </p>
   </div>
   <div class='ocr_carea' id='block_1_106' title="bbox 2230 4442 3721 4526">
    <p class='ocr_par' dir='ltr' id='par_1_106' title="bbox 2230 4442 3721 4526">
     <span class='ocr_line' id='line_1_107' title="bbox 2230 4442 3721 4526; baseline -0.006 -27"><span class='ocrx_word' id='word_1_720' title='bbox 2230 4444 2515 4500; x_wconf 90' lang='lat' dir='ltr'><strong>multitudo</strong></span> <span class='ocrx_word' id='word_1_721' title='bbox 2539 4444 2681 4515; x_wconf 90' lang='lat' dir='ltr'><strong>vulgi</strong></span> <span class='ocrx_word' id='word_1_722' title='bbox 2712 4443 2853 4499; x_wconf 88' lang='lat' dir='ltr'><strong>fame</strong></span> <span class='ocrx_word' id='word_1_723' title='bbox 2882 4460 2945 4499; x_wconf 90' lang='lat' dir='ltr'><strong>ac</strong></span> <span class='ocrx_word' id='word_1_724' title='bbox 2972 4444 3148 4516; x_wconf 89' lang='lat' dir='ltr'><strong>inopia</strong></span> <span class='ocrx_word' id='word_1_725' title='bbox 3177 4442 3458 4515; x_wconf 85' lang='lat' dir='ltr'><strong>proﬂigati,</strong></span> <span class='ocrx_word' id='word_1_726' title='bbox 3483 4449 3585 4493; x_wconf 83' lang='lat' dir='ltr'><strong>sese</strong></span> <span class='ocrx_word' id='word_1_727' title='bbox 3604 4442 3721 4526; x_wconf 53' lang='lat' dir='ltr'><strong>exe:-</strong></span> 
     </span>
    </p>
   </div>
   <div class='ocr_carea' id='block_1_107' title="bbox 2229 4515 3726 4602">
    <p class='ocr_par' dir='ltr' id='par_1_107' title="bbox 2229 4515 3726 4602">
     <span class='ocr_line' id='line_1_108' title="bbox 2229 4515 3726 4602; baseline -0.01 -11"><span class='ocrx_word' id='word_1_728' title='bbox 2229 4534 2361 4591; x_wconf 87' lang='lat' dir='ltr'><strong>citui</strong></span> <span class='ocrx_word' id='word_1_729' title='bbox 2390 4535 2816 4602; x_wconf 89' lang='lat' dir='ltr'><strong>substrahentes,</strong></span> <span class='ocrx_word' id='word_1_730' title='bbox 2844 4550 2965 4590; x_wconf 89' lang='lat' dir='ltr'><strong>cum</strong></span> <span class='ocrx_word' id='word_1_731' title='bbox 2994 4515 3280 4591; x_wconf 85' lang='lat' dir='ltr'><strong>Saracenis</strong></span> <span class='ocrx_word' id='word_1_732' title='bbox 3304 4534 3566 4600; x_wconf 90' lang='lat' dir='ltr'><strong>disponunt</strong></span> <span class='ocrx_word' id='word_1_733' title='bbox 3586 4515 3726 4577; x_wconf 74' lang='lat' dir='ltr'><strong>conﬂi-</strong></span> 
     </span>
    </p>
   </div>
   <div class='ocr_carea' id='block_1_108' title="bbox 2229 4611 3724 4704">
    <p class='ocr_par' dir='ltr' id='par_1_108' title="bbox 2229 4611 3724 4704">
     <span class='ocr_line' id='line_1_109' title="bbox 2229 4611 3724 4704; baseline -0.013 -24"><span class='ocrx_word' id='word_1_734' title='bbox 2229 4638 2374 4696; x_wconf 89' lang='lat' dir='ltr'><strong>gere,</strong></span> <span class='ocrx_word' id='word_1_735' title='bbox 2391 4626 2652 4681; x_wconf 88' lang='lat' dir='ltr'><strong>malentes</strong></span> <span class='ocrx_word' id='word_1_736' title='bbox 2673 4625 2849 4697; x_wconf 88' lang='lat' dir='ltr'><strong>gladio</strong></span> <span class='ocrx_word' id='word_1_737' title='bbox 2868 4640 3030 4696; x_wconf 88' lang='lat' dir='ltr'><strong>quam</strong></span> <span class='ocrx_word' id='word_1_738' title='bbox 3051 4622 3192 4678; x_wconf 89' lang='lat' dir='ltr'><strong>fame</strong></span> <span class='ocrx_word' id='word_1_739' title='bbox 3209 4622 3397 4693; x_wconf 90' lang='lat' dir='ltr'><strong>perire.</strong></span> <span class='ocrx_word' id='word_1_740' title='bbox 3420 4618 3574 4693; x_wconf 83' lang='lat' dir='ltr'><strong>Pietas</strong></span> <span class='ocrx_word' id='word_1_741' title='bbox 3590 4611 3724 4704; x_wconf 63' lang='lat' dir='ltr'><strong>inqut</strong></span> 
     </span>
    </p>
   </div>
   <div class='ocr_carea' id='block_1_109' title="bbox 2228 4698 3724 4793">
    <p class='ocr_par' dir='ltr' id='par_1_109' title="bbox 2228 4698 3724 4793">
     <span class='ocr_line' id='line_1_110' title="bbox 2228 4698 3724 4793; baseline -0.017 -22"><span class='ocrx_word' id='word_1_742' title='bbox 2228 4715 2409 4771; x_wconf 90' lang='lat' dir='ltr'><strong>divina</strong></span> <span class='ocrx_word' id='word_1_743' title='bbox 2433 4730 2648 4786; x_wconf 87' lang='lat' dir='ltr'><strong>semper</strong></span> <span class='ocrx_word' id='word_1_744' title='bbox 2674 4715 2959 4771; x_wconf 88' lang='lat' dir='ltr'><strong>consulens</strong></span> <span class='ocrx_word' id='word_1_745' title='bbox 2992 4714 3290 4769; x_wconf 89' lang='lat' dir='ltr'><strong>animarum</strong></span> <span class='ocrx_word' id='word_1_746' title='bbox 3324 4707 3499 4770; x_wconf 88' lang='lat' dir='ltr'><strong>saluti,</strong></span> <span class='ocrx_word' id='word_1_747' title='bbox 3534 4698 3724 4793; x_wconf 72' lang='lat' dir='ltr'><strong>pcnuisit</strong></span> 
     </span>
    </p>
   </div>
   <div class='ocr_carea' id='block_1_110' title="bbox 2224 4786 3721 4876">
    <p class='ocr_par' dir='ltr' id='par_1_110' title="bbox 2224 4786 3721 4876">
     <span class='ocr_line' id='line_1_111' title="bbox 2224 4786 3721 4876; baseline -0.006 -15"><span class='ocrx_word' id='word_1_748' title='bbox 2224 4820 2321 4861; x_wconf 90' lang='lat' dir='ltr'><strong>eos</strong></span> <span class='ocrx_word' id='word_1_749' title='bbox 2349 4806 2405 4860; x_wconf 91' lang='lat' dir='ltr'><strong>in</strong></span> <span class='ocrx_word' id='word_1_750' title='bbox 2432 4808 2841 4876; x_wconf 68' lang='lat' dir='ltr'><strong>praesentiarum</strong></span> <span class='ocrx_word' id='word_1_751' title='bbox 2879 4806 3137 4872; x_wconf 86' lang='lat' dir='ltr'><strong>interimi,</strong></span> <span class='ocrx_word' id='word_1_752' title='bbox 3178 4805 3368 4876; x_wconf 89' lang='lat' dir='ltr'><strong>quibus</strong></span> <span class='ocrx_word' id='word_1_753' title='bbox 3401 4792 3605 4869; x_wconf 66' lang='lat' dir='ltr'><strong>providit</strong></span> <span class='ocrx_word' id='word_1_754' title='bbox 3636 4786 3721 4842; x_wconf 59' lang='lat' dir='ltr'><strong>dari</strong></span> 
     </span>
    </p>
   </div>
   <div class='ocr_carea' id='block_1_111' title="bbox 2225 4896 3295 4967">
    <p class='ocr_par' dir='ltr' id='par_1_111' title="bbox 2225 4896 3295 4967">
     <span class='ocr_line' id='line_1_112' title="bbox 2225 4896 3295 4967; baseline 0.002 -18"><span class='ocrx_word' id='word_1_755' title='bbox 2225 4896 2453 4967; x_wconf 86' lang='lat' dir='ltr'><strong>gloriam</strong></span> <span class='ocrx_word' id='word_1_756' title='bbox 2475 4905 2692 4952; x_wconf 65' lang='lat' dir='ltr'><strong>interna:</strong></span> <span class='ocrx_word' id='word_1_757' title='bbox 2716 4898 2943 4967; x_wconf 88' lang='lat' dir='ltr'><strong>requiei.</strong></span> <span class='ocrx_word' id='word_1_758' title='bbox 3290 4958 3295 4965; x_wconf 50' lang='grc'><em>,</em></span> 
     </span>
    </p>
   </div>
   <div class='ocr_carea' id='block_1_112' title="bbox 2297 4969 3721 5060">
    <p class='ocr_par' dir='ltr' id='par_1_112' title="bbox 2297 4969 3721 5060">
     <span class='ocr_line' id='line_1_113' title="bbox 2297 4969 3721 5060; baseline -0.01 -18"><span class='ocrx_word' id='word_1_759' title='bbox 2297 4987 2414 5042; x_wconf 82' lang='lat' dir='ltr'><strong>Hac</strong></span> <span class='ocrx_word' id='word_1_760' title='bbox 2442 4987 2776 5060; x_wconf 90' lang='lat' dir='ltr'><strong>lacrymabili</strong></span> <span class='ocrx_word' id='word_1_761' title='bbox 2799 4988 2945 5044; x_wconf 63' lang='lat' dir='ltr'><strong>caede</strong></span> <span class='ocrx_word' id='word_1_762' title='bbox 2973 4995 3208 5058; x_wconf 88' lang='lat' dir='ltr'><strong>peracta,</strong></span> <span class='ocrx_word' id='word_1_763' title='bbox 3237 4984 3375 5055; x_wconf 76' lang='lat' dir='ltr'><strong>vulgi</strong></span> <span class='ocrx_word' id='word_1_764' title='bbox 3405 4976 3588 5039; x_wconf 87' lang='lat' dir='ltr'><strong>militia,</strong></span> <span class='ocrx_word' id='word_1_765' title='bbox 3610 4969 3721 5037; x_wconf 70' lang='lat' dir='ltr'><strong>igno&#39;</strong></span> 
     </span>
    </p>
   </div>
   <div class='ocr_carea' id='block_1_113' title="bbox 2302 5160 2720 5218">
    <p class='ocr_par' dir='ltr' id='par_1_113' title="bbox 2302 5160 2720 5218">
     <span class='ocr_line' id='line_1_114' title="bbox 2302 5160 2720 5218; baseline 0.01 -6"><span class='ocrx_word' id='word_1_766' title='bbox 2302 5173 2316 5212; x_wconf 83' lang='grc' dir='ltr'><strong>ι</strong></span> <span class='ocrx_word' id='word_1_767' title='bbox 2352 5160 2500 5216; x_wconf 87' lang='lat' dir='ltr'><strong>Alias</strong></span> <span class='ocrx_word' id='word_1_768' title='bbox 2524 5177 2720 5218; x_wconf 67' lang='grc' dir='ltr'><strong>χχχιιι.</strong></span> 
     </span>
    </p>
   </div>
   <div class='ocr_carea' id='block_1_114' title="bbox 2300 5231 2634 5286">
    <p class='ocr_par' dir='ltr' id='par_1_114' title="bbox 2300 5231 2634 5286">
     <span class='ocr_line' id='line_1_115' title="bbox 2300 5231 2634 5286; baseline -0.003 0"><span class='ocrx_word' id='word_1_769' title='bbox 2300 5233 2327 5272; x_wconf 71' lang='grc' dir='ltr'><strong>ι</strong></span> <span class='ocrx_word' id='word_1_770' title='bbox 2353 5231 2438 5286; x_wconf 80' lang='lat' dir='ltr'><strong>Al.</strong></span> <span class='ocrx_word' id='word_1_771' title='bbox 2470 5244 2634 5286; x_wconf 80' lang='lat' dir='ltr'><strong>xxxv.</strong></span> 
     </span>
    </p>
   </div>
   <div class='ocr_carea' id='block_1_115' title="bbox 2305 5301 2809 5359">
    <p class='ocr_par' dir='ltr' id='par_1_115' title="bbox 2305 5301 2809 5359">
     <span class='ocr_line' id='line_1_116' title="bbox 2305 5301 2809 5359; baseline 0 -3"><span class='ocrx_word' id='word_1_772' title='bbox 2305 5301 2322 5340; x_wconf 77' lang='grc' dir='ltr'><strong>ι</strong></span> <span class='ocrx_word' id='word_1_773' title='bbox 2354 5302 2408 5357; x_wconf 87' lang='grc' dir='ltr'><strong>[ιι</strong></span> <span class='ocrx_word' id='word_1_774' title='bbox 2436 5301 2613 5357; x_wconf 86' lang='lat' dir='ltr'><strong>Insula</strong></span> <span class='ocrx_word' id='word_1_775' title='bbox 2640 5303 2809 5359; x_wconf 89' lang='lat' dir='ltr'><strong>urbis.</strong></span> 
     </span>
    </p>
   </div>
   <div class='ocr_carea' id='block_1_116' title="bbox 2299 5347 3711 5457">
    <p class='ocr_par' dir='ltr' id='par_1_116' title="bbox 2299 5347 3711 5457">
     <span class='ocr_line' id='line_1_117' title="bbox 2299 5347 3711 5457; baseline -0.019 -19"><span class='ocrx_word' id='word_1_776' title='bbox 2299 5384 2338 5456; x_wconf 70' lang='grc' dir='ltr'><strong>ξπ</strong></span> <span class='ocrx_word' id='word_1_777' title='bbox 2354 5347 2913 5457; x_wconf 39' lang='grc' dir='ltr'><strong>ᾖδ’ῖέξῖῆῖιῖιιῖιέἷᾶἶῖοῃιιθ</strong></span> <span class='ocrx_word' id='word_1_778' title='bbox 2927 5368 3521 5457; x_wconf 47' lang='grc' dir='ltr'><strong>χίιῖᾳιίιιριιιιιιιεξςριιιιιι</strong></span> <span class='ocrx_word' id='word_1_779' title='bbox 3545 5370 3647 5415; x_wconf 72' lang='lat' dir='ltr'><strong>tum.</strong></span> <span class='ocrx_word' id='word_1_780' title='bbox 3666 5347 3711 5403; x_wconf 74' lang='lat' dir='ltr'><strong>V-</strong></span> 
     </span>
    </p>
   </div>
   <div class='ocr_carea' id='block_1_117' title="bbox 2226 5438 3498 5580">
    <p class='ocr_par' dir='ltr' id='par_1_117' title="bbox 2226 5438 3498 5580">
     <span class='ocr_line' id='line_1_118' title="bbox 2226 5438 3429 5525; baseline -0.006 -27"><span class='ocrx_word' id='word_1_781' title='bbox 2226 5442 2423 5514; x_wconf 87' lang='lat' dir='ltr'><strong>Spicile</strong></span> <span class='ocrx_word' id='word_1_782' title='bbox 2463 5442 2519 5505; x_wconf 85' lang='lat'><strong>&quot;,</strong></span> <span class='ocrx_word' id='word_1_783' title='bbox 2550 5450 2606 5496; x_wconf 85' lang='lat' dir='ltr'><strong>et</strong></span> <span class='ocrx_word' id='word_1_784' title='bbox 2633 5443 2797 5497; x_wconf 86' lang='lat' dir='ltr'><strong>verba</strong></span> <span class='ocrx_word' id='word_1_785' title='bbox 2829 5444 3082 5525; x_wconf 69' lang='lat' dir='ltr'><strong>Sigiberti</strong></span> <span class='ocrx_word' id='word_1_786' title='bbox 3110 5443 3182 5497; x_wconf 86' lang='lat' dir='ltr'><strong>ad</strong></span> <span class='ocrx_word' id='word_1_787' title='bbox 3202 5438 3429 5521; x_wconf 20' lang='lat' dir='ltr'><strong>auxilii).</strong></span> 
     </span>
     <span class='ocr_line' id='line_1_119' title="bbox 2297 5458 3498 5580; baseline -0.007 -12"><span class='ocrx_word' id='word_1_788' title='bbox 2297 5523 2323 5550; x_wconf 76' lang='grc' dir='ltr'><strong>ιι</strong></span> <span class='ocrx_word' id='word_1_789' title='bbox 2353 5458 2693 5567; x_wconf 56' lang='grc' dir='ltr'><strong>διιῖῃοιιοιιθ</strong></span> <span class='ocrx_word' id='word_1_790' title='bbox 2720 5511 2782 5576; x_wconf 89' lang='lat' dir='ltr'><strong>ll,</strong></span> <span class='ocrx_word' id='word_1_791' title='bbox 2810 5512 2944 5568; x_wconf 75' lang='lat' dir='ltr'><strong>obnt</strong></span> <span class='ocrx_word' id='word_1_792' title='bbox 2969 5530 3110 5568; x_wconf 90' lang='lat' dir='ltr'><strong>anno</strong></span> <span class='ocrx_word' id='word_1_793' title='bbox 3135 5512 3235 5568; x_wconf 68' lang='grc'><strong>984</strong></span> <span class='ocrx_word' id='word_1_794' title='bbox 3261 5510 3498 5580; x_wconf 76' lang='lat' dir='ltr'><strong>Sigtbert.</strong></span> 
     </span>
    </p>
   </div>
   <div class='ocr_carea' id='block_1_118' title="bbox 2297 5564 3710 5697">
    <p class='ocr_par' dir='ltr' id='par_1_118' title="bbox 2297 5564 3710 5697">
     <span class='ocr_line' id='line_1_120' title="bbox 2297 5564 3710 5697; baseline -0.001 -60"><span class='ocrx_word' id='word_1_795' title='bbox 2297 5592 2322 5616; x_wconf 86' lang='lat'>&quot;</span> <span class='ocrx_word' id='word_1_796' title='bbox 2627 5564 3291 5663; x_wconf 43' lang='lat' dir='ltr'><strong>Auguste—Miﬁdelicoi&#39;um</strong></span> <span class='ocrx_word' id='word_1_797' title='bbox 3317 5564 3556 5697; x_wconf 52' lang='grc' dir='ltr'><strong>ξρίεεεῖεθ-</strong></span> <span class='ocrx_word' id='word_1_798' title='bbox 3588 5564 3710 5635; x_wconf 50' lang='lat' dir='ltr'><strong>De.“</strong></span> 
     </span>
     <span class='ocr_line' id='line_1_121' title="bbox 2297 5624 3705 5697; baseline -0.002 0"><span class='ocrx_word' id='word_1_799' title='bbox 2297 5653 2376 5697; x_wconf 67' lang='lat' dir='ltr'><strong>ide</strong></span> <span class='ocrx_word' id='word_1_800' title='bbox 2399 5652 2545 5697; x_wconf 66' lang='lat' dir='ltr'><strong>illam</strong></span> <span class='ocrx_word' id='word_1_801' title='bbox 2573 5652 2753 5697; x_wconf 64' lang='lat' dir='ltr'><strong>nam&quot;;</strong></span> <span class='ocrx_word' id='word_1_802' title='bbox 2784 5653 2800 5697; x_wconf 97' lang='lat' dir='ltr'><strong>l</strong></span> <span class='ocrx_word' id='word_1_803' title='bbox 2831 5654 3141 5697; x_wconf 69' lang='lat' dir='ltr'><strong>inmoratam</strong></span> <span class='ocrx_word' id='word_1_804' title='bbox 3170 5669 3255 5697; x_wconf 74' lang='lat' dir='ltr'><strong>an-</strong></span> <span class='ocrx_word' id='word_1_805' title='bbox 3278 5651 3395 5697; x_wconf 50' lang='lat' dir='ltr'><strong>alio.</strong></span> <span class='ocrx_word' id='word_1_806' title='bbox 3417 5660 3463 5697; x_wconf 77' lang='lat' dir='ltr'><strong>Vl</strong></span> <span class='ocrx_word' id='word_1_807' title='bbox 3512 5635 3635 5693; x_wconf 71' lang='lat' dir='ltr'><strong>uni-6</strong></span> <span class='ocrx_word' id='word_1_808' title='bbox 3653 5624 3705 5680; x_wconf 71' lang='grc' dir='ltr'><strong>ιδ·</strong></span> 
     </span>
    </p>
   </div>
   <div class='ocr_carea' id='block_1_119' title="bbox 2224 5635 3705 5725">
    <p class='ocr_par' dir='ltr' id='par_1_119' title="bbox 2224 5635 3705 5725">
     <span class='ocr_line' id='line_1_122' title="bbox 2224 5635 3705 5725; baseline -0.011 -21"><span class='ocrx_word' id='word_1_809' title='bbox 2224 5635 2383 5725; x_wconf 70' lang='lat' dir='ltr'><strong>clade</strong></span> <span class='ocrx_word' id='word_1_810' title='bbox 2399 5635 2753 5725; x_wconf 19' lang='lat' dir='ltr'><strong>illata‘Otwt‘ii</strong></span> <span class='ocrx_word' id='word_1_811' title='bbox 2784 5635 3255 5725; x_wconf 50' lang='lat' dir='ltr'><strong>i&#39;iiupéiiisiian.’</strong></span> <span class='ocrx_word' id='word_1_812' title='bbox 3278 5635 3395 5715; x_wconf 63' lang='grc' dir='ltr'><strong>ιϋέο,</strong></span> <span class='ocrx_word' id='word_1_813' title='bbox 3417 5635 3635 5698; x_wconf 72' lang='lat' dir='ltr'><strong>vidch</strong></span> <span class='ocrx_word' id='word_1_814' title='bbox 3653 5635 3705 5680; x_wconf 74' lang='grc' dir='ltr'><strong>Μ·</strong></span> 
     </span>
    </p>
   </div>
   <div class='ocr_carea' id='block_1_120' title="bbox 2225 5722 2783 5795">
    <p class='ocr_par' dir='ltr' id='par_1_120' title="bbox 2225 5722 2783 5795">
     <span class='ocr_line' id='line_1_123' title="bbox 2225 5722 2783 5795; baseline 0.004 -18"><span class='ocrx_word' id='word_1_815' title='bbox 2225 5722 2482 5795; x_wconf 77' lang='lat' dir='ltr'><strong>Sigibert.</strong></span> <span class='ocrx_word' id='word_1_816' title='bbox 2508 5723 2558 5777; x_wconf 91' lang='lat' dir='ltr'><strong>in</strong></span> <span class='ocrx_word' id='word_1_817' title='bbox 2584 5723 2783 5779; x_wconf 67' lang='lat' dir='ltr'><strong>Chlori.</strong></span> 
     </span>
    </p>
   </div>
  </div>
