4046 6172
607 260 650 274 -ρ

267 352 276 356 ‘
339 337 474 393 15369

1395 324 1784 383 CHRONICON
1823 323 2034 383 EPISC.
2067 324 2488 383 METENSIUM.

3459 334 3481 387 l
3491 334 3597 392 ΠΟ

337 455 491 500 rante
519 442 705 514 regali,
750 444 930 499 denuo
960 443 1152 498 beatus
1182 439 1376 511 przesul
1411 438 1691 495 Odelricns
1730 438 1786 492 in
1828 438 1908 491 vi-
1937 448 1977 498 Α
2011 439 2310 502 rimannus,
2336 438 2618 493 ordinatus
2641 447 2726 494 est
2763 438 3080 494 Mctensium
3111 440 3304 510 praesul
3335 443 3602 514 quinqua-

333 555 454 593 smn
495 537 721 606 rapitur,
768 546 824 591 et
865 550 1081 590 rursum
1122 533 1284 603 (sicut
1323 532 1598 604 primitus)
1637 533 1811 588 cernit
1854 533 1907 586 in

334 631 528 684 throno
574 627 987 696 Redemptorem
1026 635 1272 681 nostrum
1312 631 1367 678 et
1401 623 1657 693 iudicem,
1680 623 1767 678 cui
1792 622 1911 693 glo-

334 720 478 774 riosa
504 718 674 790 ipsius
701 718 934 788 genitrix
965 716 1151 773 Maria.
1189 730 1310 770 cum
1343 713 1585 769 omnium
1609 713 1909 769 ctelestium

331 811 520 866 ordine
552 810 885 884 supplicabat
910 823 977 862 ne
1001 807 1369 863 conﬁtentium
1401 808 1503 862 sibi
1531 807 1768 862 oﬁ‘ensas
1800 805 1914 876 ple-

332 901 405 955 cti
466 908 744 970 pateretur
793 898 1065 967 triumpho
1123 896 1332 967 gentili.
1403 895 1616 950 Statera
1679 896 1916 951 secundo

333 993 607 1058 statuitur,
645 1001 700 1046 et
727 990 1004 1060 aequalitas
1038 997 1390 1058 utrorumque
1426 988 1662 1043 ﬁdelium
1695 1003 1760 1044 ac
1789 989 1915 1044 inﬁ-

333 1083 536 1140 delium
563 1082 953 1138 consideratur.
1005 1079 1323 1136 Pcenitentia
1356 1080 1590 1134 ﬁdelium
1618 1081 1916 1150 procedens

333 1191 400 1231 ex
441 1175 642 1245 gemitu
688 1174 919 1238 mentis,
968 1173 1345 1244 praeponderat
1388 1171 1653 1227 naturalis
1688 1169 1918 1240 iustitiae

333 1264 486 1336 legis.
527 1263 666 1318 Ecce
703 1265 855 1319 adest
878 1271 932 1318 et
953 1270 1160 1333 martyr
1189 1262 1530 1326 Laurentius,
1559 1261 1712 1330 cujus
1742 1263 1919 1316 immi-

333 1357 496 1410 nebat
525 1355 638 1410 dies
673 1353 918 1410 festivus.
967 1354 1067 1410 Hic
1109 1362 1502 1424 reprtesentans
1542 1347 1918 1410 crudelitatem

337 1453 730 1499 tormentorum
751 1444 806 1498 in
824 1458 882 1499 se
896 1453 1407 1510 consummatorum,
1421 1453 1476 1500 et
1491 1445 1920 1516 compassionem

285 1613 288 1617 .
333 1539 418 1594 sui
459 1538 698 1593 ﬁdelium
746 1537 1105 1608 populorum,
1155 1537 1441 1592 victoriam
1491 1537 1746 1607 impetrat
1794 1551 1918 1593 cum

334 1629 542 1685 cwlesti
577 1637 718 1683 cmtu
749 1627 946 1698 populo
972 1627 1136 1682 ﬁdeli.
1179 1626 1447 1682 Sacerdos
1482 1627 1665 1697 itaque
1689 1628 1919 1684 festinus

334 1718 502 1773 mittit
558 1717 808 1772 nuntium
867 1715 1218 1786 imperatori,
1283 1716 1533 1785 hostique
1583 1724 1644 1770 ut
1689 1731 1918 1787 congre-

2012 529 2270 597 gesimus.
2321 530 2432 586 lloc
2474 538 2717 600 tempore
2759 532 3053 588 maximum
3087 533 3319 588 schisma
3350 544 3600 593 exortum

2013 627 2098 676 est
2131 621 2273 675 inter
2306 636 2531 691 regnum
2571 629 2627 676 et
2667 623 3046 678 sacerdotium.
3090 621 3470 692 lmponebatur
3497 627 3605 683 ita-

2013 727 2118 782 que
2157 727 2253 766 rex
2293 727 2457 782 super
2494 728 2706 783 regem,
2752 728 2889 783 papa
2931 727 3092 782 super
3130 729 3356 783 papam;
3403 723 3458 770 et
3498 715 3602 773 hoc

2013 801 2214 857 diutius
2233 805 2618 872 perseveravit,
2639 820 2707 860 ex
2727 819 2834 874 quo
2856 804 3137 874 disciplina
3160 806 3430 862 discubuit
3451 825 3480 862 a
3503 825 3600 864 sua

2015 896 2324 949 vivacitate.
3087 905 3093 911 '

2087 987 2186 1042 Hic
2218 989 2578 1045 llerimannus
2613 990 2811 1060 praasul
2854 990 3164 1046 admonitus
3191 991 3430 1056 visione,
3477 1007 3602 1048 san-

2017 1088 2163 1136 ctum
2203 1081 2402 1136 levavit
2435 1083 2504 1136 ab
2533 1083 2700 1136 humo
2727 1081 3060 1137 Clementem
3087 1124 3102 1148 ,
3153 1084 3385 1154 primum
3417 1082 3605 1138 docto-

2017 1187 2134 1226 rem
2185 1171 2545 1238 Metensium,
2597 1180 2652 1226 et
2696 1173 2858 1227 tertio
2904 1173 2990 1228 die
3035 1174 3216 1228 obiit:
3275 1175 3367 1243 qui
3413 1174 3607 1231 beatus

2017 1263 2266 1320 Clemens
2315 1265 2381 1318 ad
2431 1271 2663 1318 matrem
2709 1263 2923 1319 delatus
2969 1266 3292 1331 ecclesiam,
3353 1265 3605 1321 maximis

2018 1350 2310 1411 laetiﬁcavit
2334 1355 2562 1426 populos
2589 1355 2865 1411 miraculis
2905 1372 3003 1426 per
3031 1357 3288 1411 triduum.
3342 1357 3606 1411 Defuncto

2019 1455 2311 1526 episeopo,
2370 1454 2503 1509 nihil
2569 1455 2848 1526 signorum
2908 1457 3146 1511 ostendit
3200 1472 3297 1526 per
3340 1457 3607 1523 biduum,

2020 1545 2161 1598 unde
2201 1543 2453 1599 admirati
2492 1545 2671 1612 cives,
2714 1546 3016 1602 redduntur
3057 1548 3282 1603 tristes:
3338 1548 3431 1602 sed
3481 1564 3607 1603 mox

2019 1635 2264 1689 redditur
2291 1635 2510 1698 laetitia,
2557 1643 2612 1690 et
2654 1637 2896 1705 aperitur
2931 1653 3112 1692 causa.
3168 1637 3481 1693 Revelatum
3525 1647 3610 1694 est

2021 1725 2235 1780 cuidam
2277 1740 2510 1794 namque
2555 1725 2807 1795 religioso
2849 1729 3068 1782 nomine
3107 1729 3372 1793 Lubrico,
3419 1729 3612 1784 funda-

335 1808 518 1862 diatur
550 1806 801 1875 imperat.
847 1805 1013 1860 Facta
1045 1804 1424 1874 congressione
1452 1804 1553 1858 sub
1583 1803 1921 1858 invocatione

2026 1819 2127 1873 tori
2169 1818 2412 1874 ecclesiae
2454 1817 2624 1873 sancti
2669 1817 2810 1896 Petri
2857 1820 2922 1874 de
2967 1819 3147 1875 Monte
3184 1819 3425 1884 Brianci,
3467 1818 3610 1888 quod

335 1897 556 1960 Christi,
585 1905 640 1952 et
667 1895 782 1965 ejus
811 1895 1062 1966 martyris
1090 1895 1389 1959 Laurentii,
1419 1894 1603 1949 hostes
1631 1902 1776 1964 terga
1804 1910 1923 1948 ver-

334 1997 484 2052 tunt,
528 1989 760 2044 ﬁdelitas
799 1987 1158 2054 confortatur,
1202 1987 1453 2057 impietas
1485 1995 1815 2051 enervatur;
1869 1971 1939 2041 et.

335 2097 402 2137 ex
437 2080 526 2135 illa
558 2088 880 2150 tempestate
910 2080 1110 2135 festum
1139 2079 1312 2134 sancti
1343 2077 1619 2133 Laurentii
1659 2077 1924 2132 cclcbrius

335 2176 585 2230 habetur.

408 2264 681 2320 Successit
721 2273 776 2318 et
819 2264 947 2318 huic
992 2263 1428 2333 consanguineus
1471 2260 1589 2332 ejus
1630 2260 1920 2328 Adelhero,

300 2355 654 2412 'Metensium
701 2356 900 2427 przesul
941 2356 1387 2428 quadragesimus
1419 2356 1678 2426 septimus
1713 2357 1778 2410 de
1817 2371 1924 2425 quo

334 2447 506 2504 multa
563 2448 814 2518 leguntur
858 2447 1084 2503 honeste
1130 2447 1421 2517 descripta.
1489 2445 1590 2502 Hic
1642 2446 1924 2502 renovavit

335 2539 644 2596 omnobium
676 2537 850 2593 sancti
889 2537 1144 2607 martyris
1183 2537 1605 2608 Symphoriani;
1653 2536 1926 2607 praecipue

337 2637 516 2684 tamen
559 2638 614 2684 et
649 2628 754 2682 alia
795 2645 824 2683 a
860 2629 974 2683 suis
1004 2629 1494 2704 prasdecessoribus
1529 2628 1777 2684 inchoata
1809 2635 1926 2682 tan-

337 2729 452 2775 tum
493 2719 855 2784 monasteria,
901 2719 1016 2789 ipse
1063 2720 1130 2773 ad
1177 2734 1449 2774 summum
1491 2717 1729 2773 deduxit.
1792 2718 1925 2787 Ejus

338 2819 491 2881 gesta
544 2810 636 2879 qui
689 2810 804 2864 vult
857 2810 1213 2880 dignoscere,
1275 2808 1526 2878 dignetur
1574 2824 1695 2877 quze
1744 2809 1810 2864 de
1859 2823 1925 2863 eo

338 2901 538 2970 scripta
563 2908 689 2956 sunt
712 2900 910 2970 legere.
956 2898 1108 2954 Sedit
1137 2899 1292 2953 annis
1323 2899 1414 2954 28.
1462 2897 1609 2954 Obiit
1636 2915 1769 2953 xvm
1800 2898 1921 2952 Kal.

337 2992 599 3049 Januarii.
647 2993 901 3063 Sepultus
941 3001 1025 3047 est
1073 2992 1127 3046 in
1168 2991 1398 3046 ecclesia
1439 2991 1610 3046 sancti
1659 2991 1926 3062 Sympho-

340 3085 500 3150 riani,
541 3085 632 3140 ubi
676 3092 731 3140 et
770 3084 942 3139 sancti
978 3082 1268 3154 IEpletius,
1309 3081 1597 3152 Pappolus,
1639 3082 1922 3150 Goericus,

2024 1910 2165 1964 intra
2217 1909 2530 1965 dilationem
2578 1911 2722 1965 illam
2768 1910 3045 1980 signorum
3073 1952 3087 1976 ,
3132 1913 3324 1967 beatus
3361 1911 3612 1965 Clemens

2023 2009 2148 2055 ante
2196 2001 2432 2056 tribunal
2473 2000 2674 2056 Christi
2718 2016 2818 2071 pro
2859 2003 3037 2056 anima
3081 2003 3326 2072 prmdicti
3367 2001 3614 2072 praesulis

2023 2109 2143 2148 cum
2173 2092 2387 2147 diabolo
2419 2093 2683 2148 acerrime
2712 2093 3030 2148 decertavit.
3077 2092 3442 2161 Ohjiciebatur
3467 2092 3614 2147 enim

2022 2182 2072 2236 ei
2108 2183 2174 2236 ab
2203 2182 2422 2236 inimico
2453 2183 2595 2250 quod
2625 2190 2772 2236 metu
2799 2183 2991 2237 mortis
3020 2183 3390 2238 inconstanter
3415 2185 3616 2253 egisset

2024 2274 2166 2328 inter
2190 2274 2582 2328 dissensionem
2627 2274 2779 2343 regni
2823 2282 2877 2329 et
2916 2275 3225 2335 sacerdotii,
3255 2275 3460 2328 malens
3487 2274 3616 2343 fuga

2023 2363 2430 2432 persecutiones
2473 2371 2526 2418 et
2569 2378 2680 2418 suae
2720 2364 3068 2432 pervasiones
3109 2365 3373 2426 ecclesize,
3413 2363 3616 2420 violato

2014 2465 2368 2527 sacramento
2409 2455 2573 2526 (quod
2612 2458 2848 2528 exigitur
2882 2473 3036 2513 more
3075 2456 3365 2528 imperiali)
3406 2469 3609 2526 praaveo

2025 2549 2162 2604 nire.
2207 2548 2277 2601 At
2300 2548 2492 2603 beatus
2520 2548 2768 2604 Clemens
2795 2559 3003 2620 pastor,
3045 2550 3126 2604 sui
3157 2549 3456 2618 suscipiens
3485 2562 3616 2602 cau-

2026 2652 2142 2693 sam
2173 2637 2384 2702 vicarii,
2413 2652 2513 2707 pm
2539 2638 2763 2708 singulis
2793 2638 2960 2708 judici
2996 2639 3240 2709 piissimo
3274 2653 3468 2708 preces
3493 2637 3614 2692 fun-

2026 2729 2185 2784 debat
2240 2744 2378 2799 genu
2424 2727 2584 2784 ﬂexo.
2645 2729 2784 2796 Quid
2835 2729 3042 2798 plura?
3100 2729 3280 2784 divina
3335 2729 3418 2784 sui
3474 2727 3614 2782 ﬂexa

2027 2821 2324 2876 sacerdotis
2365 2820 2757 2890 supplicatione
2802 2835 3064 2885 censura,
3107 2821 3320 2874 veniam
3363 2818 3618 2882 indulsit,

2027 2919 2078 2967 et
2108 2910 2398 2965 maledicto
2425 2909 2699 2965 silentium
2723 2911 3028 2989 accusatori
3061 2909 3367 2980 imperavit.
3415 2907 3618 2974 Quam-

2026 3002 2110 3058 vis
2136 3017 2264 3057 vero
2295 3001 2489 3056 divina:
2514 3000 2656 3056 nulla
2688 3001 2758 3056 sit
2789 3015 2942 3055 mora
2974 2999 3246 3064 elﬁcaciaa,
3277 3007 3459 3055 tamen
3489 2999 3620 3068 quia

2028 3093 2311 3149 Trinitatis
2355 3094 2591 3148 essentia
2641 3091 2697 3145 in
2741 3090 3094 3144 humanitatis
3137 3089 3340 3144 Christi
3380 3101 3618 3156 persona

339 3175 507 3240 Godo,
554 3174 786 3247 Aptatus
827 3182 884 3230 et
925 3173 1076 3228 Felix
1112 3173 1396 3245 pontiﬁces
1435 3172 1646 3228 meritis
1686 3173 1923 3244 insignes

2026 3183 2232 3256 judicat
2253 3183 2454 3250 omnia,
2484 3198 2550 3237 ex
2579 3180 2946 3251 dispositionis
2973 3181 3183 3239 ordine.
3215 3178 3472 3235 dicuntur
3495 3178 3614 3234 ﬁeri

339 3271 646 3341 quiescunt.

410 3359 866 3431 Quadragesimus
915 3367 1140 3415 octavus
1195 3368 1319 3430 post
1375 3357 1519 3414 hunc
1568 3357 1812 3413 ascendit
1859 3357 1930 3411 ad

342 3451 710 3522 episcopatum
729 3450 1095 3506 Theodericus
1117 3450 1407 3515 secundus,
1425 3450 1518 3518 qui
1541 3447 1928 3503 monasterium

343 3543 489 3599 urbis
521 3543 818 3614 principale
852 3550 1038 3598 sancto
1075 3542 1349 3610 Stephano
1373 3538 1758 3608 protomartyri
1801 3551 1928 3591 con-

340 3635 558 3700 struxit,
590 3636 782 3703 adepto
811 3635 979 3703 ipsius
1007 3633 1232 3687 brachio
1263 3647 1292 3684 a
1319 3629 1608 3700 Bysontica
1636 3629 1853 3682 civitate
1876 3639 1924 3680 δ.

343 3724 486 3781 Inter
509 3725 683 3795 ipsum
711 3733 890 3779 autem
919 3732 973 3779 et
997 3723 1289 3778 Ilenricum
1317 3723 1694 3790 imperatorem
1724 3719 1928 3774 dissen-

345 3819 490 3873 tione
531 3832 637 3872 non
678 3816 890 3871 modica
935 3822 1076 3879 orta,
1100 3814 1303 3884 praedia
1350 3812 1518 3866 multa
1561 3810 1928 3866 ecclesiastica

345 3923 442 3981 pro
481 3907 682 3963 auxilio
723 3905 999 3963 distribuit
1041 3919 1139 3976 per
1181 3903 1531 3966 decennium,
1580 3901 1723 3955 sicut
1763 3897 1930 3953 refert

346 3999 618 4056 successio
658 3999 1058 4054 modernorum.
1106 3994 1268 4050 Rexit
1307 4009 1431 4050 cum
1467 3991 1710 4062 potentia
1746 3989 1929 4045 cathe-

347 4088 499 4145 dram
549 4089 704 4145 annis
752 4089 840 4143 50.
907 4086 1054 4143 Obiit
1097 4102 1135 4140 ιι
1184 4084 1304 4140 Kal.
1352 4082 1515 4150 Maii,
1581 4081 1824 4151 sepultus
1872 4080 1928 4134 in

348 4182 575 4237 ecclesia
623 4179 794 4236 sancti
840 4176 1122 4248 Stephani.
1187 4175 1254 4230 Et
1301 4172 1462 4243 hujus
1504 4181 1746 4241 tempore
1786 4169 1931 4225 Gua-

349 4273 499 4328 rinus
541 4273 706 4328 abbas
748 4277 933 4324 sancto
974 4266 1278 4323 construxit
1321 4264 1600 4320 basilicam
1627 4259 1927 4329 Arnnlpho,

350 4381 511 4438 quam
538 4372 756 4418 sanctus
775 4361 885 4416 Leo
909 4374 1083 4415 nonus
1111 4355 1399 4422 dedicavit,
1419 4353 1808 4425 privilegioque
1832 4365 1931 4406 suo

350 4453 678 4511 sublimavit.

2030 3290 2218 3330 morae.

2101 3365 2200 3420 Hic
2236 3364 2600 3419 Herimannus
2635 3363 2921 3432 episcopus
2957 3377 3022 3415 ex
3062 3360 3292 3416 ecclesia
3328 3350 3616 3414 Leodiénsi

2029 3466 2358 3528 assumptus,
2380 3457 2433 3510 in
2451 3455 2681 3510 ecclesia
2705 3454 2879 3510 sancti
2902 3453 3046 3508 Petri
3071 3453 3226 3507 Metis
3247 3459 3329 3507 est
3349 3450 3614 3519 sepultus,

2027 3549 2350 3619 przesidente
2378 3548 2669 3602 universali
2713 3546 2968 3601 Ecclesiae
3001 3543 3264 3617 Gregorio
3291 3545 3413 3608 Vll,
3447 3543 3616 3597 vacil-

2029 3641 2174 3694 lante
2202 3639 2448 3708 imperio.
2488 3637 2634 3694 Obiit
2659 3653 2714 3692 tv
2734 3637 2872 3693 Non.
2897 3637 3042 3702 Maii,
3069 3645 3124 3691 et
3149 3636 3381 3691 cessavit
3403 3634 3616 3704 episco-

2033 3739 2193 3800 patus
2220 3729 2405 3784 multis
2434 3729 2612 3784 annis.

2101 3819 2235 3875 Cum
2267 3819 2449 3888 itaque
2485 3831 2636 3872 mare
2666 3815 2849 3871 seculi
2879 3815 3025 3869 velut
3057 3811 3240 3869 Africo
3273 3821 3328 3868 et
3352 3812 3620 3883 Aquilone

2029 3908 2330 3973 ﬂuctuaret,
2358 3907 2609 3964 catholici
2640 3905 2906 3961 Metenses
2937 3912 3200 3960 terrorem
3227 3910 3625 3974 postponentes

2031 3997 2363 4067 imperialem
2387 4038 2402 4062 ,
2448 4011 2515 4053 ex
2561 3995 2802 4052 Ecclesia
2834 3994 3155 4050 Treverensi
3185 3993 3444 4049 domuum
3471 3992 3616 4062 Pop-

2029 4106 2223 4162 ponem
2266 4103 2554 4160 personam
2595 4087 2830 4144 nobilem
2868 4085 3152 4142 catholicis
3189 4085 3620 4141 consentientem

2028 4182 2308 4252 elegerunt
2336 4180 2677 4252 pontiﬁcem,
2715 4178 2985 4234 celebrata
3015 4175 3424 4233 consecratione
3449 4173 3625 4244 ipsius

2029 4284 2062 4325 a
2102 4270 2277 4341 legato
2316 4269 2624 4338 apostolica:
2647 4267 2810 4323 sedis.
2855 4266 3101 4320 Potestas
3125 4263 3420 4334 imperialis
3450 4262 3617 4317 alium

2032 4363 2258 4436 (scilicet
2297 4361 2714 4431 Adalberonem)
2759 4359 3118 4416 subinducere
3158 4357 3365 4421 nitens,
3407 4355 3616 4410 Meten-

2032 4469 2119 4508 ses
2163 4453 2268 4508 ﬁde
2308 4452 2463 4506 ﬁrma
2507 4449 2879 4505 restituerunt.
2941 4447 3011 4502 Et
3051 4447 3191 4502 sicut
3229 4445 3437 4516 pridem
3478 4445 3619 4500 duos

421 4545 558 4602 Huic
586 4544 873 4600 sanctitate
909 4557 974 4597 ac
1011 4539 1271 4610 religione
1302 4535 1626 4592 venerabilis
1658 4533 1928 4589 Adalbero
1957 4520 2010 4582 ι)
2033 4547 2339 4601 Βι-ιιηοηθιη
2385 4558 2450 4598 ac
2485 4541 2782 4598 Gualonem
2834 4541 3073 4595 immsos
3121 4537 3482 4608 expulerunt,
3536 4536 3618 4592 sic

351 4639 793 4709 quadragesimus
844 4650 1018 4690 nonus
1065 4631 1363 4695 successit,
1425 4629 1575 4698 pacis
1623 4634 1832 4681 amator
1873 4632 1928 4678 et

352 4729 720 4783 coenobiorum
759 4733 1056 4795 reparator.
1107 4721 1276 4790 Hujus
1318 4721 1418 4776 sub
1459 4718 1788 4787 temporibus
1827 4715 1928 4770 Ec—

353 4817 530 4873 clesia:
583 4815 918 4886 praefuerunt
967 4814 1226 4868 Romanae
1276 4818 1498 4864 sanctus
1549 4806 1658 4860 Leo
1710 4819 1924 4867 nonus,

352 4909 528 4978 primo
581 4906 881 4960 Leucorum
931 4903 1253 4974 episcopus;
1323 4898 1668 4967 Stephanus,
1727 4895 1816 4963 qui
1872 4901 1928 4947 et

356 5000 661 5054 Fridericus
711 4997 854 5052 ﬁlius
892 4995 1207 5051 Gothelonis
1257 4992 1450 5056 ducis;
1505 4998 1559 5044 et
1599 4985 1926 5051 Alexander,

353 5094 439 5149 cui
463 5090 724 5148 successit
745 5089 1156 5151 Hildebrandus,
1184 5085 1276 5156 qui
1303 5085 1561 5154 septimus
1585 5083 1781 5138 dicitur
1801 5080 1932 5136 Gre-

353 5183 555 5253 gorius.
605 5180 706 5236 Hic
745 5181 1010 5235 Adelbero
1051 5177 1268 5248 praediis
1303 5176 1415 5230 suis
1444 5173 1729 5229 ecclesiam
1759 5169 1929 5226 sancti

355 5278 654 5334 Salvatoris
689 5274 831 5331 infra
872 5273 1062 5328 urbem
1107 5270 1404 5341 ampliavit,
1445 5269 1502 5324 in
1540 5283 1646 5339 qua
1681 5266 1927 5336 quiescit.

353 5371 498 5426 Obiit
541 5369 663 5424 ldus
704 5367 950 5430 Novem,
987 5372 1243 5435 regnante
1273 5360 1506 5417 Henrico
1550 5359 1785 5415 secundo
1809 5364 1931 5426 post

355 5458 658 5518 Conradum
680 5459 729 5513 ι).

425 5552 563 5610 Hinc
604 5552 673 5606 ab
715 5550 954 5606 Ecclesia
991 5545 1274 5604 Leodiensi
1317 5543 1518 5599 ascitus
1559 5543 1786 5596 domnus
1828 5537 1933 5592 He-

427 5701 454 5730 ⁸
481 5687 606 5744 Sive
642 5683 1112 5758 Byzantio.__che
1153 5681 1389 5752 Sigibcrt
1429 5679 1480 5733 in
1520 5677 1672 5731 annis
1702 5673 1833 5728 100i
1878 5683 1934 5728 ct

361 5759 515 5818 £009.
545 5757 646 5814 An.
681 5753 809 5813 ΙΟλΓΙ
839 5753 1090 5828 Sigibcrt.
1419 5770 1422 5774 ί

2033 4644 2089 4692 et
2129 4636 2348 4690 tertium
2388 4633 2798 4696 Adelberonem,
2825 4648 2933 4686 non
2971 4633 3088 4687 sine
3128 4629 3298 4686 multo
3341 4628 3526 4684 labore
3549 4644 3617 4686 ac

2031 4727 2274 4798 periculo
2314 4741 2534 4781 suarum
2570 4739 2750 4779 rerum
2787 4723 3312 4778 excommunicatum
3353 4720 3619 4789 deposue-

2033 4827 2178 4874 runt.
2227 4816 2363 4872 Huic
2401 4815 2681 4871 certamini
2720 4815 2866 4868 velut
2911 4812 3138 4884 signifer
3176 4812 3572 4881 imperterritus
3595 4851 3614 4877 ,

2033 4920 2088 4967 et
2130 4911 2184 4966 in
2225 4909 2369 4966 omni
2409 4909 2660 4965 conflictu
2703 4905 3001 4977 intrepidus
3043 4905 3273 4959 domnus
3311 4902 3612 4966 Adelbero,

2030 5011 2155 5074 post
2206 5000 2620 5056 Treverensium
2677 4997 3112 5067 archiepiscopus
3174 4993 3443 5065 gloriosus
3465 5033 3479 5053 ,
3548 4992 3614 5046 de

2031 5093 2200 5165 gradu
2246 5091 2303 5146 in
2341 5090 2563 5162 gradum
2597 5096 2898 5158 promotus,
2940 5087 3008 5140 ab
3047 5086 3160 5156 ipsa
3204 5084 3286 5156 (ut
3313 5085 3384 5138 ita
3413 5081 3612 5153 dicam)

2030 5184 2261 5254 pueritia
2298 5196 2399 5252 pro
2429 5180 2535 5235 fide
2565 5179 2831 5235 catholica
2874 5179 2927 5232 in
2967 5178 3161 5232 castris
3191 5175 3442 5230 Ecclesia:
3472 5172 3612 5228 mili-

2032 5273 2195 5338 tavit,
2240 5273 2412 5327 donec
2447 5284 2514 5324 ex
2553 5267 2843 5323 schismate
2882 5265 3177 5335 trophzenm
3214 5264 3362 5333 pacis
3407 5258 3614 5318 invexit

2031 5361 2304 5418 Ecclesite.

2106 5451 2368 5508 Defuncto
2414 5455 2593 5502 autem
2641 5446 2837 5502 domno
2881 5445 3168 5516 Poppone,
3222 5444 3315 5514 qui
3363 5439 3614 5511 provisor

2033 5545 2155 5614 pius
2193 5539 2402 5596 exstitit
2445 5536 2658 5594 clericis
2700 5551 2798 5606 pro
2846 5545 3121 5605 tempore,
3169 5533 3512 5604 magniﬁcum
3558 5540 3612 5585 et

2105 5675 2132 5715 ι’
2161 5671 2380 5729 llcnrici
2407 5669 2472 5727 lll
2499 5669 2627 5734 ﬁlio,
2657 5667 2888 5724 Conradi
2919 5675 3127 5739 nepote.
