  <div class='ocr_page' id='page_1' title='image "/cluster/home/n/w/nwhite01/storage/ocr_20150623/96/hvd.32044052819901/741.png"; bbox 0 0 4018 6174; ppageno 0'>
   <div class='ocr_carea' id='block_1_1' title="bbox 544 329 671 383">
    <p class='ocr_par' dir='ltr' id='par_1_1' title="bbox 544 329 671 383">
     <span class='ocr_line' id='line_1_1' title="bbox 544 329 671 383; baseline -0.039 0"><span class='ocrx_word' id='word_1_1' title='bbox 544 329 671 383; x_wconf 58' lang='grc'>1471</span> 
     </span>
    </p>
   </div>
   <div class='ocr_carea' id='block_1_2' title="bbox 1767 304 2562 364">
    <p class='ocr_par' dir='ltr' id='par_1_2' title="bbox 1767 304 2562 364">
     <span class='ocr_line' id='line_1_2' title="bbox 1767 304 2562 364; baseline -0.009 0"><span class='ocrx_word' id='word_1_2' title='bbox 1767 308 2081 364; x_wconf 76' lang='lat' dir='ltr'><strong>ANONYMI</strong></span> <span class='ocrx_word' id='word_1_3' title='bbox 2118 306 2390 364; x_wconf 73' lang='lat' dir='ltr'><strong>SASCULI</strong></span> <span class='ocrx_word' id='word_1_4' title='bbox 2433 304 2562 362; x_wconf 79' lang='lat' dir='ltr'><strong>Vill.</strong></span> 
     </span>
    </p>
   </div>
   <div class='ocr_carea' id='block_1_3' title="bbox 3628 317 3732 371">
    <p class='ocr_par' dir='ltr' id='par_1_3' title="bbox 3628 317 3732 371">
     <span class='ocr_line' id='line_1_3' title="bbox 3628 317 3732 371; baseline 0.01 -1"><span class='ocrx_word' id='word_1_5' title='bbox 3628 317 3732 371; x_wconf 70' lang='lat'><strong>“72</strong></span> 
     </span>
    </p>
   </div>
   <div class='ocr_carea' id='block_1_4' title="bbox 535 416 3733 501">
    <p class='ocr_par' dir='ltr' id='par_1_4' title="bbox 535 416 3733 501">
     <span class='ocr_line' id='line_1_4' title="bbox 535 416 3733 501; baseline -0.006 -1"><span class='ocrx_word' id='word_1_6' title='bbox 535 444 768 501; x_wconf 99' lang='lat' dir='ltr'><strong>nobilem</strong></span> <span class='ocrx_word' id='word_1_7' title='bbox 813 439 987 493; x_wconf 90' lang='lat' dir='ltr'><strong>virum</strong></span> <span class='ocrx_word' id='word_1_8' title='bbox 1010 477 1024 499; x_wconf 96' lang='lat'><strong>,</strong></span> <span class='ocrx_word' id='word_1_9' title='bbox 1073 450 1139 490; x_wconf 88' lang='lat' dir='ltr'><strong>ex</strong></span> <span class='ocrx_word' id='word_1_10' title='bbox 1179 430 1472 487; x_wconf 83' lang='lat' dir='ltr'><strong>Viennensi</strong></span> <span class='ocrx_word' id='word_1_11' title='bbox 1516 425 1983 495; x_wconf 87' lang='lat' dir='ltr'><strong>archiepiscopatu</strong></span> <span class='ocrx_word' id='word_1_12' title='bbox 2030 437 2117 476; x_wconf 87' lang='lat' dir='ltr'><strong>as-</strong></span> <span class='ocrx_word' id='word_1_13' title='bbox 2143 424 2196 481; x_wconf 76' lang='grc' dir='ltr'>Α</span> <span class='ocrx_word' id='word_1_14' title='bbox 2221 419 2484 474; x_wconf 89' lang='lat' dir='ltr'><strong>sationem</strong></span> <span class='ocrx_word' id='word_1_15' title='bbox 2509 418 2717 474; x_wconf 87' lang='lat' dir='ltr'><strong>servitii</strong></span> <span class='ocrx_word' id='word_1_16' title='bbox 2743 417 2922 486; x_wconf 82' lang='lat' dir='ltr'><strong>hujus,</strong></span> <span class='ocrx_word' id='word_1_17' title='bbox 2954 416 3074 486; x_wconf 82' lang='lat' dir='ltr'><strong>jure</strong></span> <span class='ocrx_word' id='word_1_18' title='bbox 3104 417 3250 474; x_wconf 85' lang='lat' dir='ltr'><strong>feodi</strong></span> <span class='ocrx_word' id='word_1_19' title='bbox 3277 420 3344 476; x_wconf 88' lang='lat' dir='ltr'><strong>ab</strong></span> <span class='ocrx_word' id='word_1_20' title='bbox 3369 435 3432 476; x_wconf 89' lang='lat' dir='ltr'><strong>eo</strong></span> <span class='ocrx_word' id='word_1_21' title='bbox 3459 422 3733 487; x_wconf 83' lang='lat' dir='ltr'><strong>advocatiam</strong></span> 
     </span>
    </p>
   </div>
   <div class='ocr_carea' id='block_1_5' title="bbox 535 516 2113 605">
    <p class='ocr_par' dir='ltr' id='par_1_5' title="bbox 535 516 2113 605">
     <span class='ocr_line' id='line_1_5' title="bbox 535 516 2113 605; baseline -0.018 -13"><span class='ocrx_word' id='word_1_22' title='bbox 535 543 805 605; x_wconf 86' lang='lat' dir='ltr'><strong>sumptum</strong></span> <span class='ocrx_word' id='word_1_23' title='bbox 863 531 1118 584; x_wconf 86' lang='lat' dir='ltr'><strong>domuum</strong></span> <span class='ocrx_word' id='word_1_24' title='bbox 1177 523 1509 605; x_wconf 70' lang='lat' dir='ltr'><strong>Stephanum</strong></span> <span class='ocrx_word' id='word_1_25' title='bbox 1565 516 1858 588; x_wconf 87' lang='lat' dir='ltr'><strong>apostolica</strong></span> <span class='ocrx_word' id='word_1_26' title='bbox 1919 525 2113 567; x_wconf 88' lang='lat' dir='ltr'><strong>conse-</strong></span> 
     </span>
    </p>
   </div>
   <div class='ocr_carea' id='block_1_6' title="bbox 533 599 2115 686">
    <p class='ocr_par' dir='ltr' id='par_1_6' title="bbox 533 599 2115 686">
     <span class='ocr_line' id='line_1_6' title="bbox 533 599 2115 686; baseline -0.017 -1"><span class='ocrx_word' id='word_1_27' title='bbox 533 599 746 686; x_wconf 81' lang='lat' dir='ltr'><strong>cratum</strong></span> <span class='ocrx_word' id='word_1_28' title='bbox 799 599 1196 678; x_wconf 30' lang='lat' dir='ltr'><strong>benedictione.</strong></span> <span class='ocrx_word' id='word_1_29' title='bbox 1231 616 1286 669; x_wconf 91' lang='lat' dir='ltr'><strong>in</strong></span> <span class='ocrx_word' id='word_1_30' title='bbox 1339 615 1473 668; x_wconf 85' lang='lat' dir='ltr'><strong>urbe</strong></span> <span class='ocrx_word' id='word_1_31' title='bbox 1525 613 1803 674; x_wconf 79' lang='lat' dir='ltr'><strong>Romana,</strong></span> <span class='ocrx_word' id='word_1_32' title='bbox 1860 606 2115 678; x_wconf 87' lang='lat' dir='ltr'><strong>palliique</strong></span> 
     </span>
    </p>
   </div>
   <div class='ocr_carea' id='block_1_7' title="bbox 533 700 2116 792">
    <p class='ocr_par' dir='ltr' id='par_1_7' title="bbox 533 700 2116 792">
     <span class='ocr_line' id='line_1_7' title="bbox 533 700 2116 792; baseline -0.011 -20"><span class='ocrx_word' id='word_1_33' title='bbox 533 721 795 792; x_wconf 76' lang='lat' dir='ltr'><strong>dignitate</strong></span> <span class='ocrx_word' id='word_1_34' title='bbox 843 716 1167 769; x_wconf 90' lang='lat' dir='ltr'><strong>honoratum</strong></span> <span class='ocrx_word' id='word_1_35' title='bbox 1213 724 1323 763; x_wconf 66' lang='lat' dir='ltr'><strong>sua:</strong></span> <span class='ocrx_word' id='word_1_36' title='bbox 1362 707 1486 761; x_wconf 67' lang='lat' dir='ltr'><strong>vitae</strong></span> <span class='ocrx_word' id='word_1_37' title='bbox 1527 704 1799 761; x_wconf 88' lang='lat' dir='ltr'><strong>curriculo</strong></span> <span class='ocrx_word' id='word_1_38' title='bbox 1840 700 2116 773; x_wconf 74' lang='lat' dir='ltr'><strong>(ecclesia:</strong></span> 
     </span>
    </p>
   </div>
   <div class='ocr_carea' id='block_1_8' title="bbox 535 791 2115 872">
    <p class='ocr_par' dir='ltr' id='par_1_8' title="bbox 535 791 2115 872">
     <span class='ocr_line' id='line_1_8' title="bbox 535 791 2115 872; baseline -0.012 -8"><span class='ocrx_word' id='word_1_39' title='bbox 535 791 882 865; x_wconf 86' lang='lat' dir='ltr'><strong>Treverensis</strong></span> <span class='ocrx_word' id='word_1_40' title='bbox 934 803 1082 859; x_wconf 89' lang='lat' dir='ltr'><strong>salvo</strong></span> <span class='ocrx_word' id='word_1_41' title='bbox 1133 797 1436 872; x_wconf 88' lang='lat' dir='ltr'><strong>privilegio)</strong></span> <span class='ocrx_word' id='word_1_42' title='bbox 1479 797 1534 851; x_wconf 91' lang='lat' dir='ltr'><strong>in</strong></span> <span class='ocrx_word' id='word_1_43' title='bbox 1585 797 1893 866; x_wconf 84' lang='lat' dir='ltr'><strong>episcopum</strong></span> <span class='ocrx_word' id='word_1_44' title='bbox 1944 791 2115 847; x_wconf 90' lang='lat' dir='ltr'><strong>susci-</strong></span> 
     </span>
    </p>
   </div>
   <div class='ocr_carea' id='block_1_9' title="bbox 533 883 2113 970">
    <p class='ocr_par' dir='ltr' id='par_1_9' title="bbox 533 883 2113 970">
     <span class='ocr_line' id='line_1_9' title="bbox 533 883 2113 970; baseline -0.012 -17"><span class='ocrx_word' id='word_1_45' title='bbox 533 899 707 970; x_wconf 89' lang='lat' dir='ltr'><strong>piunt.</strong></span> <span class='ocrx_word' id='word_1_46' title='bbox 774 895 876 962; x_wconf 82' lang='lat' dir='ltr'><strong>Qui</strong></span> <span class='ocrx_word' id='word_1_47' title='bbox 920 891 1172 961; x_wconf 91' lang='lat' dir='ltr'><strong>quoniam</strong></span> <span class='ocrx_word' id='word_1_48' title='bbox 1227 888 1404 942; x_wconf 89' lang='lat' dir='ltr'><strong>adhuc</strong></span> <span class='ocrx_word' id='word_1_49' title='bbox 1450 886 1562 940; x_wconf 90' lang='lat' dir='ltr'><strong>vita</strong></span> <span class='ocrx_word' id='word_1_50' title='bbox 1607 883 1799 947; x_wconf 83' lang='lat' dir='ltr'><strong>floret,</strong></span> <span class='ocrx_word' id='word_1_51' title='bbox 1855 890 1911 937; x_wconf 90' lang='lat' dir='ltr'><strong>et</strong></span> <span class='ocrx_word' id='word_1_52' title='bbox 1952 888 2113 936; x_wconf 60' lang='lat' dir='ltr'><strong>aetate</strong></span> 
     </span>
    </p>
   </div>
   <div class='ocr_carea' id='block_1_10' title="bbox 535 971 2114 1060">
    <p class='ocr_par' dir='ltr' id='par_1_10' title="bbox 535 971 2114 1060">
     <span class='ocr_line' id='line_1_10' title="bbox 535 971 2114 1060; baseline -0.012 -16"><span class='ocrx_word' id='word_1_53' title='bbox 535 989 698 1060; x_wconf 88' lang='lat' dir='ltr'><strong>viget,</strong></span> <span class='ocrx_word' id='word_1_54' title='bbox 745 985 970 1040; x_wconf 90' lang='lat' dir='ltr'><strong>tentatio</strong></span> <span class='ocrx_word' id='word_1_55' title='bbox 1009 982 1166 1036; x_wconf 84' lang='lat' dir='ltr'><strong>sileat</strong></span> <span class='ocrx_word' id='word_1_56' title='bbox 1200 979 1452 1035; x_wconf 87' lang='lat' dir='ltr'><strong>elationis</strong></span> <span class='ocrx_word' id='word_1_57' title='bbox 1490 985 1609 1032; x_wconf 90' lang='lat' dir='ltr'><strong>orta</strong></span> <span class='ocrx_word' id='word_1_58' title='bbox 1647 991 1714 1030; x_wconf 89' lang='lat' dir='ltr'><strong>ex</strong></span> <span class='ocrx_word' id='word_1_59' title='bbox 1752 982 1904 1043; x_wconf 87' lang='lat' dir='ltr'><strong>peste</strong></span> <span class='ocrx_word' id='word_1_60' title='bbox 1931 971 2114 1026; x_wconf 89' lang='lat' dir='ltr'><strong>adula-</strong></span> 
     </span>
    </p>
   </div>
   <div class='ocr_carea' id='block_1_11' title="bbox 537 1063 2114 1147">
    <p class='ocr_par' dir='ltr' id='par_1_11' title="bbox 537 1063 2114 1147">
     <span class='ocr_line' id='line_1_11' title="bbox 537 1063 2114 1147; baseline -0.014 -11"><span class='ocrx_word' id='word_1_61' title='bbox 537 1079 725 1144; x_wconf 85' lang='lat' dir='ltr'><strong>tionis,</strong></span> <span class='ocrx_word' id='word_1_62' title='bbox 764 1085 818 1132; x_wconf 88' lang='lat' dir='ltr'><strong>et</strong></span> <span class='ocrx_word' id='word_1_63' title='bbox 848 1088 1036 1147; x_wconf 83' lang='lat' dir='ltr'><strong>preces</strong></span> <span class='ocrx_word' id='word_1_64' title='bbox 1073 1071 1368 1126; x_wconf 89' lang='lat' dir='ltr'><strong>fundantur</strong></span> <span class='ocrx_word' id='word_1_65' title='bbox 1395 1069 1504 1122; x_wconf 86' lang='lat' dir='ltr'><strong>Deo</strong></span> <span class='ocrx_word' id='word_1_66' title='bbox 1533 1081 1630 1137; x_wconf 90' lang='lat' dir='ltr'><strong>pro</strong></span> <span class='ocrx_word' id='word_1_67' title='bbox 1660 1065 1915 1120; x_wconf 85' lang='lat' dir='ltr'><strong>continuo</strong></span> <span class='ocrx_word' id='word_1_68' title='bbox 1945 1063 2114 1131; x_wconf 86' lang='lat' dir='ltr'><strong>ipsius</strong></span> 
     </span>
    </p>
   </div>
   <div class='ocr_carea' id='block_1_12' title="bbox 535 1171 734 1227">
    <p class='ocr_par' dir='ltr' id='par_1_12' title="bbox 535 1171 734 1227">
     <span class='ocr_line' id='line_1_12' title="bbox 535 1171 734 1227; baseline -0.025 0"><span class='ocrx_word' id='word_1_69' title='bbox 535 1171 734 1227; x_wconf 89' lang='lat' dir='ltr'><strong>studio.</strong></span> 
     </span>
    </p>
   </div>
   <div class='ocr_carea' id='block_1_13' title="bbox 970 1269 1692 1339">
    <p class='ocr_par' dir='ltr' id='par_1_13' title="bbox 970 1269 1692 1339">
     <span class='ocr_line' id='line_1_13' title="bbox 970 1269 1692 1339; baseline -0.012 -2"><span class='ocrx_word' id='word_1_70' title='bbox 970 1273 1375 1337; x_wconf 81' lang='lat' dir='ltr'><strong>APPENDIX</strong></span> <span class='ocrx_word' id='word_1_71' title='bbox 1417 1269 1692 1339; x_wconf 81' lang='lat' dir='ltr'><strong>PRIMA,</strong></span> 
     </span>
    </p>
   </div>
   <div class='ocr_carea' id='block_1_14' title="bbox 772 1387 1867 1461">
    <p class='ocr_par' dir='ltr' id='par_1_14' title="bbox 772 1387 1867 1461">
     <span class='ocr_line' id='line_1_14' title="bbox 772 1387 1867 1461; baseline -0.015 0"><span class='ocrx_word' id='word_1_72' title='bbox 772 1399 862 1461; x_wconf 80' lang='lat' dir='ltr'><strong>Ab</strong></span> <span class='ocrx_word' id='word_1_73' title='bbox 897 1416 1057 1458; x_wconf 84' lang='lat' dir='ltr'><strong>anno</strong></span> <span class='ocrx_word' id='word_1_74' title='bbox 1089 1397 1243 1457; x_wconf 75' lang='lat'><strong>11&quot;20</strong></span> <span class='ocrx_word' id='word_1_75' title='bbox 1283 1391 1364 1452; x_wconf 87' lang='lat' dir='ltr'><strong>ad</strong></span> <span class='ocrx_word' id='word_1_76' title='bbox 1399 1391 1552 1451; x_wconf 76' lang='grc'>1200</span> <span class='ocrx_word' id='word_1_77' title='bbox 1591 1387 1867 1449; x_wconf 80' lang='lat' dir='ltr'><strong>circiter.</strong></span> 
     </span>
    </p>
   </div>
   <div class='ocr_carea' id='block_1_15' title="bbox 603 1505 2109 1586">
    <p class='ocr_par' dir='ltr' id='par_1_15' title="bbox 603 1505 2109 1586">
     <span class='ocr_line' id='line_1_15' title="bbox 603 1505 2109 1586; baseline -0.013 -10"><span class='ocrx_word' id='word_1_78' title='bbox 603 1522 810 1578; x_wconf 88' lang='lat' dir='ltr'><strong>Domno</strong></span> <span class='ocrx_word' id='word_1_79' title='bbox 849 1515 1088 1586; x_wconf 89' lang='lat' dir='ltr'><strong>Popponi</strong></span> <span class='ocrx_word' id='word_1_80' title='bbox 1121 1523 1231 1568; x_wconf 90' lang='lat' dir='ltr'><strong>tam</strong></span> <span class='ocrx_word' id='word_1_81' title='bbox 1259 1510 1691 1581; x_wconf 83' lang='lat' dir='ltr'><strong>Burgundiorum</strong></span> <span class='ocrx_word' id='word_1_82' title='bbox 1718 1522 1878 1576; x_wconf 93' lang='lat' dir='ltr'><strong>quam</strong></span> <span class='ocrx_word' id='word_1_83' title='bbox 1904 1505 2109 1560; x_wconf 83' lang='lat' dir='ltr'><strong>Lotho-</strong></span> 
     </span>
    </p>
   </div>
   <div class='ocr_carea' id='block_1_16' title="bbox 536 1596 2112 1681">
    <p class='ocr_par' dir='ltr' id='par_1_16' title="bbox 536 1596 2112 1681">
     <span class='ocr_line' id='line_1_16' title="bbox 536 1596 2112 1681; baseline -0.012 -13"><span class='ocrx_word' id='word_1_84' title='bbox 536 1613 808 1681; x_wconf 87' lang='lat' dir='ltr'><strong>ringorum</strong></span> <span class='ocrx_word' id='word_1_85' title='bbox 851 1603 1137 1663; x_wconf 79' lang='lat' dir='ltr'><strong>excellenti</strong></span> <span class='ocrx_word' id='word_1_86' title='bbox 1181 1617 1376 1673; x_wconf 78' lang='lat' dir='ltr'><strong>genere</strong></span> <span class='ocrx_word' id='word_1_87' title='bbox 1423 1600 1636 1662; x_wconf 88' lang='lat' dir='ltr'><strong>clarus,</strong></span> <span class='ocrx_word' id='word_1_88' title='bbox 1689 1598 1782 1652; x_wconf 92' lang='lat' dir='ltr'><strong>sed</strong></span> <span class='ocrx_word' id='word_1_89' title='bbox 1821 1596 2019 1650; x_wconf 85' lang='lat' dir='ltr'><strong>virtute</strong></span> <span class='ocrx_word' id='word_1_90' title='bbox 2055 1603 2112 1664; x_wconf 79' lang='lat' dir='ltr'><strong>et</strong></span> 
     </span>
    </p>
   </div>
   <div class='ocr_carea' id='block_1_17' title="bbox 533 1690 2108 1758">
    <p class='ocr_par' dir='ltr' id='par_1_17' title="bbox 533 1690 2108 1758">
     <span class='ocr_line' id='line_1_17' title="bbox 533 1690 2108 1758; baseline -0.011 0"><span class='ocrx_word' id='word_1_91' title='bbox 533 1703 700 1758; x_wconf 87' lang='lat' dir='ltr'><strong>animi</strong></span> <span class='ocrx_word' id='word_1_92' title='bbox 743 1699 1023 1756; x_wconf 86' lang='lat' dir='ltr'><strong>nobilitate</strong></span> <span class='ocrx_word' id='word_1_93' title='bbox 1065 1696 1264 1750; x_wconf 89' lang='lat' dir='ltr'><strong>clarior</strong></span> <span class='ocrx_word' id='word_1_94' title='bbox 1301 1693 1529 1748; x_wconf 91' lang='lat' dir='ltr'><strong>domnus</strong></span> <span class='ocrx_word' id='word_1_95' title='bbox 1573 1690 1919 1758; x_wconf 83' lang='lat' dir='ltr'><strong>Stephanus,</strong></span> <span class='ocrx_word' id='word_1_96' title='bbox 1966 1701 2108 1742; x_wconf 91' lang='lat' dir='ltr'><strong>anno</strong></span> 
     </span>
    </p>
   </div>
   <div class='ocr_carea' id='block_1_18' title="bbox 2217 509 3733 580">
    <p class='ocr_par' dir='ltr' id='par_1_18' title="bbox 2217 509 3733 580">
     <span class='ocr_line' id='line_1_18' title="bbox 2217 509 3733 580; baseline 0.005 -16"><span class='ocrx_word' id='word_1_97' title='bbox 2217 510 2422 580; x_wconf 86' lang='lat' dir='ltr'><strong>recepit</strong></span> <span class='ocrx_word' id='word_1_98' title='bbox 2465 509 2861 580; x_wconf 85' lang='lat' dir='ltr'><strong>Spinalensem.</strong></span> <span class='ocrx_word' id='word_1_99' title='bbox 2912 509 2981 563; x_wconf 87' lang='lat' dir='ltr'><strong>Et</strong></span> <span class='ocrx_word' id='word_1_100' title='bbox 3026 509 3141 580; x_wconf 89' lang='lat' dir='ltr'><strong>ipse</strong></span> <span class='ocrx_word' id='word_1_101' title='bbox 3178 509 3285 564; x_wconf 90' lang='lat' dir='ltr'><strong>dux</strong></span> <span class='ocrx_word' id='word_1_102' title='bbox 3319 527 3470 566; x_wconf 87' lang='lat' dir='ltr'><strong>versa</strong></span> <span class='ocrx_word' id='word_1_103' title='bbox 3494 515 3619 580; x_wconf 88' lang='lat' dir='ltr'><strong>vice,</strong></span> <span class='ocrx_word' id='word_1_104' title='bbox 3651 519 3733 571; x_wconf 82' lang='lat' dir='ltr'><strong>alo-</strong></span> 
     </span>
    </p>
   </div>
   <div class='ocr_carea' id='block_1_19' title="bbox 2214 600 3729 678">
    <p class='ocr_par' dir='ltr' id='par_1_19' title="bbox 2214 600 3729 678">
     <span class='ocr_line' id='line_1_19' title="bbox 2214 600 3729 678; baseline 0.005 -21"><span class='ocrx_word' id='word_1_105' title='bbox 2214 602 2360 657; x_wconf 90' lang='lat' dir='ltr'><strong>dium</strong></span> <span class='ocrx_word' id='word_1_106' title='bbox 2384 641 2400 665; x_wconf 93' lang='lat'><strong>,</strong></span> <span class='ocrx_word' id='word_1_107' title='bbox 2448 601 2592 670; x_wconf 93' lang='lat' dir='ltr'><strong>quod</strong></span> <span class='ocrx_word' id='word_1_108' title='bbox 2620 600 2763 670; x_wconf 90' lang='lat' dir='ltr'><strong>apud</strong></span> <span class='ocrx_word' id='word_1_109' title='bbox 2793 600 2985 655; x_wconf 83' lang='lat' dir='ltr'><strong>Vicum</strong></span> <span class='ocrx_word' id='word_1_110' title='bbox 3014 601 3291 678; x_wconf 43' lang='lat' dir='ltr'><strong>habebat‘,</strong></span> <span class='ocrx_word' id='word_1_111' title='bbox 3340 602 3490 658; x_wconf 90' lang='lat' dir='ltr'><strong>beato</strong></span> <span class='ocrx_word' id='word_1_112' title='bbox 3516 604 3729 676; x_wconf 78' lang='lat' dir='ltr'><strong>Stephano</strong></span> 
     </span>
    </p>
   </div>
   <div class='ocr_carea' id='block_1_20' title="bbox 2214 690 3728 762">
    <p class='ocr_par' dir='ltr' id='par_1_20' title="bbox 2214 690 3728 762">
     <span class='ocr_line' id='line_1_20' title="bbox 2214 690 3728 762; baseline 0.004 -16"><span class='ocrx_word' id='word_1_113' title='bbox 2214 691 2438 747; x_wconf 86' lang='lat' dir='ltr'><strong>Metensi</strong></span> <span class='ocrx_word' id='word_1_114' title='bbox 2473 691 2701 747; x_wconf 91' lang='lat' dir='ltr'><strong>contulit</strong></span> <span class='ocrx_word' id='word_1_115' title='bbox 2734 690 2903 745; x_wconf 89' lang='lat' dir='ltr'><strong>libere</strong></span> <span class='ocrx_word' id='word_1_116' title='bbox 2940 698 2998 746; x_wconf 94' lang='lat' dir='ltr'><strong>et</strong></span> <span class='ocrx_word' id='word_1_117' title='bbox 3031 692 3237 762; x_wconf 86' lang='lat' dir='ltr'><strong>quiete,</strong></span> <span class='ocrx_word' id='word_1_118' title='bbox 3283 699 3338 747; x_wconf 84' lang='lat' dir='ltr'><strong>et</strong></span> <span class='ocrx_word' id='word_1_119' title='bbox 3376 696 3512 748; x_wconf 89' lang='lat' dir='ltr'><strong>omni</strong></span> <span class='ocrx_word' id='word_1_120' title='bbox 3549 711 3644 752; x_wconf 67' lang='lat' dir='ltr'><strong>aevo</strong></span> <span class='ocrx_word' id='word_1_121' title='bbox 3678 709 3728 755; x_wconf 82' lang='lat' dir='ltr'><strong>te-</strong></span> 
     </span>
    </p>
   </div>
   <div class='ocr_carea' id='block_1_21' title="bbox 2213 781 2452 835">
    <p class='ocr_par' dir='ltr' id='par_1_21' title="bbox 2213 781 2452 835">
     <span class='ocr_line' id='line_1_21' title="bbox 2213 781 2452 835; baseline -0.004 0"><span class='ocrx_word' id='word_1_122' title='bbox 2213 781 2452 835; x_wconf 87' lang='lat' dir='ltr'><strong>nendum</strong></span> 
     </span>
    </p>
   </div>
   <div class='ocr_carea' id='block_1_22' title="bbox 2282 867 3731 939">
    <p class='ocr_par' dir='ltr' id='par_1_22' title="bbox 2282 867 3731 939">
     <span class='ocr_line' id='line_1_22' title="bbox 2282 867 3731 939; baseline 0.003 -17"><span class='ocrx_word' id='word_1_123' title='bbox 2282 867 2424 924; x_wconf 85' lang='lat' dir='ltr'><strong>Idem</strong></span> <span class='ocrx_word' id='word_1_124' title='bbox 2471 867 2712 939; x_wconf 81' lang='lat' dir='ltr'><strong>pontifex</strong></span> <span class='ocrx_word' id='word_1_125' title='bbox 2753 868 3090 923; x_wconf 80' lang='lat' dir='ltr'><strong>venerandus</strong></span> <span class='ocrx_word' id='word_1_126' title='bbox 3137 877 3408 934; x_wconf 89' lang='lat' dir='ltr'><strong>castrum,</strong></span> <span class='ocrx_word' id='word_1_127' title='bbox 3447 872 3575 939; x_wconf 88' lang='lat' dir='ltr'><strong>quod</strong></span> <span class='ocrx_word' id='word_1_128' title='bbox 3613 871 3731 927; x_wconf 79' lang='lat' dir='ltr'><strong>Petra</strong></span> 
     </span>
    </p>
   </div>
   <div class='ocr_carea' id='block_1_23' title="bbox 2210 957 3730 1030">
    <p class='ocr_par' dir='ltr' id='par_1_23' title="bbox 2210 957 3730 1030">
     <span class='ocr_line' id='line_1_23' title="bbox 2210 957 3730 1030; baseline 0.002 -19"><span class='ocrx_word' id='word_1_129' title='bbox 2210 964 2487 1026; x_wconf 89' lang='lat' dir='ltr'><strong>pertusata</strong></span> <span class='ocrx_word' id='word_1_130' title='bbox 2517 970 2541 997; x_wconf 73' lang='grc' dir='ltr'>ι</span> <span class='ocrx_word' id='word_1_131' title='bbox 2574 957 2790 1021; x_wconf 88' lang='lat' dir='ltr'><strong>dicitur,</strong></span> <span class='ocrx_word' id='word_1_132' title='bbox 2821 972 2944 1012; x_wconf 91' lang='lat' dir='ltr'><strong>cum</strong></span> <span class='ocrx_word' id='word_1_133' title='bbox 2980 971 3122 1011; x_wconf 90' lang='lat' dir='ltr'><strong>anno</strong></span> <span class='ocrx_word' id='word_1_134' title='bbox 3149 957 3359 1028; x_wconf 86' lang='lat' dir='ltr'><strong>integro</strong></span> <span class='ocrx_word' id='word_1_135' title='bbox 3383 966 3436 1012; x_wconf 93' lang='lat' dir='ltr'><strong>et</strong></span> <span class='ocrx_word' id='word_1_136' title='bbox 3457 973 3516 1014; x_wconf 88' lang='lat' dir='ltr'><strong>eo</strong></span> <span class='ocrx_word' id='word_1_137' title='bbox 3535 961 3730 1030; x_wconf 85' lang='lat' dir='ltr'><strong>amplius,</strong></span> 
     </span>
    </p>
   </div>
   <div class='ocr_carea' id='block_1_24' title="bbox 2212 1049 3728 1120">
    <p class='ocr_par' dir='ltr' id='par_1_24' title="bbox 2212 1049 3728 1120">
     <span class='ocr_line' id='line_1_24' title="bbox 2212 1049 3728 1120; baseline 0.001 -17"><span class='ocrx_word' id='word_1_138' title='bbox 2212 1050 2384 1105; x_wconf 90' lang='lat' dir='ltr'><strong>tribus</strong></span> <span class='ocrx_word' id='word_1_139' title='bbox 2428 1049 2817 1104; x_wconf 90' lang='lat' dir='ltr'><strong>munitionibus</strong></span> <span class='ocrx_word' id='word_1_140' title='bbox 2854 1049 3115 1120; x_wconf 88' lang='lat' dir='ltr'><strong>(quarum</strong></span> <span class='ocrx_word' id='word_1_141' title='bbox 3152 1064 3324 1118; x_wconf 90' lang='lat' dir='ltr'><strong>usque</strong></span> <span class='ocrx_word' id='word_1_142' title='bbox 3362 1049 3511 1103; x_wconf 90' lang='lat' dir='ltr'><strong>hodie</strong></span> <span class='ocrx_word' id='word_1_143' title='bbox 3559 1052 3728 1118; x_wconf 76' lang='lat' dir='ltr'><strong>vestigia</strong></span> 
     </span>
    </p>
   </div>
   <div class='ocr_carea' id='block_1_25' title="bbox 2211 1139 3730 1210">
    <p class='ocr_par' dir='ltr' id='par_1_25' title="bbox 2211 1139 3730 1210">
     <span class='ocr_line' id='line_1_25' title="bbox 2211 1139 3730 1210; baseline -0.001 -15"><span class='ocrx_word' id='word_1_144' title='bbox 2211 1140 2491 1210; x_wconf 84' lang='lat' dir='ltr'><strong>apparent)</strong></span> <span class='ocrx_word' id='word_1_145' title='bbox 2525 1140 2579 1194; x_wconf 92' lang='lat' dir='ltr'><strong>in</strong></span> <span class='ocrx_word' id='word_1_146' title='bbox 2628 1139 2858 1194; x_wconf 91' lang='lat' dir='ltr'><strong>circuitu</strong></span> <span class='ocrx_word' id='word_1_147' title='bbox 2907 1139 3135 1192; x_wconf 82' lang='lat' dir='ltr'><strong>firmatis</strong></span> <span class='ocrx_word' id='word_1_148' title='bbox 3173 1139 3444 1194; x_wconf 88' lang='lat' dir='ltr'><strong>obsidione</strong></span> <span class='ocrx_word' id='word_1_149' title='bbox 3477 1139 3730 1203; x_wconf 81' lang='lat' dir='ltr'><strong>clausisset,</strong></span> 
     </span>
    </p>
   </div>
   <div class='ocr_carea' id='block_1_26' title="bbox 2212 1225 3728 1298">
    <p class='ocr_par' dir='ltr' id='par_1_26' title="bbox 2212 1225 3728 1298">
     <span class='ocr_line' id='line_1_26' title="bbox 2212 1225 3728 1298; baseline -0.002 -13"><span class='ocrx_word' id='word_1_150' title='bbox 2212 1233 2427 1285; x_wconf 86' lang='lat' dir='ltr'><strong>tandem</strong></span> <span class='ocrx_word' id='word_1_151' title='bbox 2466 1228 2724 1298; x_wconf 90' lang='lat' dir='ltr'><strong>compulit</strong></span> <span class='ocrx_word' id='word_1_152' title='bbox 2759 1228 2828 1283; x_wconf 90' lang='lat' dir='ltr'><strong>ad</strong></span> <span class='ocrx_word' id='word_1_153' title='bbox 2867 1227 3218 1283; x_wconf 88' lang='lat' dir='ltr'><strong>deditionem.</strong></span> <span class='ocrx_word' id='word_1_154' title='bbox 3255 1225 3384 1282; x_wconf 89' lang='lat' dir='ltr'><strong>Cum</strong></span> <span class='ocrx_word' id='word_1_155' title='bbox 3421 1244 3509 1297; x_wconf 89' lang='lat' dir='ltr'><strong>per</strong></span> <span class='ocrx_word' id='word_1_156' title='bbox 3542 1239 3728 1282; x_wconf 85' lang='lat' dir='ltr'><strong>castrum</strong></span> 
     </span>
    </p>
   </div>
   <div class='ocr_carea' id='block_1_27' title="bbox 2155 1305 3726 1391">
    <p class='ocr_par' dir='ltr' id='par_1_27' title="bbox 2155 1305 3726 1391">
     <span class='ocr_line' id='line_1_27' title="bbox 2155 1305 3726 1391; baseline -0.003 -13"><span class='ocrx_word' id='word_1_157' title='bbox 2155 1305 2159 1318; x_wconf 69' lang='grc'><em>’</em></span> <span class='ocrx_word' id='word_1_158' title='bbox 2211 1322 2519 1378; x_wconf 86' lang='lat' dir='ltr'><strong>Deulewart</strong></span> <span class='ocrx_word' id='word_1_159' title='bbox 2554 1335 2746 1391; x_wconf 78' lang='lat' dir='ltr'><strong>graves</strong></span> <span class='ocrx_word' id='word_1_160' title='bbox 2781 1319 2832 1374; x_wconf 89' lang='lat' dir='ltr'><strong>ei</strong></span> <span class='ocrx_word' id='word_1_161' title='bbox 2863 1318 3076 1388; x_wconf 61' lang='lat' dir='ltr'><strong>injuria:</strong></span> <span class='ocrx_word' id='word_1_162' title='bbox 3115 1318 3278 1373; x_wconf 63' lang='lat' dir='ltr'><strong>illatas</strong></span> <span class='ocrx_word' id='word_1_163' title='bbox 3310 1319 3494 1388; x_wconf 58' lang='lat' dir='ltr'><strong>sapius</strong></span> <span class='ocrx_word' id='word_1_164' title='bbox 3525 1318 3726 1381; x_wconf 88' lang='lat' dir='ltr'><strong>fuissent,</strong></span> 
     </span>
    </p>
   </div>
   <div class='ocr_carea' id='block_1_28' title="bbox 2211 1408 3726 1482">
    <p class='ocr_par' dir='ltr' id='par_1_28' title="bbox 2211 1408 3726 1482">
     <span class='ocr_line' id='line_1_28' title="bbox 2211 1408 3726 1482; baseline -0.005 -13"><span class='ocrx_word' id='word_1_165' title='bbox 2211 1415 2432 1469; x_wconf 92' lang='lat' dir='ltr'><strong>tandem</strong></span> <span class='ocrx_word' id='word_1_166' title='bbox 2467 1411 2794 1482; x_wconf 77' lang='lat' dir='ltr'><strong>expugnavit</strong></span> <span class='ocrx_word' id='word_1_167' title='bbox 2831 1410 2979 1474; x_wconf 90' lang='lat' dir='ltr'><strong>illud,</strong></span> <span class='ocrx_word' id='word_1_168' title='bbox 3015 1417 3073 1464; x_wconf 93' lang='lat' dir='ltr'><strong>et</strong></span> <span class='ocrx_word' id='word_1_169' title='bbox 3109 1410 3166 1464; x_wconf 90' lang='lat' dir='ltr'><strong>in</strong></span> <span class='ocrx_word' id='word_1_170' title='bbox 3193 1408 3422 1463; x_wconf 81' lang='lat' dir='ltr'><strong>favillam</strong></span> <span class='ocrx_word' id='word_1_171' title='bbox 3449 1410 3726 1478; x_wconf 85' lang='lat' dir='ltr'><strong>cineremque</strong></span> 
     </span>
    </p>
   </div>
   <div class='ocr_carea' id='block_1_29' title="bbox 2211 1499 3724 1576">
    <p class='ocr_par' dir='ltr' id='par_1_29' title="bbox 2211 1499 3724 1576">
     <span class='ocr_line' id='line_1_29' title="bbox 2211 1499 3724 1576; baseline -0.004 -16"><span class='ocrx_word' id='word_1_172' title='bbox 2211 1505 2440 1576; x_wconf 84' lang='lat' dir='ltr'><strong>redegit.</strong></span> <span class='ocrx_word' id='word_1_173' title='bbox 2493 1502 2853 1557; x_wconf 87' lang='lat' dir='ltr'><strong>Nihilominus</strong></span> <span class='ocrx_word' id='word_1_174' title='bbox 2894 1500 3062 1555; x_wconf 91' lang='lat' dir='ltr'><strong>etiam</strong></span> <span class='ocrx_word' id='word_1_175' title='bbox 3112 1499 3306 1554; x_wconf 89' lang='lat' dir='ltr'><strong>turrim</strong></span> <span class='ocrx_word' id='word_1_176' title='bbox 3351 1500 3482 1569; x_wconf 89' lang='lat' dir='ltr'><strong>apud</strong></span> <span class='ocrx_word' id='word_1_177' title='bbox 3528 1499 3724 1554; x_wconf 82' lang='lat' dir='ltr'><strong>Thiecurt</strong></span> 
     </span>
    </p>
   </div>
   <div class='ocr_carea' id='block_1_30' title="bbox 2211 1589 3720 1668">
    <p class='ocr_par' dir='ltr' id='par_1_30' title="bbox 2211 1589 3720 1668">
     <span class='ocr_line' id='line_1_30' title="bbox 2211 1589 3720 1668; baseline -0.004 -19"><span class='ocrx_word' id='word_1_178' title='bbox 2211 1593 2508 1668; x_wconf 79' lang='lat' dir='ltr'><strong>[Thiecourt</strong></span> <span class='ocrx_word' id='word_1_179' title='bbox 2533 1610 2600 1647; x_wconf 85' lang='lat' dir='ltr'><strong>ou</strong></span> <span class='ocrx_word' id='word_1_180' title='bbox 2617 1591 2962 1664; x_wconf 78' lang='lat' dir='ltr'><strong>Thiaucourt]</strong></span> <span class='ocrx_word' id='word_1_181' title='bbox 2983 1591 3256 1645; x_wconf 85' lang='lat' dir='ltr'><strong>ﬁrmatam</strong></span> <span class='ocrx_word' id='word_1_182' title='bbox 3275 1608 3290 1656; x_wconf 91' lang='lat'><strong>;</strong></span> <span class='ocrx_word' id='word_1_183' title='bbox 3307 1599 3360 1644; x_wconf 91' lang='lat' dir='ltr'><strong>et</strong></span> <span class='ocrx_word' id='word_1_184' title='bbox 3378 1599 3586 1644; x_wconf 88' lang='lat' dir='ltr'><strong>castrum</strong></span> <span class='ocrx_word' id='word_1_185' title='bbox 3605 1590 3645 1642; x_wconf 89' lang='lat' dir='ltr'><strong>iu</strong></span> <span class='ocrx_word' id='word_1_186' title='bbox 3665 1589 3720 1643; x_wconf 90' lang='lat' dir='ltr'><strong>lo-</strong></span> 
     </span>
    </p>
   </div>
   <div class='ocr_carea' id='block_1_31' title="bbox 2210 1679 3720 1754">
    <p class='ocr_par' dir='ltr' id='par_1_31' title="bbox 2210 1679 3720 1754">
     <span class='ocr_line' id='line_1_31' title="bbox 2210 1679 3720 1754; baseline -0.007 -14"><span class='ocrx_word' id='word_1_187' title='bbox 2210 1701 2276 1740; x_wconf 90' lang='lat' dir='ltr'><strong>co</strong></span> <span class='ocrx_word' id='word_1_188' title='bbox 2311 1684 2403 1754; x_wconf 89' lang='lat' dir='ltr'><strong>qui</strong></span> <span class='ocrx_word' id='word_1_189' title='bbox 2435 1682 2662 1738; x_wconf 88' lang='lat' dir='ltr'><strong>Walteri</strong></span> <span class='ocrx_word' id='word_1_190' title='bbox 2693 1697 2848 1736; x_wconf 91' lang='lat' dir='ltr'><strong>mons</strong></span> <span class='ocrx_word' id='word_1_191' title='bbox 2875 1679 3206 1752; x_wconf 81' lang='lat' dir='ltr'><strong>[Vatimont]</strong></span> <span class='ocrx_word' id='word_1_192' title='bbox 3231 1679 3423 1734; x_wconf 87' lang='lat' dir='ltr'><strong>dicitur</strong></span> <span class='ocrx_word' id='word_1_193' title='bbox 3448 1680 3608 1742; x_wconf 78' lang='lat' dir='ltr'><strong>siuna,</strong></span> <span class='ocrx_word' id='word_1_194' title='bbox 3632 1693 3720 1747; x_wconf 64' lang='lat' dir='ltr'><strong>qua</strong></span> 
     </span>
    </p>
   </div>
   <div class='ocr_carea' id='block_1_32' title="bbox 535 1769 3717 1857">
    <p class='ocr_par' dir='ltr' id='par_1_32' title="bbox 535 1769 3717 1857">
     <span class='ocr_line' id='line_1_32' title="bbox 535 1769 3717 1857; baseline -0.01 -4"><span class='ocrx_word' id='word_1_195' title='bbox 535 1797 743 1853; x_wconf 89' lang='lat' dir='ltr'><strong>Domini</strong></span> <span class='ocrx_word' id='word_1_196' title='bbox 778 1792 932 1857; x_wconf 74' lang='lat'><strong>“20,</strong></span> <span class='ocrx_word' id='word_1_197' title='bbox 980 1789 1229 1844; x_wconf 78' lang='lat' dir='ltr'><strong>videlicet</strong></span> <span class='ocrx_word' id='word_1_198' title='bbox 1273 1800 1414 1840; x_wconf 86' lang='lat' dir='ltr'><strong>anno</strong></span> <span class='ocrx_word' id='word_1_199' title='bbox 1443 1783 1648 1839; x_wconf 85' lang='lat' dir='ltr'><strong>Callisti</strong></span> <span class='ocrx_word' id='word_1_200' title='bbox 1686 1797 1838 1851; x_wconf 64' lang='lat' dir='ltr'><strong>papa:</strong></span> <span class='ocrx_word' id='word_1_201' title='bbox 1875 1778 2113 1836; x_wconf 88' lang='lat' dir='ltr'><strong>secundo</strong></span> <span class='ocrx_word' id='word_1_202' title='bbox 2142 1776 2190 1836; x_wconf 84' lang='grc' dir='ltr'><strong><em>Β</em></strong></span> <span class='ocrx_word' id='word_1_203' title='bbox 2215 1776 2581 1846; x_wconf 87' lang='lat' dir='ltr'><strong>episcopatum</strong></span> <span class='ocrx_word' id='word_1_204' title='bbox 2608 1772 2843 1843; x_wconf 87' lang='lat' dir='ltr'><strong>graviter</strong></span> <span class='ocrx_word' id='word_1_205' title='bbox 2871 1770 3224 1836; x_wconf 82' lang='lat' dir='ltr'><strong>infestabant,</strong></span> <span class='ocrx_word' id='word_1_206' title='bbox 3247 1771 3405 1826; x_wconf 89' lang='lat' dir='ltr'><strong>diruit</strong></span> <span class='ocrx_word' id='word_1_207' title='bbox 3423 1785 3479 1825; x_wconf 91' lang='lat' dir='ltr'><strong>ac</strong></span> <span class='ocrx_word' id='word_1_208' title='bbox 3497 1769 3717 1825; x_wconf 75' lang='lat' dir='ltr'><strong>subvertit.</strong></span> 
     </span>
    </p>
   </div>
   <div class='ocr_carea' id='block_1_33' title="bbox 534 1870 2108 1942">
    <p class='ocr_par' dir='ltr' id='par_1_33' title="bbox 534 1870 2108 1942">
     <span class='ocr_line' id='line_1_33' title="bbox 534 1870 2108 1942; baseline -0.013 1"><span class='ocrx_word' id='word_1_209' title='bbox 534 1895 811 1942; x_wconf 76' lang='lat' dir='ltr'><strong>successit.</strong></span> <span class='ocrx_word' id='word_1_210' title='bbox 847 1883 944 1936; x_wconf 85' lang='lat' dir='ltr'><strong>Hic</strong></span> <span class='ocrx_word' id='word_1_211' title='bbox 967 1879 1175 1936; x_wconf 89' lang='lat' dir='ltr'><strong>Callisti</strong></span> <span class='ocrx_word' id='word_1_212' title='bbox 1198 1892 1264 1931; x_wconf 86' lang='lat' dir='ltr'><strong>ex</strong></span> <span class='ocrx_word' id='word_1_213' title='bbox 1287 1889 1473 1930; x_wconf 89' lang='lat' dir='ltr'><strong>sorore</strong></span> <span class='ocrx_word' id='word_1_214' title='bbox 1495 1887 1680 1942; x_wconf 89' lang='lat' dir='ltr'><strong>nepos,</strong></span> <span class='ocrx_word' id='word_1_215' title='bbox 1705 1887 1826 1926; x_wconf 88' lang='lat' dir='ltr'><strong>cum</strong></span> <span class='ocrx_word' id='word_1_216' title='bbox 1851 1870 2108 1941; x_wconf 87' lang='lat' dir='ltr'><strong>regaliam</strong></span> 
     </span>
    </p>
   </div>
   <div class='ocr_carea' id='block_1_34' title="bbox 536 1961 2105 2037">
    <p class='ocr_par' dir='ltr' id='par_1_34' title="bbox 536 1961 2105 2037">
     <span class='ocr_line' id='line_1_34' title="bbox 536 1961 2105 2037; baseline -0.013 -3"><span class='ocrx_word' id='word_1_217' title='bbox 536 1977 769 2034; x_wconf 88' lang='lat' dir='ltr'><strong>nondum</strong></span> <span class='ocrx_word' id='word_1_218' title='bbox 795 1975 862 2028; x_wconf 91' lang='lat' dir='ltr'><strong>ab</strong></span> <span class='ocrx_word' id='word_1_219' title='bbox 889 1971 1120 2026; x_wconf 83' lang='lat' dir='ltr'><strong>Henrico</strong></span> <span class='ocrx_word' id='word_1_220' title='bbox 1147 1968 1336 2037; x_wconf 94' lang='lat' dir='ltr'><strong>quinto</strong></span> <span class='ocrx_word' id='word_1_221' title='bbox 1361 1965 1451 2034; x_wconf 89' lang='lat' dir='ltr'><strong>qui</strong></span> <span class='ocrx_word' id='word_1_222' title='bbox 1481 1972 1610 2017; x_wconf 90' lang='lat' dir='ltr'><strong>tunc</strong></span> <span class='ocrx_word' id='word_1_223' title='bbox 1636 1961 1894 2030; x_wconf 90' lang='lat' dir='ltr'><strong>temporis</strong></span> <span class='ocrx_word' id='word_1_224' title='bbox 1921 1975 2105 2014; x_wconf 89' lang='lat' dir='ltr'><strong>arcem</strong></span> 
     </span>
    </p>
   </div>
   <div class='ocr_carea' id='block_1_35' title="bbox 534 2056 2108 2133">
    <p class='ocr_par' dir='ltr' id='par_1_35' title="bbox 534 2056 2108 2133">
     <span class='ocr_line' id='line_1_35' title="bbox 534 2056 2108 2133; baseline -0.011 -9"><span class='ocrx_word' id='word_1_225' title='bbox 534 2069 748 2124; x_wconf 91' lang='lat' dir='ltr'><strong>tenebat</strong></span> <span class='ocrx_word' id='word_1_226' title='bbox 775 2063 1009 2133; x_wconf 89' lang='lat' dir='ltr'><strong>imperii,</strong></span> <span class='ocrx_word' id='word_1_227' title='bbox 1039 2061 1360 2128; x_wconf 90' lang='lat' dir='ltr'><strong>recepisset,</strong></span> <span class='ocrx_word' id='word_1_228' title='bbox 1391 2057 1680 2112; x_wconf 86' lang='lat' dir='ltr'><strong>schismate</strong></span> <span class='ocrx_word' id='word_1_229' title='bbox 1714 2056 1855 2110; x_wconf 91' lang='lat' dir='ltr'><strong>inter</strong></span> <span class='ocrx_word' id='word_1_230' title='bbox 1885 2069 2108 2124; x_wconf 88' lang='lat' dir='ltr'><strong>regnum</strong></span> 
     </span>
    </p>
   </div>
   <div class='ocr_carea' id='block_1_36' title="bbox 533 2144 2110 2216">
    <p class='ocr_par' dir='ltr' id='par_1_36' title="bbox 533 2144 2110 2216">
     <span class='ocr_line' id='line_1_36' title="bbox 533 2144 2110 2216; baseline -0.01 0"><span class='ocrx_word' id='word_1_231' title='bbox 533 2169 588 2216; x_wconf 94' lang='lat' dir='ltr'><strong>et</strong></span> <span class='ocrx_word' id='word_1_232' title='bbox 623 2156 984 2215; x_wconf 86' lang='lat' dir='ltr'><strong>sacerdotium</strong></span> <span class='ocrx_word' id='word_1_233' title='bbox 1017 2153 1192 2208; x_wconf 90' lang='lat' dir='ltr'><strong>adhuc</strong></span> <span class='ocrx_word' id='word_1_234' title='bbox 1220 2151 1478 2214; x_wconf 86' lang='lat' dir='ltr'><strong>durante,</strong></span> <span class='ocrx_word' id='word_1_235' title='bbox 1518 2148 1574 2202; x_wconf 85' lang='lat' dir='ltr'><strong>in</strong></span> <span class='ocrx_word' id='word_1_236' title='bbox 1612 2148 1746 2202; x_wconf 91' lang='lat' dir='ltr'><strong>urbe</strong></span> <span class='ocrx_word' id='word_1_237' title='bbox 1774 2146 2015 2200; x_wconf 86' lang='lat' dir='ltr'><strong>Romana</strong></span> <span class='ocrx_word' id='word_1_238' title='bbox 2041 2144 2110 2200; x_wconf 89' lang='lat' dir='ltr'><strong>ab</strong></span> 
     </span>
    </p>
   </div>
   <div class='ocr_carea' id='block_1_37' title="bbox 534 2248 2110 2324">
    <p class='ocr_par' dir='ltr' id='par_1_37' title="bbox 534 2248 2110 2324">
     <span class='ocr_line' id='line_1_37' title="bbox 534 2248 2110 2324; baseline -0.013 -11"><span class='ocrx_word' id='word_1_239' title='bbox 534 2257 723 2314; x_wconf 87' lang='lat' dir='ltr'><strong>eodem</strong></span> <span class='ocrx_word' id='word_1_240' title='bbox 769 2251 1023 2324; x_wconf 83' lang='lat' dir='ltr'><strong>pontiﬁce</strong></span> <span class='ocrx_word' id='word_1_241' title='bbox 1073 2263 1284 2305; x_wconf 89' lang='lat' dir='ltr'><strong>summo</strong></span> <span class='ocrx_word' id='word_1_242' title='bbox 1332 2252 1681 2302; x_wconf 88' lang='lat' dir='ltr'><strong>consecratus</strong></span> <span class='ocrx_word' id='word_1_243' title='bbox 1727 2250 1850 2306; x_wconf 88' lang='lat' dir='ltr'><strong>est,</strong></span> <span class='ocrx_word' id='word_1_244' title='bbox 1901 2249 1955 2295; x_wconf 91' lang='lat' dir='ltr'><strong>et</strong></span> <span class='ocrx_word' id='word_1_245' title='bbox 1999 2248 2110 2294; x_wconf 88' lang='lat' dir='ltr'><strong>tam</strong></span> 
     </span>
    </p>
   </div>
   <div class='ocr_carea' id='block_1_38' title="bbox 536 2331 2110 2416">
    <p class='ocr_par' dir='ltr' id='par_1_38' title="bbox 536 2331 2110 2416">
     <span class='ocr_line' id='line_1_38' title="bbox 536 2331 2110 2416; baseline -0.012 -15"><span class='ocrx_word' id='word_1_246' title='bbox 536 2345 683 2416; x_wconf 89' lang='lat' dir='ltr'><strong>pallii</strong></span> <span class='ocrx_word' id='word_1_247' title='bbox 733 2341 996 2412; x_wconf 83' lang='lat' dir='ltr'><strong>dignitate</strong></span> <span class='ocrx_word' id='word_1_248' title='bbox 1039 2352 1204 2408; x_wconf 87' lang='lat' dir='ltr'><strong>quam</strong></span> <span class='ocrx_word' id='word_1_249' title='bbox 1249 2332 1540 2391; x_wconf 88' lang='lat' dir='ltr'><strong>cardinalis</strong></span> <span class='ocrx_word' id='word_1_250' title='bbox 1589 2331 1744 2386; x_wconf 90' lang='lat' dir='ltr'><strong>titulo</strong></span> <span class='ocrx_word' id='word_1_251' title='bbox 1796 2332 2110 2385; x_wconf 87' lang='lat' dir='ltr'><strong>honoratus.</strong></span> 
     </span>
    </p>
   </div>
   <div class='ocr_carea' id='block_1_39' title="bbox 537 2419 2112 2493">
    <p class='ocr_par' dir='ltr' id='par_1_39' title="bbox 537 2419 2112 2493">
     <span class='ocr_line' id='line_1_39' title="bbox 537 2419 2112 2493; baseline -0.012 0"><span class='ocrx_word' id='word_1_252' title='bbox 537 2438 633 2493; x_wconf 86' lang='lat' dir='ltr'><strong>Hic</strong></span> <span class='ocrx_word' id='word_1_253' title='bbox 666 2452 697 2491; x_wconf 89' lang='lat' dir='ltr'><strong>a</strong></span> <span class='ocrx_word' id='word_1_254' title='bbox 732 2434 951 2492; x_wconf 87' lang='lat' dir='ltr'><strong>civitate</strong></span> <span class='ocrx_word' id='word_1_255' title='bbox 987 2429 1212 2486; x_wconf 84' lang='lat' dir='ltr'><strong>Metensi</strong></span> <span class='ocrx_word' id='word_1_256' title='bbox 1250 2427 1470 2483; x_wconf 89' lang='lat' dir='ltr'><strong>biennio</strong></span> <span class='ocrx_word' id='word_1_257' title='bbox 1506 2433 1562 2479; x_wconf 90' lang='lat' dir='ltr'><strong>et</strong></span> <span class='ocrx_word' id='word_1_258' title='bbox 1596 2440 1662 2479; x_wconf 91' lang='lat' dir='ltr'><strong>eo</strong></span> <span class='ocrx_word' id='word_1_259' title='bbox 1698 2421 1926 2492; x_wconf 91' lang='lat' dir='ltr'><strong>amplius</strong></span> <span class='ocrx_word' id='word_1_260' title='bbox 1963 2419 2112 2490; x_wconf 87' lang='lat' dir='ltr'><strong>(quia</strong></span> 
     </span>
    </p>
   </div>
   <div class='ocr_carea' id='block_1_40' title="bbox 535 2509 2111 2602">
    <p class='ocr_par' dir='ltr' id='par_1_40' title="bbox 535 2509 2111 2602">
     <span class='ocr_line' id='line_1_40' title="bbox 535 2509 2111 2602; baseline -0.013 -19"><span class='ocrx_word' id='word_1_261' title='bbox 535 2525 928 2602; x_wconf 66' lang='lat' dir='ltr'><strong>prtememorati</strong></span> <span class='ocrx_word' id='word_1_262' title='bbox 977 2520 1239 2592; x_wconf 87' lang='lat' dir='ltr'><strong>principis</strong></span> <span class='ocrx_word' id='word_1_263' title='bbox 1285 2518 1518 2590; x_wconf 88' lang='lat' dir='ltr'><strong>gratiam</strong></span> <span class='ocrx_word' id='word_1_264' title='bbox 1565 2514 1792 2570; x_wconf 87' lang='lat' dir='ltr'><strong>necdum</strong></span> <span class='ocrx_word' id='word_1_265' title='bbox 1841 2509 2111 2580; x_wconf 87' lang='lat' dir='ltr'><strong>habebat)</strong></span> 
     </span>
    </p>
   </div>
   <div class='ocr_carea' id='block_1_41' title="bbox 535 2600 2110 2687">
    <p class='ocr_par' dir='ltr' id='par_1_41' title="bbox 535 2600 2110 2687">
     <span class='ocr_line' id='line_1_41' title="bbox 535 2600 2110 2687; baseline -0.015 -10"><span class='ocrx_word' id='word_1_266' title='bbox 535 2600 802 2684; x_wconf 78' lang='lat' dir='ltr'><strong>exclusus,</strong></span> <span class='ocrx_word' id='word_1_267' title='bbox 830 2618 1038 2687; x_wconf 89' lang='lat' dir='ltr'><strong>primos</strong></span> <span class='ocrx_word' id='word_1_268' title='bbox 1065 2613 1284 2669; x_wconf 90' lang='lat' dir='ltr'><strong>ordines</strong></span> <span class='ocrx_word' id='word_1_269' title='bbox 1311 2611 1366 2664; x_wconf 92' lang='lat' dir='ltr'><strong>in</strong></span> <span class='ocrx_word' id='word_1_270' title='bbox 1393 2609 1512 2664; x_wconf 93' lang='lat' dir='ltr'><strong>loco</strong></span> <span class='ocrx_word' id='word_1_271' title='bbox 1541 2606 1632 2676; x_wconf 92' lang='lat' dir='ltr'><strong>qui</strong></span> <span class='ocrx_word' id='word_1_272' title='bbox 1662 2603 1834 2660; x_wconf 86' lang='lat' dir='ltr'><strong>sancti</strong></span> <span class='ocrx_word' id='word_1_273' title='bbox 1867 2600 2110 2669; x_wconf 88' lang='lat' dir='ltr'><strong>Quintini</strong></span> 
     </span>
    </p>
   </div>
   <div class='ocr_carea' id='block_1_42' title="bbox 535 2694 2114 2772">
    <p class='ocr_par' dir='ltr' id='par_1_42' title="bbox 535 2694 2114 2772">
     <span class='ocr_line' id='line_1_42' title="bbox 535 2694 2114 2772; baseline -0.012 -7"><span class='ocrx_word' id='word_1_274' title='bbox 535 2724 688 2764; x_wconf 88' lang='lat' dir='ltr'><strong>mons</strong></span> <span class='ocrx_word' id='word_1_275' title='bbox 715 2707 932 2772; x_wconf 91' lang='lat' dir='ltr'><strong>dicitur,</strong></span> <span class='ocrx_word' id='word_1_276' title='bbox 961 2703 1285 2766; x_wconf 87' lang='lat' dir='ltr'><strong>celebravit;</strong></span> <span class='ocrx_word' id='word_1_277' title='bbox 1331 2708 1387 2756; x_wconf 90' lang='lat' dir='ltr'><strong>et</strong></span> <span class='ocrx_word' id='word_1_278' title='bbox 1415 2713 1603 2754; x_wconf 90' lang='lat' dir='ltr'><strong>omnes</strong></span> <span class='ocrx_word' id='word_1_279' title='bbox 1629 2704 1808 2752; x_wconf 89' lang='lat' dir='ltr'><strong>curtes</strong></span> <span class='ocrx_word' id='word_1_280' title='bbox 1835 2694 2114 2764; x_wconf 87' lang='lat' dir='ltr'><strong>episcopa-</strong></span> 
     </span>
    </p>
   </div>
   <div class='ocr_carea' id='block_1_43' title="bbox 535 2791 2111 2870">
    <p class='ocr_par' dir='ltr' id='par_1_43' title="bbox 535 2791 2111 2870">
     <span class='ocr_line' id='line_1_43' title="bbox 535 2791 2111 2870; baseline -0.012 -13"><span class='ocrx_word' id='word_1_281' title='bbox 535 2810 622 2857; x_wconf 82' lang='lat' dir='ltr'><strong>tus</strong></span> <span class='ocrx_word' id='word_1_282' title='bbox 650 2815 682 2855; x_wconf 88' lang='lat' dir='ltr'><strong>a</strong></span> <span class='ocrx_word' id='word_1_283' title='bbox 707 2796 971 2870; x_wconf 84' lang='lat' dir='ltr'><strong>tyrannis,</strong></span> <span class='ocrx_word' id='word_1_284' title='bbox 1015 2795 1129 2850; x_wconf 87' lang='lat' dir='ltr'><strong>solo</strong></span> <span class='ocrx_word' id='word_1_285' title='bbox 1167 2791 1486 2847; x_wconf 86' lang='lat' dir='ltr'><strong>Rumuliaco</strong></span> <span class='ocrx_word' id='word_1_286' title='bbox 1520 2796 1766 2856; x_wconf 87' lang='lat' dir='ltr'><strong>excepto,</strong></span> <span class='ocrx_word' id='word_1_287' title='bbox 1799 2794 2111 2855; x_wconf 90' lang='lat' dir='ltr'><strong>occupatas,</strong></span> 
     </span>
    </p>
   </div>
   <div class='ocr_carea' id='block_1_44' title="bbox 536 2882 2112 2950">
    <p class='ocr_par' dir='ltr' id='par_1_44' title="bbox 536 2882 2112 2950">
     <span class='ocr_line' id='line_1_44' title="bbox 536 2882 2112 2950; baseline -0.01 -2"><span class='ocrx_word' id='word_1_288' title='bbox 536 2892 718 2948; x_wconf 83' lang='lat' dir='ltr'><strong>fratris</strong></span> <span class='ocrx_word' id='word_1_289' title='bbox 745 2890 828 2946; x_wconf 91' lang='lat' dir='ltr'><strong>sui</strong></span> <span class='ocrx_word' id='word_1_290' title='bbox 853 2887 1068 2944; x_wconf 86' lang='lat' dir='ltr'><strong>comitis</strong></span> <span class='ocrx_word' id='word_1_291' title='bbox 1093 2884 1374 2940; x_wconf 89' lang='lat' dir='ltr'><strong>Barrensis</strong></span> <span class='ocrx_word' id='word_1_292' title='bbox 1398 2882 1734 2950; x_wconf 86' lang='lat' dir='ltr'><strong>aliorumque</strong></span> <span class='ocrx_word' id='word_1_293' title='bbox 1760 2888 2112 2949; x_wconf 88' lang='lat' dir='ltr'><strong>cognatorum</strong></span> 
     </span>
    </p>
   </div>
   <div class='ocr_carea' id='block_1_45' title="bbox 535 2968 2114 3039">
    <p class='ocr_par' dir='ltr' id='par_1_45' title="bbox 535 2968 2114 3039">
     <span class='ocr_line' id='line_1_45' title="bbox 535 2968 2114 3039; baseline -0.011 0"><span class='ocrx_word' id='word_1_294' title='bbox 535 2991 591 3039; x_wconf 89' lang='lat' dir='ltr'><strong>et</strong></span> <span class='ocrx_word' id='word_1_295' title='bbox 611 2981 908 3037; x_wconf 83' lang='lat' dir='ltr'><strong>amicorum</strong></span> <span class='ocrx_word' id='word_1_296' title='bbox 934 2989 1153 3032; x_wconf 89' lang='lat' dir='ltr'><strong>suorum</strong></span> <span class='ocrx_word' id='word_1_297' title='bbox 1190 2972 1366 3028; x_wconf 88' lang='lat' dir='ltr'><strong>fretus</strong></span> <span class='ocrx_word' id='word_1_298' title='bbox 1403 2968 1628 3037; x_wconf 86' lang='lat' dir='ltr'><strong>auxilio,</strong></span> <span class='ocrx_word' id='word_1_299' title='bbox 1667 2969 1945 3025; x_wconf 90' lang='lat' dir='ltr'><strong>celeritate</strong></span> <span class='ocrx_word' id='word_1_300' title='bbox 1977 2969 2114 3023; x_wconf 88' lang='lat' dir='ltr'><strong>mira</strong></span> 
     </span>
    </p>
   </div>
   <div class='ocr_carea' id='block_1_46' title="bbox 538 3070 896 3142">
    <p class='ocr_par' dir='ltr' id='par_1_46' title="bbox 538 3070 896 3142">
     <span class='ocr_line' id='line_1_46' title="bbox 538 3070 896 3142; baseline -0.02 -15"><span class='ocrx_word' id='word_1_301' title='bbox 538 3070 896 3142; x_wconf 88' lang='lat' dir='ltr'><strong>recuperavit.</strong></span> 
     </span>
    </p>
   </div>
   <div class='ocr_carea' id='block_1_47' title="bbox 2210 1859 3720 1932">
    <p class='ocr_par' dir='ltr' id='par_1_47' title="bbox 2210 1859 3720 1932">
     <span class='ocr_line' id='line_1_47' title="bbox 2210 1859 3720 1932; baseline -0.005 -13"><span class='ocrx_word' id='word_1_302' title='bbox 2210 1865 2323 1921; x_wconf 85' lang='lat' dir='ltr'><strong>Nec</strong></span> <span class='ocrx_word' id='word_1_303' title='bbox 2359 1873 2445 1920; x_wconf 91' lang='lat' dir='ltr'><strong>est</strong></span> <span class='ocrx_word' id='word_1_304' title='bbox 2483 1865 2624 1918; x_wconf 90' lang='lat' dir='ltr'><strong>inter</strong></span> <span class='ocrx_word' id='word_1_305' title='bbox 2665 1862 2860 1918; x_wconf 86' lang='lat' dir='ltr'><strong>eximia</strong></span> <span class='ocrx_word' id='word_1_306' title='bbox 2907 1868 3060 1932; x_wconf 88' lang='lat' dir='ltr'><strong>gesta</strong></span> <span class='ocrx_word' id='word_1_307' title='bbox 3107 1860 3227 1930; x_wconf 88' lang='lat' dir='ltr'><strong>ejus</strong></span> <span class='ocrx_word' id='word_1_308' title='bbox 3265 1861 3582 1922; x_wconf 83' lang='lat' dir='ltr'><strong>reticendum,</strong></span> <span class='ocrx_word' id='word_1_309' title='bbox 3616 1859 3720 1927; x_wconf 88' lang='lat' dir='ltr'><strong>quod</strong></span> 
     </span>
    </p>
   </div>
   <div class='ocr_carea' id='block_1_48' title="bbox 2212 1951 3716 2025">
    <p class='ocr_par' dir='ltr' id='par_1_48' title="bbox 2212 1951 3716 2025">
     <span class='ocr_line' id='line_1_48' title="bbox 2212 1951 3716 2025; baseline -0.005 -15"><span class='ocrx_word' id='word_1_310' title='bbox 2212 1956 2328 2025; x_wconf 88' lang='lat' dir='ltr'><strong>ipse</strong></span> <span class='ocrx_word' id='word_1_311' title='bbox 2374 1965 2634 2024; x_wconf 90' lang='lat' dir='ltr'><strong>tempore,</strong></span> <span class='ocrx_word' id='word_1_312' title='bbox 2678 1953 2908 2022; x_wconf 89' lang='lat' dir='ltr'><strong>quodam</strong></span> <span class='ocrx_word' id='word_1_313' title='bbox 2958 1953 3098 2007; x_wconf 89' lang='lat' dir='ltr'><strong>duce</strong></span> <span class='ocrx_word' id='word_1_314' title='bbox 3138 1953 3188 2006; x_wconf 91' lang='lat' dir='ltr'><strong>ei</strong></span> <span class='ocrx_word' id='word_1_315' title='bbox 3229 1967 3428 2007; x_wconf 87' lang='lat' dir='ltr'><strong>verram</strong></span> <span class='ocrx_word' id='word_1_316' title='bbox 3459 1951 3545 2023; x_wconf 64' lang='grc' dir='ltr'><strong>ιια</strong></span> <span class='ocrx_word' id='word_1_317' title='bbox 3566 1965 3716 2019; x_wconf 75' lang='lat' dir='ltr'><strong>quem,</strong></span> 
     </span>
    </p>
   </div>
   <div class='ocr_carea' id='block_1_49' title="bbox 2212 2040 3713 2115">
    <p class='ocr_par' dir='ltr' id='par_1_49' title="bbox 2212 2040 3713 2115">
     <span class='ocr_line' id='line_1_49' title="bbox 2212 2040 3713 2115; baseline -0.008 -14"><span class='ocrx_word' id='word_1_318' title='bbox 2212 2045 2381 2101; x_wconf 82' lang='lat' dir='ltr'><strong>Verra</strong></span> <span class='ocrx_word' id='word_1_319' title='bbox 2410 2062 2476 2098; x_wconf 87' lang='lat' dir='ltr'><strong>ou</strong></span> <span class='ocrx_word' id='word_1_320' title='bbox 2504 2042 2719 2115; x_wconf 89' lang='lat' dir='ltr'><strong>Werra]</strong></span> <span class='ocrx_word' id='word_1_321' title='bbox 2751 2041 3036 2107; x_wconf 88' lang='lat' dir='ltr'><strong>inferente,</strong></span> <span class='ocrx_word' id='word_1_322' title='bbox 3075 2050 3314 2096; x_wconf 87' lang='lat' dir='ltr'><strong>castrum</strong></span> <span class='ocrx_word' id='word_1_323' title='bbox 3354 2041 3504 2110; x_wconf 88' lang='lat' dir='ltr'><strong>ipsius</strong></span> <span class='ocrx_word' id='word_1_324' title='bbox 3540 2040 3713 2107; x_wconf 78' lang='lat' dir='ltr'><strong>Prigney</strong></span> 
     </span>
    </p>
   </div>
   <div class='ocr_carea' id='block_1_50' title="bbox 2212 2127 3717 2206">
    <p class='ocr_par' dir='ltr' id='par_1_50' title="bbox 2212 2127 3717 2206">
     <span class='ocr_line' id='line_1_50' title="bbox 2212 2127 3717 2206; baseline -0.005 -17"><span class='ocrx_word' id='word_1_325' title='bbox 2212 2135 2624 2206; x_wconf 90' lang='lat' dir='ltr'><strong>magnanimiter</strong></span> <span class='ocrx_word' id='word_1_326' title='bbox 2644 2133 2873 2198; x_wconf 90' lang='lat' dir='ltr'><strong>obsedit,</strong></span> <span class='ocrx_word' id='word_1_327' title='bbox 2912 2132 3157 2202; x_wconf 88' lang='lat' dir='ltr'><strong>illudque</strong></span> <span class='ocrx_word' id='word_1_328' title='bbox 3186 2131 3351 2188; x_wconf 89' lang='lat' dir='ltr'><strong>muris</strong></span> <span class='ocrx_word' id='word_1_329' title='bbox 3369 2129 3469 2199; x_wconf 87' lang='lat' dir='ltr'><strong>jam</strong></span> <span class='ocrx_word' id='word_1_330' title='bbox 3494 2127 3717 2199; x_wconf 83' lang='lat' dir='ltr'><strong>perforatis</strong></span> 
     </span>
    </p>
   </div>
   <div class='ocr_carea' id='block_1_51' title="bbox 2212 2224 3718 2298">
    <p class='ocr_par' dir='ltr' id='par_1_51' title="bbox 2212 2224 3718 2298">
     <span class='ocr_line' id='line_1_51' title="bbox 2212 2224 3718 2298; baseline 0 -14"><span class='ocrx_word' id='word_1_331' title='bbox 2212 2231 2578 2285; x_wconf 87' lang='lat' dir='ltr'><strong>indubitanter</strong></span> <span class='ocrx_word' id='word_1_332' title='bbox 2625 2229 2889 2298; x_wconf 86' lang='lat' dir='ltr'><strong>cepisset,</strong></span> <span class='ocrx_word' id='word_1_333' title='bbox 2931 2228 3040 2282; x_wconf 87' lang='lat' dir='ltr'><strong>nisi</strong></span> <span class='ocrx_word' id='word_1_334' title='bbox 3079 2227 3358 2282; x_wconf 82' lang='lat' dir='ltr'><strong>victoriam</strong></span> <span class='ocrx_word' id='word_1_335' title='bbox 3384 2224 3484 2294; x_wconf 88' lang='lat' dir='ltr'><strong>jam</strong></span> <span class='ocrx_word' id='word_1_336' title='bbox 3514 2230 3718 2293; x_wconf 66' lang='lat' dir='ltr'><strong>paratam.</strong></span> 
     </span>
    </p>
   </div>
   <div class='ocr_carea' id='block_1_52' title="bbox 2205 2314 3714 2392">
    <p class='ocr_par' dir='ltr' id='par_1_52' title="bbox 2205 2314 3714 2392">
     <span class='ocr_line' id='line_1_52' title="bbox 2205 2314 3714 2392; baseline -0.008 -16"><span class='ocrx_word' id='word_1_337' title='bbox 2205 2321 2429 2392; x_wconf 88' lang='lat' dir='ltr'><strong>jamque</strong></span> <span class='ocrx_word' id='word_1_338' title='bbox 2466 2320 2860 2383; x_wconf 87' lang='lat' dir='ltr'><strong>imminentem,</strong></span> <span class='ocrx_word' id='word_1_339' title='bbox 2897 2317 3217 2386; x_wconf 87' lang='lat' dir='ltr'><strong>impedisset</strong></span> <span class='ocrx_word' id='word_1_340' title='bbox 3251 2314 3409 2369; x_wconf 87' lang='lat' dir='ltr'><strong>frater</strong></span> <span class='ocrx_word' id='word_1_341' title='bbox 3439 2328 3549 2368; x_wconf 89' lang='lat' dir='ltr'><strong>suus</strong></span> <span class='ocrx_word' id='word_1_342' title='bbox 3581 2325 3714 2365; x_wconf 72' lang='lat' dir='ltr'><strong>cernes</strong></span> 
     </span>
    </p>
   </div>
   <div class='ocr_carea' id='block_1_53' title="bbox 2211 2408 3717 2484">
    <p class='ocr_par' dir='ltr' id='par_1_53' title="bbox 2211 2408 3717 2484">
     <span class='ocr_line' id='line_1_53' title="bbox 2211 2408 3717 2484; baseline -0.009 -14"><span class='ocrx_word' id='word_1_343' title='bbox 2211 2415 2514 2470; x_wconf 82' lang='lat' dir='ltr'><strong>Barrensis.</strong></span> <span class='ocrx_word' id='word_1_344' title='bbox 2538 2413 2702 2484; x_wconf 84' lang='lat' dir='ltr'><strong>Cujus</strong></span> <span class='ocrx_word' id='word_1_345' title='bbox 2723 2421 2873 2484; x_wconf 90' lang='lat' dir='ltr'><strong>gesta</strong></span> <span class='ocrx_word' id='word_1_346' title='bbox 2891 2412 3098 2482; x_wconf 83' lang='lat' dir='ltr'><strong>inclyta</strong></span> <span class='ocrx_word' id='word_1_347' title='bbox 3119 2419 3175 2467; x_wconf 91' lang='lat' dir='ltr'><strong>et</strong></span> <span class='ocrx_word' id='word_1_348' title='bbox 3193 2411 3459 2465; x_wconf 87' lang='lat' dir='ltr'><strong>annalibus</strong></span> <span class='ocrx_word' id='word_1_349' title='bbox 3477 2408 3604 2477; x_wconf 83' lang='lat' dir='ltr'><strong>digna</strong></span> <span class='ocrx_word' id='word_1_350' title='bbox 3619 2421 3717 2458; x_wconf 86' lang='lat' dir='ltr'><strong>euu-</strong></span> 
     </span>
    </p>
   </div>
   <div class='ocr_carea' id='block_1_54' title="bbox 2213 2497 3707 2574">
    <p class='ocr_par' dir='ltr' id='par_1_54' title="bbox 2213 2497 3707 2574">
     <span class='ocr_line' id='line_1_54' title="bbox 2213 2497 3707 2574; baseline -0.009 -12"><span class='ocrx_word' id='word_1_351' title='bbox 2213 2522 2445 2572; x_wconf 90' lang='lat' dir='ltr'><strong>merare,</strong></span> <span class='ocrx_word' id='word_1_352' title='bbox 2481 2514 2535 2560; x_wconf 92' lang='lat' dir='ltr'><strong>et</strong></span> <span class='ocrx_word' id='word_1_353' title='bbox 2567 2504 2761 2561; x_wconf 88' lang='lat' dir='ltr'><strong>litteris</strong></span> <span class='ocrx_word' id='word_1_354' title='bbox 2794 2504 3074 2574; x_wconf 84' lang='lat' dir='ltr'><strong>explicare</strong></span> <span class='ocrx_word' id='word_1_355' title='bbox 3109 2504 3156 2558; x_wconf 90' lang='lat' dir='ltr'><strong>si</strong></span> <span class='ocrx_word' id='word_1_356' title='bbox 3189 2502 3390 2566; x_wconf 90' lang='lat' dir='ltr'><strong>vellem,</strong></span> <span class='ocrx_word' id='word_1_357' title='bbox 3419 2507 3527 2554; x_wconf 89' lang='lat' dir='ltr'><strong>ante</strong></span> <span class='ocrx_word' id='word_1_358' title='bbox 3551 2497 3707 2570; x_wconf 89' lang='lat' dir='ltr'><strong>quidem</strong></span> 
     </span>
    </p>
   </div>
   <div class='ocr_carea' id='block_1_55' title="bbox 2213 2593 3283 2664">
    <p class='ocr_par' dir='ltr' id='par_1_55' title="bbox 2213 2593 3283 2664">
     <span class='ocr_line' id='line_1_55' title="bbox 2213 2593 3283 2664; baseline -0.007 -11"><span class='ocrx_word' id='word_1_359' title='bbox 2213 2598 2527 2653; x_wconf 88' lang='lat' dir='ltr'><strong>membrana</strong></span> <span class='ocrx_word' id='word_1_360' title='bbox 2557 2595 2810 2651; x_wconf 83' lang='lat' dir='ltr'><strong>deﬁceret</strong></span> <span class='ocrx_word' id='word_1_361' title='bbox 2837 2609 2998 2664; x_wconf 89' lang='lat' dir='ltr'><strong>quam</strong></span> <span class='ocrx_word' id='word_1_362' title='bbox 3029 2593 3283 2648; x_wconf 89' lang='lat' dir='ltr'><strong>materia.</strong></span> 
     </span>
    </p>
   </div>
   <div class='ocr_carea' id='block_1_56' title="bbox 2284 2675 3710 2754">
    <p class='ocr_par' dir='ltr' id='par_1_56' title="bbox 2284 2675 3710 2754">
     <span class='ocr_line' id='line_1_56' title="bbox 2284 2675 3710 2754; baseline -0.004 -12"><span class='ocrx_word' id='word_1_363' title='bbox 2284 2687 2417 2743; x_wconf 91' lang='lat' dir='ltr'><strong>Cum</strong></span> <span class='ocrx_word' id='word_1_364' title='bbox 2451 2688 2606 2742; x_wconf 90' lang='lat' dir='ltr'><strong>annis</strong></span> <span class='ocrx_word' id='word_1_365' title='bbox 2643 2686 2712 2740; x_wconf 68' lang='grc'>14</span> <span class='ocrx_word' id='word_1_366' title='bbox 2750 2687 2849 2740; x_wconf 91' lang='lat' dir='ltr'><strong>sub</strong></span> <span class='ocrx_word' id='word_1_367' title='bbox 2897 2685 3216 2754; x_wconf 82' lang='lat' dir='ltr'><strong>apostolicis</strong></span> <span class='ocrx_word' id='word_1_368' title='bbox 3250 2682 3475 2744; x_wconf 88' lang='lat' dir='ltr'><strong>Callisto,</strong></span> <span class='ocrx_word' id='word_1_369' title='bbox 3509 2675 3710 2737; x_wconf 73' lang='grc' dir='ltr'><strong>Ηοοοτὶοο</strong></span> 
     </span>
    </p>
   </div>
   <div class='ocr_carea' id='block_1_57' title="bbox 2212 2766 3704 2847">
    <p class='ocr_par' dir='ltr' id='par_1_57' title="bbox 2212 2766 3704 2847">
     <span class='ocr_line' id='line_1_57' title="bbox 2212 2766 3704 2847; baseline -0.009 -9"><span class='ocrx_word' id='word_1_370' title='bbox 2212 2782 2524 2838; x_wconf 89' lang='lat' dir='ltr'><strong>Innocentio</strong></span> <span class='ocrx_word' id='word_1_371' title='bbox 2545 2821 2560 2847; x_wconf 91' lang='lat'><strong>,</strong></span> <span class='ocrx_word' id='word_1_372' title='bbox 2601 2779 2918 2842; x_wconf 69' lang='lat' dir='ltr'><strong>Caelestino,</strong></span> <span class='ocrx_word' id='word_1_373' title='bbox 2952 2777 3157 2842; x_wconf 87' lang='lat' dir='ltr'><strong>Lucio,</strong></span> <span class='ocrx_word' id='word_1_374' title='bbox 3190 2774 3440 2847; x_wconf 84' lang='lat' dir='ltr'><strong>Eugenio,</strong></span> <span class='ocrx_word' id='word_1_375' title='bbox 3471 2766 3704 2825; x_wconf 78' lang='lat' dir='ltr'><strong>Anastasio.</strong></span> 
     </span>
    </p>
   </div>
   <div class='ocr_carea' id='block_1_58' title="bbox 2212 2855 3706 2940">
    <p class='ocr_par' dir='ltr' id='par_1_58' title="bbox 2212 2855 3706 2940">
     <span class='ocr_line' id='line_1_58' title="bbox 2212 2855 3706 2940; baseline -0.011 -13"><span class='ocrx_word' id='word_1_376' title='bbox 2212 2873 2471 2936; x_wconf 83' lang='lat' dir='ltr'><strong>Adriano,</strong></span> <span class='ocrx_word' id='word_1_377' title='bbox 2511 2871 2610 2926; x_wconf 89' lang='lat' dir='ltr'><strong>sub</strong></span> <span class='ocrx_word' id='word_1_378' title='bbox 2648 2869 2983 2940; x_wconf 89' lang='lat' dir='ltr'><strong>principibus</strong></span> <span class='ocrx_word' id='word_1_379' title='bbox 3023 2867 3284 2923; x_wconf 80' lang='lat' dir='ltr'><strong>Romanis</strong></span> <span class='ocrx_word' id='word_1_380' title='bbox 3321 2862 3523 2918; x_wconf 86' lang='lat' dir='ltr'><strong>Henrico</strong></span> <span class='ocrx_word' id='word_1_381' title='bbox 3556 2859 3606 2920; x_wconf 85' lang='lat' dir='ltr'><strong>V,</strong></span> <span class='ocrx_word' id='word_1_382' title='bbox 3634 2855 3706 2908; x_wconf 86' lang='lat' dir='ltr'><strong>L0-</strong></span> 
     </span>
    </p>
   </div>
   <div class='ocr_carea' id='block_1_59' title="bbox 2214 2944 3706 3027">
    <p class='ocr_par' dir='ltr' id='par_1_59' title="bbox 2214 2944 3706 3027">
     <span class='ocr_line' id='line_1_59' title="bbox 2214 2944 3706 3027; baseline -0.015 -8"><span class='ocrx_word' id='word_1_383' title='bbox 2214 2963 2411 3027; x_wconf 88' lang='lat' dir='ltr'><strong>tbario,</strong></span> <span class='ocrx_word' id='word_1_384' title='bbox 2434 2961 2680 3018; x_wconf 88' lang='lat' dir='ltr'><strong>Conrado</strong></span> <span class='ocrx_word' id='word_1_385' title='bbox 2696 3001 2712 3025; x_wconf 95' lang='lat'><strong>,</strong></span> <span class='ocrx_word' id='word_1_386' title='bbox 2737 2960 3032 3015; x_wconf 80' lang='lat' dir='ltr'><strong>Frederico</strong></span> <span class='ocrx_word' id='word_1_387' title='bbox 3053 2959 3302 3022; x_wconf 88' lang='lat' dir='ltr'><strong>sedisset,</strong></span> <span class='ocrx_word' id='word_1_388' title='bbox 3332 2971 3380 3010; x_wconf 78' lang='lat' dir='ltr'><strong>tv</strong></span> <span class='ocrx_word' id='word_1_389' title='bbox 3405 2950 3623 3007; x_wconf 78' lang='lat' dir='ltr'><strong>Kalendas</strong></span> <span class='ocrx_word' id='word_1_390' title='bbox 3643 2944 3706 2998; x_wconf 50' lang='lat' dir='ltr'><strong>la.</strong></span> 
     </span>
    </p>
   </div>
   <div class='ocr_carea' id='block_1_60' title="bbox 2213 3035 3702 3120">
    <p class='ocr_par' dir='ltr' id='par_1_60' title="bbox 2213 3035 3702 3120">
     <span class='ocr_line' id='line_1_60' title="bbox 2213 3035 3702 3120; baseline -0.016 -10"><span class='ocrx_word' id='word_1_391' title='bbox 2213 3055 2388 3111; x_wconf 88' lang='lat' dir='ltr'><strong>nuarii</strong></span> <span class='ocrx_word' id='word_1_392' title='bbox 2405 3094 2421 3119; x_wconf 95' lang='lat'><strong>,</strong></span> <span class='ocrx_word' id='word_1_393' title='bbox 2449 3054 2606 3109; x_wconf 91' lang='lat' dir='ltr'><strong>annis</strong></span> <span class='ocrx_word' id='word_1_394' title='bbox 2627 3061 2682 3108; x_wconf 92' lang='lat' dir='ltr'><strong>et</strong></span> <span class='ocrx_word' id='word_1_395' title='bbox 2714 3051 2920 3107; x_wconf 87' lang='lat' dir='ltr'><strong>meritis</strong></span> <span class='ocrx_word' id='word_1_396' title='bbox 2944 3051 3142 3119; x_wconf 87' lang='lat' dir='ltr'><strong>plenus</strong></span> <span class='ocrx_word' id='word_1_397' title='bbox 3160 3091 3175 3114; x_wconf 90' lang='lat'><strong>,</strong></span> <span class='ocrx_word' id='word_1_398' title='bbox 3207 3058 3256 3102; x_wconf 88' lang='lat' dir='ltr'><strong>et</strong></span> <span class='ocrx_word' id='word_1_399' title='bbox 3279 3048 3329 3120; x_wconf 80' lang='lat' dir='ltr'><strong>ip</strong></span> <span class='ocrx_word' id='word_1_400' title='bbox 3350 3045 3594 3100; x_wconf 79' lang='lat' dir='ltr'><strong>schismate</strong></span> <span class='ocrx_word' id='word_1_401' title='bbox 3615 3035 3702 3088; x_wconf 79' lang='lat' dir='ltr'><strong>Alc-</strong></span> 
     </span>
    </p>
   </div>
   <div class='ocr_carea' id='block_1_61' title="bbox 603 3127 3702 3230">
    <p class='ocr_par' dir='ltr' id='par_1_61' title="bbox 603 3127 3702 3230">
     <span class='ocr_line' id='line_1_61' title="bbox 603 3127 3702 3230; baseline -0.013 -12"><span class='ocrx_word' id='word_1_402' title='bbox 603 3127 751 3218; x_wconf 76' lang='lat' dir='ltr'><strong>ldem</strong></span> <span class='ocrx_word' id='word_1_403' title='bbox 793 3161 848 3215; x_wconf 91' lang='lat' dir='ltr'><strong>in</strong></span> <span class='ocrx_word' id='word_1_404' title='bbox 890 3160 1006 3230; x_wconf 88' lang='lat' dir='ltr'><strong>ipsa</strong></span> <span class='ocrx_word' id='word_1_405' title='bbox 1051 3155 1406 3228; x_wconf 91' lang='lat' dir='ltr'><strong>promotionis</strong></span> <span class='ocrx_word' id='word_1_406' title='bbox 1445 3170 1556 3210; x_wconf 66' lang='lat' dir='ltr'><strong>suae</strong></span> <span class='ocrx_word' id='word_1_407' title='bbox 1595 3153 1832 3208; x_wconf 89' lang='lat' dir='ltr'><strong>recentia</strong></span> <span class='ocrx_word' id='word_1_408' title='bbox 1873 3159 2114 3207; x_wconf 88' lang='lat' dir='ltr'><strong>castrum</strong></span> <span class='ocrx_word' id='word_1_409' title='bbox 2140 3141 2186 3204; x_wconf 88' lang='lat' dir='ltr'><strong>C</strong></span> <span class='ocrx_word' id='word_1_410' title='bbox 2217 3144 2408 3199; x_wconf 86' lang='lat' dir='ltr'><strong>xandri</strong></span> <span class='ocrx_word' id='word_1_411' title='bbox 2459 3151 2514 3197; x_wconf 92' lang='lat' dir='ltr'><strong>et</strong></span> <span class='ocrx_word' id='word_1_412' title='bbox 2561 3140 2827 3204; x_wconf 82' lang='lat' dir='ltr'><strong>Victoris,</strong></span> <span class='ocrx_word' id='word_1_413' title='bbox 2877 3141 3023 3208; x_wconf 91' lang='lat' dir='ltr'><strong>quod</strong></span> <span class='ocrx_word' id='word_1_414' title='bbox 3071 3139 3370 3194; x_wconf 89' lang='lat' dir='ltr'><strong>inchoatum</strong></span> <span class='ocrx_word' id='word_1_415' title='bbox 3413 3132 3510 3201; x_wconf 89' lang='lat' dir='ltr'><strong>jam</strong></span> <span class='ocrx_word' id='word_1_416' title='bbox 3547 3127 3702 3230; x_wconf 62' lang='lat' dir='ltr'><strong>fuerat.</strong></span> 
     </span>
    </p>
   </div>
   <div class='ocr_carea' id='block_1_62' title="bbox 545 3235 2120 3322">
    <p class='ocr_par' dir='ltr' id='par_1_62' title="bbox 545 3235 2120 3322">
     <span class='ocr_line' id='line_1_62' title="bbox 545 3235 2120 3322; baseline -0.006 -14"><span class='ocrx_word' id='word_1_417' title='bbox 545 3253 700 3317; x_wconf 84' lang='lat' dir='ltr'><strong>l‘erli,</strong></span> <span class='ocrx_word' id='word_1_418' title='bbox 729 3249 874 3322; x_wconf 88' lang='lat' dir='ltr'><strong>quod</strong></span> <span class='ocrx_word' id='word_1_419' title='bbox 901 3249 1199 3303; x_wconf 90' lang='lat' dir='ltr'><strong>viatoribus</strong></span> <span class='ocrx_word' id='word_1_420' title='bbox 1225 3261 1322 3317; x_wconf 91' lang='lat' dir='ltr'><strong>per</strong></span> <span class='ocrx_word' id='word_1_421' title='bbox 1351 3245 1468 3300; x_wconf 91' lang='lat' dir='ltr'><strong>illas</strong></span> <span class='ocrx_word' id='word_1_422' title='bbox 1487 3235 1906 3299; x_wconf 80' lang='lat' dir='ltr'><strong>transeuntibus</strong></span> <span class='ocrx_word' id='word_1_423' title='bbox 1933 3251 2120 3312; x_wconf 89' lang='lat' dir='ltr'><strong>partes</strong></span> 
     </span>
    </p>
   </div>
   <div class='ocr_carea' id='block_1_63' title="bbox 538 3330 2118 3409">
    <p class='ocr_par' dir='ltr' id='par_1_63' title="bbox 538 3330 2118 3409">
     <span class='ocr_line' id='line_1_63' title="bbox 538 3330 2118 3409; baseline -0.008 -12"><span class='ocrx_word' id='word_1_424' title='bbox 538 3341 689 3397; x_wconf 85' lang='lat' dir='ltr'><strong>valde</strong></span> <span class='ocrx_word' id='word_1_425' title='bbox 716 3348 836 3395; x_wconf 86' lang='lat' dir='ltr'><strong>erat</strong></span> <span class='ocrx_word' id='word_1_426' title='bbox 857 3337 1248 3409; x_wconf 90' lang='lat' dir='ltr'><strong>perniciosum;</strong></span> <span class='ocrx_word' id='word_1_427' title='bbox 1294 3344 1640 3403; x_wconf 88' lang='lat' dir='ltr'><strong>castrumque</strong></span> <span class='ocrx_word' id='word_1_428' title='bbox 1668 3332 1832 3386; x_wconf 89' lang='lat' dir='ltr'><strong>Ducis</strong></span> <span class='ocrx_word' id='word_1_429' title='bbox 1857 3332 1999 3401; x_wconf 89' lang='lat' dir='ltr'><strong>apud</strong></span> <span class='ocrx_word' id='word_1_430' title='bbox 2027 3330 2118 3384; x_wconf 86' lang='lat' dir='ltr'><strong>Vi-</strong></span> 
     </span>
    </p>
   </div>
   <div class='ocr_carea' id='block_1_64' title="bbox 538 3420 2118 3495">
    <p class='ocr_par' dir='ltr' id='par_1_64' title="bbox 538 3420 2118 3495">
     <span class='ocr_line' id='line_1_64' title="bbox 538 3420 2118 3495; baseline -0.006 -10"><span class='ocrx_word' id='word_1_431' title='bbox 538 3445 687 3495; x_wconf 89' lang='lat' dir='ltr'><strong>cum;</strong></span> <span class='ocrx_word' id='word_1_432' title='bbox 737 3437 793 3483; x_wconf 92' lang='lat' dir='ltr'><strong>et</strong></span> <span class='ocrx_word' id='word_1_433' title='bbox 836 3425 1190 3482; x_wconf 90' lang='lat' dir='ltr'><strong>munitionem</strong></span> <span class='ocrx_word' id='word_1_434' title='bbox 1217 3424 1358 3478; x_wconf 92' lang='lat' dir='ltr'><strong>inter</strong></span> <span class='ocrx_word' id='word_1_435' title='bbox 1384 3423 1574 3478; x_wconf 82' lang='lat' dir='ltr'><strong>Vicum</strong></span> <span class='ocrx_word' id='word_1_436' title='bbox 1619 3429 1676 3476; x_wconf 89' lang='lat' dir='ltr'><strong>et</strong></span> <span class='ocrx_word' id='word_1_437' title='bbox 1719 3420 2024 3475; x_wconf 88' lang='lat' dir='ltr'><strong>Marsallam</strong></span> <span class='ocrx_word' id='word_1_438' title='bbox 2063 3421 2118 3475; x_wconf 91' lang='lat' dir='ltr'><strong>in</strong></span> 
     </span>
    </p>
   </div>
   <div class='ocr_carea' id='block_1_65' title="bbox 539 3511 2120 3591">
    <p class='ocr_par' dir='ltr' id='par_1_65' title="bbox 539 3511 2120 3591">
     <span class='ocr_line' id='line_1_65' title="bbox 539 3511 2120 3591; baseline -0.007 -15"><span class='ocrx_word' id='word_1_439' title='bbox 539 3529 656 3576; x_wconf 80' lang='lat' dir='ltr'><strong>loco</strong></span> <span class='ocrx_word' id='word_1_440' title='bbox 693 3519 935 3591; x_wconf 87' lang='lat' dir='ltr'><strong>pallustri</strong></span> <span class='ocrx_word' id='word_1_441' title='bbox 977 3519 1177 3582; x_wconf 87' lang='lat' dir='ltr'><strong>sitam;</strong></span> <span class='ocrx_word' id='word_1_442' title='bbox 1223 3515 1490 3584; x_wconf 88' lang='lat' dir='ltr'><strong>simulque</strong></span> <span class='ocrx_word' id='word_1_443' title='bbox 1526 3522 1767 3568; x_wconf 88' lang='lat' dir='ltr'><strong>castrum</strong></span> <span class='ocrx_word' id='word_1_444' title='bbox 1805 3512 2019 3567; x_wconf 88' lang='lat' dir='ltr'><strong>comitis</strong></span> <span class='ocrx_word' id='word_1_445' title='bbox 2052 3511 2120 3566; x_wconf 88' lang='lat' dir='ltr'><strong>de</strong></span> 
     </span>
    </p>
   </div>
   <div class='ocr_carea' id='block_1_66' title="bbox 541 3603 2119 3682">
    <p class='ocr_par' dir='ltr' id='par_1_66' title="bbox 541 3603 2119 3682">
     <span class='ocr_line' id='line_1_66' title="bbox 541 3603 2119 3682; baseline -0.01 -13"><span class='ocrx_word' id='word_1_446' title='bbox 541 3613 860 3676; x_wconf 90' lang='lat' dir='ltr'><strong>lloemborc,</strong></span> <span class='ocrx_word' id='word_1_447' title='bbox 890 3611 1033 3682; x_wconf 86' lang='lat' dir='ltr'><strong>quod</strong></span> <span class='ocrx_word' id='word_1_448' title='bbox 1071 3607 1322 3664; x_wconf 85' lang='lat' dir='ltr'><strong>Marsallo</strong></span> <span class='ocrx_word' id='word_1_449' title='bbox 1351 3605 1652 3670; x_wconf 66' lang='lat' dir='ltr'><strong>adhaerens,</strong></span> <span class='ocrx_word' id='word_1_450' title='bbox 1685 3604 1783 3658; x_wconf 89' lang='lat' dir='ltr'><strong>toti</strong></span> <span class='ocrx_word' id='word_1_451' title='bbox 1814 3603 1953 3657; x_wconf 67' lang='lat' dir='ltr'><strong>villae</strong></span> <span class='ocrx_word' id='word_1_452' title='bbox 1991 3616 2119 3656; x_wconf 86' lang='lat' dir='ltr'><strong>one-</strong></span> 
     </span>
    </p>
   </div>
   <div class='ocr_carea' id='block_1_67' title="bbox 542 3692 2122 3771">
    <p class='ocr_par' dir='ltr' id='par_1_67' title="bbox 542 3692 2122 3771">
     <span class='ocr_line' id='line_1_67' title="bbox 542 3692 2122 3771; baseline -0.009 -10"><span class='ocrx_word' id='word_1_453' title='bbox 542 3721 723 3764; x_wconf 91' lang='lat' dir='ltr'><strong>rosum</strong></span> <span class='ocrx_word' id='word_1_454' title='bbox 749 3705 1175 3771; x_wconf 85' lang='lat' dir='ltr'><strong>damnosumque</strong></span> <span class='ocrx_word' id='word_1_455' title='bbox 1201 3700 1291 3754; x_wconf 90' lang='lat' dir='ltr'><strong>diu</strong></span> <span class='ocrx_word' id='word_1_456' title='bbox 1319 3697 1635 3762; x_wconf 81' lang='lat' dir='ltr'><strong>exstiterat,</strong></span> <span class='ocrx_word' id='word_1_457' title='bbox 1674 3695 1728 3750; x_wconf 90' lang='lat' dir='ltr'><strong>in</strong></span> <span class='ocrx_word' id='word_1_458' title='bbox 1757 3710 1920 3750; x_wconf 89' lang='lat' dir='ltr'><strong>manu</strong></span> <span class='ocrx_word' id='word_1_459' title='bbox 1943 3692 2122 3748; x_wconf 86' lang='lat' dir='ltr'><strong>valida</strong></span> 
     </span>
    </p>
   </div>
   <div class='ocr_carea' id='block_1_68' title="bbox 541 3791 1290 3861">
    <p class='ocr_par' dir='ltr' id='par_1_68' title="bbox 541 3791 1290 3861">
     <span class='ocr_line' id='line_1_68' title="bbox 541 3791 1290 3861; baseline -0.009 -11"><span class='ocrx_word' id='word_1_460' title='bbox 541 3795 809 3852; x_wconf 86' lang='lat' dir='ltr'><strong>destruxit</strong></span> <span class='ocrx_word' id='word_1_461' title='bbox 836 3802 891 3848; x_wconf 89' lang='lat' dir='ltr'><strong>et</strong></span> <span class='ocrx_word' id='word_1_462' title='bbox 912 3791 1290 3861; x_wconf 84' lang='lat' dir='ltr'><strong>complanavit.</strong></span> 
     </span>
    </p>
   </div>
   <div class='ocr_carea' id='block_1_69' title="bbox 612 3873 2119 3949">
    <p class='ocr_par' dir='ltr' id='par_1_69' title="bbox 612 3873 2119 3949">
     <span class='ocr_line' id='line_1_69' title="bbox 612 3873 2119 3949; baseline -0.006 -12"><span class='ocrx_word' id='word_1_463' title='bbox 612 3883 872 3937; x_wconf 85' lang='lat' dir='ltr'><strong>Processu</strong></span> <span class='ocrx_word' id='word_1_464' title='bbox 903 3880 1158 3949; x_wconf 82' lang='lat' dir='ltr'><strong>temporis</strong></span> <span class='ocrx_word' id='word_1_465' title='bbox 1186 3877 1359 3948; x_wconf 90' lang='lat' dir='ltr'><strong>gratia</strong></span> <span class='ocrx_word' id='word_1_466' title='bbox 1387 3875 1650 3947; x_wconf 90' lang='lat' dir='ltr'><strong>imperiali</strong></span> <span class='ocrx_word' id='word_1_467' title='bbox 1681 3873 1782 3930; x_wconf 88' lang='lat' dir='ltr'><strong>sibi</strong></span> <span class='ocrx_word' id='word_1_468' title='bbox 1809 3875 2119 3941; x_wconf 87' lang='lat' dir='ltr'><strong>conciliata,</strong></span> 
     </span>
    </p>
   </div>
   <div class='ocr_carea' id='block_1_70' title="bbox 541 3965 2125 4028">
    <p class='ocr_par' dir='ltr' id='par_1_70' title="bbox 541 3965 2125 4028">
     <span class='ocr_line' id='line_1_70' title="bbox 541 3965 2125 4028; baseline -0.006 0"><span class='ocrx_word' id='word_1_469' title='bbox 541 3973 611 4028; x_wconf 91' lang='lat' dir='ltr'><strong>de</strong></span> <span class='ocrx_word' id='word_1_470' title='bbox 636 3972 836 4025; x_wconf 89' lang='lat' dir='ltr'><strong>virtute</strong></span> <span class='ocrx_word' id='word_1_471' title='bbox 879 3969 936 4024; x_wconf 88' lang='lat' dir='ltr'><strong>in</strong></span> <span class='ocrx_word' id='word_1_472' title='bbox 973 3968 1229 4021; x_wconf 89' lang='lat' dir='ltr'><strong>virtutem</strong></span> <span class='ocrx_word' id='word_1_473' title='bbox 1271 3967 1388 4020; x_wconf 89' lang='lat' dir='ltr'><strong>sine</strong></span> <span class='ocrx_word' id='word_1_474' title='bbox 1428 3965 1827 4020; x_wconf 90' lang='lat' dir='ltr'><strong>intermissione</strong></span> <span class='ocrx_word' id='word_1_475' title='bbox 1865 3978 2125 4020; x_wconf 90' lang='lat' dir='ltr'><strong>conscen-</strong></span> 
     </span>
    </p>
   </div>
   <div class='ocr_carea' id='block_1_71' title="bbox 543 4054 2126 4126">
    <p class='ocr_par' dir='ltr' id='par_1_71' title="bbox 543 4054 2126 4126">
     <span class='ocr_line' id='line_1_71' title="bbox 543 4054 2126 4126; baseline -0.007 -7"><span class='ocrx_word' id='word_1_476' title='bbox 543 4065 695 4119; x_wconf 87' lang='lat' dir='ltr'><strong>dens.</strong></span> <span class='ocrx_word' id='word_1_477' title='bbox 728 4067 964 4114; x_wconf 89' lang='lat' dir='ltr'><strong>castrum</strong></span> <span class='ocrx_word' id='word_1_478' title='bbox 991 4056 1134 4126; x_wconf 90' lang='lat' dir='ltr'><strong>quod</strong></span> <span class='ocrx_word' id='word_1_479' title='bbox 1163 4054 1670 4110; x_wconf 83' lang='lat' dir='ltr'><strong>Ramberti-Villare</strong></span> <span class='ocrx_word' id='word_1_480' title='bbox 1697 4055 1912 4119; x_wconf 89' lang='lat' dir='ltr'><strong>dicitur,</strong></span> <span class='ocrx_word' id='word_1_481' title='bbox 1943 4054 2126 4108; x_wconf 87' lang='lat' dir='ltr'><strong>ﬁrma-</strong></span> 
     </span>
    </p>
   </div>
   <div class='ocr_carea' id='block_1_72' title="bbox 544 4146 2124 4221">
    <p class='ocr_par' dir='ltr' id='par_1_72' title="bbox 544 4146 2124 4221">
     <span class='ocr_line' id='line_1_72' title="bbox 544 4146 2124 4221; baseline -0.007 -10"><span class='ocrx_word' id='word_1_482' title='bbox 544 4157 654 4221; x_wconf 86' lang='lat' dir='ltr'><strong>vit;</strong></span> <span class='ocrx_word' id='word_1_483' title='bbox 692 4160 1037 4220; x_wconf 89' lang='lat' dir='ltr'><strong>castrumque</strong></span> <span class='ocrx_word' id='word_1_484' title='bbox 1074 4148 1254 4204; x_wconf 90' lang='lat' dir='ltr'><strong>nobile</strong></span> <span class='ocrx_word' id='word_1_485' title='bbox 1299 4146 1618 4212; x_wconf 90' lang='lat' dir='ltr'><strong>Lueelborc,</strong></span> <span class='ocrx_word' id='word_1_486' title='bbox 1656 4147 1800 4216; x_wconf 91' lang='lat' dir='ltr'><strong>quod</strong></span> <span class='ocrx_word' id='word_1_487' title='bbox 1839 4147 1906 4201; x_wconf 91' lang='lat' dir='ltr'><strong>ad</strong></span> <span class='ocrx_word' id='word_1_488' title='bbox 1948 4147 2124 4216; x_wconf 91' lang='lat' dir='ltr'><strong>ipsum</strong></span> 
     </span>
    </p>
   </div>
   <div class='ocr_carea' id='block_1_73' title="bbox 543 4239 2128 4317">
    <p class='ocr_par' dir='ltr' id='par_1_73' title="bbox 543 4239 2128 4317">
     <span class='ocr_line' id='line_1_73' title="bbox 543 4239 2128 4317; baseline -0.004 -16"><span class='ocrx_word' id='word_1_489' title='bbox 543 4246 663 4317; x_wconf 90' lang='lat' dir='ltr'><strong>jure</strong></span> <span class='ocrx_word' id='word_1_490' title='bbox 688 4241 1027 4299; x_wconf 63' lang='lat' dir='ltr'><strong>hereditario</strong></span> <span class='ocrx_word' id='word_1_491' title='bbox 1055 4239 1427 4299; x_wconf 87' lang='lat' dir='ltr'><strong>descenderat.</strong></span> <span class='ocrx_word' id='word_1_492' title='bbox 1459 4239 1623 4294; x_wconf 89' lang='lat' dir='ltr'><strong>beato</strong></span> <span class='ocrx_word' id='word_1_493' title='bbox 1647 4239 1876 4294; x_wconf 88' lang='lat' dir='ltr'><strong>contulit</strong></span> <span class='ocrx_word' id='word_1_494' title='bbox 1901 4239 2128 4309; x_wconf 91' lang='lat' dir='ltr'><strong>Stepha-</strong></span> 
     </span>
    </p>
   </div>
   <div class='ocr_carea' id='block_1_74' title="bbox 546 4327 2126 4402">
    <p class='ocr_par' dir='ltr' id='par_1_74' title="bbox 546 4327 2126 4402">
     <span class='ocr_line' id='line_1_74' title="bbox 546 4327 2126 4402; baseline -0.004 -11"><span class='ocrx_word' id='word_1_495' title='bbox 546 4352 648 4401; x_wconf 90' lang='lat' dir='ltr'><strong>no;</strong></span> <span class='ocrx_word' id='word_1_496' title='bbox 689 4343 746 4390; x_wconf 89' lang='lat' dir='ltr'><strong>et</strong></span> <span class='ocrx_word' id='word_1_497' title='bbox 774 4340 1010 4389; x_wconf 81' lang='lat' dir='ltr'><strong>castrum</strong></span> <span class='ocrx_word' id='word_1_498' title='bbox 1037 4329 1341 4386; x_wconf 89' lang='lat' dir='ltr'><strong>Hoemborc</strong></span> <span class='ocrx_word' id='word_1_499' title='bbox 1371 4328 1723 4402; x_wconf 83' lang='lat' dir='ltr'><strong>[Hombourg]</strong></span> <span class='ocrx_word' id='word_1_500' title='bbox 1753 4327 1877 4398; x_wconf 92' lang='lat' dir='ltr'><strong>jure</strong></span> <span class='ocrx_word' id='word_1_501' title='bbox 1911 4329 1980 4384; x_wconf 90' lang='lat' dir='ltr'><strong>ab</strong></span> <span class='ocrx_word' id='word_1_502' title='bbox 2010 4330 2126 4400; x_wconf 87' lang='lat' dir='ltr'><strong>ipso</strong></span> 
     </span>
    </p>
   </div>
   <div class='ocr_carea' id='block_1_75' title="bbox 545 4419 2126 4491">
    <p class='ocr_par' dir='ltr' id='par_1_75' title="bbox 545 4419 2126 4491">
     <span class='ocr_line' id='line_1_75' title="bbox 545 4419 2126 4491; baseline -0.003 -11"><span class='ocrx_word' id='word_1_503' title='bbox 545 4423 740 4481; x_wconf 79' lang='lat' dir='ltr'><strong>feodali</strong></span> <span class='ocrx_word' id='word_1_504' title='bbox 767 4419 1119 4484; x_wconf 88' lang='lat' dir='ltr'><strong>descendens,</strong></span> <span class='ocrx_word' id='word_1_505' title='bbox 1165 4427 1288 4489; x_wconf 90' lang='lat' dir='ltr'><strong>post</strong></span> <span class='ocrx_word' id='word_1_506' title='bbox 1323 4419 1606 4475; x_wconf 89' lang='lat' dir='ltr'><strong>decessum</strong></span> <span class='ocrx_word' id='word_1_507' title='bbox 1645 4420 1860 4476; x_wconf 90' lang='lat' dir='ltr'><strong>comitis</strong></span> <span class='ocrx_word' id='word_1_508' title='bbox 1888 4420 2126 4491; x_wconf 83' lang='lat' dir='ltr'><strong>llugonis</strong></span> 
     </span>
    </p>
   </div>
   <div class='ocr_carea' id='block_1_76' title="bbox 2218 3212 3700 3304">
    <p class='ocr_par' dir='ltr' id='par_1_76' title="bbox 2218 3212 3700 3304">
     <span class='ocr_line' id='line_1_76' title="bbox 2218 3212 3700 3304; baseline -0.016 -13"><span class='ocrx_word' id='word_1_509' title='bbox 2218 3235 2514 3292; x_wconf 88' lang='lat' dir='ltr'><strong>catholicus</strong></span> <span class='ocrx_word' id='word_1_510' title='bbox 2533 3234 2648 3302; x_wconf 86' lang='lat' dir='ltr'><strong>jam</strong></span> <span class='ocrx_word' id='word_1_511' title='bbox 2673 3233 2924 3304; x_wconf 86' lang='lat' dir='ltr'><strong>migravit</strong></span> <span class='ocrx_word' id='word_1_512' title='bbox 2948 3232 3018 3284; x_wconf 89' lang='lat' dir='ltr'><strong>ad</strong></span> <span class='ocrx_word' id='word_1_513' title='bbox 3051 3231 3326 3285; x_wconf 91' lang='lat' dir='ltr'><strong>Dominum</strong></span> <span class='ocrx_word' id='word_1_514' title='bbox 3343 3268 3355 3291; x_wconf 96' lang='lat'><strong>,</strong></span> <span class='ocrx_word' id='word_1_515' title='bbox 3381 3233 3428 3279; x_wconf 90' lang='lat' dir='ltr'><strong>et</strong></span> <span class='ocrx_word' id='word_1_516' title='bbox 3447 3222 3572 3291; x_wconf 87' lang='lat' dir='ltr'><strong>juxta</strong></span> <span class='ocrx_word' id='word_1_517' title='bbox 3594 3212 3700 3271; x_wconf 84' lang='lat' dir='ltr'><strong>chori</strong></span> 
     </span>
    </p>
   </div>
   <div class='ocr_carea' id='block_1_77' title="bbox 2217 3306 3700 3402">
    <p class='ocr_par' dir='ltr' id='par_1_77' title="bbox 2217 3306 3700 3402">
     <span class='ocr_line' id='line_1_77' title="bbox 2217 3306 3700 3402; baseline -0.017 -18"><span class='ocrx_word' id='word_1_518' title='bbox 2217 3326 2522 3402; x_wconf 87' lang='lat' dir='ltr'><strong>[Stephani]</strong></span> <span class='ocrx_word' id='word_1_519' title='bbox 2562 3325 2842 3381; x_wconf 89' lang='lat' dir='ltr'><strong>introitum</strong></span> <span class='ocrx_word' id='word_1_520' title='bbox 2885 3325 2939 3378; x_wconf 92' lang='lat' dir='ltr'><strong>in</strong></span> <span class='ocrx_word' id='word_1_521' title='bbox 2962 3323 3188 3379; x_wconf 82' lang='lat' dir='ltr'><strong>dextera</strong></span> <span class='ocrx_word' id='word_1_522' title='bbox 3231 3321 3384 3390; x_wconf 88' lang='lat' dir='ltr'><strong>ipsius</strong></span> <span class='ocrx_word' id='word_1_523' title='bbox 3411 3323 3539 3385; x_wconf 84' lang='lat' dir='ltr'><strong>parte</strong></span> <span class='ocrx_word' id='word_1_524' title='bbox 3564 3306 3700 3365; x_wconf 77' lang='lat' dir='ltr'><strong>metuit</strong></span> 
     </span>
    </p>
   </div>
   <div class='ocr_carea' id='block_1_78' title="bbox 2218 3418 2455 3490">
    <p class='ocr_par' dir='ltr' id='par_1_78' title="bbox 2218 3418 2455 3490">
     <span class='ocr_line' id='line_1_78' title="bbox 2218 3418 2455 3490; baseline -0.017 -14"><span class='ocrx_word' id='word_1_525' title='bbox 2218 3418 2455 3490; x_wconf 87' lang='lat' dir='ltr'><strong>sepeliri.</strong></span> 
     </span>
    </p>
   </div>
   <div class='ocr_carea' id='block_1_79' title="bbox 2291 3483 3700 3563">
    <p class='ocr_par' dir='ltr' id='par_1_79' title="bbox 2291 3483 3700 3563">
     <span class='ocr_line' id='line_1_79' title="bbox 2291 3483 3700 3563; baseline -0.014 0"><span class='ocrx_word' id='word_1_526' title='bbox 2291 3483 2427 3563; x_wconf 76' lang='lat' dir='ltr'><strong>lluie</strong></span> <span class='ocrx_word' id='word_1_527' title='bbox 2457 3523 2544 3562; x_wconf 90' lang='lat' dir='ltr'><strong>an.</strong></span> <span class='ocrx_word' id='word_1_528' title='bbox 2587 3505 2796 3560; x_wconf 90' lang='lat' dir='ltr'><strong>Domini</strong></span> <span class='ocrx_word' id='word_1_529' title='bbox 2827 3503 2961 3558; x_wconf 74' lang='lat' dir='ltr'><strong>“Gl</strong></span> <span class='ocrx_word' id='word_1_530' title='bbox 2987 3504 3251 3559; x_wconf 89' lang='lat' dir='ltr'><strong>successit</strong></span> <span class='ocrx_word' id='word_1_531' title='bbox 3270 3500 3490 3556; x_wconf 88' lang='lat' dir='ltr'><strong>dominus</strong></span> <span class='ocrx_word' id='word_1_532' title='bbox 3513 3483 3700 3548; x_wconf 80' lang='lat' dir='ltr'><strong>Thederi-</strong></span> 
     </span>
    </p>
   </div>
   <div class='ocr_carea' id='block_1_80' title="bbox 2220 3579 3695 3664">
    <p class='ocr_par' dir='ltr' id='par_1_80' title="bbox 2220 3579 3695 3664">
     <span class='ocr_line' id='line_1_80' title="bbox 2220 3579 3695 3664; baseline -0.019 -9"><span class='ocrx_word' id='word_1_533' title='bbox 2220 3614 2337 3664; x_wconf 83' lang='lat' dir='ltr'><strong>cus,</strong></span> <span class='ocrx_word' id='word_1_534' title='bbox 2382 3597 2567 3652; x_wconf 90' lang='lat' dir='ltr'><strong>fratris</strong></span> <span class='ocrx_word' id='word_1_535' title='bbox 2601 3596 2683 3650; x_wconf 92' lang='lat' dir='ltr'><strong>sui</strong></span> <span class='ocrx_word' id='word_1_536' title='bbox 2717 3594 2931 3650; x_wconf 91' lang='lat' dir='ltr'><strong>comitis</strong></span> <span class='ocrx_word' id='word_1_537' title='bbox 2963 3593 3248 3649; x_wconf 85' lang='lat' dir='ltr'><strong>Barrensis</strong></span> <span class='ocrx_word' id='word_1_538' title='bbox 3281 3579 3695 3664; x_wconf 62' lang='lat' dir='ltr'><strong>[Reginaldi1ﬁlius</strong></span> 
     </span>
    </p>
   </div>
   <div class='ocr_carea' id='block_1_81' title="bbox 2220 3663 3696 3755">
    <p class='ocr_par' dir='ltr' id='par_1_81' title="bbox 2220 3663 3696 3755">
     <span class='ocr_line' id='line_1_81' title="bbox 2220 3663 3696 3755; baseline -0.012 -13"><span class='ocrx_word' id='word_1_539' title='bbox 2220 3703 2347 3743; x_wconf 89' lang='lat' dir='ltr'><strong>vere</strong></span> <span class='ocrx_word' id='word_1_540' title='bbox 2374 3688 2424 3742; x_wconf 92' lang='lat' dir='ltr'><strong>ei</strong></span> <span class='ocrx_word' id='word_1_541' title='bbox 2452 3695 2562 3742; x_wconf 88' lang='lat' dir='ltr'><strong>tam</strong></span> <span class='ocrx_word' id='word_1_542' title='bbox 2592 3686 2832 3742; x_wconf 90' lang='lat' dir='ltr'><strong>moribus</strong></span> <span class='ocrx_word' id='word_1_543' title='bbox 2857 3700 3021 3754; x_wconf 89' lang='lat' dir='ltr'><strong>quam</strong></span> <span class='ocrx_word' id='word_1_544' title='bbox 3050 3663 3299 3755; x_wconf 83' lang='lat' dir='ltr'><strong>sanguine</strong></span> <span class='ocrx_word' id='word_1_545' title='bbox 3323 3663 3696 3755; x_wconf 27' lang='lat' dir='ltr'><strong>propinquusqllli</strong></span> 
     </span>
    </p>
   </div>
   <div class='ocr_carea' id='block_1_82' title="bbox 2221 3754 3695 3844">
    <p class='ocr_par' dir='ltr' id='par_1_82' title="bbox 2221 3754 3695 3844">
     <span class='ocr_line' id='line_1_82' title="bbox 2221 3754 3695 3844; baseline -0.013 -9"><span class='ocrx_word' id='word_1_546' title='bbox 2221 3777 2523 3835; x_wconf 90' lang='lat' dir='ltr'><strong>sollicitudo</strong></span> <span class='ocrx_word' id='word_1_547' title='bbox 2557 3792 2765 3832; x_wconf 89' lang='lat' dir='ltr'><strong>summa</strong></span> <span class='ocrx_word' id='word_1_548' title='bbox 2797 3783 2851 3830; x_wconf 91' lang='lat' dir='ltr'><strong>et</strong></span> <span class='ocrx_word' id='word_1_549' title='bbox 2875 3789 3004 3830; x_wconf 87' lang='lat' dir='ltr'><strong>cura</strong></span> <span class='ocrx_word' id='word_1_550' title='bbox 3045 3754 3287 3844; x_wconf 69' lang='lat' dir='ltr'><strong>specialis</strong></span> <span class='ocrx_word' id='word_1_551' title='bbox 3318 3772 3421 3826; x_wconf 68' lang='lat' dir='ltr'><strong>haec</strong></span> <span class='ocrx_word' id='word_1_552' title='bbox 3445 3765 3544 3827; x_wconf 88' lang='lat' dir='ltr'><strong>fuit,</strong></span> <span class='ocrx_word' id='word_1_553' title='bbox 3570 3754 3695 3812; x_wconf 78' lang='lat' dir='ltr'><strong>ulsub</strong></span> 
     </span>
    </p>
   </div>
   <div class='ocr_carea' id='block_1_83' title="bbox 2222 3857 3694 3940">
    <p class='ocr_par' dir='ltr' id='par_1_83' title="bbox 2222 3857 3694 3940">
     <span class='ocr_line' id='line_1_83' title="bbox 2222 3857 3694 3940; baseline -0.029 1"><span class='ocrx_word' id='word_1_554' title='bbox 2222 3872 2340 3940; x_wconf 69' lang='lat' dir='ltr'><strong>ipso</strong></span> <span class='ocrx_word' id='word_1_555' title='bbox 2384 3879 2531 3926; x_wconf 78' lang='lat' dir='ltr'><strong>metu</strong></span> <span class='ocrx_word' id='word_1_556' title='bbox 2573 3868 2797 3938; x_wconf 64' lang='lat' dir='ltr'><strong>iustitiae</strong></span> <span class='ocrx_word' id='word_1_557' title='bbox 2838 3877 2948 3922; x_wconf 89' lang='lat' dir='ltr'><strong>tam</strong></span> <span class='ocrx_word' id='word_1_558' title='bbox 2987 3868 3296 3936; x_wconf 64' lang='lat' dir='ltr'><strong>prmdonum</strong></span> <span class='ocrx_word' id='word_1_559' title='bbox 3332 3875 3472 3932; x_wconf 89' lang='lat' dir='ltr'><strong>quam</strong></span> <span class='ocrx_word' id='word_1_560' title='bbox 3497 3857 3694 3909; x_wconf 88' lang='lat' dir='ltr'><strong>latronum</strong></span> 
     </span>
    </p>
   </div>
   <div class='ocr_carea' id='block_1_84' title="bbox 2221 3943 3694 4030">
    <p class='ocr_par' dir='ltr' id='par_1_84' title="bbox 2221 3943 3694 4030">
     <span class='ocr_line' id='line_1_84' title="bbox 2221 3943 3694 4030; baseline -0.014 -10"><span class='ocrx_word' id='word_1_561' title='bbox 2221 3972 2564 4020; x_wconf 90' lang='lat' dir='ltr'><strong>coerceretur</strong></span> <span class='ocrx_word' id='word_1_562' title='bbox 2609 3962 2853 4026; x_wconf 89' lang='lat' dir='ltr'><strong>audacia,</strong></span> <span class='ocrx_word' id='word_1_563' title='bbox 2901 3967 3129 4030; x_wconf 88' lang='lat' dir='ltr'><strong>tutaque</strong></span> <span class='ocrx_word' id='word_1_564' title='bbox 3170 3965 3304 4013; x_wconf 85' lang='lat' dir='ltr'><strong>esset</strong></span> <span class='ocrx_word' id='word_1_565' title='bbox 3337 3955 3460 4008; x_wconf 86' lang='lat' dir='ltr'><strong>inter</strong></span> <span class='ocrx_word' id='word_1_566' title='bbox 3495 3943 3694 4014; x_wconf 56' lang='lat' dir='ltr'><strong>improbos</strong></span> 
     </span>
    </p>
   </div>
   <div class='ocr_carea' id='block_1_85' title="bbox 2221 4042 3696 4120">
    <p class='ocr_par' dir='ltr' id='par_1_85' title="bbox 2221 4042 3696 4120">
     <span class='ocr_line' id='line_1_85' title="bbox 2221 4042 3696 4120; baseline -0.014 -11"><span class='ocrx_word' id='word_1_567' title='bbox 2221 4054 2568 4120; x_wconf 88' lang='lat' dir='ltr'><strong>innocentia;</strong></span> <span class='ocrx_word' id='word_1_568' title='bbox 2599 4061 2655 4108; x_wconf 88' lang='lat' dir='ltr'><strong>et</strong></span> <span class='ocrx_word' id='word_1_569' title='bbox 2679 4051 2771 4107; x_wconf 90' lang='lat' dir='ltr'><strong>ubi</strong></span> <span class='ocrx_word' id='word_1_570' title='bbox 2803 4050 3003 4104; x_wconf 90' lang='lat' dir='ltr'><strong>malitia</strong></span> <span class='ocrx_word' id='word_1_571' title='bbox 3027 4048 3285 4106; x_wconf 87' lang='lat' dir='ltr'><strong>dominari</strong></span> <span class='ocrx_word' id='word_1_572' title='bbox 3307 4042 3614 4101; x_wconf 79' lang='lat' dir='ltr'><strong>consueverat.</strong></span> <span class='ocrx_word' id='word_1_573' title='bbox 3640 4042 3696 4120; x_wconf 59' lang='lat' dir='ltr'><strong>rt&quot;</strong></span> 
     </span>
    </p>
   </div>
   <div class='ocr_carea' id='block_1_86' title="bbox 2223 4117 3693 4215">
    <p class='ocr_par' dir='ltr' id='par_1_86' title="bbox 2223 4117 3693 4215">
     <span class='ocr_line' id='line_1_86' title="bbox 2223 4117 3693 4215; baseline -0.02 -16"><span class='ocrx_word' id='word_1_574' title='bbox 2223 4143 2531 4200; x_wconf 88' lang='lat' dir='ltr'><strong>frenaretur</strong></span> <span class='ocrx_word' id='word_1_575' title='bbox 2555 4117 2886 4215; x_wconf 81' lang='lat' dir='ltr'><strong>malignandi</strong></span> <span class='ocrx_word' id='word_1_576' title='bbox 2908 4140 3156 4197; x_wconf 86' lang='lat' dir='ltr'><strong>facultas.</strong></span> <span class='ocrx_word' id='word_1_577' title='bbox 3193 4139 3286 4193; x_wconf 80' lang='lat' dir='ltr'><strong>llic</strong></span> <span class='ocrx_word' id='word_1_578' title='bbox 3316 4134 3420 4206; x_wconf 86' lang='lat' dir='ltr'><strong>paci</strong></span> <span class='ocrx_word' id='word_1_579' title='bbox 3438 4139 3483 4186; x_wconf 88' lang='lat' dir='ltr'><strong>et</strong></span> <span class='ocrx_word' id='word_1_580' title='bbox 3506 4117 3693 4190; x_wconf 85' lang='lat' dir='ltr'><strong>tranquil-</strong></span> 
     </span>
    </p>
   </div>
   <div class='ocr_carea' id='block_1_87' title="bbox 2224 4220 3693 4300">
    <p class='ocr_par' dir='ltr' id='par_1_87' title="bbox 2224 4220 3693 4300">
     <span class='ocr_line' id='line_1_87' title="bbox 2224 4220 3693 4300; baseline -0.017 -13"><span class='ocrx_word' id='word_1_581' title='bbox 2224 4233 2364 4288; x_wconf 90' lang='lat' dir='ltr'><strong>litati</strong></span> <span class='ocrx_word' id='word_1_582' title='bbox 2393 4231 2771 4296; x_wconf 88' lang='lat' dir='ltr'><strong>eeclesiarum,</strong></span> <span class='ocrx_word' id='word_1_583' title='bbox 2797 4230 3147 4300; x_wconf 88' lang='lat' dir='ltr'><strong>omniumque</strong></span> <span class='ocrx_word' id='word_1_584' title='bbox 3173 4227 3268 4283; x_wconf 89' lang='lat' dir='ltr'><strong>sibi</strong></span> <span class='ocrx_word' id='word_1_585' title='bbox 3292 4223 3568 4279; x_wconf 87' lang='lat' dir='ltr'><strong>creditorum</strong></span> <span class='ocrx_word' id='word_1_586' title='bbox 3590 4220 3693 4300; x_wconf 71' lang='lat' dir='ltr'><strong>colll-</strong></span> 
     </span>
    </p>
   </div>
   <div class='ocr_carea' id='block_1_88' title="bbox 2224 4296 3691 4392">
    <p class='ocr_par' dir='ltr' id='par_1_88' title="bbox 2224 4296 3691 4392">
     <span class='ocr_line' id='line_1_88' title="bbox 2224 4296 3691 4392; baseline -0.02 -12"><span class='ocrx_word' id='word_1_587' title='bbox 2224 4324 2574 4380; x_wconf 89' lang='lat' dir='ltr'><strong>moditatibus</strong></span> <span class='ocrx_word' id='word_1_588' title='bbox 2595 4336 2659 4377; x_wconf 90' lang='lat' dir='ltr'><strong>ea</strong></span> <span class='ocrx_word' id='word_1_589' title='bbox 2678 4319 2913 4391; x_wconf 89' lang='lat' dir='ltr'><strong>providit</strong></span> <span class='ocrx_word' id='word_1_590' title='bbox 2937 4296 3230 4392; x_wconf 75' lang='lat' dir='ltr'><strong>diligentia,</strong></span> <span class='ocrx_word' id='word_1_591' title='bbox 3259 4324 3315 4371; x_wconf 92' lang='lat' dir='ltr'><strong>ut</strong></span> <span class='ocrx_word' id='word_1_592' title='bbox 3337 4328 3444 4369; x_wconf 88' lang='lat' dir='ltr'><strong>eum</strong></span> <span class='ocrx_word' id='word_1_593' title='bbox 3466 4305 3602 4364; x_wconf 76' lang='lat' dir='ltr'><strong>miles,</strong></span> <span class='ocrx_word' id='word_1_594' title='bbox 3619 4296 3691 4351; x_wconf 79' lang='lat' dir='ltr'><strong>cle-</strong></span> 
     </span>
    </p>
   </div>
   <div class='ocr_carea' id='block_1_89' title="bbox 2225 4399 3690 4483">
    <p class='ocr_par' dir='ltr' id='par_1_89' title="bbox 2225 4399 3690 4483">
     <span class='ocr_line' id='line_1_89' title="bbox 2225 4399 3690 4483; baseline -0.014 -13"><span class='ocrx_word' id='word_1_595' title='bbox 2225 4430 2320 4470; x_wconf 86' lang='lat' dir='ltr'><strong>rus</strong></span> <span class='ocrx_word' id='word_1_596' title='bbox 2347 4421 2403 4468; x_wconf 90' lang='lat' dir='ltr'><strong>et</strong></span> <span class='ocrx_word' id='word_1_597' title='bbox 2426 4407 2676 4483; x_wconf 90' lang='lat' dir='ltr'><strong>populus,</strong></span> <span class='ocrx_word' id='word_1_598' title='bbox 2709 4418 3026 4466; x_wconf 89' lang='lat' dir='ltr'><strong>vererentur</strong></span> <span class='ocrx_word' id='word_1_599' title='bbox 3049 4418 3110 4465; x_wconf 91' lang='lat' dir='ltr'><strong>ut</strong></span> <span class='ocrx_word' id='word_1_600' title='bbox 3132 4407 3383 4464; x_wconf 88' lang='lat' dir='ltr'><strong>dominum</strong></span> <span class='ocrx_word' id='word_1_601' title='bbox 3403 4409 3450 4456; x_wconf 90' lang='lat' dir='ltr'><strong>et</strong></span> <span class='ocrx_word' id='word_1_602' title='bbox 3472 4405 3519 4452; x_wconf 89' lang='lat' dir='ltr'><strong>ut</strong></span> <span class='ocrx_word' id='word_1_603' title='bbox 3542 4399 3690 4463; x_wconf 64' lang='lat' dir='ltr'><strong>patrem</strong></span> 
     </span>
    </p>
   </div>
   <div class='ocr_carea' id='block_1_90' title="bbox 548 4489 3689 4580">
    <p class='ocr_par' dir='ltr' id='par_1_90' title="bbox 548 4489 3689 4580">
     <span class='ocr_line' id='line_1_90' title="bbox 548 4489 3689 4580; baseline -0.01 -12"><span class='ocrx_word' id='word_1_604' title='bbox 548 4528 580 4568; x_wconf 88' lang='lat' dir='ltr'><strong>a</strong></span> <span class='ocrx_word' id='word_1_605' title='bbox 621 4513 758 4567; x_wconf 90' lang='lat' dir='ltr'><strong>duce</strong></span> <span class='ocrx_word' id='word_1_606' title='bbox 798 4509 1158 4580; x_wconf 67' lang='lat' dir='ltr'><strong>Lothoringiaa</strong></span> <span class='ocrx_word' id='word_1_607' title='bbox 1200 4517 1520 4578; x_wconf 88' lang='lat' dir='ltr'><strong>occupatum</strong></span> <span class='ocrx_word' id='word_1_608' title='bbox 1543 4549 1558 4573; x_wconf 94' lang='lat'><strong>,</strong></span> <span class='ocrx_word' id='word_1_609' title='bbox 1618 4509 1819 4564; x_wconf 91' lang='lat' dir='ltr'><strong>domini</strong></span> <span class='ocrx_word' id='word_1_610' title='bbox 1865 4489 2126 4565; x_wconf 84' lang='lat' dir='ltr'><strong>Friderici</strong></span> <span class='ocrx_word' id='word_1_611' title='bbox 2151 4505 2207 4568; x_wconf 75' lang='grc' dir='ltr'><strong><em>Β</em></strong></span> <span class='ocrx_word' id='word_1_612' title='bbox 2229 4507 2532 4576; x_wconf 86' lang='lat' dir='ltr'><strong>diligerent.</strong></span> <span class='ocrx_word' id='word_1_613' title='bbox 2563 4503 2662 4560; x_wconf 79' lang='lat' dir='ltr'><strong>Hic</strong></span> <span class='ocrx_word' id='word_1_614' title='bbox 2689 4502 2843 4557; x_wconf 86' lang='lat' dir='ltr'><strong>malis</strong></span> <span class='ocrx_word' id='word_1_615' title='bbox 2870 4511 2924 4558; x_wconf 92' lang='lat' dir='ltr'><strong>et</strong></span> <span class='ocrx_word' id='word_1_616' title='bbox 2951 4499 3276 4557; x_wconf 88' lang='lat' dir='ltr'><strong>nocumentis</strong></span> <span class='ocrx_word' id='word_1_617' title='bbox 3296 4511 3401 4566; x_wconf 66' lang='lat' dir='ltr'><strong>quae</strong></span> <span class='ocrx_word' id='word_1_618' title='bbox 3423 4505 3503 4562; x_wconf 88' lang='lat' dir='ltr'><strong>per</strong></span> <span class='ocrx_word' id='word_1_619' title='bbox 3517 4489 3689 4580; x_wconf 63' lang='lat' dir='ltr'><strong>castrqu</strong></span> 
     </span>
    </p>
   </div>
   <div class='ocr_carea' id='block_1_91' title="bbox 547 4598 2128 4672">
    <p class='ocr_par' dir='ltr' id='par_1_91' title="bbox 547 4598 2128 4672">
     <span class='ocr_line' id='line_1_91' title="bbox 547 4598 2128 4672; baseline -0.001 -15"><span class='ocrx_word' id='word_1_620' title='bbox 547 4603 718 4672; x_wconf 86' lang='lat' dir='ltr'><strong>patris</strong></span> <span class='ocrx_word' id='word_1_621' title='bbox 746 4599 942 4654; x_wconf 91' lang='lat' dir='ltr'><strong>auxilio</strong></span> <span class='ocrx_word' id='word_1_622' title='bbox 971 4599 1073 4654; x_wconf 88' lang='lat' dir='ltr'><strong>sibi</strong></span> <span class='ocrx_word' id='word_1_623' title='bbox 1114 4607 1170 4653; x_wconf 92' lang='lat' dir='ltr'><strong>et</strong></span> <span class='ocrx_word' id='word_1_624' title='bbox 1195 4598 1428 4669; x_wconf 89' lang='lat' dir='ltr'><strong>posteris</strong></span> <span class='ocrx_word' id='word_1_625' title='bbox 1457 4599 1569 4654; x_wconf 90' lang='lat' dir='ltr'><strong>suis</strong></span> <span class='ocrx_word' id='word_1_626' title='bbox 1597 4599 1915 4669; x_wconf 91' lang='lat' dir='ltr'><strong>acquisivit,</strong></span> <span class='ocrx_word' id='word_1_627' title='bbox 1961 4600 2128 4655; x_wconf 89' lang='lat' dir='ltr'><strong>libere</strong></span> 
     </span>
    </p>
   </div>
   <div class='ocr_carea' id='block_1_92' title="bbox 547 4689 2130 4757">
    <p class='ocr_par' dir='ltr' id='par_1_92' title="bbox 547 4689 2130 4757">
     <span class='ocr_line' id='line_1_92' title="bbox 547 4689 2130 4757; baseline -0.001 -11"><span class='ocrx_word' id='word_1_628' title='bbox 547 4691 696 4746; x_wconf 88' lang='lat' dir='ltr'><strong>omni</strong></span> <span class='ocrx_word' id='word_1_629' title='bbox 720 4704 834 4744; x_wconf 66' lang='lat' dir='ltr'><strong>aevo</strong></span> <span class='ocrx_word' id='word_1_630' title='bbox 862 4689 1181 4753; x_wconf 88' lang='lat' dir='ltr'><strong>tenendum;</strong></span> <span class='ocrx_word' id='word_1_631' title='bbox 1229 4689 1515 4757; x_wconf 86' lang='lat' dir='ltr'><strong>acquisivit</strong></span> <span class='ocrx_word' id='word_1_632' title='bbox 1553 4689 1717 4743; x_wconf 89' lang='lat' dir='ltr'><strong>etiam</strong></span> <span class='ocrx_word' id='word_1_633' title='bbox 1744 4689 1884 4755; x_wconf 91' lang='lat' dir='ltr'><strong>sibi,</strong></span> <span class='ocrx_word' id='word_1_634' title='bbox 1930 4699 1986 4744; x_wconf 93' lang='lat' dir='ltr'><strong>et</strong></span> <span class='ocrx_word' id='word_1_635' title='bbox 2020 4705 2130 4745; x_wconf 71' lang='lat' dir='ltr'><strong>sua:</strong></span> 
     </span>
    </p>
   </div>
   <div class='ocr_carea' id='block_1_93' title="bbox 547 4780 2130 4854">
    <p class='ocr_par' dir='ltr' id='par_1_93' title="bbox 547 4780 2130 4854">
     <span class='ocr_line' id='line_1_93' title="bbox 547 4780 2130 4854; baseline 0 -18"><span class='ocrx_word' id='word_1_636' title='bbox 547 4791 809 4854; x_wconf 87' lang='lat' dir='ltr'><strong>perpetuo</strong></span> <span class='ocrx_word' id='word_1_637' title='bbox 836 4780 1076 4836; x_wconf 54' lang='lat' dir='ltr'><strong>ecclesia</strong></span> <span class='ocrx_word' id='word_1_638' title='bbox 1103 4789 1341 4835; x_wconf 90' lang='lat' dir='ltr'><strong>castrum</strong></span> <span class='ocrx_word' id='word_1_639' title='bbox 1370 4780 1600 4847; x_wconf 81' lang='lat' dir='ltr'><strong>Viviers,</strong></span> <span class='ocrx_word' id='word_1_640' title='bbox 1645 4789 1702 4836; x_wconf 90' lang='lat' dir='ltr'><strong>et</strong></span> <span class='ocrx_word' id='word_1_641' title='bbox 1729 4790 1938 4852; x_wconf 86' lang='lat' dir='ltr'><strong>partem</strong></span> <span class='ocrx_word' id='word_1_642' title='bbox 1969 4782 2130 4836; x_wconf 89' lang='lat' dir='ltr'><strong>Ducis</strong></span> 
     </span>
    </p>
   </div>
   <div class='ocr_carea' id='block_1_94' title="bbox 548 4869 2133 4941">
    <p class='ocr_par' dir='ltr' id='par_1_94' title="bbox 548 4869 2133 4941">
     <span class='ocr_line' id='line_1_94' title="bbox 548 4869 2133 4941; baseline -0.001 -13"><span class='ocrx_word' id='word_1_643' title='bbox 548 4873 616 4928; x_wconf 90' lang='lat' dir='ltr'><strong>de</strong></span> <span class='ocrx_word' id='word_1_644' title='bbox 644 4871 910 4926; x_wconf 88' lang='lat' dir='ltr'><strong>Lemburc</strong></span> <span class='ocrx_word' id='word_1_645' title='bbox 933 4871 986 4926; x_wconf 91' lang='lat' dir='ltr'><strong>in</strong></span> <span class='ocrx_word' id='word_1_646' title='bbox 1009 4877 1188 4925; x_wconf 90' lang='lat' dir='ltr'><strong>castro</strong></span> <span class='ocrx_word' id='word_1_647' title='bbox 1210 4869 1410 4940; x_wconf 82' lang='lat' dir='ltr'><strong>Rucey,</strong></span> <span class='ocrx_word' id='word_1_648' title='bbox 1433 4885 1556 4924; x_wconf 91' lang='lat' dir='ltr'><strong>cum</strong></span> <span class='ocrx_word' id='word_1_649' title='bbox 1584 4871 1850 4926; x_wconf 89' lang='lat' dir='ltr'><strong>universis</strong></span> <span class='ocrx_word' id='word_1_650' title='bbox 1880 4871 2133 4941; x_wconf 86' lang='lat' dir='ltr'><strong>appendi-</strong></span> 
     </span>
    </p>
   </div>
   <div class='ocr_carea' id='block_1_95' title="bbox 549 4960 2124 5032">
    <p class='ocr_par' dir='ltr' id='par_1_95' title="bbox 549 4960 2124 5032">
     <span class='ocr_line' id='line_1_95' title="bbox 549 4960 2124 5032; baseline 0 -13"><span class='ocrx_word' id='word_1_651' title='bbox 549 4965 668 5020; x_wconf 88' lang='lat' dir='ltr'><strong>ciis.</strong></span> <span class='ocrx_word' id='word_1_652' title='bbox 705 4962 956 5018; x_wconf 89' lang='lat' dir='ltr'><strong>Castrum</strong></span> <span class='ocrx_word' id='word_1_653' title='bbox 983 4977 1197 5032; x_wconf 91' lang='lat' dir='ltr'><strong>quoque</strong></span> <span class='ocrx_word' id='word_1_654' title='bbox 1225 4960 1468 5028; x_wconf 84' lang='lat' dir='ltr'><strong>Mirabel,</strong></span> <span class='ocrx_word' id='word_1_655' title='bbox 1501 4971 1556 5017; x_wconf 88' lang='lat' dir='ltr'><strong>et</strong></span> <span class='ocrx_word' id='word_1_656' title='bbox 1583 4963 2124 5030; x_wconf 87' lang='lat' dir='ltr'><strong>Falconis-Montem;</strong></span> 
     </span>
    </p>
   </div>
   <div class='ocr_carea' id='block_1_96' title="bbox 553 5050 2130 5122">
    <p class='ocr_par' dir='ltr' id='par_1_96' title="bbox 553 5050 2130 5122">
     <span class='ocr_line' id='line_1_96' title="bbox 553 5050 2130 5122; baseline -0.001 -14"><span class='ocrx_word' id='word_1_657' title='bbox 553 5052 871 5108; x_wconf 83' lang='lat' dir='ltr'><strong>rebelliones</strong></span> <span class='ocrx_word' id='word_1_658' title='bbox 898 5051 1154 5106; x_wconf 90' lang='lat' dir='ltr'><strong>Danubrii</strong></span> <span class='ocrx_word' id='word_1_659' title='bbox 1195 5060 1251 5105; x_wconf 91' lang='lat' dir='ltr'><strong>et</strong></span> <span class='ocrx_word' id='word_1_660' title='bbox 1289 5050 1701 5122; x_wconf 83' lang='lat' dir='ltr'><strong>Asperimontis,</strong></span> <span class='ocrx_word' id='word_1_661' title='bbox 1746 5051 1974 5108; x_wconf 79' lang='lat' dir='ltr'><strong>firmatis</strong></span> <span class='ocrx_word' id='word_1_662' title='bbox 2004 5063 2130 5108; x_wconf 89' lang='lat' dir='ltr'><strong>ante</strong></span> 
     </span>
    </p>
   </div>
   <div class='ocr_carea' id='block_1_97' title="bbox 549 5140 2130 5214">
    <p class='ocr_par' dir='ltr' id='par_1_97' title="bbox 549 5140 2130 5214">
     <span class='ocr_line' id='line_1_97' title="bbox 549 5140 2130 5214; baseline -0.002 -15"><span class='ocrx_word' id='word_1_663' title='bbox 549 5142 666 5214; x_wconf 81' lang='lat' dir='ltr'><strong>ipsa</strong></span> <span class='ocrx_word' id='word_1_664' title='bbox 695 5150 876 5198; x_wconf 86' lang='lat' dir='ltr'><strong>castra</strong></span> <span class='ocrx_word' id='word_1_665' title='bbox 914 5140 1320 5206; x_wconf 87' lang='lat' dir='ltr'><strong>munitionibus,</strong></span> <span class='ocrx_word' id='word_1_666' title='bbox 1352 5140 1580 5194; x_wconf 89' lang='lat' dir='ltr'><strong>viriliter</strong></span> <span class='ocrx_word' id='word_1_667' title='bbox 1607 5141 1931 5211; x_wconf 88' lang='lat' dir='ltr'><strong>perdomuit.</strong></span> <span class='ocrx_word' id='word_1_668' title='bbox 1975 5141 2130 5212; x_wconf 85' lang='lat' dir='ltr'><strong>Apud</strong></span> 
     </span>
    </p>
   </div>
   <div class='ocr_carea' id='block_1_98' title="bbox 553 5229 2132 5302">
    <p class='ocr_par' dir='ltr' id='par_1_98' title="bbox 553 5229 2132 5302">
     <span class='ocr_line' id='line_1_98' title="bbox 553 5229 2132 5302; baseline -0.001 -15"><span class='ocrx_word' id='word_1_669' title='bbox 553 5229 736 5302; x_wconf 82' lang='lat' dir='ltr'><strong>Spinal</strong></span> <span class='ocrx_word' id='word_1_670' title='bbox 777 5231 972 5286; x_wconf 90' lang='lat' dir='ltr'><strong>turrim</strong></span> <span class='ocrx_word' id='word_1_671' title='bbox 1013 5246 1134 5300; x_wconf 71' lang='lat' dir='ltr'><strong>quae</strong></span> <span class='ocrx_word' id='word_1_672' title='bbox 1175 5230 1411 5285; x_wconf 86' lang='lat' dir='ltr'><strong>Moronis</strong></span> <span class='ocrx_word' id='word_1_673' title='bbox 1438 5229 1658 5296; x_wconf 90' lang='lat' dir='ltr'><strong>dicitur,</strong></span> <span class='ocrx_word' id='word_1_674' title='bbox 1689 5245 1719 5284; x_wconf 91' lang='lat' dir='ltr'><strong>a</strong></span> <span class='ocrx_word' id='word_1_675' title='bbox 1743 5231 1878 5285; x_wconf 90' lang='lat' dir='ltr'><strong>duce</strong></span> <span class='ocrx_word' id='word_1_676' title='bbox 1902 5245 2132 5300; x_wconf 90' lang='lat' dir='ltr'><strong>occupa-</strong></span> 
     </span>
    </p>
   </div>
   <div class='ocr_carea' id='block_1_99' title="bbox 554 5323 2132 5395">
    <p class='ocr_par' dir='ltr' id='par_1_99' title="bbox 554 5323 2132 5395">
     <span class='ocr_line' id='line_1_99' title="bbox 554 5323 2132 5395; baseline 0.001 -16"><span class='ocrx_word' id='word_1_677' title='bbox 554 5331 686 5390; x_wconf 79' lang='lat' dir='ltr'><strong>tam,</strong></span> <span class='ocrx_word' id='word_1_678' title='bbox 712 5325 911 5379; x_wconf 89' lang='lat' dir='ltr'><strong>virtute</strong></span> <span class='ocrx_word' id='word_1_679' title='bbox 941 5323 1144 5394; x_wconf 87' lang='lat' dir='ltr'><strong>recepit</strong></span> <span class='ocrx_word' id='word_1_680' title='bbox 1168 5324 1407 5395; x_wconf 88' lang='lat' dir='ltr'><strong>potenti;</strong></span> <span class='ocrx_word' id='word_1_681' title='bbox 1448 5332 1503 5378; x_wconf 89' lang='lat' dir='ltr'><strong>et</strong></span> <span class='ocrx_word' id='word_1_682' title='bbox 1534 5324 1703 5380; x_wconf 82' lang='lat' dir='ltr'><strong>multo</strong></span> <span class='ocrx_word' id='word_1_683' title='bbox 1729 5334 1851 5394; x_wconf 89' lang='lat' dir='ltr'><strong>post</strong></span> <span class='ocrx_word' id='word_1_684' title='bbox 1891 5333 2132 5395; x_wconf 85' lang='lat' dir='ltr'><strong>tempore</strong></span> 
     </span>
    </p>
   </div>
   <div class='ocr_carea' id='block_1_100' title="bbox 553 5415 2139 5486">
    <p class='ocr_par' dir='ltr' id='par_1_100' title="bbox 553 5415 2139 5486">
     <span class='ocr_line' id='line_1_100' title="bbox 553 5415 2139 5486; baseline 0.002 -18"><span class='ocrx_word' id='word_1_685' title='bbox 553 5424 791 5470; x_wconf 89' lang='lat' dir='ltr'><strong>castrum</strong></span> <span class='ocrx_word' id='word_1_686' title='bbox 819 5415 1066 5486; x_wconf 90' lang='lat' dir='ltr'><strong>superius</strong></span> <span class='ocrx_word' id='word_1_687' title='bbox 1092 5423 1313 5484; x_wconf 82' lang='lat' dir='ltr'><strong>prOpter</strong></span> <span class='ocrx_word' id='word_1_688' title='bbox 1335 5415 1700 5480; x_wconf 88' lang='lat' dir='ltr'><strong>insolentiam,</strong></span> <span class='ocrx_word' id='word_1_689' title='bbox 1733 5425 1787 5470; x_wconf 90' lang='lat' dir='ltr'><strong>et</strong></span> <span class='ocrx_word' id='word_1_690' title='bbox 1813 5415 2139 5471; x_wconf 84' lang='lat' dir='ltr'><strong>immodera-</strong></span> 
     </span>
    </p>
   </div>
   <div class='ocr_carea' id='block_1_101' title="bbox 557 5503 2134 5578">
    <p class='ocr_par' dir='ltr' id='par_1_101' title="bbox 557 5503 2134 5578">
     <span class='ocr_line' id='line_1_101' title="bbox 557 5503 2134 5578; baseline 0.005 -22"><span class='ocrx_word' id='word_1_691' title='bbox 557 5509 641 5557; x_wconf 84' lang='lat' dir='ltr'><strong>tos</strong></span> <span class='ocrx_word' id='word_1_692' title='bbox 663 5519 916 5561; x_wconf 87' lang='lat' dir='ltr'><strong>excessus</strong></span> <span class='ocrx_word' id='word_1_693' title='bbox 943 5505 1220 5569; x_wconf 89' lang='lat' dir='ltr'><strong>advocati,</strong></span> <span class='ocrx_word' id='word_1_694' title='bbox 1249 5503 1470 5573; x_wconf 89' lang='lat' dir='ltr'><strong>juvante</strong></span> <span class='ocrx_word' id='word_1_695' title='bbox 1500 5507 1674 5578; x_wconf 92' lang='lat' dir='ltr'><strong>ipsum</strong></span> <span class='ocrx_word' id='word_1_696' title='bbox 1701 5507 1837 5562; x_wconf 87' lang='lat' dir='ltr'><strong>duce</strong></span> <span class='ocrx_word' id='word_1_697' title='bbox 1865 5507 2134 5575; x_wconf 62' lang='lat' dir='ltr'><strong>Matthaeo,</strong></span> 
     </span>
    </p>
   </div>
   <div class='ocr_carea' id='block_1_102' title="bbox 555 5593 2140 5670">
    <p class='ocr_par' dir='ltr' id='par_1_102' title="bbox 555 5593 2140 5670">
     <span class='ocr_line' id='line_1_102' title="bbox 555 5593 2140 5670; baseline 0.006 -25"><span class='ocrx_word' id='word_1_698' title='bbox 555 5593 832 5649; x_wconf 87' lang='lat' dir='ltr'><strong>obsidione</strong></span> <span class='ocrx_word' id='word_1_699' title='bbox 868 5595 1062 5651; x_wconf 88' lang='lat' dir='ltr'><strong>clausit</strong></span> <span class='ocrx_word' id='word_1_700' title='bbox 1091 5604 1148 5651; x_wconf 90' lang='lat' dir='ltr'><strong>et</strong></span> <span class='ocrx_word' id='word_1_701' title='bbox 1171 5597 1333 5666; x_wconf 92' lang='lat' dir='ltr'><strong>cepit.</strong></span> <span class='ocrx_word' id='word_1_702' title='bbox 1361 5597 1430 5652; x_wconf 88' lang='lat' dir='ltr'><strong>Et</strong></span> <span class='ocrx_word' id='word_1_703' title='bbox 1458 5608 1585 5653; x_wconf 92' lang='lat' dir='ltr'><strong>tunc</strong></span> <span class='ocrx_word' id='word_1_704' title='bbox 1609 5598 1716 5652; x_wconf 79' lang='lat' dir='ltr'><strong>dux</strong></span> <span class='ocrx_word' id='word_1_705' title='bbox 1747 5597 1800 5652; x_wconf 91' lang='lat' dir='ltr'><strong>in</strong></span> <span class='ocrx_word' id='word_1_706' title='bbox 1831 5614 2140 5670; x_wconf 89' lang='lat' dir='ltr'><strong>recompen-</strong></span> 
     </span>
    </p>
   </div>
   <div class='ocr_carea' id='block_1_103' title="bbox 2228 4566 3688 4669">
    <p class='ocr_par' dir='ltr' id='par_1_103' title="bbox 2228 4566 3688 4669">
     <span class='ocr_line' id='line_1_103' title="bbox 2228 4566 3688 4669; baseline 0 -18"><span class='ocrx_word' id='word_1_707' title='bbox 2228 4566 2639 4667; x_wconf 64' lang='lat' dir='ltr'><strong>Habundanges,</strong></span> <span class='ocrx_word' id='word_1_708' title='bbox 2659 4595 2704 4650; x_wconf 89' lang='lat' dir='ltr'><strong>si</strong></span> <span class='ocrx_word' id='word_1_709' title='bbox 2725 4594 2861 4649; x_wconf 90' lang='lat' dir='ltr'><strong>alius</strong></span> <span class='ocrx_word' id='word_1_710' title='bbox 2879 4594 3001 4664; x_wconf 87' lang='lat' dir='ltr'><strong>quis</strong></span> <span class='ocrx_word' id='word_1_711' title='bbox 3023 4595 3182 4649; x_wconf 91' lang='lat' dir='ltr'><strong>homo</strong></span> <span class='ocrx_word' id='word_1_712' title='bbox 3203 4599 3375 4662; x_wconf 88' lang='lat' dir='ltr'><strong>potens</strong></span> <span class='ocrx_word' id='word_1_713' title='bbox 3400 4583 3580 4648; x_wconf 71' lang='lat' dir='ltr'><strong>adcl’lus</strong></span> <span class='ocrx_word' id='word_1_714' title='bbox 3600 4566 3688 4669; x_wconf 39' lang='lat' dir='ltr'><strong>inid</strong></span> 
     </span>
    </p>
   </div>
   <div class='ocr_carea' id='block_1_104' title="bbox 2228 4657 3693 4759">
    <p class='ocr_par' dir='ltr' id='par_1_104' title="bbox 2228 4657 3693 4759">
     <span class='ocr_line' id='line_1_104' title="bbox 2228 4657 3693 4759; baseline -0.014 -19"><span class='ocrx_word' id='word_1_715' title='bbox 2228 4686 2436 4751; x_wconf 86' lang='lat' dir='ltr'><strong>fuisset,</strong></span> <span class='ocrx_word' id='word_1_716' title='bbox 2476 4657 2804 4755; x_wconf 61' lang='lat' dir='ltr'><strong>episcopatui</strong></span> <span class='ocrx_word' id='word_1_717' title='bbox 2838 4657 3078 4754; x_wconf 76' lang='lat' dir='ltr'><strong>quotidie</strong></span> <span class='ocrx_word' id='word_1_718' title='bbox 3100 4657 3305 4754; x_wconf 75' lang='lat' dir='ltr'><strong>possent</strong></span> <span class='ocrx_word' id='word_1_719' title='bbox 3333 4672 3505 4732; x_wconf 88' lang='lat' dir='ltr'><strong>inferri,</strong></span> <span class='ocrx_word' id='word_1_720' title='bbox 3534 4657 3693 4759; x_wconf 43' lang='lat' dir='ltr'><strong>prcutit?</strong></span> 
     </span>
    </p>
   </div>
   <div class='ocr_carea' id='block_1_105' title="bbox 2229 4751 3694 4840">
    <p class='ocr_par' dir='ltr' id='par_1_105' title="bbox 2229 4751 3694 4840">
     <span class='ocr_line' id='line_1_105' title="bbox 2229 4751 3694 4840; baseline -0.025 -7"><span class='ocrx_word' id='word_1_721' title='bbox 2229 4787 2284 4832; x_wconf 90' lang='lat' dir='ltr'><strong>et</strong></span> <span class='ocrx_word' id='word_1_722' title='bbox 2321 4777 2546 4832; x_wconf 90' lang='lat' dir='ltr'><strong>solerter</strong></span> <span class='ocrx_word' id='word_1_723' title='bbox 2576 4789 2889 4840; x_wconf 89' lang='lat' dir='ltr'><strong>occurrens,</strong></span> <span class='ocrx_word' id='word_1_724' title='bbox 2929 4774 3032 4829; x_wconf 89' lang='lat' dir='ltr'><strong>sibi</strong></span> <span class='ocrx_word' id='word_1_725' title='bbox 3065 4789 3126 4828; x_wconf 91' lang='lat' dir='ltr'><strong>ac</strong></span> <span class='ocrx_word' id='word_1_726' title='bbox 3161 4771 3268 4826; x_wconf 87' lang='lat' dir='ltr'><strong>suis</strong></span> <span class='ocrx_word' id='word_1_727' title='bbox 3307 4769 3459 4837; x_wconf 88' lang='lat' dir='ltr'><strong>ipsum</strong></span> <span class='ocrx_word' id='word_1_728' title='bbox 3485 4751 3694 4824; x_wconf 73' lang='lat' dir='ltr'><strong>acquisivit</strong></span> 
     </span>
    </p>
   </div>
   <div class='ocr_carea' id='block_1_106' title="bbox 2229 4845 3643 4933">
    <p class='ocr_par' dir='ltr' id='par_1_106' title="bbox 2229 4845 3643 4933">
     <span class='ocr_line' id='line_1_106' title="bbox 2229 4845 3643 4933; baseline -0.004 -11"><span class='ocrx_word' id='word_1_729' title='bbox 2229 4866 2653 4929; x_wconf 89' lang='lat' dir='ltr'><strong>successoribus,</strong></span> <span class='ocrx_word' id='word_1_730' title='bbox 2685 4864 3009 4933; x_wconf 91' lang='lat' dir='ltr'><strong>domumque</strong></span> <span class='ocrx_word' id='word_1_731' title='bbox 3035 4863 3106 4918; x_wconf 92' lang='lat' dir='ltr'><strong>ibi</strong></span> <span class='ocrx_word' id='word_1_732' title='bbox 3131 4856 3391 4916; x_wconf 77' lang='lat' dir='ltr'><strong>mditieavit</strong></span> <span class='ocrx_word' id='word_1_733' title='bbox 3413 4845 3643 4933; x_wconf 45' lang='lat' dir='ltr'><strong>egregii?&quot;</strong></span> 
     </span>
    </p>
   </div>
   <div class='ocr_carea' id='block_1_107' title="bbox 2300 4929 3690 5025">
    <p class='ocr_par' dir='ltr' id='par_1_107' title="bbox 2300 4929 3690 5025">
     <span class='ocr_line' id='line_1_107' title="bbox 2300 4929 3690 5025; baseline -0.019 -14"><span class='ocrx_word' id='word_1_734' title='bbox 2300 4955 2601 5025; x_wconf 83' lang='lat' dir='ltr'><strong>Acquisivit</strong></span> <span class='ocrx_word' id='word_1_735' title='bbox 2627 4929 2977 5009; x_wconf 80' lang='lat' dir='ltr'><strong>nihilominus</strong></span> <span class='ocrx_word' id='word_1_736' title='bbox 3010 4953 3108 5007; x_wconf 89' lang='lat' dir='ltr'><strong>sibi</strong></span> <span class='ocrx_word' id='word_1_737' title='bbox 3137 4960 3188 5004; x_wconf 90' lang='lat' dir='ltr'><strong>et</strong></span> <span class='ocrx_word' id='word_1_738' title='bbox 3215 4944 3422 5019; x_wconf 90' lang='lat' dir='ltr'><strong>posteris</strong></span> <span class='ocrx_word' id='word_1_739' title='bbox 3447 4937 3538 5025; x_wconf 81' lang='lat' dir='ltr'><strong>suis</strong></span> <span class='ocrx_word' id='word_1_740' title='bbox 3558 4929 3690 5025; x_wconf 51' lang='lat' dir='ltr'><strong>iVefs‘</strong></span> 
     </span>
    </p>
   </div>
   <div class='ocr_carea' id='block_1_108' title="bbox 2232 5013 3689 5114">
    <p class='ocr_par' dir='ltr' id='par_1_108' title="bbox 2232 5013 3689 5114">
     <span class='ocr_line' id='line_1_108' title="bbox 2232 5013 3689 5114; baseline -0.014 -12"><span class='ocrx_word' id='word_1_741' title='bbox 2232 5013 2515 5114; x_wconf 77' lang='lat' dir='ltr'><strong>mnesperc</strong></span> <span class='ocrx_word' id='word_1_742' title='bbox 2565 5051 2620 5098; x_wconf 89' lang='lat' dir='ltr'><strong>et</strong></span> <span class='ocrx_word' id='word_1_743' title='bbox 2661 5043 3103 5100; x_wconf 81' lang='lat' dir='ltr'><strong>Radonis-villam</strong></span> <span class='ocrx_word' id='word_1_744' title='bbox 3157 5013 3354 5111; x_wconf 71' lang='lat' dir='ltr'><strong>[Forte,</strong></span> <span class='ocrx_word' id='word_1_745' title='bbox 3396 5020 3592 5091; x_wconf 73' lang='lat' dir='ltr'><strong>Racilch</strong></span> 
     </span>
    </p>
   </div>
   <div class='ocr_carea' id='block_1_109' title="bbox 2235 5101 3688 5206">
    <p class='ocr_par' dir='ltr' id='par_1_109' title="bbox 2235 5101 3688 5206">
     <span class='ocr_line' id='line_1_109' title="bbox 2235 5101 3688 5206; baseline -0.021 -14"><span class='ocrx_word' id='word_1_746' title='bbox 2235 5101 2408 5192; x_wconf 78' lang='lat' dir='ltr'><strong>strum</strong></span> <span class='ocrx_word' id='word_1_747' title='bbox 2436 5133 2683 5190; x_wconf 82' lang='lat' dir='ltr'><strong>Conflans</strong></span> <span class='ocrx_word' id='word_1_748' title='bbox 2713 5133 2985 5206; x_wconf 78' lang='lat' dir='ltr'><strong>[Conflans</strong></span> <span class='ocrx_word' id='word_1_749' title='bbox 3004 5149 3068 5188; x_wconf 91' lang='lat' dir='ltr'><strong>en</strong></span> <span class='ocrx_word' id='word_1_750' title='bbox 3094 5101 3316 5197; x_wconf 71' lang='lat' dir='ltr'><strong>Jarnisy]</strong></span> <span class='ocrx_word' id='word_1_751' title='bbox 3342 5123 3400 5178; x_wconf 88' lang='lat' dir='ltr'><strong>de</strong></span> <span class='ocrx_word' id='word_1_752' title='bbox 3423 5118 3548 5206; x_wconf 75' lang='lat' dir='ltr'><strong>firmo</strong></span> <span class='ocrx_word' id='word_1_753' title='bbox 3567 5101 3688 5206; x_wconf 47' lang='lat' dir='ltr'><strong>reddi;</strong></span> 
     </span>
    </p>
   </div>
   <div class='ocr_carea' id='block_1_110' title="bbox 2240 5194 3687 5295">
    <p class='ocr_par' dir='ltr' id='par_1_110' title="bbox 2240 5194 3687 5295">
     <span class='ocr_line' id='line_1_110' title="bbox 2240 5194 3687 5295; baseline -0.026 -12"><span class='ocrx_word' id='word_1_754' title='bbox 2240 5228 2317 5283; x_wconf 90' lang='lat' dir='ltr'><strong>dit</strong></span> <span class='ocrx_word' id='word_1_755' title='bbox 2343 5227 2573 5293; x_wconf 79' lang='lat' dir='ltr'><strong>firmius,</strong></span> <span class='ocrx_word' id='word_1_756' title='bbox 2597 5194 2878 5295; x_wconf 65' lang='lat' dir='ltr'><strong>ipsumque</strong></span> <span class='ocrx_word' id='word_1_757' title='bbox 2912 5223 3106 5294; x_wconf 88' lang='lat' dir='ltr'><strong>palatio</strong></span> <span class='ocrx_word' id='word_1_758' title='bbox 3137 5194 3687 5295; x_wconf 28' lang='lat' dir='ltr'><strong>nobilidccoravitlldem</strong></span> 
     </span>
    </p>
   </div>
   <div class='ocr_carea' id='block_1_111' title="bbox 2237 5288 3688 5379">
    <p class='ocr_par' dir='ltr' id='par_1_111' title="bbox 2237 5288 3688 5379">
     <span class='ocr_line' id='line_1_111' title="bbox 2237 5288 3688 5379; baseline -0.024 -3"><span class='ocrx_word' id='word_1_759' title='bbox 2237 5318 2597 5374; x_wconf 84' lang='lat' dir='ltr'><strong>cardinalibus</strong></span> <span class='ocrx_word' id='word_1_760' title='bbox 2622 5316 2897 5372; x_wconf 88' lang='lat' dir='ltr'><strong>Octaviani</strong></span> <span class='ocrx_word' id='word_1_761' title='bbox 2929 5312 3282 5370; x_wconf 58' lang='lat' dir='ltr'><strong>haeresiarchas</strong></span> <span class='ocrx_word' id='word_1_762' title='bbox 3306 5303 3534 5360; x_wconf 85' lang='lat' dir='ltr'><strong>civitatem</strong></span> <span class='ocrx_word' id='word_1_763' title='bbox 3550 5288 3688 5379; x_wconf 63' lang='grc' dir='ltr'><strong>Μθιιξη-</strong></span> 
     </span>
    </p>
   </div>
   <div class='ocr_carea' id='block_1_112' title="bbox 2239 5383 3682 5477">
    <p class='ocr_par' dir='ltr' id='par_1_112' title="bbox 2239 5383 3682 5477">
     <span class='ocr_line' id='line_1_112' title="bbox 2239 5383 3682 5477; baseline -0.001 -10"><span class='ocrx_word' id='word_1_764' title='bbox 2239 5426 2350 5467; x_wconf 90' lang='lat' dir='ltr'><strong>sem</strong></span> <span class='ocrx_word' id='word_1_765' title='bbox 2375 5425 2497 5464; x_wconf 92' lang='lat' dir='ltr'><strong>cum</strong></span> <span class='ocrx_word' id='word_1_766' title='bbox 2517 5409 2705 5463; x_wconf 85' lang='lat' dir='ltr'><strong>nuntio</strong></span> <span class='ocrx_word' id='word_1_767' title='bbox 2733 5407 3067 5476; x_wconf 88' lang='lat' dir='ltr'><strong>imperatoris</strong></span> <span class='ocrx_word' id='word_1_768' title='bbox 3092 5403 3216 5459; x_wconf 87' lang='lat' dir='ltr'><strong>satis</strong></span> <span class='ocrx_word' id='word_1_769' title='bbox 3242 5405 3465 5470; x_wconf 73' lang='grc' dir='ltr'><strong>ροιηνοεο</strong></span> 
     </span>
    </p>
   </div>
   <div class='ocr_carea' id='block_1_113' title="bbox 2238 5466 3682 5574">
    <p class='ocr_par' dir='ltr' id='par_1_113' title="bbox 2238 5466 3682 5574">
     <span class='ocr_line' id='line_1_113' title="bbox 2238 5466 3682 5574; baseline -0.013 -19"><span class='ocrx_word' id='word_1_770' title='bbox 2238 5509 2293 5555; x_wconf 90' lang='lat' dir='ltr'><strong>et</strong></span> <span class='ocrx_word' id='word_1_771' title='bbox 2339 5501 2542 5556; x_wconf 90' lang='lat' dir='ltr'><strong>clerum</strong></span> <span class='ocrx_word' id='word_1_772' title='bbox 2595 5466 2903 5553; x_wconf 75' lang='lat' dir='ltr'><strong>universum</strong></span> <span class='ocrx_word' id='word_1_773' title='bbox 2943 5497 3009 5551; x_wconf 91' lang='lat' dir='ltr'><strong>ad</strong></span> <span class='ocrx_word' id='word_1_774' title='bbox 3051 5466 3411 5550; x_wconf 45' lang='lat' dir='ltr'><strong>sacram-cntum</strong></span> <span class='ocrx_word' id='word_1_775' title='bbox 3450 5466 3682 5574; x_wconf 50' lang='grc' dir='ltr'><strong>οξκξξξξθίίίξῗ</strong></span> 
     </span>
    </p>
   </div>
   <div class='ocr_carea' id='block_1_114' title="bbox 2241 5558 3679 5666">
    <p class='ocr_par' dir='ltr' id='par_1_114' title="bbox 2241 5558 3679 5666">
     <span class='ocr_line' id='line_1_114' title="bbox 2241 5558 3679 5666; baseline -0.029 -14"><span class='ocrx_word' id='word_1_776' title='bbox 2241 5597 2380 5653; x_wconf 91' lang='lat' dir='ltr'><strong>idolo</strong></span> <span class='ocrx_word' id='word_1_777' title='bbox 2405 5609 2504 5651; x_wconf 87' lang='lat' dir='ltr'><strong>suo</strong></span> <span class='ocrx_word' id='word_1_778' title='bbox 2534 5593 2896 5666; x_wconf 61' lang='lat' dir='ltr'><strong>praestandum</strong></span> <span class='ocrx_word' id='word_1_779' title='bbox 2920 5602 3105 5662; x_wconf 87' lang='lat' dir='ltr'><strong>cogere</strong></span> <span class='ocrx_word' id='word_1_780' title='bbox 3128 5579 3415 5642; x_wconf 71' lang='lat' dir='ltr'><strong>volantibus,</strong></span> <span class='ocrx_word' id='word_1_781' title='bbox 3447 5559 3618 5622; x_wconf 77' lang='lat' dir='ltr'><strong>viriliter</strong></span> <span class='ocrx_word' id='word_1_782' title='bbox 3642 5558 3679 5598; x_wconf 76' lang='grc' dir='ltr'>ω</span> 
     </span>
    </p>
   </div>
   <div class='ocr_carea' id='block_1_115' title="bbox 628 5702 2526 5778">
    <p class='ocr_par' dir='ltr' id='par_1_115' title="bbox 628 5702 2526 5778">
     <span class='ocr_line' id='line_1_115' title="bbox 628 5702 2526 5778; baseline 0.003 -21"><span class='ocrx_word' id='word_1_783' title='bbox 628 5717 656 5746; x_wconf 75' lang='grc' dir='ltr'>ι</span> <span class='ocrx_word' id='word_1_784' title='bbox 702 5702 792 5759; x_wconf 79' lang='lat' dir='ltr'><strong>Vel</strong></span> <span class='ocrx_word' id='word_1_785' title='bbox 835 5705 992 5761; x_wconf 78' lang='lat' dir='ltr'><strong>Petra</strong></span> <span class='ocrx_word' id='word_1_786' title='bbox 1027 5716 1262 5778; x_wconf 70' lang='lat' dir='ltr'><strong>pertusa,</strong></span> <span class='ocrx_word' id='word_1_787' title='bbox 1304 5707 1726 5776; x_wconf 79' lang='lat' dir='ltr'><strong>Pierre-pcrcéc,</strong></span> <span class='ocrx_word' id='word_1_788' title='bbox 1766 5709 1798 5762; x_wconf 85' lang='grc' dir='ltr'><em>ὰ</em></span> <span class='ocrx_word' id='word_1_789' title='bbox 1841 5707 2040 5763; x_wconf 77' lang='lat' dir='ltr'><strong>l&#39;oricnt</strong></span> <span class='ocrx_word' id='word_1_790' title='bbox 2077 5709 2140 5764; x_wconf 83' lang='lat' dir='ltr'><strong>de</strong></span> <span class='ocrx_word' id='word_1_791' title='bbox 2173 5707 2526 5765; x_wconf 81' lang='lat' dir='ltr'><strong>Badonriller.</strong></span> 
     </span>
    </p>
   </div>
  </div>
