4018 6174
425 325 450 379 l
459 317 566 379 ωδ

1444 311 1833 369 CllRONICON
1882 310 2093 367 EPISC.
2138 309 2556 367 METENSIUM.

3548 315 3686 370 1474

421 434 562 488 facie
593 430 806 493 restitit,
851 431 1100 499 ipsosque
1135 427 1334 482 infecto
1363 442 1588 496 prorsus
1615 433 1835 495 propter
1859 425 2000 493 quod
2026 426 2078 486 Α
2103 423 2428 479 omnimodis
2445 423 2947 489 commendabilem,
2972 433 3024 477 et
3049 432 3158 478 tam
3179 424 3373 479 divinm
3398 441 3560 495 quain
3588 429 3689 484 hu-

423 529 681 577 venerant
706 520 939 590 negotio,
963 535 1086 572 cum
1110 519 1311 588 pudore
1333 527 1387 572 et
1406 516 1719 572 confusione
1740 515 2006 570 omnimo-

423 613 490 666 da
514 611 640 666 fecit
659 609 930 664 recedere.
958 608 1038 662 Ex
1062 623 1170 677 quo
1196 606 1312 675 ejus
1345 607 1484 662 facto
1521 605 1868 676 quamplures
1901 606 2003 660 im-

421 704 558 774 perii
594 702 840 758 civitates
883 700 1196 756 aemulanda:
1234 700 1484 764 virtutis,
1519 714 1720 768 eosque
1758 698 2008 753 similiter

423 792 828 856 contemnendi,
855 799 910 846 et
930 791 1234 861 exemplum
1259 799 1599 862 sumpserunt
1619 798 1676 846 et
1704 790 2004 845 audaciam.

497 883 647 938 Sedit
686 882 844 936 annis
868 881 901 936 9
924 890 979 936 et
1007 881 1038 933 7
1066 882 1344 936 mensibus
1377 882 1477 936 sub
1509 880 1766 950 pontiﬁce
1797 894 2008 936 summo

425 977 730 1031 Alexandro
753 974 837 1040 ll],
863 975 1158 1044 imperante
1175 974 1484 1041 Friderico;
1523 983 1577 1030 et
1607 982 1829 1044 propter
1861 973 2007 1044 peri-

425 1069 547 1124 cula
587 1084 706 1138 qua:
735 1083 802 1122 ex
831 1067 1122 1124 schismate
1155 1068 1334 1123 adhuc
1369 1067 1599 1123 durante
1635 1067 2006 1133 imminebant,

426 1159 496 1214 ad
512 1160 798 1215 sacerdotii
823 1159 1047 1229 gradum
1071 1169 1127 1214 et
1149 1161 1607 1216 consecrationem
1647 1159 2008 1230 pontiﬁcalem

425 1251 790 1306 conscendere
811 1249 1033 1314 veritus,
1065 1249 1271 1306 electus
1298 1258 1507 1306 tantum
1535 1259 1590 1306 et
1620 1251 1780 1306 levita
1798 1291 1813 1316 ,
1850 1251 2010 1306 tertio

425 1341 550 1396 ldus
585 1342 832 1413 Augusti,
873 1343 1012 1396 inter
1035 1350 1113 1397 tot
1138 1342 1280 1398 illius
1307 1341 1485 1414 magni
1511 1344 1819 1400 schismatis
1844 1343 2012 1399 turbi-

427 1448 527 1488 nes
551 1442 606 1486 et
626 1432 888 1504 procellas
909 1440 1062 1488 scuto
1085 1443 1325 1488 armatus
1348 1434 1492 1499 ﬁdei,
1518 1435 1812 1490 catholicus
1829 1435 2013 1490 deces-

423 1525 522 1579 sit.
561 1523 724 1593 Cujus
746 1525 1137 1595 sarcophagum
1163 1540 1195 1578 a
1222 1525 1404 1580 domni
1437 1526 1694 1596 Stephani
1720 1528 2014 1598 praedeces-

427 1613 570 1668 soris
591 1614 673 1668 sui
701 1621 756 1667 et
788 1615 966 1682 palmi
994 1614 1267 1685 sepultura
1289 1616 1442 1671 chori
1472 1625 1678 1672 tantum
1709 1618 1900 1673 dividit
1931 1619 2014 1672 in-

429 1705 646 1769 troitus,
674 1713 734 1760 ut
753 1721 888 1775 quos
915 1721 1068 1762 amor
1096 1715 1150 1762 et
1179 1709 1396 1779 sanguis
1424 1709 1478 1763 in
1503 1710 1611 1764 vita
1634 1709 2007 1779 conjunxerat,

429 1797 642 1852 modica
662 1807 717 1852 et
738 1798 794 1852 in
822 1806 994 1852 morte
1019 1808 1232 1868 separet
1258 1799 1498 1856 locorum
1521 1802 1796 1857 distantia.

505 1888 603 1944 llic
626 1890 896 1946 communi
917 1890 1237 1946 clericorum
1259 1892 1544 1960 electione,
1571 1903 1627 1949 et
1649 1903 1760 1950 tam
1781 1895 2013 1950 militum

431 1994 596 2048 quam
617 1980 814 2036 civium
839 1981 1122 2052 applausu,
1153 1998 1517 2038 successorem
1556 1985 1744 2041 habuit
1779 1985 2013 2042 nobilem

430 2071 609 2125 virum
629 2079 684 2125 et
710 2079 967 2140 perpetua
988 2073 1208 2140 dignum
1231 2074 1513 2140 memoria,
1541 2075 1797 2130 domnum
1835 2074 2020 2130 Fride-

430 2159 606 2214 ricum
638 2161 703 2215 de
731 2160 967 2230 Plujosa.
1007 2161 1107 2217 Hic
1135 2165 1292 2219 beato
1327 2163 1598 2234 Stephano
1621 2165 1830 2237 Anerey
1868 2179 1892 2208 α
1922 2181 2014 2221 ac-

429 2249 654 2322 quisivit
690 2265 706 2304 :
738 2251 826 2304 cui
869 2259 977 2306 tam
1015 2260 1173 2308 aetate
1212 2255 1483 2324 decrepita
1528 2271 1690 2324 quam
1734 2255 2017 2310 incurabili

431 2342 752 2412 aegritudine
778 2341 1066 2408 laboranti,
1102 2344 1194 2398 sed
1222 2360 1497 2414 nunquam
1517 2346 1728 2401 virilem
1753 2347 2015 2413 animum,

433 2449 709 2502 nunquam
731 2433 1129 2500 liberalitatem,
1152 2450 1423 2505 nunquam
1450 2437 1833 2502 curialitatem,
1859 2438 1945 2491 cui
1986 2454 2018 2492 a

431 2522 716 2577 cunabulis
754 2523 1116 2591 deservierat,
1165 2523 1474 2594 deponenti,
1516 2527 1718 2596 optime
1745 2525 1924 2581 divina
1964 2527 2018 2580 in

434 2611 538 2666 hoc
563 2612 795 2681 providit
815 2613 1110 2679 miseratio,
1137 2614 1280 2685 quod
1300 2614 1414 2685 ipse
1435 2631 1561 2670 suas
1583 2623 1637 2670 et
1665 2615 2019 2671 ecclesiarum

435 2702 539 2756 sibi
569 2703 977 2757 commissarum
1002 2712 1300 2774 potestates
1337 2705 1411 2759 ita
1440 2706 1784 2760 conservavit
1816 2706 2020 2760 indem-

439 2809 555 2857 nes,
580 2804 638 2847 ιιι
665 2794 867 2849 nullam
896 2796 996 2851 sub
1027 2797 1289 2867 regimine
1317 2796 1434 2866 ejus
1465 2797 1875 2853 diminutionem
1901 2798 2020 2853 nul-

437 2885 656 2955 lumque
676 2901 900 2955 prorsus
925 2887 1308 2942 detrimentum
1331 2889 1612 2942 sentirent.
1650 2887 1750 2942 Hic
1770 2903 1892 2942 cum
1918 2890 2020 2944 sub

434 2985 847 3046 pnemernorato
873 2977 1128 3046 pontiﬁce
1155 2992 1366 3033 summo
1390 2977 1710 3043 Alexandro,
1746 2979 2020 3036 Friderico

439 3065 756 3134 imperante,
793 3065 995 3122 electus
1024 3076 1232 3122 tantum
1265 3077 1319 3123 et
1353 3068 1514 3124 levita
1543 3079 1763 3139 propter
1795 3069 2017 3141 prmfata

439 3156 752 3211 schismatis
784 3158 1044 3227 pericula,
1085 3159 1293 3214 duobus
1321 3160 1478 3214 annis
1525 3169 1581 3214 et
1605 3161 1830 3216 totidem
1864 3177 2020 3216 men-

437 3248 592 3303 sibus
610 3249 854 3316 sedisset,
877 3266 909 3302 v
929 3249 1048 3304 Kal.
1077 3249 1326 3307 Octobris
1351 3253 1649 3308 catholicus
1677 3253 1929 3322 migravit
1953 3251 2021 3306 ad

441 3339 747 3396 Dominum.
792 3340 1044 3410 Sepultus
1070 3351 1153 3398 est
1177 3353 1355 3398 autem
1379 3345 1432 3399 in
1461 3346 1702 3400 oratorio
1729 3345 1872 3414 quod
1900 3359 2024 3398 san-

438 3431 515 3488 cti
546 3430 682 3486 Galli
713 3433 928 3498 dicitur,
968 3441 1093 3490 ante
1129 3435 1301 3490 altare
1341 3435 1504 3506 (sicut
1534 3437 1649 3506 ipse
1682 3436 1738 3490 in
1768 3434 2025 3490 extremis

442 3533 608 3590 agens
629 3521 948 3590 expetierat)
972 3523 1115 3576 beati
1136 3521 1359 3578 Joannis
1379 3524 1738 3594 evangelista.

516 3609 783 3666 Successit
805 3611 930 3665 huic
951 3611 1093 3666 ﬁlius
1114 3613 1266 3667 ducis
1282 3613 1643 3681 Lothoringia:
1662 3611 2026 3666 Theodericus

444 3700 918 3771 quinquagesimus
942 3701 1183 3770 quintus,
1214 3701 1367 3770 cujus
1399 3712 1553 3772 pater
1581 3702 1687 3756 dux
1724 3700 2022 3767 Matthzeus,

445 3790 626 3846 statim
671 3799 793 3860 post
840 3789 936 3844 ﬁlii
987 3791 1531 3854 inthronizationem,
1579 3799 1818 3846 castrum
1867 3805 2026 3844 suum

447 3877 650 3934 Surkes
678 3880 729 3944 δ,
755 3880 896 3949 quod
922 3877 1047 3946 jure
1076 3878 1252 3934 allodii
1285 3881 1534 3945 tenebat,
1566 3880 1724 3934 beato
1756 3877 2028 3949 Stephano

448 3969 671 4024 Metensi
699 3969 838 4024 facta
863 3969 1174 4025 solemniter
1200 3985 1360 4039 super
1385 3970 1553 4024 altare
1577 3969 1865 4024 donatione
1899 3983 2028 4023 con-

449 4059 592 4123 tulit,
617 4067 673 4114 et
695 4058 1067 4129 Spinalensem
1101 4059 1455 4123 advocatiam,
1495 4074 1656 4127 quam
1691 4059 1741 4113 ei
1779 4059 2028 4115 dominus

450 4148 756 4219 Stephanus
787 4149 1109 4214 contulerat,
1132 4149 1187 4203 in
1208 4147 1446 4216 ejusdem
1483 4147 1578 4202 ﬁlii
1620 4163 1836 4202 manum
1872 4147 2032 4216 depo-

449 4241 577 4304 suit,
617 4248 671 4294 et
701 4241 915 4310 penitus
951 4239 1198 4310 werpivit
1227 4248 1272 4292 ε.
1305 4237 1406 4293 llic
1429 4239 1619 4293 turrim
1646 4239 1700 4292 in
1730 4237 1907 4294 medio
1944 4253 2030 4293 ca-

447 4331 545 4386 stri
564 4331 896 4386 Luiemburc
908 4330 1008 4404 [Lu
1016 4332 1254 4403 zebourg,
1268 4341 1410 4386 entre
1426 4330 1692 4386 Phalzbou
1700 4347 1757 4400 rg
1775 4339 1821 4383 et
1842 4328 2032 4386 Saver-

2043 3115 2092 3178 Β

2105 529 2280 568 mana:
2308 513 2439 584 legis
2463 514 2694 582 peritum
2731 515 2966 585 egregie.
3007 514 3265 570 Senserat
3299 524 3353 570 et
3390 517 3524 587 ipse,
3561 534 3690 577 cum

2104 603 2412 659 Bremensis
2447 605 2860 668 esset‘electus,
2901 603 3193 658 Alexandri
3230 605 3293 658 lll
3325 607 3690 674 severitatem,

2105 694 2221 764 ejus
2242 709 2456 764 quoque
2485 695 2748 751 electione
2776 697 2876 751 sub
2898 711 3074 750 causae
3101 695 3260 764 hujus
3290 706 3551 766 praitextu
3581 715 3695 759 cas-

2105 796 2221 843 sata
2241 787 2311 841 ab
2335 786 2446 852 illo,
2472 787 2599 857 quia
2622 786 2798 843 fuerat
2819 787 2958 842 infra
2980 788 3198 842 ordines
3219 787 3510 844 celebrata.
3541 791 3695 858 Quod

2105 875 2276 945 magis
2297 875 2350 930 in
2373 876 2555 930 odium
2582 875 2844 931 Frideriei
2867 876 3227 946 imperatoris,
3250 877 3336 931 cui
3363 879 3476 947 ipse
3499 881 3696 936 clrarus

2107 967 2392 1021 admodum
2435 977 2489 1021 et
2539 966 2826 1022 familiaris
2869 977 3018 1033 erat,
3059 983 3222 1037 quam
3257 985 3442 1024 amore
3472 970 3698 1039 justitire
3747 1009 3752 1012 -

2108 1054 2310 1111 factum
2347 1057 2559 1126 publice
2595 1055 2738 1111 fama
2776 1058 3124 1127 praedicabat.
3168 1057 3282 1113 Sed.
3300 1057 3426 1113 felix
3455 1061 3508 1114 in
3539 1063 3696 1118 ruina

2108 1162 2228 1218 qua:
2264 1157 2549 1218 reparatur
2588 1149 2642 1204 in
2682 1150 2894 1204 melius.
2937 1149 3145 1206 Cecidit
3176 1151 3249 1206 ibi
3287 1160 3346 1206 ut
3381 1151 3576 1208 fortior
3612 1169 3699 1211 re—

2108 1248 2374 1308 surgeret.
2411 1240 2599 1294 Divina
2636 1241 2890 1296 nimirum
2923 1241 3029 1296 huc
3055 1255 3179 1296 eum
3212 1242 3383 1298 voluit
3412 1245 3695 1301 transferri

2109 1329 2396 1396 ordinatio,
2436 1340 2496 1386 ut
2533 1332 2622 1386 hic
2659 1331 2890 1403 amplius
2921 1332 3209 1402 proﬁceret
3241 1343 3298 1390 et
3332 1333 3568 1392 fructum
3606 1337 3702 1393 ha-

2109 1420 2263 1475 beret
2299 1421 2626 1476 uberiorem.

2180 1513 2307 1584 Ejus
2354 1515 2536 1586 itaque
2573 1515 2711 1586 apud
2749 1532 2850 1571 nos
2889 1515 3194 1573 rudimenta
3232 1526 3288 1572 et
3321 1532 3485 1587 opera
3523 1519 3697 1588 prima

2111 1607 2228 1662 hare
2265 1605 2503 1661 fuerunt.
2556 1608 2754 1663 Vincas
2791 1623 2918 1662 suas
2955 1608 3068 1664 fere
3104 1625 3292 1664 omnes
3339 1610 3702 1666 creditoribus

2113 1713 2144 1751 a
2169 1713 2268 1752 suo
2303 1699 2701 1768 praedecessore
2727 1701 3201 1770 expositas,citius
3221 1702 3437 1770 quidem
3475 1711 3530 1758 et
3576 1702 3702 1757 faci-

2040 1777 2088 1838 Β
2113 1791 2220 1847 lius
2256 1807 2416 1862 quam
2455 1793 2601 1847 credi
2641 1799 2734 1846 aut
2769 1793 2976 1862 sperari
3012 1802 3223 1863 posset,
3264 1793 3331 1848 ad
3383 1810 3601 1849 manurn
3647 1803 3704 1849 et

2115 1897 2356 1938 mensam
2395 1897 2546 1938 suam
2587 1883 2892 1947 revocavit,
2932 1890 2988 1936 et
3025 1883 3222 1937 curtim
3272 1883 3701 1938 Archansiacum

2115 1977 2394 2050 [Aryamy,
2429 1993 2496 2031 ou
2522 1975 2777 2049 Algancy]
2804 1991 2903 2046 pro
2930 1975 3035 2031 700
3057 1977 3210 2032 libris
3237 1978 3304 2032 ab
3329 1977 3518 2033 eodem
3567 1995 3690 2048 prae-

2117 2069 2400 2125 decessore
2423 2085 2523 2126 suo
2543 2069 2727 2124 comiti
2757 2069 2824 2124 de
2856 2069 3098 2124 Dasburc
3131 2070 3536 2140 oppigneratam
3555 2111 3570 2136 ,
3607 2085 3706 2139 per

2110 2159 2378 2228 justitiam
2415 2160 2750 2230 imperialem
2795 2168 2851 2213 et
2887 2160 3191 2230 principum
3225 2161 3547 2215 sententiam
3580 2176 3699 2230 pru-

2118 2255 2311 2310 denter
2344 2269 2408 2307 ac
2448 2253 2676 2308 viriliter
2716 2253 3076 2321 recuperavit.
3126 2251 3532 2322 Consequenter
3564 2252 3706 2322 apud

2119 2345 2310 2399 Vicum
2340 2342 2442 2414 [La
2465 2341 2582 2396 ville
2605 2342 2670 2395 de
2706 2339 2821 2413 Vic]
2875 2342 3110 2396 nobilem
3144 2341 3432 2396 rediﬁcavit
3463 2341 3704 2407 domum,

2118 2442 2174 2488 et
2197 2441 2434 2488 castrum
2464 2431 2692 2486 Bascurt
2720 2430 3076 2502 [.Bassecourt]
3104 2432 3208 2487 sibi
3237 2441 3291 2486 et
3324 2435 3556 2502 posteris
3593 2435 3708 2490 suis

2119 2522 2427 2592 acquisivit.
2468 2520 2576 2577 Nec
2611 2531 2695 2577 est
2719 2521 2936 2576 silentio
2967 2523 3400 2590 praetereundum
3426 2525 3569 2593 quod
3593 2525 3709 2594 ipse

2118 2629 2372 2684 processu
2396 2613 2672 2684 temporis,
2694 2620 2935 2667 castrum
2958 2611 3226 2682 quoddam
3249 2628 3280 2666 a
3303 2612 3585 2668 Waltrano
3613 2615 3710 2669 h0—

2119 2704 2264 2759 mine
2285 2704 2500 2760 comitis
2525 2703 2591 2758 de
2612 2701 2841 2757 Bascurt
2865 2717 2973 2757 non
2999 2701 3238 2772 procula
3262 2701 3519 2759 Saleburc
3540 2703 3711 2774 '[Sar-

2120 2795 2302 2868 bourg]
2343 2794 2646 2859 ﬁrmatum,
2679 2794 3011 2863 episcopatui
3044 2795 3099 2849 in
3131 2779 3379 2864 partibus
3414 2795 3521 2852 illis
3554 2796 3709 2852 valde

2119 2891 2390 2953 nocivum,
2429 2889 2483 2943 in
2522 2903 2683 2942 manu
2720 2889 2924 2956 potenti
2961 2895 3016 2942 et
3043 2887 3219 2942 valida
3257 2888 3544 2944 destruxit.

2190 2981 2286 3036 His
2335 2982 2407 3036 ita
2433 2996 2492 3036 se
2512 2981 2855 3044 habentibus,
2882 2988 2938 3034 et
2961 2980 3079 3050 ipso
3107 2996 3226 3050 quae
3245 2982 3412 3050 pacis,
3445 2997 3565 3051 quae
3595 2983 3718 3038 reli.

2121 3073 2325 3144 gionis,
2366 3081 2422 3128 et
2454 3087 2574 3141 qua:
2606 3070 2832 3140 justitize
2871 3078 3027 3136 sunt,
3064 3071 3301 3126 studiosa
3342 3081 3605 3128 tractante
3633 3073 3687 3127 di

2123 3163 2363 3233 ligentia,
2403 3178 2529 3217 ecce
2564 3170 2823 3231 tanquam
2862 3161 2915 3214 in
2955 3162 3172 3215 fornace
3205 3162 3423 3228 probari
3454 3177 3576 3216 eum
3607 3164 3708 3217 Do-

2125 3251 2303 3306 minus
2340 3251 2544 3314 volens,
2577 3259 2632 3303 et
2665 3250 2804 3303 inter
2831 3249 3014 3302 saeculi
3045 3247 3205 3316 hujus
3235 3249 3478 3304 turbines
3503 3259 3558 3305 et
3586 3266 3688 3321 pro

2125 3342 2288 3396 cellas
2313 3343 2566 3396 virtutem
2593 3338 2711 3408 ejus
2737 3338 3056 3403 clarescere,
3086 3339 3355 3407 insperata
3387 3339 3560 3408 ipsum
3590 3354 3712 3410 per-

2125 3433 2402 3486 sccutione
2435 3431 2502 3485 ad
2542 3438 2753 3500 tempus
2783 3428 3038 3500 ﬂagellari
3074 3429 3338 3499 permisit.
3392 3429 3526 3485 Cum
3562 3431 3712 3487 enim

2125 3521 2402 3576 dominum
2429 3521 2738 3575 Folmarum
2765 3519 3142 3574 Trevirensem
3173 3519 3423 3581 electum,
3447 3535 3477 3574 a
3498 3535 3713 3576 summo

2125 3613 2378 3684 pontiﬁce
2400 3611 2616 3668 Urbano
2648 3610 2709 3664 Ill
2741 3618 2925 3666 contra
2955 3609 3283 3663 voluntatem
3322 3609 3581 3665 Friderici
3615 3610 3706 3664 imo

2126 3703 2391 3772 peratoris
2436 3709 2845 3763 consecratum,
2894 3699 2959 3754 de
3005 3700 3175 3768 ipsius
3223 3700 3419 3754 summi
3469 3699 3715 3770 prmsulis

2127 3791 2410 3857 mandato,
2448 3791 2535 3847 cui
2568 3807 2667 3846 nec
2698 3791 2916 3855 debuit,
2952 3805 3051 3845 nec
3083 3805 3247 3845 ausus
3283 3789 3384 3844 fuit
3422 3791 3714 3857 contraire,

2131 3883 2438 3953 recepisset,
2476 3891 2532 3938 et
2571 3898 2691 3952 qua:
2726 3881 2957 3938 Caesaris
2991 3882 3211 3946 Caesari,
3240 3889 3295 3937 et
3318 3897 3438 3952 qua:
3467 3882 3562 3936 Dei
3589 3891 3711 3938 sunt

2129 3976 2239 4030 Deo
2255 3975 2478 4031 reddere
2490 3975 2733 4044 cupiens,
2752 3975 2987 4030 debitam
3009 3973 3320 4029 exhibuisse
3335 3974 3715 4040 reverentiam,

2127 4067 2196 4120 ad
2234 4065 2370 4119 iram
2401 4074 2456 4120 et
2487 4064 2908 4136 indignationem
2948 4063 3202 4134 princeps
3241 4063 3526 4127 incitatus,
3575 4063 3715 4119 bona

2127 4155 2245 4223 ejus
2269 4156 2519 4211 universa
2548 4154 2834 4211 conﬁscari
2863 4153 3008 4216 fecit,
3037 4162 3326 4223 totumque.
3351 4154 3717 4223 episcopatum

2131 4245 2423 4300 Metensem
2439 4259 2537 4315 per
2563 4243 2946 4300 ministeriales
2967 4259 3094 4298 suos
3116 4243 3170 4296 in
3193 4243 3320 4298 facti
3343 4243 3504 4312 hujus
3514 4243 3719 4299 vindic-

2130 4343 2242 4390 tam
2259 4335 2418 4389 sasiri
2441 4335 2492 4397 ἀ,
2523 4333 2680 4402 quasi
2707 4348 2928 4388 enorme
2955 4341 3008 4386 et
3037 4331 3410 4386 detestandum
3435 4342 3579 4387 esset
3606 4333 3720 4402 pia-

451 4425 538 4495 ne]
570 4424 749 4487 sitam,
791 4439 951 4492 quam
989 4432 1115 4478 tunc
1150 4425 1407 4494 temporis
1444 4438 1626 4478 comes
1663 4421 1730 4476 de
1768 4421 2026 4476 Salverna
2059 4457 2106 4518 ο
2131 4423 2310 4479 culum
2339 4437 2550 4478 summo
2573 4423 2793 4477 obedire
2821 4421 3098 4489 pontiﬁci,
3127 4429 3182 4474 et
3210 4421 3330 4490 plus
3352 4421 3519 4476 Deum
3543 4424 3716 4478 vereri

449 4511 788 4584 [Samerden]
817 4513 1048 4577 tenebat,
1081 4513 1183 4568 sibi
1210 4513 1429 4582 suisque
1458 4512 1882 4574 successoribus,
1912 4510 2027 4578 ipso

449 4601 646 4659 comite
677 4611 835 4670 capto
862 4602 1218 4670 recuperavit.
1250 4599 1400 4656 Sedit
1427 4601 1582 4654 annis
1607 4599 1640 4653 6
1661 4607 1714 4653 et
1737 4598 1895 4668 paulo
1915 4612 2029 4651 am-

448 4693 590 4763 plius
635 4693 734 4747 sub
779 4708 914 4762 papa
965 4693 1288 4757 Alexandro,
1329 4700 1384 4746 et
1420 4692 1694 4745 Friderico
1730 4692 2030 4760 imperante

450 4782 715 4837 avunculo
735 4799 852 4836 suo.
899 4781 999 4848 Qui
1023 4791 1076 4835 et
1105 4781 1208 4834 alia
1235 4783 1398 4836 armis
1424 4781 1583 4850 digna
1609 4780 1896 4850 gessisset,
1924 4777 2028 4833 nisi

450 4873 689 4942 ejusdem
716 4872 1006 4926 Alexandri
1034 4872 1098 4926 ιιι
1125 4888 1342 4927 manum
1371 4871 1628 4926 sensisset
1647 4870 1900 4935 validam,
1929 4883 2025 4924 sua

448 4967 520 5020 ob
544 4967 645 5020 hoc
681 4965 944 5019 electione
977 4971 1187 5019 cassata
1225 4963 1291 5018 ab
1330 4963 1442 5028 illo,
1473 4963 1596 5034 quia
1641 4961 1778 5016 infra
1811 4961 2029 5016 ordines

452 5054 630 5110 fuerat
651 5056 939 5110 celebrata.

521 5141 643 5207 llic,
671 5159 793 5197 cum
821 5144 1158 5212 episcopatus
1178 5157 1274 5212 per
1309 5153 1508 5196 annum
1544 5140 1657 5194 fere
1694 5149 1817 5210 post
1852 5140 2026 5210 ipsum

451 5244 720 5300 vacasset,
743 5250 884 5288 anno
908 5233 1114 5288 Domini
1154 5233 1288 5288 1180
1325 5233 1510 5287 habuit
1542 5247 1907 5287 successorem
1939 5233 2030 5287 do-

451 5323 658 5378 minum
685 5323 1041 5378 Bcrtrannum
1077 5323 1142 5378 de
1174 5323 1420 5378 Saxonis:
1450 5323 1694 5393 partibus
1720 5322 2025 5385 oriundum,

453 5417 657 5470 clarum
693 5415 910 5484 quidem
939 5429 1156 5486 genere,
1185 5424 1240 5470 et
1268 5417 1390 5470 vita:
1414 5431 1478 5470 ac
1506 5430 1716 5470 morum
1747 5415 2029 5470 honestate

527 5580 552 5638 ξι
589 5567 675 5621 Al.
705 5567 932 5638 Ennery.

525 5633 552 5671 ιι
595 5637 678 5690 Al.
714 5633 931 5706 Sycrcir.

531 5715 553 5744 ε
603 5706 854 5776 ll'erpr're,
887 5709 1207 5779 relinquere,
1237 5711 1454 5774 cedere;
1481 5711 1770 5778 aéguerprr.

2130 4529 2292 4582 quam
2319 4513 2612 4567 hominem.
2658 4510 2754 4566 His
2780 4511 2869 4564 ille
2897 4511 3124 4572 auditis,
3153 4525 3400 4578 persona:
3426 4527 3536 4566 sua:
3558 4512 3717 4567 saluti

2128 4606 2381 4675 przesidio
2416 4603 2576 4675 fugae,
2620 4612 2681 4658 ut
2702 4603 2836 4658 alter
2869 4602 3231 4667 Athanasius,
3267 4603 3581 4668 consulens,
3625 4605 3728 4658 nri-

2130 4694 2305 4764 gravit
2342 4691 2640 4760 Coloniam,
2678 4701 2731 4747 et
2773 4693 2824 4747 in
2857 4692 3082 4747 ecclesia
3116 4692 3288 4747 sancti
3316 4691 3597 4756 Cerconis,
3625 4696 3716 4748 ubi

2129 4783 2280 4852 prius
2300 4786 2592 4862 canonicus
2613 4785 2916 4848 exstiterat,
2935 4784 3047 4853 spei
3075 4799 3188 4850 sua;
3201 4783 3494 4838 anchoram
3519 4783 3713 4854 ﬁgens,

2131 4875 2204 4928 ibi
2231 4873 2458 4944 asylum,
2486 4875 2558 4929 ibi
2593 4891 2692 4945 pro
2718 4875 2909 4930 exsilio
2943 4874 3173 4944 patriam
3208 4874 3430 4929 invenit.
3475 4874 3577 4931 Ubi
3610 4892 3717 4930 non

2132 4963 2302 5018 solum
2323 4981 2352 5018 a
2375 4962 2654 5030 fratribus,
2675 4976 2729 5018 et
2744 4965 3166 5020 con-canonicis
3187 4966 3320 5029 suis,
3343 4981 3530 5020 verum
3550 4967 3716 5022 etiam

2133 5053 2202 5108 ab
2242 5055 2492 5108 universo
2524 5053 2826 5108 Coloniensi
2866 5053 3030 5118 clero,
3068 5061 3122 5108 et
3159 5054 3430 5124 praacipue
3458 5070 3487 5107 a
3520 5064 3711 5110 metro-

2133 5141 2370 5211 politano
2411 5142 2603 5197 illustri
2650 5142 2914 5213 Philippo,
2953 5150 3101 5196 tanta
3137 5158 3381 5212 persona:
3421 5153 3476 5199 et
3513 5145 3720 5200 meritis

2131 5231 2248 5299 ejus
2275 5233 2512 5301 praestita
2542 5233 2834 5297 veneratio,
2863 5241 3023 5287 tanta:
3052 5233 3337 5300 dejectioni
3366 5233 3482 5302 ejus
3511 5235 3714 5290 exhibi-

2134 5329 2201 5376 ta:
2227 5323 2648 5391 compassiones,
2678 5331 2862 5392 totque
2889 5325 3299 5379 necessitatibus
3327 5326 3439 5380 suis
3467 5341 3497 5379 a
3525 5325 3704 5380 libera-

2135 5414 2286 5469 litate
2325 5431 2512 5471 eorum
2535 5416 2728 5472 collata
2755 5417 3016 5484 subsidia,
3046 5426 3105 5471 ut
3130 5432 3252 5472 eum
3287 5417 3400 5472 fere
3441 5419 3626 5488 patria:
3662 5427 3712 5475 et

2206 5569 2356 5650 floAl.
2400 5571 2593 5636 saisiri,
2642 5570 2691 5626 id
2727 5580 2827 5632 est.
2870 5573 2984 5644 capi
3027 5581 3082 5628 et
3117 5571 3442 5638 conﬁscari;
3484 5573 3711 5646 gallica.

2137 5657 2310 5694 σαίρειν.
