4046 6172
412 313 442 366 1
456 314 554 367 4ἷό

1568 313 1880 370 ANONYMI
1919 312 2189 369 ΒΑΜ]οω
2236 314 2371 370 VIII.

3539 322 3564 375 I
3574 320 3681 379 4ῗῦ

415 430 618 485 reditus
652 428 705 483 in
743 428 934 485 exsilio
966 428 1206 485 facerent
1224 430 1487 486 oblivisci.
1527 430 1627 485 Cui
1658 446 1780 485 cum
1804 438 1995 484 exacto
2019 433 2071 494 Α
2096 437 2307 485 tensem
2324 428 2636 500 episcopum
2654 430 2985 499 unanimiter
3001 438 3087 487 est
3108 431 3423 488 translatus.
3444 434 3492 490 0
3508 435 3678 493 virum

416 520 651 582 biennio,
677 521 864 590 gratia:
888 519 1179 591 imperialis
1199 523 1463 577 serenitas
1482 522 1832 592 opitulatione
1853 522 1991 577 divi-

416 624 502 674 na,
531 609 817 678 multisque
832 616 941 662 tam
968 609 1268 680 principum
1293 625 1455 679 quam
1472 610 1698 665 aliorum
1727 609 1994 679 supplica-

417 701 651 756 tionibus
685 700 895 754 reddita
931 699 1142 766 fuisset,
1178 701 1340 755 rediit
1370 701 1585 756 tandem
1614 701 1683 755 ad
1709 700 1993 755 ecclesiam

415 806 592 855 suam,
620 790 712 844 diu
736 789 1068 844 desideratus
1090 788 1191 844 Job
1213 798 1415 855 noster,
1446 789 1541 845 sed
1565 790 1786 845 minime
1806 790 1873 844 ad
1901 788 1995 843 du-

414 879 574 951 plicia
615 880 914 934 restitutus.
960 877 1063 944 Qui
1102 879 1247 933 enim
1292 880 1476 934 vinum
1509 879 1564 934 in
1604 878 1853 942 cellariis,
1888 876 1997 931 fru-

417 978 657 1025 mentum
691 969 745 1022 in
783 968 1020 1032 horreis,
1057 969 1268 1038 aliaque
1297 970 1631 1025 abundanter
1659 970 1799 1024 bona
1826 968 1997 1023 disce—

416 1063 550 1117 dens
575 1061 882 1130 reliquerat,
912 1061 985 1115 ita
1013 1061 1069 1115 in
1098 1061 1273 1115 reditu
1305 1076 1404 1115 suo
1434 1069 1695 1116 evacuata
1723 1059 1903 1115 omnia
1939 1066 1996 1113 et

416 1152 631 1221 penitus
668 1153 931 1206 exhausta
967 1151 1201 1216 invenit,
1246 1161 1307 1205 ut
1346 1166 1534 1207 rursus
1577 1165 1699 1206 eum
1743 1150 1995 1206 reciriivis

417 1256 611 1297 vacare
648 1242 793 1298 curis
826 1252 883 1297 et
921 1242 1195 1298 laboribus
1222 1250 1529 1312 oporteret,
1566 1250 1622 1297 et
1654 1242 1724 1297 ad
1752 1242 1995 1297 omnium

415 1348 537 1403 qua:
559 1332 809 1388 humanis
842 1333 1142 1389 necessaria
1178 1342 1304 1388 sunt
1337 1334 1543 1397 usibus,
1584 1332 1994 1402 acquisitionem

417 1424 572 1494 quasi
594 1424 660 1480 de
684 1440 822 1479 novo
847 1426 1072 1496 accingi.
1105 1424 1269 1494 Cujus
1292 1426 1450 1481 annis
1467 1434 1525 1480 et
1543 1425 1751 1480 meritis
1767 1423 1893 1479 felix
1921 1423 1996 1480 di-

417 1516 544 1570 vina
568 1515 842 1571 miseratio
870 1517 1260 1572 incrementum
1283 1527 1539 1588 praestare
1569 1517 1821 1589 dignetur
1838 1556 1854 1582 ,
1894 1531 1997 1572 nec

417 1604 560 1661 desit
582 1605 676 1676 qui
704 1606 758 1659 in
781 1605 899 1661 loco
924 1614 980 1662 et
1006 1614 1244 1677 tempore
1271 1606 1551 1677 sequentia
1578 1603 1697 1673 dus
1714 1613 1866 1677 gesta
1884 1613 1996 1679 tra-

420 1695 516 1749 dat
539 1696 841 1764 annalibus,
869 1704 926 1752 et
949 1697 1015 1752 ad
1051 1696 1409 1768 cognitionem
1440 1697 1672 1754 transire
1706 1696 1868 1752 faciat
1900 1712 1997 1767 po-

420 1794 709 1843 διετοωῐιι.

796 1897 1199 1981 APPENDIX
1243 1918 1627 1983 SECUNDA.

767 2041 866 2104 Ad
910 2061 1139 2102 annum
1178 2042 1331 2102 1260
1375 2039 1657 2103 deducta.

2099 520 2454 577 ineﬂ‘abileml
2484 523 2578 593 qui
2605 522 2773 579 lorica
2815 522 3042 593 iustitiae
3065 523 3283 580 indutus
3302 564 3320 592 ,
3347 525 3538 597 clypeo
3555 542 3679 585 cou-

2099 613 2337 668 tinentia:
2364 615 2623 680 munitus,
2653 615 2804 687 galea
2826 618 3099 688 patientia:
3122 628 3422 690 protectus,
3443 628 3500 677 et
3516 624 3679 680 θηιὼ

2096 704 2360 760 virtutum
2385 706 2781 775 circumdatus,
2808 709 2991 766 mlius
3016 711 3102 767 sui
3131 713 3305 783 gratia
3334 716 3593 784 pascebat
3620 730 3680 774 se

2098 797 2360 862 videntes,
2392 800 2591 855 mellita
2616 802 2906 857 verborum
2932 818 3156 859 suorum
3184 805 3449 861 modestia
3469 822 3680 865 recrea-

2098 890 2192 945 bat
2211 891 2508 958 audientes,
2539 893 2832 949 humilibus
2855 895 3044 950 aderat
3062 895 3403 966 simplicitate
3425 898 3682 956 columbi-

2098 994 2190 1045 na,
2206 979 2504 1050 majoribus
2532 983 2727 1037 astutia
2756 985 3066 1054 serpentina
3095 985 3402 1052 assistebat,
3423 997 3479 1043 et
3502 997 3682 1059 tyran-

2099 1071 2185 1127 nis
2223 1069 2437 1128 feritate
2463 1072 2678 1129 leonina
2708 1075 3026 1131 resistebat!
3064 1075 3203 1131 Cum
3229 1085 3410 1133 autem
3438 1080 3494 1135 in
3523 1097 3681 1153 nego-

2099 1164 2191 1219 tiis
2209 1163 2464 1220 Metensis
2481 1165 2721 1221 ecclesiae
2739 1167 2953 1223 assidue
2969 1168 3242 1240 vigilaret,
3261 1169 3487 1227 illustris
3501 1186 3684 1228 comes

2097 1252 2167 1309 de
2204 1253 2453 1310 Dauborc
2490 1254 2842 1330 [Dagsboarg]
2886 1258 3031 1313 viam
3075 1259 3343 1314 universae
3384 1263 3564 1317 carnis
3597 1273 3684 1318 est

2099 1344 2391 1416 ingressus.
2420 1345 2585 1416 Cujus
2605 1347 2736 1414 ﬁlia,
2757 1364 2877 1419 qua:
2900 1349 3076 1406 haeres
3101 1351 3262 1407 unica
3286 1351 3343 1405 in
3367 1353 3683 1410 haereditate

2098 1442 2323 1504 paterna
2350 1444 2709 1504 successerat,
2748 1440 2815 1494 ab
2848 1439 2966 1511 ipso
3004 1440 3256 1512 episcopo
3284 1441 3551 1498 instanter
3586 1459 3683 1516 po-

2096 1527 2338 1593 stulavit,
2373 1536 2434 1583 ut
2473 1529 2690 1585 feodum
2721 1530 2825 1586 sibi
2864 1532 3144 1598 redderet,
3183 1535 3328 1604 quod
3362 1543 3519 1607 pater
3552 1552 3684 1594 suus

2098 1618 2168 1674 de
2208 1618 2433 1677 letensi
2479 1621 2733 1694 episcopo
2774 1632 3047 1691 tenuerat;
3071 1626 3218 1696 quod
3252 1627 3537 1699 φίεεοριιε
3579 1630 3681 1700 ἱραί

2100 1711 2356 1778 reddidit,
2386 1727 2494 1769 non
2527 1714 2646 1770 sine
2681 1714 2975 1771 multorum
3009 1716 3268 1781 nobilium
3296 1719 3683 1789 supplicatione

2028 1771 2076 1835 ⁸
2099 1771 2364 1874 “mea
2386 1821 2401 1858 =
2423 1771 3683 1882 manumanus-ausus;

2100 1893 2217 1948 sine
2241 1894 2455 1949 hatrede
2482 1895 2685 1966 proprii
2705 1897 2948 1967 corporis
2966 1937 2982 1964 ,
3010 1899 3151 1954 mori
3178 1900 3539 1972 conﬁngeret,
3570 1903 3685 1958 feo-

2100 1985 2229 2039 dum
2260 1985 2435 2055 ipsum
2470 1986 2539 2041 ad
2568 1985 2859 2042 Metensem
2886 1988 3173 2044 ecclesiam
3204 1989 3362 2060 pleno
3384 1990 3509 2060 jure
3542 1993 3686 2049 redi—

2102 2082 2206 2139 ret,
2235 2075 2543 2131 conditione
2573 2078 2760 2132 eadem
2781 2078 2970 2149 sigillis
2989 2074 3313 2138 authimticis
3331 2086 3682 2151 communita,

490 2165 619 2220 Post
642 2164 917 2219 dominum
944 2160 1304 2218 Bertrannum
1328 2160 1497 2217 felicis
1518 2162 1813 2228 memoria),
1834 2161 2000 2217 subli-
2098 2171 2156 2219 et
2185 2164 2287 2219 fide
2314 2165 2531 2220 testium
2556 2166 2765 2236 pariter
2791 2168 3064 2224 roborata.
3097 2170 3206 2226 Sed
3231 2187 3354 2227 cum
3378 2175 3569 2230 eadem
3594 2190 3688 2231 co-

419 2262 597 2310 matus
615 2252 772 2308 estin
789 2252 1099 2322 episcopum
1120 2250 1414 2306 Metensem
1443 2252 1670 2307 domnus
1696 2250 1997 2317 Conradus,
2100 2255 2311 2311 mitissa
2348 2256 2465 2312 sine
2501 2257 2715 2313 hmrede
2747 2258 2953 2329 proprii
2990 2261 3266 2330 corporis,
3304 2262 3517 2317 ecculm
3553 2279 3688 2334 quo-

419 2347 504 2402 vir
530 2345 745 2416 quidem
775 2353 1059 2408 strenuus,
1087 2358 1155 2398 ex
1186 2343 1600 2398 Teutonicorum
1629 2344 1883 2415 progenie
1908 2359 1999 2399 or-
2101 2344 2226 2400 dam
2253 2346 2346 2402 Dei
2363 2344 2568 2414 judicio
2594 2348 2940 2415 decessisset,
2989 2351 3218 2406 domnus
3256 2353 3533 2410 Walterus
3573 2355 3688 2411 dux

424 2447 537 2493 tum
557 2437 780 2502 ducens,
808 2434 989 2489 clarus
1012 2433 1291 2505 sanguine,
1315 2433 1411 2488 sed
1429 2432 1659 2488 nobilior
1678 2432 1919 2489 moribus
1944 2442 2003 2489 et
2101 2435 2171 2491 de
2203 2435 2488 2502 Lemborc,
2536 2453 2720 2494 comes
2758 2437 3208 2511 Lucelburgensis
3248 2440 3685 2520 [Larentbourg],

419 2529 653 2605 virtute,
681 2536 738 2583 et
761 2528 904 2582 inter
938 2527 1210 2597 principes
1246 2526 1457 2597 imperii
1496 2535 1778 2583 venustate
1818 2541 2002 2598 perso-
2099 2536 2158 2581 ct
2179 2526 2331 2582 multi
2358 2527 2446 2582 alii
2474 2528 2683 2584 nobiles
2713 2538 2770 2585 et
2801 2531 3132 2600 potentiores
3165 2533 3233 2588 de
3274 2533 3520 2605 imperio,
3556 2550 3687 2591 cou-

421 2602 530 2675 naii
559 2627 616 2674 et
640 2619 883 2688 corporis
920 2617 1185 2688 elegantia
1218 2616 1521 2673 decoratus.
1552 2616 1655 2672 Hic
1682 2618 1846 2672 etiam
1883 2615 2004 2687 Spi-
2101 2616 2380 2687 sanguinei
2408 2616 2547 2688 ejus,
2569 2632 2635 2674 ac
2658 2617 2933 2685 fautores,
2961 2627 3138 2677 castra
3158 2637 3278 2692 qua:
3297 2602 3454 2678 erant
3480 2624 3546 2679 de
3571 2624 3688 2681 feo-

424 2709 599 2765 rensis
625 2709 923 2778 episcOpus,
952 2714 1009 2762 et
1034 2706 1328 2778 imperialis
1354 2706 1488 2761 aula:
1515 2707 1887 2773 cancellarius,
1909 2723 2004 2765 ne—
2101 2708 2172 2764 do
2195 2707 2451 2778 przedicto
2467 2746 2484 2774 ,
2507 2723 2632 2763 cum
2656 2722 2846 2764 eorum
2871 2710 3215 2781 pertinentiis
3242 2715 3492 2784 nequiter
3519 2716 3686 2772 sasie-

422 2799 567 2870 gotia
596 2799 808 2870 imperii
840 2807 1090 2869 tanquam
1117 2799 1354 2869 prudens
1372 2806 1427 2854 et
1446 2798 1617 2854 ﬁdelis
1644 2799 1997 2870 dispensator,
2103 2807 2250 2866 runt,
2276 2813 2344 2854 ea
2373 2814 2485 2856 sua:
2511 2799 2702 2855 ditioni
2729 2815 2993 2870 usurpare
3010 2841 3027 2866 ,
3055 2810 3110 2857 at
3140 2803 3375 2858 retinere
3401 2804 3455 2860 in
3493 2819 3689 2875 perpe-

422 2888 588 2946 animi
615 2890 938 2946 discretione
984 2890 1293 2945 fidelitatem
1320 2891 1489 2962 ipsius
1515 2892 1844 2958 comitante,
1869 2892 2003 2947 adeo
2105 2899 2258 2945 tuum
2300 2897 2492 2946 contra
2513 2889 2754 2946 debitum
2789 2892 3115 2947 conditionis
3152 2893 3425 2964 pralicta:
3463 2895 3690 2951 molien-

421 2981 758 3052 procuravit,
808 2981 950 3050 quod
990 2980 1045 3034 in
1084 2980 1283 3035 talento
1324 2980 1425 3036 sibi
1465 2981 1671 3036 credito
1709 2981 1862 3052 pigre
1896 2996 2002 3036 non
2106 2990 2225 3037 tes:
2250 2982 2448 3053 quibus
2473 2982 2779 3053 episcopus,
2806 2983 2898 3053 qui
2925 2982 3134 3038 virilem
3160 2994 3215 3039 et
3243 2983 3436 3040 fortem
3464 2988 3689 3059 gerebat

423 3070 723 3134 dormiens,
755 3070 847 3125 sed
879 3069 1106 3124 sollicite
1132 3068 1385 3141 vigilans,
1417 3069 1633 3124 domino
1666 3084 1764 3125 suo
1790 3069 2002 3140 plenam
2027 3105 2078 3170 ο
2107 3072 2368 3139 animum,
2394 3073 2487 3144 qui
2509 3088 2612 3130 nec
2636 3074 2993 3131 extollebatur
3032 3075 3085 3129 in
3124 3077 3420 3147 prosperis,
3456 3094 3556 3135 nec
3596 3080 3692 3135 de-

424 3163 493 3221 de
529 3180 595 3220 eo
630 3166 803 3235 potuit
831 3165 1055 3220 reddere
1089 3164 1381 3228 rationem,
1424 3164 1480 3219 in
1519 3165 1761 3234 requiem
1791 3164 2003 3219 Domini

424 3256 507 3312 sui
535 3270 657 3309 cum
681 3257 874 3326 gaudio
900 3256 1258 3326 ingressurus.

494 3346 612 3417 Ipse
660 3345 909 3417 equidem
949 3345 1199 3399 decorem
1244 3345 1436 3401 domus
1478 3346 1689 3401 Domini
1732 3354 1790 3401 et
1829 3345 2006 3401 locum

422 3432 541 3502 ejus
561 3434 910 3489 habitationis
931 3433 1175 3505 diligens,
1204 3433 1493 3489 Metensem
1512 3436 1797 3491 ecclesiam
1819 3435 2008 3506 exqui-

425 3525 546 3580 sitis
584 3523 917 3578 ornamentis
960 3523 1254 3578 decoravit.
1307 3523 1367 3578 In
1404 3523 1529 3578 villa
1566 3525 1633 3580 de
1672 3526 1822 3590 Vico,
1863 3524 2007 3596 quod

429 3624 556 3671 tunc
586 3615 796 3669 firmata
834 3615 1128 3669 munimine
1164 3614 1345 3684 aliquo
1381 3615 1601 3670 minime
1638 3615 2005 3680 claudebatur,

424 3714 666 3761 castrum
688 3704 863 3759 nobile
882 3719 1162 3760 murorum
1187 3713 1244 3759 et
1271 3706 1499 3760 turrium
1529 3705 1804 3761 altitudine
1823 3705 2008 3760 firma-

425 3796 524 3850 vit.
572 3795 641 3849 Et
680 3794 807 3850 licet
847 3795 914 3850 ad
952 3796 1166 3865 negotia
1202 3795 1415 3866 imperii
1450 3795 1553 3851 sibi
1588 3797 1871 3852 commissa
1910 3811 2008 3866 pro

429 3886 663 3943 maxima
699 3893 852 3954 parte
889 3885 1149 3954 temporis
1186 3886 1523 3951 traheretur,
1576 3901 1677 3942 nec
1727 3896 1910 3957 posset
1954 3889 2009 3943 in

429 3972 654 4027 Metensi
683 3972 921 4036 dimcesi,
956 3974 1059 4028 nisi
1092 3988 1220 4028 raro
1253 3982 1309 4029 et
1346 3975 1555 4030 modice
1591 3990 1746 4030 suam
1776 3992 2009 4046 praesen-

428 4060 560 4115 tiain
586 4059 866 4125 exhibere,
892 4068 1075 4116 tamen
1102 4062 1157 4117 in
1180 4061 1298 4131 ejus
1320 4064 1581 4129 absentia,
1603 4063 1747 4119 fama
1771 4065 2009 4135 probita-

429 4150 522 4215 tis.
567 4149 918 4221 providentiae
958 4158 1014 4205 et
1056 4150 1276 4206 virtutis
1314 4150 1430 4220 ejus
1475 4152 1762 4220 militante,
1807 4163 2009 4213 terram

427 4239 770 4313 episcopatus
796 4239 1051 4297 Metensis
1084 4250 1275 4297 contra
1311 4240 1482 4299 fortes
1512 4251 1569 4299 et
1596 4244 1803 4301 nobiles
1831 4254 1887 4302 et
1915 4262 2010 4318 po-

430 4337 609 4385 tentes
625 4329 853 4385 viriliter
869 4332 1124 4402 protexit,
1145 4340 1201 4387 et
1220 4331 1459 4388 defendit
1477 4341 1732 4405 tanquam
1750 4352 2007 4408 persons,

2105 3165 2440 3235 primebatur
2459 3165 2513 3220 in
2532 3165 2795 3232 adversis,
2816 3167 3098 3236 prudentia
3119 3183 3272 3223 suam
3295 3171 3688 3226 concomitante

2104 3255 2395 3325 potentiam
2414 3295 2430 3320 ,
2463 3262 2713 3326 potenter
2745 3258 3006 3313 resistens
3039 3266 3096 3312 et
3125 3267 3401 3329 patenter,
3440 3259 3495 3314 in
3531 3259 3688 3331 longo

2106 3346 2770 3417 guerrarum‘discrimine
2789 3386 2805 3412 ,
2838 3347 2893 3402 in
2921 3363 3197 3404 armorum
3239 3351 3468 3421 strepitu
3486 3391 3504 3418 ,
3543 3351 3690 3424 laby-

2108 3435 2290 3491 rintho
2308 3448 2668 3508 expensam
2698 3438 2880 3494 tandiu
2909 3439 3175 3496 indefesse
3206 3441 3497 3509 insudavit,
3545 3444 3689 3515 quod

2107 3528 2288 3584 divina
2311 3531 2676 3600 providentia,
2705 3547 2825 3602 quae
2850 3534 2904 3589 in
2932 3535 3014 3590 sui
3038 3535 3389 3606 dispositione
3417 3552 3523 3592 non
3552 3536 3693 3593 falli-

2108 3627 2232 3686 tur,
2278 3621 2359 3677 rei
2399 3621 2604 3678 exitum
2641 3627 2998 3696 prosperavit.
3043 3626 3179 3683 Nam
3226 3628 3366 3683 idem
3407 3629 3693 3700 episcopus

2107 3711 2422 3767 comitatum
2449 3712 2763 3782 Metenscm,
2789 3725 2847 3772 et
2870 3727 3104 3789 quatuor
3130 3728 3310 3775 castra
3339 3720 3562 3787 nobilia,
3589 3719 3692 3778 Sa-

2109 3800 2305 3856 raborc
2348 3802 2629 3870 videlicet,
2672 3805 2863 3862 Albam
2908 3806 3255 3882 [Ser-alba],
3302 3810 3691 3881 'l‘urquestein,

2108 3901 2165 3946 et
2190 3892 2439 3950 Arestein
2458 3935 2473 3959 ,
2506 3911 2626 3967 quae
2653 3908 2811 3953 erant
2832 3896 2900 3955 de
2924 3897 3080 3956 feodo
3106 3902 3363 3972 przedicto
3382 3944 3398 3969 ,
3428 3918 3553 3958 cum
3576 3905 3692 3960 suis

2110 3983 2438 4052 appendiciis
2475 3987 2783 4056 acquisivit,
2806 3997 2861 4044 et
2899 3988 3120 4046 Metensi
3157 3991 3398 4048 ecclesiae
3428 4004 3694 4065 perpetuo

2109 4072 2336 4127 contulit
2377 4075 2719 4145 possidenda.
2760 4078 2818 4133 ln
2852 4095 3084 4150 quorum
3123 4082 3474 4151 acquisitione
3502 4084 3586 4154 (ut
3623 4084 3693 4139 de

2110 4172 2413 4220 castrorum
2452 4167 2762 4226 fortitudine
2791 4179 2848 4227 et
2883 4173 3191 4228 amoenitate
3236 4173 3474 4230 locorum
3509 4183 3693 4231 tacea-

2110 4261 2242 4325 tur),
2276 4266 2567 4326 proventus
2590 4260 2932 4332 episcopatus
2959 4263 3041 4318 sui
3080 4263 3401 4335 duplicavit;
3435 4274 3493 4321 et
3542 4266 3690 4321 insu-

2109 4362 2209 4416 per
2228 4349 2560 4406 advocatiam
2587 4353 2654 4409 de
2682 4352 2898 4420 Marsal,
2921 4356 2975 4411 in
2995 4373 3100 4427 qua
3124 4357 3293 4414 multo
3312 4358 3432 4431 plus
3455 4360 3689 4415 habebat

428 4427 488 4473 et
534 4418 811 4474 rebellium
848 4421 1161 4477 violentiam
1191 4437 1319 4478 cum
1356 4425 1544 4490 armis,
1583 4436 1694 4480 tum
1723 4428 2004 4498 prudentia

2114 4439 2402 4495 advocatus
2422 4457 2583 4511 quam
2607 4418 2997 4517 dominus,va
3012 4418 3335 4518 quibusdam
3352 4449 3546 4517 vineis,
3567 4467 3690 4521 quae

429 4510 698 4580 sagaciter
724 4509 1035 4567 refrenavit.
1075 4513 1232 4568 Anno
1259 4514 1423 4585 igitur
1458 4517 1804 4587 pontificatus
1830 4521 1914 4579 sui
1946 4522 2011 4578 i3

433 4601 598 4653 vitam
626 4597 855 4655 feliciter
879 4600 1079 4667 finivit,
1111 4612 1167 4659 et
1191 4605 1246 4659 in
1276 4607 1444 4662 choro
1469 4605 1738 4679 Spirensis
1773 4612 2013 4668 ecclesia:

431 4690 712 4761 sepelitur.

503 4779 643 4836 Huic
671 4783 932 4838 successit
951 4784 1123 4840 frater
1142 4785 1344 4841 domini
1365 4787 1756 4859 Asperimontis
1766 4793 2013 4851 dominus

430 4869 686 4938 Joannes,
714 4887 876 4943 quem
904 4873 1036 4930 clari
1059 4877 1335 4946 sanguinis
1362 4882 1694 4948 generositas
1719 4884 2012 4941 decorabat

432 4960 694 5026 exterius,
714 4970 771 5016 et
788 4976 1000 5018 morum
1027 4968 1264 5036 gravitas
1287 4968 1513 5026 interius
1539 4972 1861 5029 illustrabat.
1907 4974 2011 5043 Qui

432 5065 559 5105 cum
600 5057 744 5126 esset
775 5052 830 5106 in
858 5050 989 5108 ﬂore
1012 5053 1310 5122 juventutis
1345 5074 1456 5115 sua:
1490 5064 1827 5129 constitutus,
1873 5067 2013 5122 citra

436 5154 629 5207 annos,
656 5141 748 5211 qui
773 5141 828 5196 in
850 5142 1201 5202 electionibus
1234 5149 1610 5222 episcoporum
1639 5155 2008 5224 requiruntur,

436 5229 780 5285 immaculata
805 5232 923 5300 ejus
958 5233 1070 5287 vita
1103 5235 1372 5292 defectum
1410 5243 1583 5296 aetatis
1614 5241 1670 5296 in
1704 5257 1770 5298 eo
1805 5244 2014 5315 plenius

408 5320 737 5390 ‘supplente,
785 5320 916 5376 cieri
959 5326 1277 5392 concordia,
1305 5336 1362 5382 et
1398 5327 1582 5385 latitia
1601 5333 1782 5402 populi
1807 5335 2015 5404 pariter

439 5409 743 5475 accedente,
782 5421 1088 5482 assumptus
1125 5423 1210 5470 est
1257 5415 1314 5470 in
1354 5419 1664 5491 episcopum
1711 5423 2013 5480 Virdunen-

439 5515 587 5564 sem;
615 5502 705 5556 ubi
734 5504 799 5557 de
828 5504 915 5557 die
952 5504 1007 5558 in
1040 5505 1211 5568 diem,
1242 5508 1308 5562 de
1342 5509 1482 5565 bono
1522 5512 1576 5566 in
1615 5512 1814 5568 bonum
1849 5516 2016 5586 proii-

438 5599 607 5663 ciens,
635 5599 713 5653 sic
755 5602 1087 5657 continuavit
1123 5613 1179 5659 et
1199 5605 1351 5660 auxit
1375 5620 1486 5662 suae
1509 5605 1708 5664 famam
1735 5611 2009 5679 bonitatis,

458 5689 582 5745 1uoci
608 5704 676 5748 ex
704 5695 897 5749 merito
924 5712 1032 5753 sua:
1064 5699 1317 5754 bonitatis
1344 5708 1504 5773 atque
1526 5704 1783 5772 actionis,
1810 5704 1864 5761 in
1901 5705 2010 5762 Me-

2111 4537 2267 4584 erant
2292 4531 2487 4587 modici
2510 4532 2712 4589 valoris
2739 4535 2792 4589 in
2823 4549 3090 4607 respectu,
3119 4541 3475 4609 permutavit;
3500 4542 3555 4595 in
3577 4557 3688 4612 quo

2110 4621 2276 4675 etiam
2303 4624 2662 4681 conditionem
2698 4626 2939 4684 ecclesia!
2961 4644 3073 4685 suae
3101 4630 3231 4687 fecit
3256 4633 3541 4688 admodum
3574 4649 3692 4689 me—

2111 4711 2318 4768 liorem.

2180 4802 2315 4859 Cum
2338 4820 2467 4862 vero
2494 4806 2609 4863 hmc
2636 4807 2738 4863 sibi
2767 4823 3023 4880 prospere
3046 4814 3433 4869 successissent
3451 4856 3464 4879 ,
3491 4824 3547 4870 et
3571 4814 3689 4884 jam

2111 4893 2260 4951 locus
2282 4907 2427 4952 esset
2449 4899 2850 4968 tranquillitatis
2866 4909 2925 4979 [et
2946 4903 3114 4971 pacis,
3142 4902 3393 4960 inimicus
3419 4905 3580 4962 homo
3605 4922 3693 4962 se-

2111 4986 2337 5041 minavit
2360 4988 2654 5054 zizaniam,
2692 5005 2757 5046 ac
2786 4992 2928 5046 inter
2962 4993 3136 5061 ipsum
3173 5002 3227 5049 et
3254 4996 3399 5051 cives
3423 5010 3553 5052 suos
3580 4996 3691 5051 IIe-

2112 5084 2289 5130 tenses
2330 5085 2536 5145 pestem
2576 5079 2857 5135 discordia:
2900 5082 3180 5137 suscitavit
3224 5100 3238 5135 :
3283 5085 3429 5138 cives
3469 5085 3689 5154 quidem

2109 5164 2380 5235 praadicti,
2421 5167 2489 5222 de
2516 5184 2744 5238 quorum
2783 5172 2938 5241 adipe
2971 5174 3234 5243 processit
3275 5175 3550 5244 iniquitas,
3579 5176 3693 5230 cic-

2109 5254 2219 5309 vati
2241 5257 2509 5324 superbia,
2532 5258 2710 5313 villam
2732 5261 2989 5330 episcopi,
3013 5276 3134 5331 qnze
3155 5262 3354 5319 Chates
3374 5262 3580 5335 [Chad
3598 5264 3691 5318 de-

2111 5354 2234 5398 nunt
2255 5345 2415 5412 Men,
2438 5347 2471 5401 ὰ
2508 5346 2799 5416 Poccidcnt,
2834 5353 2951 5421 pres
2974 5350 3431 5426 Sciat-Genuam]
3469 5354 3686 5419 dicitur,

2112 5443 2237 5490 ante
2261 5434 2443 5492 Metitn
2467 5441 2895 5506 combusserunt,
2917 5441 3172 5521 clericum
3192 5458 3362 5499 unum
3385 5460 3685 5501 διαβαινο-

2114 5537 2269 5594 runt,
2306 5537 2362 5584 et
2398 5530 2593 5586 multas
2619 5532 2752 5586 alias
2788 5533 3095 5605 iatrogarunt
3122 5534 3373 5604 injurias,
3403 5553 3537 5609 quas
3574 5537 3684 5592 lon-

2111 5630 2236 5687 gum
2269 5629 2413 5673 esset
2456 5618 2756 5675 litterarum
2800 5625 3072 5679 memoriae
3098 5628 3496 5681 commendare.
3536 5626 3691 5694 Quod

2111 5727 2235 5766 cum
2271 5712 2554 5784 episcopus
2596 5714 2933 5771 dissimulare
2974 5732 3083 5773 non
3125 5728 3326 5788 posset,
3365 5720 3687 5788 competenti
