4046 6172
440 283 570 339 ΗΠ

1451 280 1838 338 CIIRONICON
1873 279 2084 336 EPISC.
2127 279 2546 336 METENSIUM.

3547 280 3682 338 H78

437 394 732 451 minutione
757 391 1056 460 prmissa,
1092 392 1238 445 cives
1267 390 1775 454 “communicavit,
1808 399 1862 444 et
1893 404 2008 443 ma—
2033 395 2082 454 Α
2109 389 2322 458 metipsi
2360 390 2586 443 credens
2618 403 2778 458 quam
2808 387 2927 441 aliis
2963 387 3119 458 (licet
3154 388 3446 444 adversarii
3477 393 3559 444 sui
3585 408 3686 464 pro

438 501 566 540 num
604 485 657 538 in
680 497 778 537 eos
810 482 1165 552 aggravando,
1193 480 1467 534 civitati
1493 479 1857 535 ecclesiastico
1888 493 2014 547 snp—

438 575 619 647 posuit
665 573 978 635 interdicto;
1025 579 1080 625 et
1125 571 1339 624 demum
1381 570 1650 624 civitate
1689 568 1910 632 exiens,
1958 567 2014 622 in

441 674 622 719 monte
647 663 812 718 castri
842 662 969 716 dicti
1000 658 1464 723 Saint-Gemwin,
1498 659 1642 726 quod
1680 668 1804 713 ante
1834 656 2013 712 Metim

441 753 783 816 ﬁrmaverat,
812 765 869 805 se
893 749 1124 817 recepit;
1155 747 1250 801 sed
1274 756 1329 800 et
1354 755 1476 815 post
1511 747 1683 815 ipsum
1735 746 2014 801 laudabilis

441 852 497 897 et
524 845 742 897 robusta
762 843 826 895 de
849 838 1180 893 Porta-Salis
1213 836 1307 908 [Le
1326 838 1539 906 paraige
1560 837 1624 891 de
1651 834 2012 906 Parte-Scilla]

441 930 716 1000 parentela
739 928 959 997 expulsa
980 926 1081 980 fuit
1102 941 1133 978 a
1157 925 1393 989 civitate,
1419 933 1637 993 prepter
1657 923 1815 979 civile
1835 923 2014 978 odium

444 1025 585 1094 quod
613 1023 814 1078 latebat
839 1022 981 1076 inter
997 1019 1164 1081 cives,
1191 1025 1245 1074 et
1267 1017 1500 1071 maxime
1525 1017 1650 1085 quia
1679 1017 1793 1084 ipsa
1824 1029 2016 1086 paren-

444 1116 548 1170 tcla
585 1115 685 1183 ipsi
720 1113 972 1183 episcopo
1006 1111 1062 1163 in
1094 1107 1218 1176 jure
1253 1123 1351 1162 suo
1378 1106 1606 1162 ﬁdeliter
1638 1108 1855 1171 aderat,
1883 1114 1938 1161 et
1965 1105 2014 1160 ei

443 1207 780 1262 laudabiliter
799 1204 1108 1259 adhaerebat
1131 1219 1144 1254 :
1172 1201 1246 1254 ita
1272 1200 1414 1270 quod
1442 1201 1494 1253 in
1516 1199 1733 1254 civitate
1753 1214 1854 1254 nec
1875 1213 2016 1254 unus

441 1296 656 1368 quidem
683 1296 748 1350 de
771 1292 1044 1363 parentela
1065 1291 1156 1348 illa
1177 1298 1231 1344 et
1254 1290 1354 1345 sibi
1382 1289 1778 1344 adhmrentibus
1802 1301 2012 1343 reman-

441 1389 544 1453 sit,
572 1387 669 1443 sed
709 1401 897 1441 omnes
936 1383 1059 1440 inde
1081 1383 1354 1445 exierunt,
1395 1390 1449 1436 et
1484 1394 1542 1435 se
1581 1381 1633 1434 in
1660 1380 1803 1435 dicto
1839 1386 2015 1434 castro

442 1488 780 1548 receperunt,
804 1477 1051 1532 domibus
1069 1490 1259 1530 eorum
1283 1474 1523 1529 funditus
1545 1473 1758 1538 dirutis,
1781 1480 1836 1526 et
1860 1471 2014 1527 bonis

443 1571 695 1626 omnibus
711 1570 822 1625 suis
838 1584 960 1638 qua:
980 1569 1033 1622 in
1064 1568 1281 1622 civitate
1317 1566 1663 1634 reliquerant,
1687 1563 2010 1620 conﬁscatis.

510 1659 648 1715 Cum
677 1674 805 1715 vero
836 1659 976 1714 idem
1014 1657 1298 1726 episcopus
1334 1656 1599 1710 dictorum
1633 1654 1830 1708 civium
1862 1651 2016 1706 mali-

2105 489 2260 534 certo
2289 486 2556 538 tenerent,
2585 479 2728 548 quod
2760 477 3029 530 Mosellam
3055 478 3118 531 de
3144 488 3340 532 caetero
3367 494 3472 533 non
3513 489 3688 538 trans-

2109 567 2236 638 iret)
2258 566 2487 622 Moselhe
2506 566 2744 629 ﬂuvium,
2766 568 2856 636 qui
2881 576 3006 621 tunc
3030 567 3200 634 plenis
3220 579 3332 622 erat
3355 570 3542 636 alveis,
3565 589 3687 628 cum

2113 658 2351 713 exercitu
2381 658 2599 728 copioso
2624 657 2677 712 in
2701 659 3108 714 admirationem
3136 660 3424 714 multorum
3449 670 3689 719 transva-

2113 745 2278 811 davit,
2303 746 2378 800 ita
2397 747 2539 815 quod
2564 762 2632 801 ne
2653 728 2792 801 unus
2813 747 3027 816 quidem
3055 749 3332 813 remansit,
3356 751 3447 820 qui
3469 750 3688 807 ﬂuvium
3712 760 3715 764 ’

2113 854 2220 892 non
2241 840 2515 894 transiret.
2543 839 2673 892 Mira
2695 841 2810 893 res!
2842 839 2899 893 Si
2924 840 3067 893 enim
3093 839 3182 894 illa
3207 851 3362 895 nocte
3388 857 3493 896 non
3522 851 3690 896 trans-

2114 928 2300 994 issent,
2326 930 2404 984 sic
2428 930 2664 985 excrevit
2692 928 2884 983 ﬂuvius
2920 938 3076 984 nocte
3110 931 3246 1000 ipsa,
3281 933 3422 1001 quod
3451 932 3503 986 in
3532 947 3690 986 mane

2114 1019 2260 1072 nullo
2288 1019 2445 1074 modo
2473 1020 2705 1074 transire
2739 1021 3056 1088 potuissent.
3088 1020 3156 1074 Et
3181 1021 3259 1075 sic
3286 1021 3360 1074 illi
3387 1022 3478 1090 qui
3514 1023 3566 1076 in
3602 1039 3692 1076 ca-

2113 1116 2228 1164 stro
2252 1109 2456 1163 obsessi
2494 1116 2677 1174 erant,
2723 1125 2951 1179 quorum
2981 1111 3295 1180 sanguinem
3325 1113 3576 1166 concives
3608 1114 3690 1166 sui

2115 1201 2328 1256 smviter
2361 1201 2612 1255 sitiebant
2647 1215 2766 1254 cum
2803 1201 2921 1270 plus
2951 1217 3111 1270 quam
3147 1217 3243 1271 per
3272 1212 3394 1258 octo
3421 1205 3534 1258 dies
3570 1221 3690 1259 suc-

2113 1304 2331 1344 cursum
2369 1297 2685 1358 exspectare
2723 1305 2828 1344 non
2863 1300 3100 1358 possent,
3141 1301 3195 1347 et
3231 1293 3419 1346 mortis
3453 1294 3689 1362 periculo

2109 1379 2472 1435 subderentur
2502 1396 2515 1430 :
2550 1380 2644 1434 sed
2677 1378 2943 1446 Salvator,
2965 1382 3058 1450 qui
3090 1398 3278 1438 omnes
3306 1385 3550 1440 homines
3580 1385 3692 1439 vult

2110 1471 2290 1525 Salvos
2318 1471 2433 1526 ﬁeri
2452 1511 2467 1537 ,
2499 1480 2552 1526 et
2583 1473 2853 1527 neminem
2883 1474 2998 1528 vult
3024 1475 3222 1544 perire,
3266 1477 3412 1532 dedit
3442 1477 3692 1547 episcopo

2113 1561 2445 1616 voluntatem
2472 1563 2818 1627 transeundi,
2855 1571 2909 1619 et
2947 1565 3186 1629 transiit,
3220 1573 3495 1635 terrasque
3523 1568 3694 1624 dicto-

2116 1666 2236 1704 rum
2256 1651 2513 1705 nobilium
2537 1651 2830 1720 ingressus,
2852 1668 3057 1722 ponens
3082 1656 3136 1708 in
3157 1649 3382 1710 Domino
3401 1658 3694 1712 ancboram

443 1750 576 1806 tiam
604 1764 700 1820 per
725 1748 1059 1818 spiritualem
1093 1747 1327 1817 gladium
1361 1744 1632 1800 refrenare
1669 1758 1774 1798 non
1808 1751 2010 1811 posset,
2043 1728 2092 1789 Β
2117 1754 2227 1793 sua:
2255 1739 2403 1808 spei,
2443 1738 2602 1808 elegit
2628 1741 2804 1808 potius
2829 1757 2888 1796 se
2913 1751 2970 1796 et
2995 1757 3122 1796 suos
3151 1744 3484 1797 committere
3501 1744 3696 1807 Martis

443 1840 712 1895 invocavit
730 1838 985 1894 auxilium
1013 1837 1215 1891 brachii
1241 1835 1532 1897 saacnhiris,
1557 1833 1745 1888 ducem
1767 1831 2014 1886 videlicet

443 1927 832 1997 Lotbaringiaa,
879 1933 933 1980 et
977 1926 1225 1980 comitem
1273 1924 1590 1978 Barrcnsem
1636 1921 1818 1976 ﬁdeles
1865 1937 2012 1988 suos,

441 2032 578 2084 quos
595 2014 719 2083 jure
747 2014 1037 2078 ﬁdelitatis,
1060 2030 1165 2082 qua
1193 2013 1293 2068 sibi
1324 2014 1656 2076 tenebantur,
1682 2013 1734 2065 in
1757 2011 2015 2066 auxilium

444 2124 600 2163 suum
629 2119 815 2163 contra
841 2108 988 2164 cives
1019 2107 1282 2162 Metenscs
1310 2105 1777 2161 confmderationis
1802 2105 2015 2174 vinculo

443 2206 498 2252 et
543 2198 946 2267 interpositione
985 2195 1310 2265 juramenti,
1354 2196 1444 2266 qui
1490 2195 1758 2250 funiculus
1804 2194 2016 2250 diﬂicile

444 2287 746 2357 rumpitur,
795 2286 1095 2356 colligavit;
1146 2285 1240 2340 sed
1284 2285 1535 2354 quoniam
1586 2301 1847 2355 nusquam
1902 2293 2014 2341 tuta

445 2375 606 2441 ﬁdes,
636 2375 864 2431 fratrum
897 2390 1109 2446 quoque
1147 2376 1319 2445 gratia
1350 2391 1469 2429 rara
1497 2384 1608 2440 est,
1649 2376 1775 2430 dicti
1810 2376 2016 2431 nobiles

441 2467 680 2535 corrupti
721 2468 880 2521 etiam
921 2466 1162 2538 pecunia,
1200 2482 1319 2535 qum
1359 2467 1501 2534 ipsos
1541 2466 1782 2521 videntes
1820 2467 2017 2536 smpius

445 2569 711 2624 excaecat,
751 2577 857 2615 non
891 2561 1063 2615 solum
1099 2561 1406 2629 episcopum
1441 2574 1601 2629 quem
1641 2558 1823 2614 fovere
1855 2559 2017 2614 debe-

444 2651 604 2714 bant,
644 2665 749 2705 non
784 2651 900 2705 sine
934 2659 1059 2704 nota
1098 2648 1415 2719 proditionis
1443 2648 1800 2717 reliquerunt,
1829 2663 2015 2701 verum

443 2739 607 2792 etiam
637 2740 805 2794 eidem
833 2755 890 2794 se
915 2753 1183 2808 opponere
1208 2748 1690 2808 praesumpserant,
1719 2746 1773 2792 et
1793 2738 2017 2792 durante

445 2828 588 2884 inter
612 2844 706 2884 eos
733 2845 828 2898 per
855 2830 1142 2883 triennium
1177 2845 1491 2899 guerrarum
1524 2829 1859 2893 discrimine,
1887 2829 2016 2884 dicti

443 2919 649 2973 nobiles
692 2929 746 2974 et
784 2934 1064 2974 commune
1106 2919 1357 2983 Metense,
1402 2936 1522 2975 cum
1565 2922 1644 2976 eis
1686 2921 2015 2991 parentelam

2113 1833 2440 1897 discrimini,
2469 1848 2629 1901 quam
2665 1832 2754 1900 jus
2781 1833 3021 1888 ecclesiae
3057 1849 3170 1888 sua:
3206 1835 3512 1904 relinquere
3548 1837 3696 1892 inde-

2113 1922 2346 1990 fensum,
2380 1933 2435 1978 et
2463 1924 2667 1978 amicos
2692 1939 2818 1978 suos
2849 1924 3035 1978 mortis
3061 1924 3301 1993 periculo
3327 1924 3622 1993 subjacere.

2185 2015 2252 2069 Et
2277 2030 2399 2069 cum
2420 2015 2476 2068 in
2501 2016 2676 2070 medio
2704 2024 2968 2069 terrarum
2995 2015 3148 2069 ducis
3170 2025 3224 2070 et
3245 2015 3476 2080 comitis,
3501 2016 3697 2086 quibus

2113 2099 2274 2153 etiam
2296 2114 2578 2154 commune
2600 2098 2696 2171 [La
2719 2115 2987 2152 commune
3007 2100 3071 2152 de
3095 2099 3252 2164 Meis,
3275 2099 3326 2152 la
3349 2099 3693 2173 bourgeoisie]

2114 2194 2311 2248 civium
2359 2193 2672 2248 Metensium
2713 2195 2932 2258 aderat,
2972 2204 3192 2264 paratus
3229 2204 3374 2250 esset
3411 2197 3697 2268 conﬂigere

2114 2301 2234 2341 cum
2263 2285 2488 2350 eisdem,
2516 2296 2570 2340 et
2593 2301 2715 2340 cum
2735 2283 2847 2353 jam
2871 2293 3077 2340 starent
3099 2286 3225 2340 hinc
3252 2287 3375 2340 inde
3395 2296 3696 2342 castrorum

2113 2377 2259 2430 acies
2297 2375 2608 2429 terribiliter
2635 2375 2925 2438 ordinaue,
2956 2376 3219 2444 processit
3247 2375 3300 2429 in
3337 2377 3512 2431 medio
3540 2392 3698 2432 vene-

2115 2467 2300 2521 rabilis
2325 2467 2606 2535 cpiseopus
2630 2466 2914 2530 Tullensis,
2951 2483 3090 2536 genu
3119 2467 3254 2522 ﬂexo
3285 2469 3612 2538 supplicans,
3644 2479 3698 2524 et

2114 2571 2292 2618 orans,
2319 2566 2373 2610 et
2397 2558 2630 2610 suadens
2651 2555 2871 2610 Metensi
2896 2558 3145 2627 episcopo
3168 2567 3226 2612 ut
3249 2561 3511 2630 reciperet
3533 2561 3698 2616 verba

2114 2661 2282 2715 paets.

2184 2760 2327 2814 idem
2377 2759 2542 2827 igitur
2579 2759 2860 2828 episcopus
2898 2759 2971 2813 illi
3017 2759 3304 2828 parentela‘.
3343 2762 3695 2830 compatiens,

2117 2858 2370 2919 tauquam
2399 2849 2673 2904 tidelitatis
2696 2849 2932 2914 illorum,
2956 2865 3120 2918 quam
3145 2865 3269 2920 erga
3294 2850 3541 2907 dominos
3569 2868 3698 2908 suos

2117 2941 2294 2996 studio
2326 2939 2624 2995 devotionis
2654 2939 2722 2993 ab
2755 2938 2978 3007 antiquo
3003 2948 3356 2994 exercuerant
3379 2955 3479 2995 nec
3509 2941 3680 2994 imme-

444 3010 750 3078 praedictam
781 3012 831 3066 in
871 3021 1049 3066 0851Γο
1077 3013 1335 3081 ρΐίεάἰεῐο
1363 3028 1429 3067 CX
1471 3013 1760 3084 improviso
1785 3016 2012 3071 obsede—
2040 3057 2088 3121 C
2118 3047 2254 3097 mor,
2292 3046 2391 3086 nec
2423 3031 2683 3102 ingratus,
2717 3030 2915 3098 pietate
2941 3043 2965 3071 ι
2996 3031 3231 3099 ipsorum
3261 3031 3478 3095 ductus,
3510 3041 3567 3086 ul
3605 3048 3700 3087 eos

445 3111 587 3156 runt.
635 3103 752 3172 Quo
793 3105 975 3159 audito
1019 3105 1300 3174 episcopus
1341 3115 1618 3163 constante
1660 3110 2012 3175 constantior,

444 3191 548 3246 lide
579 3191 764 3248 ﬁrmus
792 3210 912 3248 cum
941 3194 1242 3259 Abraham,
1275 3196 1531 3266 sapientia
1577 3197 1878 3256 Salomonis
1906 3214 2014 3254 non

443 3280 690 3346 intectus,
737 3286 1008 3353 patientia:
1051 3287 1152 3342 Job
1197 3303 1303 3342 non
1351 3303 1564 3356 expers,
1610 3304 1704 3358 spe
1748 3289 2016 3346 Simeonis

442 3374 708 3440 suffultus,
738 3392 894 3446 quem
928 3380 1142 3448 quidam
1183 3379 1249 3434 de
1290 3379 1534 3434 ﬁdelibus
1569 3381 1681 3435 suis
1713 3382 1924 3436 clericis
1961 3389 2016 3436 et

442 3462 594 3519 laicis
618 3465 962 3535 reliquerant,
994 3484 1114 3522 cum
1142 3468 1280 3522 idem
1304 3469 1583 3537 episcopus
1607 3467 1828 3523 fratrem
1858 3484 2014 3522 suum

441 3571 620 3610 secum
651 3573 756 3611 non
780 3558 1018 3622 haberet,
1047 3559 1139 3626 qui
1166 3558 1218 3610 in
1244 3556 1525 3610 Franciam
1555 3571 1612 3611 se
1643 3557 2012 3624 transtulerat,

439 3655 497 3698 ut
524 3661 647 3698 cum
671 3654 1000 3700 armatorum
1025 3645 1263 3714 potentia
1289 3646 1558 3700 rediturus
1585 3643 1738 3698 fratri
1769 3661 1866 3701 suo
1889 3647 2015 3701 sub-

440 3737 674 3801 veniret,
725 3745 781 3793 et
828 3739 1110 3808 episcopus
1155 3738 1535 3804 V’irdunensis,
1583 3739 2014 3808 consanguineus

439 3846 586 3895 suns,
617 3831 708 3899 qui
733 3830 834 3884 sibi
864 3829 1092 3884 libenter
1128 3830 1182 3884 in
1218 3845 1379 3884 manu
1411 3829 1613 3899 potenti
1649 3828 1920 3897 affuisset,
1946 3830 2013 3885 ad

439 3921 612 3989 ipsum
639 3919 920 3988 pervenire
956 3934 1060 3972 non
1086 3927 1296 3988 posset,
1325 3934 1446 3973 cum
1477 3918 1689 3973 fortuna
1720 3919 1773 3973 in
1803 3926 2012 3972 tantum

437 4011 538 4066 sibi
576 4019 902 4065 novercante
941 4010 1204 4080 potuisset
1239 4009 1376 4064 alius
1411 4010 1464 4064 in
1495 4009 1734 4078 eclipsim
1765 4011 2012 4079 despera-

437 4101 598 4156 tionis
635 4101 906 4167 incidisse,
944 4101 1018 4155 ita
1047 4110 1104 4155 ut
1140 4100 1207 4154 de
1242 4101 1634 4157 resurrectione
1670 4101 1838 4170 ipsius
1865 4101 2010 4156 nulla

435 4204 557 4257 spes
582 4189 872 4245 haberetur
905 4208 917 4245 :
956 4191 1040 4243 vir
1065 4191 1206 4244 idem
1244 4205 1522 4244 resumens
1549 4190 1690 4245 vires
1725 4191 1918 4254 animi,
1954 4192 2009 4245 in

435 4278 750 4333 Teutoniam
789 4281 854 4334 ad
885 4289 1069 4350 gentes
1108 4290 1392 4335 extraneas
1416 4295 1474 4335 se
1500 4282 1791 4348 convertit,
1823 4283 1913 4338 ubi
1947 4283 2012 4336 il-

2116 3129 2298 3191 posset
2339 3121 2456 3176 sine
2499 3121 2738 3190 periculo
2781 3135 3072 3188 corporum
3114 3128 3169 3174 et
3214 3135 3392 3173 rerum
3433 3121 3694 3185 liberare;

2113 3211 2310 3282 quibus
2346 3211 2642 3279 redemptio
2676 3225 2772 3264 seu
2805 3209 3052 3264 liberatio
3086 3209 3218 3262 alias
3243 3225 3403 3278 quam
3441 3212 3558 3280 ipso
3585 3227 3671 3265 me

2117 3302 2297 3356 diante
2320 3315 2426 3355 non
2448 3299 2700 3368 patebat;
2735 3307 2788 3353 et
2816 3298 2943 3368 quia
2967 3298 3113 3353 dubii
3140 3309 3263 3353 sunt
3283 3309 3507 3354 eventus
3533 3300 3698 3354 bello-

2114 3405 2254 3453 rum,
2277 3388 2438 3460 elegit
2463 3391 2518 3444 in
2539 3407 2725 3446 eorum
2753 3391 3123 3446 liberationem
3150 3391 3525 3466 certitudinem
3550 3408 3697 3448 com-

2113 3483 2398 3551 positionis
2425 3489 2477 3536 et
2505 3481 2672 3550 pacis.
2697 3481 2764 3534 Et
2787 3481 2863 3535 sic
2887 3481 3000 3551 ipse
3021 3495 3179 3549 quem
3203 3495 3422 3534 suorum
3452 3482 3697 3536 movebat

2114 3574 2304 3642 pietas,
2333 3581 2389 3628 et
2412 3571 2706 3627 adversarii
2731 3571 2814 3626 sui
2845 3571 2898 3625 in
2920 3587 3056 3639 quos
3083 3571 3242 3626 timor
3268 3579 3576 3641 tremorque
3609 3585 3696 3625 rc-

2112 3671 2271 3732 peote
2293 3661 2581 3724 irruerant,
2597 3669 2804 3730 pestem
2821 3677 3029 3730 guerrze
3047 3661 3378 3731 gravissima:
3399 3676 3530 3730 pace
3550 3661 3692 3728 laeta,

2113 3761 2168 3806 et
2209 3751 2459 3806 laudabili
2499 3752 2815 3815 concordia,
2858 3754 3130 3808 mediante
3155 3753 3390 3808 Tullensi
3421 3755 3690 3824 episcopo,

2112 3841 2345 3912 profusis
2369 3842 2657 3896 multorum
2685 3843 2959 3913 lacrymis,
2987 3843 3210 3898 confuso
3237 3843 3454 3898 humani
3483 3847 3697 3914 generis

2113 3932 2351 3996 inimico,
2381 3933 2758 3986 terminarunt.
2791 3933 3044 4003 Idemque
3081 3933 3386 4003 episcopus,
3417 3943 3471 3989 et
3501 3935 3693 4000 ﬁdelis,

2113 4025 2331 4079 robusta
2370 4033 2426 4079 et
2459 4033 2714 4080 constans
2750 4025 2816 4080 de
2854 4025 3190 4080 Porta-Salis
3228 4027 3531 4095 parentela,
3571 4044 3694 4084 cum

2111 4117 2304 4184 gaudio
2347 4116 2412 4170 ad
2448 4117 2665 4186 propria
2703 4117 3000 4173 redierunt.
3043 4117 3244 4183 Quinto
3269 4118 3477 4172 decimo
3514 4128 3694 4176 autem

2109 4207 2448 4276 episcopatus
2474 4209 2556 4262 sui
2590 4222 2750 4271 anno,
2784 4207 3105 4276 praesidente
3133 4207 3351 4260 domino
3385 4208 3696 4262 Innocentio

2109 4313 2244 4368 papa
2276 4306 2488 4368 quarto,
2525 4313 2588 4352 ac
2617 4297 2834 4352 domino
2868 4295 3148 4351 Friderico
3176 4296 3284 4350 ﬁlio
3319 4297 3519 4350 domini
3552 4297 3693 4350 Hen-

433 4371 680 4427 lnstrium
706 4372 941 4426 virorum
980 4375 1046 4429 de
1088 4373 1365 4428 Eurestein
1407 4382 1463 4428 et
1498 4373 1562 4427 dc
1599 4373 1808 4429 Daborc
1840 4374 2007 4428 comi-
2031 4395 2083 4454 Ι)
2109 4387 2206 4440 ﬁci
2235 4387 2575 4455 imperatoris
2602 4393 2880 4455 regnante,
2911 4385 3077 4438 vitam
3104 4385 3332 4439 feliciter
3355 4401 3693 4441 consumma.

433 4470 567 4525 tum,
599 4471 653 4518 et
678 4463 904 4518 aliorum
928 4465 1217 4519 multorum
1247 4465 1536 4529 nobilium,
1565 4465 1656 4534 qui
1683 4465 1736 4519 in
1763 4464 2006 4520 habenda

433 4555 620 4608 militia
649 4565 896 4623 potentes
920 4566 1106 4621 erant,
1133 4558 1386 4611 auxilium
1416 4556 1736 4624 imploravit.
1774 4556 1876 4622 Qui
1904 4555 2006 4610 sibi

434 4659 550 4696 cum
583 4661 761 4714 prece,
803 4656 913 4700 tum
944 4648 1116 4716 pretio
1151 4647 1478 4700 unanimiter
1514 4647 1866 4712 adhaerentes,
1897 4647 2008 4701 col-

433 4730 568 4787 lecto
607 4741 800 4803 magno
836 4738 1094 4800 exercitu,
1131 4737 1300 4804 ipsum
1335 4745 1459 4789 sunt
1485 4736 1673 4798 secuti,
1707 4744 1761 4789 et
1799 4737 1851 4790 in
1888 4747 2006 4791 tan-

433 4831 542 4876 tum
567 4836 963 4892 processerunt,
985 4829 1125 4896 quod
1159 4843 1216 4882 se
1245 4841 1404 4894 super
1429 4826 1657 4880 Mosella:
1681 4826 1897 4884 fluvium
1925 4843 2010 4883 re-

431 4924 706 4980 ceperunt.

500 5002 827 5070 Quibusdam
866 5005 1029 5074 igitur
1055 5004 1120 5058 de
1156 5005 1268 5059 suis
1301 5003 1672 5070 laudantibus,
1704 5014 1763 5060 ut
1792 5006 1878 5060 illa
1913 5023 2009 5062 no-

431 5100 516 5150 cte
539 5091 757 5145 ﬂuvium
779 5109 885 5147 non
911 5093 1222 5156 transirent,
1248 5109 1349 5148 nec
1369 5095 1703 5162 permitteret
1728 5096 2009 5166 episcopus

431 5181 588 5252 longo
629 5183 820 5238 itinere
860 5183 1106 5253 fatigatos
1146 5184 1392 5238 laborare
1422 5185 1645 5240 ulterius
1683 5191 2008 5243 transeundo

431 5274 516 5328 illa
548 5283 732 5338 nocte,
760 5275 852 5329 sed
879 5275 1298 5344 procrastinaret
1327 5276 1646 5342 transitum,
1671 5286 1727 5331 et
1750 5279 1900 5332 daret
1925 5295 2008 5334 re-

431 5364 610 5434 quiem
656 5365 962 5420 hominibus
1005 5373 1060 5418 et
1098 5363 1387 5433 jumentis;
1438 5366 1579 5421 idem
1622 5368 1713 5437 qui
1750 5368 1870 5438 plus
1909 5384 2009 5424 suo

431 5472 591 5525 quam
621 5456 847 5510 aliorum
878 5471 1035 5510 sensu
1067 5466 1121 5510 et
1153 5457 1364 5523 ingenio
1398 5459 1701 5528 regebatur,
1732 5461 1848 5530 plus
1881 5460 2010 5514 sibi-

501 5580 524 5639 ξι
565 5567 619 5639 ω
647 5578 748 5632 est,
775 5570 1124 5632 miseratione,
1150 5569 1266 5624 Gal.
1297 5572 1439 5639 pitié.

501 5638 528 5676 ¹³
567 5638 623 5694 ιιι
650 5650 752 5696 est.
788 5639 1037 5692 Mummi.

2107 4476 2213 4540 vit,
2244 4484 2298 4530 et
2323 4475 2565 4544 sepultus
2593 4483 2675 4529 est
2701 4475 2754 4528 in
2781 4476 2948 4531 choro
2977 4474 3197 4543 majoris
3224 4475 3462 4531 ecclesia:
3491 4475 3689 4531 Meten-

2107 4567 2203 4622 sis.
2221 4565 2344 4636 (An.
2377 4563 2561 4636 ηδε.)

2177 4657 2344 4725 Hujus
2358 4656 2499 4710 enim
2518 4655 2711 4718 fuerat,
2727 4655 2868 4725 quod
2886 4657 3085 4710 habent
3101 4656 3200 4710 hoc
3218 4665 3454 4726 tempore
3469 4672 3616 4725 raro,

2250 4728 2392 4781 Mitis
2415 4727 2542 4790 vita,
2568 4743 2759 4780 manus
2780 4730 2997 4792 munda,
3021 4727 3213 4796 pudiea
3234 4743 3380 4781 caro.

2177 4819 2307 4876 Post
2332 4821 2474 4874 hunc
2505 4821 2557 4874 in
2587 4819 2741 4873 vinea
2770 4810 2979 4873 Domini
3013 4819 3264 4873 Metensis
3286 4818 3528 4873 ecclesia:
3555 4834 3687 4874 con-

2106 4912 2343 4967 corditer
2376 4911 2571 4966 enituit
2609 4909 2833 4965 fecunda
2875 4911 3151 4980 plantatio,
3186 4920 3508 4982 propagatus
3545 4912 3688 4966 indi-

2107 5017 2242 5072 gena
2271 5003 2595 5056 reverendus
2617 5010 2768 5072 pater
2790 4999 3023 5057 Iacobus
3044 5001 3295 5057 Metensis
3320 5003 3602 5073 episcopus
3621 5002 3688 5057 de

2107 5093 2273 5163 regali
2305 5094 2572 5164 prosapia,
2603 5091 2771 5148 frater
2795 5093 2987 5148 nobilis
3014 5093 3113 5148 viri
3148 5099 3415 5162 quondam
3442 5092 3631 5146 Malten
3656 5091 3685 5131 ι)

2106 5187 2259 5242 ducis
2285 5187 2644 5256 Lotharingim
2674 5201 2740 5240 ex
2774 5195 2926 5255 patre
2963 5186 3182 5240 Fcrrico
3207 5198 3227 5223 ο
3256 5186 3522 5254 quondam
3550 5185 3684 5238 duce

2107 5277 2470 5344 Lotbaringirc
2496 5277 2561 5330 de
2587 5292 2773 5330 sorore
2806 5277 3017 5330 comitis
3040 5276 3317 5330 Barrensis
3346 5284 3679 5344 procreatus.

2107 5371 2208 5439 Qui
2238 5371 2521 5440 episcopus
2551 5372 2616 5425 de
2640 5369 2804 5424 nobili
2833 5369 3108 5439 progenie,
3135 5368 3443 5438 prmclarior
3471 5368 3684 5422 virtuti-

2106 5465 2207 5519 bus
2243 5471 2298 5515 ct
2335 5461 2575 5516 moribus
2619 5459 2882 5530 fulgebat;
2928 5459 2982 5512 in
3021 5473 3130 5528 quo
3165 5455 3425 5528 quidquid
3457 5457 3683 5513 virtute:

2179 5588 2200 5615 ε
2243 5575 2298 5630 Id
2324 5583 2428 5639 cst,
2457 5572 2750 5630 Friderico.
