4046 6172
515 296 539 350 Ι
550 295 652 351 479

1737 287 2045 344 ANONYMI
2083 285 2354 344 S/ECULI
2393 285 2526 344 VIII.

3592 288 3700 347 “80

514 404 848 466 desiderant,
879 398 1180 456 conﬂuebat
1195 441 1209 465 ,
1237 402 1485 457 videlicet
1521 401 1668 472 pacis
1697 399 1934 454 amicitia
1949 439 1964 464 ,
1996 411 2093 467 pu-
2117 400 2172 460 Α
2197 397 2460 453 reditibus
2485 410 2686 451 mensae
2709 392 3027 465 episcopalis
3052 392 3338 450 saeculares
3362 395 3613 453 canonicos
3637 400 3702 456 in-

516 493 713 549 dicitize
732 491 1014 561 cupiditas,
1037 490 1090 543 in
1109 490 1346 559 potentia
1369 491 1677 552 Strenuitas,
1705 489 1756 544 in
1779 488 2098 543 strenuitate

517 582 757 645 claritas,
790 578 1115 649 benignitas,
1146 579 1438 648 sapientia,
1469 580 1858 651 prudentiaque
1891 588 2098 647 tempe-

519 679 664 733 rata,
689 684 754 724 ac
778 669 832 722 in
857 669 1048 723 eodem
1075 667 1304 737 justitia,
1337 668 1508 726 forma
1537 669 1662 725 boni
1690 669 1857 724 livore
1883 682 2098 733 carens,

520 759 785 814 elementa
805 757 1100 826 conjunxit,
1122 758 1401 828 virtusque
1420 759 1622 814 inserta
1643 758 1989 829 resplenduit,
2014 771 2104 826 pa-

520 849 600 904 cis
640 850 833 904 robore
867 847 1163 903 discordias
1199 847 1528 913 sulfocando,
1568 850 1988 918 imperturbatus
2016 862 2106 903 ex-

522 940 736 995 stiterat
760 940 901 993 inter
918 953 1176 1009 prospera
1197 948 1252 994 et
1273 941 1516 1005 adversa,
1539 955 1751 996 morum
1773 937 2106 994 ornamentis

523 1031 760 1099 undique
787 1030 1196 1099 circumseptus.

596 1119 761 1188 Cujus
788 1121 1036 1176 decorem
1070 1121 1328 1176 virtutum
1369 1122 1449 1176 sol
1488 1131 1543 1177 et
1578 1121 1703 1176 luna
1737 1121 2104 1187 mirabantur;

526 1212 613 1267 cui
661 1212 908 1282 regnanti
952 1213 1237 1267 concordia
1284 1214 1473 1283 patria;
1515 1213 1679 1268 totius
1721 1213 2105 1284 applaudebat,

528 1319 691 1373 quam
712 1304 764 1361 in
791 1304 1041 1373 praesenti
1065 1305 1181 1375 ipso
1209 1313 1416 1360 semoto
1435 1317 1460 1346 α
1485 1305 1639 1376 plaga
1664 1305 1980 1375 pestilentia:
2001 1319 2110 1359 non

530 1393 780 1461 reliquit,
823 1407 945 1447 cum
974 1408 1082 1448 non
1113 1394 1182 1448 sit
1210 1394 1300 1463 qui
1331 1401 1484 1448 sanet
1509 1394 1728 1448 vulnera
1767 1393 1954 1464 patriae
1982 1407 2112 1449 wn-

533 1482 780 1546 turbataa,
807 1490 901 1536 aut
935 1482 1026 1551 qui
1047 1481 1250 1550 jacenti
1276 1497 1656 1553 concussaeque
1680 1483 1956 1538 dexteram
1988 1498 2115 1553 por-

2196 487 2374 541 stituit
2399 501 2523 540 cum
2551 482 2936 540 sufﬁcientibus
2963 482 3244 547 reditibus,
3277 482 3344 538 ad
3369 482 3551 538 cultum
3575 486 3701 543 divini

2197 573 2435 630 numinis
2461 573 2761 641 deputatos,
2791 570 3071 641 ipsumque
3096 578 3405 641 stagnon
3427 579 3475 624 et
3501 571 3701 628 molendi-

2199 676 2394 716 norum
2415 659 2770 714 aediﬁcatione
2795 659 3092 714 adornavit.
3119 657 3254 712 Item
3282 658 3333 713 in
3361 660 3567 715 abbatiis
3586 662 3702 718 Belli-

2199 751 2363 827 Prati.
2386 748 2667 822 [Βραυρηῇ
2708 747 2838 804 0rd.
2883 744 3038 819 Cit.],
3078 756 3136 802 et
3175 747 3487 803 Sani-Vallis
3511 748 3702 820 [θαλέθει

2203 845 2335 901 0rd.
2365 841 2590 915 Prem.],
2617 842 2844 911 aliisque
2867 840 3000 896 locis
3023 840 3197 895 erexit
3223 840 3598 895 innumerabilia
3619 843 3706 896 sedi-

2203 934 2327 990 licia
2356 933 2609 1004 operibus
2635 930 2981 1001 sumptuosis.
3008 929 3232 1000 Insuper
3257 929 3521 998 acquisivit
3544 929 3708 985 feodum

2205 1023 2273 1079 de
2296 1021 2644 1079 Albo-Monte
2676 1019 2935 1076 reddibile
2964 1034 3087 1074 cum
3115 1018 3231 1075 suis
3257 1018 3558 1089 appendiciis
3580 1021 3707 1075 omni-

2205 1115 2327 1181 bus,
2354 1114 2422 1168 ab
2449 1112 2700 1184 episcopo
2724 1109 2953 1166 metensi
2979 1119 3243 1180 perpetuo
3269 1107 3593 1179 possidendis.

2277 1227 2548 1283 Przeterea
2589 1239 2712 1279 cum
2760 1222 3000 1279 Ecclesia
3051 1221 3336 1278 direxisset
3384 1221 3534 1277 aciem
3569 1233 3709 1281 contra

2210 1317 2484 1375 dominum
2523 1313 2850 1370 Conraldum
2893 1312 3064 1368 filium
3103 1311 3367 1366 Friderici
3408 1311 3708 1380 imperatoris:

2209 1418 2332 1482 post
2358 1407 2677 1464 sententiam
2706 1403 3057 1476 depositionis
3080 1401 3250 1456 latam
3277 1401 3332 1456 in
3353 1403 3586 1468 eumdem,
3608 1403 3710 1458 idem

2213 1499 2463 1554 dominus
2486 1492 2720 1552 Iacobus
2745 1509 2870 1549 cum
2902 1508 3065 1548 manu
3090 1492 3329 1563 potenti,
3366 1501 3418 1548 et
3446 1492 3629 1548 brachio
3646 1508 3711 1548 cx-

533 1573 672 1642 rigat
716 1573 1040 1628 miserantis.
1096 1573 1350 1629 Metensis
1391 1575 1639 1630 dimcesis
1685 1591 1806 1646 quae
1851 1577 1950 1632 sub
1996 1574 2115 1645 ejus

2111 1598 2115 1627 ί
2214 1591 2359 1648 celso
2394 1589 2617 1645 veniens
2661 1587 2716 1642 in
2763 1585 3088 1656 adiutorium
3129 1584 3400 1651 Ecclesiae,
3435 1599 3522 1656 per
3550 1585 3709 1641 virtutis

534 1663 725 1716 umbra
751 1662 924 1717 fuerat
949 1663 1139 1732 patria:
1166 1663 1332 1720 robur
1359 1663 1707 1731 fortitudinis,
1737 1665 1876 1721 facta
1907 1674 1989 1722 est
2018 1681 2115 1737 per
2218 1701 2328 1740 sum
2373 1699 2437 1738 ac
2479 1680 2687 1738 ιηίιίιίω
2724 1677 3094 1734 fortitudinem
3135 1685 3193 1733 et
3235 1677 3527 1732 industriam
3562 1677 3712 1732 dictum

535 1749 652 1820 ejus
670 1751 916 1822 eclipsim
950 1752 1155 1808 viribus
1184 1752 1466 1808 imbecillis
1492 1769 1555 1809 ac
1581 1755 1831 1825 procellis
1860 1757 2118 1811 intumes-
2145 1752 2196 1814 B
2218 1775 2542 1832 ροηηιάυω
2579 1771 2805 1827 miriﬁce
2837 1770 3041 1842 fugavi;
3077 1779 3134 1827 οι
3161 1769 3380 1836 devicit,
3415 1770 3628 1840 impensis
3654 1769 3711 1825 in.

537 1843 783 1897 centibus
816 1857 924 1897 non
951 1843 1160 1898 modice
1184 1851 1590 1912 conquassatur,
1617 1859 1854 1916 grexque
1880 1846 2122 1902 Domini-

539 1947 636 1986 cus
661 1931 774 2000 jam
812 1931 925 1988 fere
969 1940 1190 2003 apparet
1217 1933 1470 2004 pastorali
1500 1934 1760 2004 regimine
1787 1935 2076 1991 destitutus
2103 1953 2118 1990 :

539 2023 632 2091 qui
661 2037 758 2077 suo
783 2030 1022 2093 tempore
1043 2022 1262 2080 flectens
1285 2025 1524 2080 habenas
1542 2025 1744 2080 circum
1765 2025 2123 2096 adiacentium

541 2125 743 2175 rerum,
775 2121 968 2166 cuncta
997 2113 1097 2167 sub
1117 2111 1258 2182 juris
1285 2115 1468 2185 regula
1500 2115 1782 2179 limitabat,
1817 2125 1872 2172 et
1899 2125 2124 2174 conatus

541 2202 849 2272 cupiditatis
879 2202 1202 2274 infringens,
1233 2203 1349 2274 ejus
1384 2221 1597 2261 morsus
1624 2206 1842 2262 illicitos
1880 2207 2124 2318 regem-

542 2292 630 2318 ι...-
688 2294 807 2318 An...
839 2295 1059 2318 MJﬂn-!-
1098 2311 1315 2318 _--..-__-
1348 2313 1449 2318 ,μμ
1489 2298 1725 2318 )2--___!-
1770 2299 1927 2318 1θμη.-
1970 2308 2090 2318 ---ιη

542 2292 653 2356 bat,
685 2294 810 2348 dum
838 2295 1064 2351 mdiflcia
1093 2311 1321 2366 quaeque
1344 2313 1454 2353 sua:
1481 2298 1730 2354 dimcesis
1759 2292 2124 2355 diruta‘W'etu-

541 2393 703 2451 state,
748 2397 962 2459 sumptu
1003 2390 1236 2446 mirabili
1272 2393 1420 2448 visus
1458 2401 1542 2448 est
1577 2395 1810 2465 undique
1848 2411 2122 2468 reparare,

542 2475 715 2540 villas,
747 2487 948 2546 castra,
984 2487 1037 2534 et
1065 2481 1284 2536 castella
1308 2482 1500 2538 debilia
1529 2486 1851 2553 roborando,
1882 2501 2126 2557 novaque

540 2570 928 2636 construendo;
954 2571 1288 2642 eandemque
1309 2573 1585 2630 dioecesim
1606 2576 2020 2646 quamplurimis
2035 2591 2127 2632 ac-

540 2658 756 2727 quisitis
793 2659 858 2714 de
893 2676 1032 2715 novo
1070 2663 1499 2732 possessionibus
1535 2665 1857 2722 decorando.
1900 2665 2036 2722 Nam
2069 2667 2126 2722 in

539 2749 736 2818 oppido
759 2748 1015 2807 Salebore
1039 2752 1374 2825 [Sarbourg],
1401 2757 1542 2823 quod
1567 2765 1808 2827 tempore
1829 2758 2128 2826 praedeces-

543 2839 683 2893 soris
702 2840 784 2893 sui
803 2839 1010 2894 ardenti
1034 2841 1301 2897 desiderio
1327 2842 1502 2898 fuerat
1519 2844 1850 2912 inchoatum,
1873 2845 2128 2902 munitio-

539 2927 702 2982 nibus
742 2928 1058 3000 insignibus,
1101 2930 1342 2986 turribus
1377 2940 1433 2986 et
1471 2931 1704 2997 fossatis,
1748 2944 1804 2989 et
1842 2951 2127 2993 murorum

545 3018 958 3088 propugnaculis
998 3019 1309 3075 fortissimis
1349 3026 1769 3090 consummavit;
1808 3034 1864 3080 et
1891 3027 1956 3081 de
1989 3025 2125 3082 Alba

545 3105 876 3179 [Sor-aloe],
914 3108 980 3163 de
1019 3108 1330 3166 Herrestein
1373 3121 1429 3169 et
1466 3113 1532 3168 de
1566 3115 1857 3171 Druchetin
1895 3116 2127 3189 [Turke-
2153 3092 2201 3154 ο

545 3194 700 3267 stein]
729 3205 908 3252 turres
932 3207 988 3253 et
1015 3215 1200 3255 muros
1230 3201 1283 3256 in
1308 3203 1500 3259 melius
1527 3208 1823 3275 reparavit,
1858 3225 2024 3264 novas
2049 3210 2130 3265 ci-

547 3295 758 3342 sternas
797 3288 1202 3359 profundando;
1248 3293 1401 3350 villas
1441 3311 1654 3366 quoque
1689 3299 1754 3354 de
1788 3299 1919 3354 Vico
1963 3309 2019 3353 et
2064 3300 2132 3354 de

548 3376 796 3435 Harsallo
819 3380 951 3437 adeo
982 3383 1230 3447 firmavit,
1261 3387 1404 3455 quod
1433 3389 1500 3443 ab
1530 3389 1816 3445 hostilibus
1847 3391 2132 3448 insultibus

547 3482 654 3522 non
687 3469 897 3524 valeant
923 3474 1253 3543 expugnari;
1299 3490 1363 3530 ac
1389 3477 1533 3531 circa
1563 3479 1744 3533 villam
1773 3481 1839 3533 de
1869 3480 2132 3535 Ramber-

547 3555 743 3621 villeir,
785 3573 903 3626 qua:
941 3561 1157 3630 sepibus
1195 3572 1313 3617 erat
1341 3565 1699 3632 circumdata,
1730 3568 1977 3624 clausura
2015 3587 2133 3626 mu-

549 3659 733 3702 rorum
757 3644 1193 3712 fortissimorum,
1218 3661 1272 3706 et
1293 3653 1483 3724 viginti
1503 3664 1734 3724 quatuor
1753 3658 1984 3714 altarum
2015 3669 2130 3716 tur-

549 3735 690 3788 rium
724 3735 919 3792 decore
955 3739 1313 3797 circumfulsit
1348 3745 1394 3807 b,
1435 3753 1782 3818 castrumque
1819 3749 2134 3819 Spinalense

548 3831 605 3877 et
631 3826 884 3893 Oppidum
915 3829 1123 3899 magnis
1143 3830 1486 3889 firmitatibus
1507 3837 1799 3906 reparavit,
1821 3846 1877 3892 et
1895 3847 2133 3894 castrum

549 3913 617 3967 de
643 3913 919 3979 Conﬂans,
953 3918 1095 3985 quod
1127 3918 1242 3975 fere
1268 3935 1551 3979 corruerat
1580 3935 1846 3982 vetustate
1882 3944 2135 3984 consum-

551 4009 699 4069 ptum
720 4041 735 4064 ,
767 4006 1154 4063 munitionibus
1178 4011 1407 4064 turrium
1433 4022 1489 4067 et
1526 4030 1800 4070 murorum
1828 4019 2128 4086 decoravit,

552 4089 874 4160 fossatisque
906 4092 1184 4162 profundis
1215 4101 1575 4167 praemunivit.

620 4179 842 4250 Insuper
870 4180 1026 4249 juxta
1063 4191 1297 4241 veterem
1329 4187 1616 4256 l-Iomborc,
1657 4193 1928 4262 speculam
1965 4197 2132 4254 totius

552 4269 770 4336 mundi,
797 4281 1035 4329 castrum
1065 4276 1130 4332 de
1157 4292 1296 4334 novo
1318 4283 1621 4338 construxit
1647 4285 1700 4339 in
1732 4289 2010 4345 cacumine
2036 4307 2131 4346 cu-

548 4357 760 4428 jusdam
797 4365 996 4421 montis
1023 4368 1255 4437 deserti,
1287 4372 1427 4442 quod
1459 4373 1730 4434 Homborc
1757 4379 1931 4436 adhuc
1959 4382 2129 4436 nomi-

553 4459 729 4516 natur,
765 4469 928 4525 opere
958 4457 1182 4514 nimium
1214 4439 1546 4534 sumptuoso,
1579 4475 1632 4522 et
1670 4469 2129 4531 inmstimabilibus
2156 4439 2210 4500 Β

551 4544 821 4611 expensis,
863 4546 930 4600 ad
965 4549 1128 4604 totius
1151 4552 1491 4623 episcopatus
1525 4557 1836 4624 tuitionem,
1866 4561 1954 4617 ubi
1984 4563 2127 4618 mili—

555 4643 686 4700 tum,
709 4636 925 4703 civium,
952 4639 1266 4709 incolarum,
1288 4653 1343 4699 et
1361 4647 1594 4717 episcopi
1616 4658 1792 4704 castra
1813 4651 2130 4722 praefulgent

553 4727 622 4780 ab
646 4727 875 4783 invicem
903 4742 1167 4801 separata,
1193 4750 1469 4792 murorum
1495 4739 1792 4806 altitudine,
1816 4751 1871 4797 et
1897 4746 2125 4799 turrium

554 4814 868 4874 fortitudine
886 4861 901 4885 ,
932 4837 996 4876 ac
1022 4824 1368 4880 azdificiorum
1398 4828 1591 4885 decore
1618 4831 1880 4902 insignata
1899 4875 1912 4899 ,
1941 4836 2030 4890 ubi
2059 4835 2126 4892 de

626 4958 653 5015 9
691 4945 750 5002 Id
775 4957 878 5015 est,
905 4957 1142 5008 mortuo.’

626 5014 655 5096 If
691 5016 747 5096 [ᾳ
775 5014 874 5096 est,
906 5024 1316 5096 circummunTvit
1344 5043 1375 5079 a
1405 5026 1564 5096 fulcio

627 5094 652 5123 ⁸
694 5083 1079 5162 Habundanges
1109 5109 1267 5164 supra
1295 5083 1489 5151 dicitur

2220 1864 2640 1922 numerabilibus
2677 1877 2783 1918 non
2818 1863 3109 1933 parcendo.
3147 1861 3280 1916 Item
3314 1859 3508 1916 feodum
3530 1860 3585 1915 de
3607 1857 3712 1913 lau-

2221 1959 2421 2014 rimont
2445 1971 2569 2012 cum
2596 1953 2925 2026 appendiciis
2951 1954 3067 2009 suis
3093 1951 3366 2018 reddibile,
3381 1960 3432 2008 et
3455 1951 3512 2008 de
3534 1949 3711 2006 Roches-

2219 2048 2407 2120 vignes
2433 2045 2691 2102 reddibile
2715 2058 2837 2100 cum
2869 2042 3202 2114 appendiciis
3230 2041 3366 2105 suis,
3395 2049 3446 2096 et
3475 2040 3650 2096 feodum
3667 2040 3715 2094 de

2221 2136 2609 2207 Gabondanges
2635 2146 2657 2175 ο
2681 2150 2802 2190 cum
2828 2134 3164 2206 appendiciis
3192 2133 3302 2188 suis
3323 2131 3608 2202 episcopatui
3629 2130 3715 2185 red~

2222 2231 2384 2287 dibile
2424 2230 2492 2284 ab
2521 2227 2711 2283 illustri
2746 2227 2866 2282 viro
2900 2226 3001 2280 Th.
3038 2225 3241 2280 comite
3268 2225 3402 2280 dicto
3427 2222 3646 2286 Soiberto,
3677 2221 3714 2275 iu

2221 2328 2538 2393 perpetuum
2576 2318 2879 2389 acquisivit.
2924 2317 3053 2372 Item
3093 2317 3170 2372 ab
3210 2316 3394 2370 illustri
3419 2315 3522 2370 viro
3551 2312 3715 2368 domino

2223 2412 2455 2468 Henrico
2479 2415 2544 2468 de
2569 2410 2765 2467 Salmis
2789 2408 3004 2466 feodum
3029 2410 3094 2464 de
3127 2407 3470 2478 Pierrepersie
3490 2406 3513 2446 ἀ
3534 2421 3629 2460 cum
3648 2419 3715 2472 ap-

2223 2505 2485 2577 pendiciis
2513 2503 2653 2567 suis,
2691 2511 2746 2557 et
2774 2500 3034 2557 reddibile
3067 2514 3198 2554 cum
3225 2496 3518 2565 hommagiis
3541 2492 3713 2563 acquisi-

2222 2597 2322 2652 vit.
2353 2595 2485 2650 Item
2523 2611 2554 2650 a
2587 2593 2804 2650 domino
2843 2592 2945 2646 Th.
2982 2591 3048 2646 de
3073 2589 3356 2645 Creiucort
3380 2584 3619 2656 acquisivit
3648 2581 3714 2635 do-

2225 2703 2343 2743 mos
2367 2701 2490 2743 cum
2516 2683 2847 2757 appendiciis
2869 2683 3000 2738 suis.
3026 2682 3094 2736 Et
3117 2698 3154 2738 a
3177 2681 3395 2738 Domino
3413 2677 3596 2734 Werico
3610 2675 3714 2730 dicto

2223 2779 2301 2837 Le
2329 2777 2532 2852 Vogien
2547 2816 2564 2845 ,
2591 2784 2798 2848 partem
2827 2789 2939 2830 suae
2965 2773 3264 2830 advocatis:
3286 2773 3349 2828 de
3369 2771 3502 2828 Valle
3522 2769 3576 2823 de
3593 2767 3712 2821 Faus.

2225 2872 2360 2928 Item
2379 2885 2411 2926 a
2436 2869 2656 2926 domino
2682 2867 2842 2924 Petro
2869 2866 2979 2922 ﬁlio
3004 2866 3214 2923 domini
3238 2865 3378 2921 Petri
3398 2863 3622 2934 quondam
3646 2859 3714 2913 mi.

2226 2961 2337 3016 litis
2363 2960 2429 3016 de
2457 2974 2596 3016 novo
2625 2965 2821 3023 castro,
2852 2956 3196 3012 advocatiam
3221 2955 3284 3010 de
3310 2953 3494 3011 Castris
3517 2961 3619 3006 ante
3641 2947 3714 3002 Με-

2228 3050 2322 3105 tim
2348 3047 2553 3122 [Chdtel
2573 3048 2756 3102 derant
2783 3043 3116 3117 Metz].ltem
3150 3043 3421 3114 acquisivit
3446 3044 3504 3096 ab
3522 3040 3714 3093 advocato

2228 3136 2562 3193 advocatiam
2617 3135 2926 3190 Metensem.
2985 3134 3126 3189 Item
3174 3149 3294 3189 cum
3345 3130 3574 3188 discordia
3616 3127 3714 3180 inter

2229 3229 2402 3300 ipsum
2431 3237 2487 3281 et
2521 3226 2583 3282 Ρ.
2625 3238 2650 3266 θ
2679 3226 2868 3282 ducem
2907 3224 3271 3294 Lotharingiae
3297 3233 3519 3294 nepotem
3552 3231 3670 3274 suum
3697 3213 3710 3252 ¹

2229 3334 2390 3390 super
2417 3333 2483 3374 eo
2503 3317 2643 3388 quod
2673 3317 2788 3388 ipse
2819 3317 3038 3387 petebat
3064 3314 3140 3370 ab
3175 3316 3289 3386 ipso
3313 3323 3503 3385 partem
3532 3325 3620 3366 sum
3639 3307 3712 3362 ha:-

2229 3411 2474 3466 reditatis
2495 3425 2561 3465 ex
2589 3417 2742 3480 parte
2760 3409 2932 3480 patris
2952 3416 3008 3462 et
3031 3423 3119 3462 ma
3129 3408 3227 3463 tris
3245 3407 3341 3462 sibi
3365 3403 3710 3477 provenientem;

2229 3502 2446 3560 tandem
2458 3513 2555 3571 per
2562 3514 2751 3571 pacem
2763 3498 3009 3562 obtinuit,
3023 3497 3267 3563 retinuit,
3279 3505 3333 3551 et
3345 3485 3711 3562 habuitquidquid

2229 3596 2371 3651 idem
2390 3595 2497 3650 dux
2516 3594 2751 3649 habebat
2769 3591 2910 3662 apud
2929 3590 3258 3653 Marsallum,
3285 3597 3337 3644 et
3355 3586 3481 3658 apud
3499 3585 3661 3644 Vicum,
3676 3585 3712 3631 et

2231 3684 2373 3755 apud
2398 3681 2768 3748 Remereville,
2805 3689 2862 3735 et
2885 3679 3026 3750 apud
3049 3677 3303 3735 Corbesal
3331 3666 3654 3749 [Courbesaul],
3675 3674 3711 3719 et

2231 3774 2372 3844 apud
2392 3772 2672 3836 Sellacort,
2694 3779 2749 3826 et
2766 3769 2904 3840 apud
2925 3769 3349 3832 Rembervilleir,
3368 3775 3420 3821 et
3437 3762 3556 3835 apud
3568 3759 3709 3814 Some-

2230 3863 2371 3928 ville,
2385 3871 2441 3918 et
2452 3862 2593 3934 apud
2604 3860 2877 3926 Villeines,
2890 3868 2946 3916 et
2958 3860 3101 3930 apud
3113 3859 3459 3919 Bissoncourt,
3473 3854 3586 3909 sicut
3603 3850 3642 3902 in
3653 3846 3712 3945 lit-

2232 3953 2366 4008 teris
2377 3967 2538 4023 super
2550 3953 2654 4007 hoc
2663 3949 2921 4007 confectis
2930 3950 3142 4021 plenius
3153 3949 3439 4005 continetur
3451 3963 3462 3998 :
3475 3955 3574 4013 qua:
3581 3949 3710 3992 omnia

2229 4059 2328 4114 per
2351 4043 2662 4115 [medicum
2690 4055 2880 4112 pacem
2899 4041 3184 4111 acquisita,
3207 4039 3342 4094 idem
3368 4035 3604 4124 episcopus
3622 4039 3712 4124 001l-

2231 4133 2354 4189 tulit
2380 4133 2708 4204 epise0patui
2737 4130 2980 4196 Metensi,
3003 4131 3145 4186 sicut
3167 4129 3366 4200 plenius
3389 4126 3437 4179 in
3459 4119 3712 4216 litteris

2229 4226 2552 4282 continetur.
2584 4224 2685 4292 Qui
2715 4232 2826 4279 tam
2859 4223 2914 4278 in
2953 4222 3331 4293 temporalibus
3355 4230 3497 4289 quam
3528 4212 3572 4265 in
3601 4212 3712 4277 spiri-

2230 4317 2464 4373 tualibus
2488 4314 2675 4384 viginti
2713 4313 2940 4368 duorum
2980 4325 3243 4366 annorum
3267 4303 3522 4363 curriculis
3543 4299 3710 4354 circum-

2231 4416 2414 4480 specte
2440 4409 2748 4482 gubernans
2767 4405 3064 4470 dioecesim,
3086 4414 3208 4475 post
3228 4404 3337 4457 hac
3354 4397 3553 4454 feliciter
3573 4388 3710 4444 trium-

2230 4501 2404 4572 phans
2432 4501 2486 4554 in
2514 4499 2758 4564 Domino,
2783 4514 2906 4554 cum
2934 4497 3176 4568 patribus
3200 4489 3513 4550 obdormivit.

2301 4614 2494 4670 Actum
2541 4628 2682 4668 anno
2723 4613 3006 4669 millesimo
3045 4608 3395 4667 ducentesimo
3432 4591 3707 4667 δειπὸθθίωθν

2232 4720 2417 4760 mense
2446 4703 2768 4774 Septembri,
2795 4702 3098 4758 Alexandro
3124 4717 3256 4772 papa
3285 4705 3462 4768 quarto
3485 4691 3530 4745 in
3552 4691 3709 4742 summo

2231 4793 2545 4865 pontificatu
2573 4793 2910 4864 praesidente.

2301 4965 2329 5004 ά
2370 4965 2444 5019 De
2467 4976 2619 5035 petra
2643 4971 2881 5034 pertusa,
2907 4979 3084 5033 supra.

2306 5046 2329 5073 ε
2368 5035 2665 5090 Ferricum.

2306 5103 2326 5142 ί
2369 5105 2713 5160 Desideratur
2739 5113 2854 5157 orta
2881 5113 2976 5158 est.
