4018 6174
26 2824 39 2861 ὲ.

28 2920 41 2957 ι

27 3010 41 3049 ι

25 3100 41 3139 t

25 3181 33 3232 ι

28 3286 39 3322 i

28 3380 39 3415 ι

30 3472 35 3509 l

334 273 462 328 1481
1458 271 1818 328 EXPOSITIO
1861 271 1942 325 )II!

2045 271 2085 324 Ε
2129 268 2461 327 ΒΟΜΑΝᾹἸ.
3450 268 3469 320 l
3489 268 3586 322 ίεὲ

1336 451 1886 459 -ῇαυ--νλρνο--α-

1890 448 2282 458 _—.—-—————

2288 446 2581 456 ...σν-...υσυ-

2591 445 2729 452 ψ-μ,
2744 445 3140 452 "~.—..——_._-—

440 531 453 540 ’
575 571 984 729 teriri
1089 446 3347 730 δμῆθῶᾖῶυῶᾞὰἧῇὦῶ

1048 912 1729 993 PATROLOGUE
1801 908 2288 990 EDITORIS
2364 909 2890 990 MONITUM.

3150 441 3563 453 Μ

409 1157 529 1220 Hic
561 1156 743 1219 locus
775 1160 945 1217 esset
977 1154 1288 1235 plurimos
1325 1156 1541 1217 saeculi
1579 1174 1689 1216 vm
1728 1157 1950 1218 incerti
1983 1158 2267 1219 nominis
2295 1167 2631 1219 auctorum
2666 1156 3139 1235 ptenitentialcs
3174 1158 3376 1220 libros
3412 1174 3605 1221 recu-

331 1235 550 1309 dendi,
585 1235 758 1314 inter
784 1251 949 1314 quos
979 1233 1255 1295 maxime
1286 1234 1512 1295 Libros
1545 1235 2012 1313 ptenitcutiales
2042 1254 2078 1298 a
2114 1236 2392 1305 Marino,
2426 1236 2492 1296 in
2525 1233 2877 1314 appendice
2925 1235 3001 1296 ad
3042 1255 3233 1297 suum
3270 1239 3348 1298 dc
3379 1238 3605 1298 Sacra—

333 1322 550 1394 mento
583 1312 984 1394 ptenitentim
1028 1318 1362 1394 tractatum
1395 1356 1409 1383 ,
1468 1312 1618 1374 et’a
1653 1314 1992 1394 Martenio,
2048 1324 2223 1377 tomo
2260 1315 2375 1375 VII
2412 1312 2722 1394 Veterum
2758 1314 3148 1394 Scriptorum
3186 1315 3601 1393 amplissimae

335 1390 744 1472 collectiOnis
778 1391 1007 1452 editos.
1060 1393 1156 1472 pile
1192 1397 1404 1472 autem
1436 1393 1750 1472 maturius
1787 1410 2124 1472 perpensa,
2156 1394 2359 1454 satius
2413 1392 2722 1472 duximus
2759 1390 3374 1455 hinc—ecclesiastica)
3407 1394 3602 1472 disci-

330 1471 527 1561 plina;
557 1476 971 1561 monumenta
998 1470 1074 1530 ad
1104 1468 1547 1561 decimum‘vel
1576 1468 1843 1561 fortasse
1881 1468 2291 1561 undecimum
2317 1471 2626 1534 sarculum
2659 1472 3165 1561 protrah‘ere,.ita
3190 1480 3280 1561 ut,
3306 1471 3603 1561 plurimis

333 1546 406 1612 in
439 1566 641 1610 unum
673 1546 1378 1628 collectis,qmu]ti_pl_icis
1408 1547 1881 1628 disquisitionis
1911 1551 2099 1613 taedio
2134 1550 2334 1612 lector
2384 1567 2518 1611 non
2553 1546 2876 1627 gravetur.
2908 1551 3001 1612 Εο
3032 1546 3339 1612 libentius
3390 1556 3604 1612 autem

338 1628 548 1708 ordini
580 1633 800 1708 nostro
855 1625 1043 1708 ea_in
1075 1643 1143 1688 re
1174 1625 1579 1708 infringenda
1617 1645 1844 1708 manus
1879 1628 2198 1708 dedimus,
2225 1630 2398 1708 quod
2431 1629 2498 1689 in
2530 1625 2896 1708 Germania,
2934 1637 3005 1708 ut
3036 1628 3606 1708 audivimus,_spc-

335 1705 527 1768 ciales
582 1705 867 1786 virorum
924 1703 1258 1786 doctorum
1322 1703 1798 1768 lucubrationes
1855 1703 2293 1782 adornautur‘,
2351 1724 2495 1786 quae
2543 1705 2644 1767 his
2707 1707 2992 1786 antiquis
3051 1703 3607 1769 Pcenitenlialibus

336 1800 634 1863 magnam
664 1783 874 1845 lucem
912 1781 1270 1862 prmferent.

951 2045 1715 2161 EXPOSITIO
1799 2045 2262 2160 MISSZE
2348 2047 2982 2161 ROMAN/E

679 2241 1004 2301 AUCTORE
1035 2240 1390 2304 ANONYMO,
1432 2238 1549 2307 QUI
1586 2239 1770 2295 ANTE
1805 2240 2036 2298 ANNOS
2074 2240 2489 2298 NONGENTOS
2527 2240 2919 2300 SCRIPSISSE
2957 2246 3276 2303 VIDETUR.

1342 2374 1436 2439 (Et
1479 2376 1712 2438 Martem,
1739 2377 1802 2424 de
1822 2378 2032 2439 antiquis
2055 2374 2289 2426 Ecclesia
2315 2374 2549 2437 Ilitibus.)

1878 2497 2071 2512 ——

665 2597 1234 2660 OBSERVATIONES
1269 2597 1574 2653 PRIEVIIE
1587 2638 1601 2652 .

417 2698 709 2767 Antiquam
758 2692 933 2767 missae
982 2689 1238 2767 Romanae
1285 2688 1687 2767 expositionem
1701 2703 1770 2744 ex
1819 2703 1922 2743 ms.

343 2772 534 2827 codice
563 2757 895 2820 ‘monasterii'
936 2759 1109 2815 sancti
1137 2757 1331 2829 Albani
1381 2758 1523 2829 apud
1568 2757 1921 2829 Andegavos,

344 2850 476 2897 ante
515 2850 685 2892 annos
742 2832 1111 2902 septingentos
1161 2827 1539 2902 Ascript_o,qbic
1580 2827 1920 2902 exhibemus,

345 2925 556 2981 quam“
571 2905 762 2981 saltem
791 2898 1039 2981 propter
1093 2898 1177 2981 sui
1227 2898 1610 2981 antiquitatem
1655 2899 1923 2981 religiosis

348 2967 646 3037 lectoribus
664 2967 1106 3041 haud'ingratam
1152 2968 1268 3023 fore
1313 2982 1535 3041 sperare
1576 2967 1704 3023 licet
1732 2967 1920 3041 {hanc

346 3024 1300 3118 enim-nbnkentosian’nossuperare
1325 3024 1618 3118 credimus,
1642 3024 1927 3118 scriptam—
1954 3024 2002 3087 C

347 3136 458 3192 que
484 3109 801 3192 priusﬁuam
827 3112 881 3166 in
903 3110 1092 3192 Galliis
1120 3109 1350 3192 liturgia:
1377 3109 1631 3192 Romana:
1659 3110 1802 3192 ritus
1846 3110 1929 3192 ξη-

346 3177 680 3244 velle-rentur
717 3183 821 3238 tria
847 3179 1171 3252 persuadere
1214 3177 1498 3252 videntum
1516 3177 1716 3252 Primo,
1742 3180 1932 3252 titulus

351 3262 508 3330 ipse:
537 3271 664 3311 nam
694 3246 983 3330 Expositio
995 3251 1174 3330 inissa:
1206 3246 1459 3330 Romanae
1486 3249 1690 3330 idcirco
1739 3250 1932 3330 inscri—

352 3318 451 3401 pta
479 3332 721 3398 apparet,
770 3318 847 3401 ad
886 3320 1289 3401 distinctionem
1313 3319 1541 3401 aliarum
1586 3318 1931 3401 liturgjarum

353 3389 479 3470 quae
505 3389 662 3470 erant
682 3389 809 3470 tunc
835 3392 889 3446 in
906 3407 1037 3470 usu,
1060 3398 1116 3444 et
1135 3390 1374 3470 maxime
1398 3389 1696 3470 gallicauae.
1729 3389 1935 3470 Deinde

354 3459 746 3523 Eorttestationis
772 3461 1090 3517 vocabulum
1111 3499 1126 3524 ,
1179 3460 1323 3528 quod
1351 3468 1542 3529 auctor
1595 3467 1822 3529 usurpat
1868 3459 1936 3513 ad

351 3531 1182 3615 signiﬁcandampraefationem,
1212 3545 1332 3597 quae
1365 3528 1459 3615 illo
1486 3530 1702 3615 nomine
1730 3528 1938 3615 nuncu-

352 3598 485 3680 pari
521 3606 659 3680 solet
683 3603 738 3658 in
767 3598 983 3680 liturgia
1034 3599 1333 3680 Gallicana.
1365 3599 1625 3680 Tandem_
1655 3607 1845 3680 auctor
1871 3598 1938 3653 de

353 3668 672 3733 Limissione
698 3668 1232 3734 catechumenorum,
1286 3678 1545 3737 tanquam
1594 3668 1661 3723 de
1704 3670 1812 3723 ritu
1841 3683 1940 3723 suo

355 3747 539 3802 adhuc
570 3755 810 3814 tempore
856 3743 1056 3797 usitato
1086 3739 1326 3814 loquitur
1350 3739 1450 3794 sub
1478 3738 1641 3792 ﬁnem
1692 3738 1745 3792 in
1795 3739 1939 3814 nunc

357 3817 617 3872 modum:
655 3809 869 3869 (Missa
922 3820 1103 3881 autem
1148 3810 1364 3881 preprie
1407 3818 1648 3881 tempore
1687 3809 1939 3881 sacriﬁcii

358 3896 467 3948 est,
492 3885 706 3957 quando
717 3882 1054 3957 catacumini
1079 3878 1224 3935 foras
1248 3878 1845 3957 mittuntur,_claman_te
1867 3879 1942 3933 le-

357 3959 474 4012 vita
506 3947 524 4010 ξ
551 3955 616 4011 Si
640 3955 754 4024 quis
788 3952 1057 4014 remansit,
1095 3960 1245 4004 exeat
1271 3948 1434 4024 foras.
1468 3948 1569 4015 Qui
1592 3948 1733 4024 ritus
1757 3949 1803 4003 si
1825 3947 1942 4016 jam

362 4019 676 4097 antiquatus
726 4023 934 4097 fuisset,
961 4037 1085 4097 cum
1132 4028 1321 4097 auctor
1366 4019 1453 4074 ille
1498 4019 1785 4084 scriberet,
1836 4033 1941 4073 non

356 4090 657 4161 mittuntur,
691 4094 785 4149 sed
805 4091 1144 4146 mittebantur
1169 4090 1413 4145 dixisset.

1003 4221 1298 4285 INCIPIT

2035 2601 2103 2656 ad
2130 2615 2279 2672 spem
2308 2603 2550 2660 victoria:
2568 2605 2868 2671 excitetur;
2892 2617 2948 2661 et
2994 2617 3199 2677 quanto
3241 2608 3617 2668 vehementior

2034 2688 2198 2745 fuerit
2217 2691 2454 2762 clangor,
2480 2702 2628 2749 tanto
2674 2693 2735 2748 ﬁt
2757 2694 2822 2749 ad
2849 2704 3124 2750 certamen
3156 2698 3370 2754 animus
3400 2698 3610 2756 fortior.

2036 2780 2342 2837 Secundum
2372 2784 2509 2840 hanc
2537 2786 2717 2855 itaque
2741 2786 3028 2841 militarem
3058 2791 3526 2858 consuetudine-tt,
3558 2794 3615 2849 ia

2030 2871 2367 2929 celebrandis
2395 2888 2607 2945 quoque
2653 2875 2939 2930 missarum
2965 2876 3397 2935 solemnitatibus
3420 2881 3489 2936 ab
3526 2897 3619 2938 cc-

2032 2963 2321 3019 clesiarum
2358 2964 2693 3036 principibus
2738 2966 3046 3021 institutum
3074 2977 3178 3033 est,
3211 2978 3271 3023 ut
3297 2970 3471 3040 primo
3495 2973 3616 3041 qui-

2031 3053 2154 3110 dem
2182 3054 2490 3124 antipliourc
2510 3055 2576 3109 ad
2619 3055 2899 3111 introitum
2930 3056 3103 3125 plcute
3152 3057 3241 3111 Dei
3267 3056 3513 3114 laudibus
3559 3070 3617 3115 et

2030 3144 2297 3208 victoriis,
2320 3145 2591 3199 mediante
2604 3153 2805 3200 sanctae
2827 3155 2991 3216 atque
3019 3146 3303 3201 individuac
3331 3148 3618 3205 Trinitatis

2034 3235 2228 3306 gloria,
2257 3235 2633 3289 decantcntur.
2684 3235 2887 3290 Deinde
2941 3234 3124 3289 Gloria
3164 3237 3219 3290 in
3262 3238 3476 3301 excelsis
3510 3238 3619 3294 Deo

2035 3326 2269 3390 dicatur,
2299 3333 2348 3378 et
2394 3327 2449 3378 in
2488 3335 2628 3379 terra
2656 3342 2762 3395 pax
2786 3326 3084 3380 hominibus
3134 3327 3283 3381 bona:
3320 3327 3619 3383 voluntatis.

2035 3415 2172 3471 Hinc
2199 3416 2515 3486 prophetica
2546 3415 2630 3469 vel
2651 3416 2948 3485 apostolica
2980 3417 3159 3483 lectio,
3190 3427 3377 3473 sant-ta
3399 3431 3451 3474 ct
3480 3420 3626 3475 salu-

2036 3506 2120 3560 bri
2151 3506 2515 3561 admonitione
2534 3505 2847 3576 plenissima
2881 3507 3166 3573 recitetur,
3213 3526 3375 3578 quam
3416 3520 3471 3566 ct
3499 3527 3626 3582 pro-

2037 3600 2323 3670 phetarum
2363 3599 2419 3653 et
2457 3598 2821 3668 apostolorum
2862 3599 3103 3652 omnium
3127 3599 3340 3654 Domini
3370 3601 3621 3658 doctrina
3656 3624 3663 3633 ί

2038 3693 2348 3764 evangelica
2377 3709 2529 3749 more
2556 3693 2698 3749 tubae
2724 3694 2988 3765 prolixius
3016 3702 3180 3765 atque
3208 3696 3367 3752 altius
3395 3713 3621 3755 concrc-

2040 3801 2174 3856 pans
2216 3796 2619 3856 consequatur;
2653 3787 2986 3857 interpositis
3014 3803 3161 3843 same
3185 3790 3471 3846 cantilenae
3499 3807 3622 3846 sua-

2040 3878 2297 3934 vitatibus
2326 3895 2389 3934 ac
2439 3878 2534 3934 Dei
2577 3879 2825 3936 laudibus
2858 3881 3140 3939 sublimius
3171 3883 3477 3940 modulatis.
3512 3885 3623 3943 Sed

2041 3985 2141 4025 cur
2187 3971 2395 4042 singula
2420 3986 2832 4043 prosequamur,
2859 3988 2983 4027 cum
3029 3982 3243 4030 constet
3279 3992 3379 4031 nos
3407 3994 3629 4050 semper

2041 4078 2202 4119 orare
2252 4063 2470 4130 debere,
2519 4074 2575 4120 et
2618 4081 2892 4135 numquam
2941 4065 3237 4122 delicere?-
3262 4066 3399 4134 Quid
3449 4079 3632 4123 autem

2042 4168 2203 4209 orare
2242 4155 2535 4210 debeamus
2581 4155 2694 4225 ipse
2742 4155 3000 4209 Dominus
3040 4164 3097 4210 ct
3146 4155 3396 4211 Salvator
3444 4168 3632 4213 noster

2042 4245 2243 4299 edicit:
2279 4242 2500 4315 Vigilate
2529 4255 2576 4297 et
2607 4254 2770 4306 orate,
2800 4254 2852 4296 ut
2885 4261 2990 4298 non
3016 4246 3222 4299 intretis
3247 4247 3299 4299 in
3323 4249 3628 4316 temptatio-

366 4347 510 4417 nx
531 4342 967 4418 POSITIO
1022 4341 1381 4416 MISSAE‘
1420 4341 1933 4419 ROMANZE.
1970 4370 2021 4429 υ
2045 4352 2183 4402 πετην
2209 4335 2351 4429 ςξιιοά
2378 4335 2809 4429 mirarere”
2830 4335 3198 4429 meum"?
3223 4336 3418 4429 Pw"?
3447 4338 3634 4429 πέπιθ-

438 4475 696 4543 Quotiens
719 4481 908 4528 contra
937 4487 995 4527 se
1034 4472 1371 4526 diversarum
1394 4473 1568 4541 adque
1590 4474 1944 4528 adversarum

363 4563 605 4635 partium
634 4562 777 4616 acies
802 4568 856 4615 et
883 4568 1065 4614 castra
1083 4561 1383 4614 consistunt
1405 4601 1418 4623 ,
1444 4561 1617 4615 solent
1644 4569 1945 4615 turmarum

365 4654 644 4726 principes
658 4667 783 4709 suos
803 4652 1031 4723 quisque
1054 4650 1298 4705 subditos
1318 4650 1722 4705 confortatoriis
1742 4666 1950 4706 sermo-

368 4744 531 4800 nibus
560 4745 865 4808 admouere,
898 4743 1149 4812 antiquas
1192 4749 1475 4812 parentum
1501 4741 1759 4795 victorias
1795 4748 1850 4794 et
1873 4740 1951 4793 fa-

369 4845 461 4893 cta
505 4835 667 4892 fortia
712 4835 994 4906 replicare,
1032 4834 1200 4888 Deum
1254 4846 1468 4901 semper
1507 4831 1561 4903 in
1592 4830 1951 4885 tribulationi-

369 4927 479 4982 bus
505 4927 622 4981 ﬁeri
648 4925 968 4995 adiutorem,
994 4938 1101 4977 non
1123 4936 1244 4978 esse
1272 4921 1414 4992 apud
1439 4936 1562 4975 eum
1588 4920 1950 4975 diﬁ'erentiam

373 5020 588 5077 salvare
614 5018 696 5074 vel
719 5018 771 5073 in
802 5017 1146 5072 multitudine
1172 5013 1260 5069 vel
1288 5014 1343 5067 in
1373 5013 1584 5082 paucis,
1606 5020 1668 5067 ut
1692 5012 1819 5066 dum
1838 5011 1952 5067 bel-

374 5110 539 5166 laturi
558 5108 755 5164 milites
776 5106 944 5161 verba
960 5105 1302 5161 exhortantis
1348 5103 1606 5175 principis
1652 5102 1951 5168 audientes,

375 5199 662 5257 nonnullas
688 5213 751 5254 es:
780 5206 1065 5269 parentum
1112 5193 1373 5266 exemplis
1418 5192 1563 5248 vires
1613 5191 1949 5262 recolligant,

378 5291 449 5346 de
476 5290 586 5344 Deo
616 5287 881 5342 maximas
904 5292 1147 5357 sperant,
1176 5284 1352 5355 adque
1375 5282 1653 5339 humiliter
1678 5281 1746 5337 ad
1774 5281 1955 5337 debel-

378 5379 599 5434 landum
636 5375 1071 5433 adversariorum
1115 5382 1294 5429 castra
1320 5372 1637 5444 procedunt,
1666 5372 1761 5427 Dei
1790 5387 1848 5427 se
1874 5380 1955 5427 to-

385 5478 470 5525 tos
493 5469 715 5524 arbitrio
729 5467 1150 5531 committentes,
1176 5466 1293 5536 ipso
1316 5466 1370 5519 in
1383 5464 1633 5520 omnibus
1652 5464 1952 5534 praeliante,

383 5560 665 5615 victoriam
716 5565 1136 5627 consequantur,
1176 5556 1404 5611 buccina
1430 5556 1596 5610 etiam
1644 5556 1788 5609 inter
1837 5555 1956 5625 ipsa

384 5650 697 5707 bellantium
725 5648 1022 5705 certamina
1049 5646 1336 5716 clangitur,
1367 5657 1473 5712 quo
1501 5660 1716 5717 semper
1743 5645 1956 5707 animus

827 5741 1094 5804 ΡΑτιοι..
1128 5737 1349 5800 XCVI.

2052 4434 2143 4481 net
2191 4426 2377 4480 dicens
2410 4443 2421 4478 :
2457 4422 2632 4479 Sobrii
2681 4433 2840 4479 estote
2864 4434 2913 4478 et
2940 4424 3150 4494 vigilate
3172 4426 3228 4479 in
3256 4427 3582 4482 orationibus
3612 4447 3633 4493 ;

2053 4517 2122 4573 ad
2165 4517 2326 4587 quid?
2375 4517 2500 4587 quia
2548 4515 2899 4581 adversarius,
2932 4516 3126 4585 inquit,
3179 4528 3343 4572 vester
3390 4518 3632 4573 diabolus

2054 4619 2301 4680 tanquam
2339 4607 2420 4661 leo
2457 4607 2666 4677 rugiens
2705 4607 2890 4661 circuit
2939 4623 3177 4677 qttterens
3221 4626 3373 4680 quem
3403 4609 3630 4665 devoret.

2056 4703 2115 4759 Si
2135 4719 2263 4776 ergo
2288 4703 2614 4774 vigilandqu
2647 4703 2801 4758 nobis
2825 4710 2911 4757 est
2933 4712 2989 4757 et
3013 4705 3278 4759 orandum
3306 4715 3365 4761 ut
3418 4722 3524 4761 non
3555 4708 3638 4762 iu-

2058 4803 2261 4850 tremus
2282 4795 2335 4849 in
2359 4794 2779 4865 temptationem,
2805 4795 3088 4865 temptatio
3113 4804 3294 4850 autem
3321 4811 3422 4868 per
3451 4797 3637 4854 diabo-

2057 4884 2169 4939 lum
2192 4885 2556 4940 adversarium
2583 4894 2826 4940 nostrum
2873 4884 3032 4938 nobis
3061 4884 3379 4951 intenditur,
3408 4887 3636 4943 manife-

2058 4983 2201 5030 stum
2219 4983 2305 5030 est
2328 4982 2519 5029 contra
2545 4990 2680 5045 quas
2725 4973 2879 5029 nobis
2905 4975 2979 5029 sit
3020 4974 3256 5029 hostium
3287 4976 3435 5031 acies
3477 4978 3636 5033 dimi-

2057 5068 2312 5133 candum,
2341 5077 2398 5122 et
2421 5083 2555 5138 quas
2581 5067 2773 5145 beatus
2797 5066 3072 5138 apostolus
3109 5066 3306 5125 Paulus
3351 5070 3545 5137 oculis,
3576 5083 3639 5129 ut

2058 5160 2133 5215 ita
2162 5161 2413 5225 dixerim,
2443 5161 2643 5215 nostris
2662 5161 2935 5232 preponit,
2959 5176 3082 5216 cum
3106 5161 3258 5229 dicit,
3292 5162 3417 5217 Non
3440 5173 3515 5218 est
3542 5181 3637 5220 no-

2060 5254 2137 5309 bis
2180 5253 2494 5308 conluctatio
2542 5254 2788 5309 adversus
2837 5271 3047 5310 carnem
3069 5265 3118 5311 et
3164 5258 3494 5329 sanguinem,
3542 5264 3634 5314 sed

2060 5345 2307 5401 adversus
2327 5347 2583 5417 principes
2604 5355 2652 5401 et
2670 5356 2966 5417 potestates,
2989 5347 3238 5403 adversus
3256 5349 3440 5404 mundi
3466 5360 3634 5406 recto-

2062 5453 2143 5492 res
2166 5438 2493 5492 tenebrarum
2532 5438 2738 5500 harum,
2784 5437 3034 5492 adversus
3059 5439 3356 5510 spiritualia
3395 5442 3637 5512 nequitia:

2062 5531 2117 5584 in
2134 5527 2438 5582 ctelestibus.
2464 5526 2529 5582 Hi
2578 5537 2706 5583 sunt
2732 5527 2803 5583 illi
2833 5527 3112 5583 fortissimi
3141 5538 3301 5600 atque
3352 5532 3637 5603 experien-

2067 5621 2461 5677 tissimi~hostcs
2486 5621 2577 5691 qui
2609 5622 2709 5677 nisi
2737 5621 2999 5678 orationis
3019 5623 3337 5679 assiduitate
3366 5634 3640 5694 nequeunt

3120 5738 3194 5797 57
