4046 6172
604 322 629 375 ‘l
646 320 743 376 585

1481 306 1750 365 SECULI
1784 305 1897 361 VIII
1936 299 2372 360 MONUMENTA
2409 298 2958 359 ECCLESIASTICA.

3658 308 3758 365 ΗΜ

603 428 878 492 debellari,
902 432 1151 480 monente
1189 438 1286 477 nos
1308 421 1499 476 eodem
1537 418 1792 490 Apostolo
1820 433 1884 471 ac
1912 416 2126 471 dicente
2157 429 2168 464 :
2202 415 2251 475 Α
2277 412 2546 478 obeditur,
2576 428 2737 470 nares
2755 412 2949 484 quibus
2972 411 3141 469 bonus
3156 408 3354 469 Christi
3375 412 3759 491 odorpereipitur,

604 522 734 579 Sine
751 514 1131 573 intermissione
1158 523 1320 566 orate.
1352 510 1433 564 Ad
1462 511 1602 568 hanc
1642 508 1808 581 igitur
1835 519 2072 577 pugnam
2124 503 2176 556 in

606 612 823 681 domum
868 602 1079 661 Domini
1128 602 1300 656 sacris
1344 596 1772 655 solemnitatibus
1817 592 2177 656 convenitur,

607 701 722 770 ipso
750 694 979 753 Domino
1002 691 1082 748 sic
1119 689 1370 762 loquente
1410 706 1424 743 :
1455 686 1653 743 Domus
1682 701 1798 739 mea
1832 683 2025 738 domus
2059 697 2181 734 ora-

517 818 529 838 ι
605 791 763 843 tionis
790 786 1073 842 vocabitur.
1107 782 1215 838 Sed
1241 782 1496 853 quoniam
1520 779 1731 834 animus
1760 778 1827 831 ad
1850 775 2020 831 multa
2044 773 2181 829 divi-

606 902 719 952 sus,
767 880 1081 940 tumultibus
1119 894 1373 937 curarum
1412 875 1749 932 saecularium
1790 871 2138 943 perturbatus
2162 908 2177 934 ,

607 988 664 1034 et
704 993 809 1032 non
857 975 1040 1031 statim
1086 981 1148 1027 ut
1200 970 1487 1028 ecclesiam
1526 964 1892 1037 ingredimur,
1936 961 2180 1016 omnium

607 1069 792 1130 mundi
818 1067 978 1138 hujus
999 1063 1420 1121 sollicitudinum
1465 1072 1753 1131 possumus
1779 1054 2045 1119 oblivisci,
2074 1067 2182 1121 quo

608 1161 796 1232 purius
820 1167 876 1214 et
908 1156 1162 1212 attentius
1186 1153 1461 1225 puriorem
1487 1158 1650 1219 atque
1677 1146 2022 1203 attentiorem
2061 1158 2184 1197 ora-

611 1252 810 1307 tionem
838 1248 904 1303 ad
929 1246 1215 1301 Dominum
1245 1242 1469 1297 fundere
1511 1240 1806 1304 valeamus,
1853 1235 2000 1307 quod
2043 1233 2184 1289 anti-

610 1343 788 1414 phona
814 1338 881 1394 ad
911 1337 1188 1393 introitum
1209 1334 1548 1397 decantatur,
1568 1338 1625 1386 et
1644 1328 1797 1384 suavi
1822 1325 2183 1382 modulatione

612 1431 952 1501 interposita,
972 1442 1071 1483 nec
1091 1441 1195 1480 non
1209 1433 1265 1480 et
1291 1422 1449 1493 Kyrie
1462 1420 1725 1492 heleyson,
1746 1421 1798 1474 id
1811 1426 1915 1483 est,
1936 1416 2181 1479 Domine,

613 1522 870 1576 miserere
898 1517 1084 1582 nobis,
1111 1524 1169 1570 et
1208 1507 1411 1568 Christe
1438 1510 1702 1581 heleyson,
1733 1510 1785 1564 id
1815 1516 1918 1573 est,
1941 1507 2178 1569 Christe,
2210 1560 2218 1577 ,

510 1608 511 1611 “
612 1613 875 1668 miserere
901 1610 1075 1673 nobis,
1106 1605 1375 1662 ﬂebilibus
1427 1619 1492 1658 ac
1538 1601 1919 1674 prolixioribus
1964 1599 2187 1655 vocibus

2279 518 2341 557 os
2369 518 2476 572 quo
2502 503 2740 558 suavitas
2765 502 2882 574 ejus
2919 511 3187 573 gustatur,
3210 518 3396 558 manus
3436 520 3531 573 qua
3566 520 3763 578 operatur

2279 595 2472 664 aliquis
2497 609 2631 666 Opus
2656 594 2772 659 Dei,
2813 609 2909 666 pes
2951 605 3059 665 quo
3100 596 3154 650 in
3174 596 3362 652 eodem
3390 611 3540 667 opere
3560 601 3763 671 proﬁcere

2280 699 2386 740 non
2432 686 2675 751 desistit,
2720 685 2832 741 Deo
2876 687 2969 755 qui
3018 687 3254 741 animam
3295 688 3518 745 viviﬁeat
3554 691 3762 751 abanima

2281 775 2588 840 recedente,
2618 775 2751 830 nihil
2788 777 2982 831 horum
3025 779 3140 834 sine
3177 779 3269 833 illo
3311 782 3479 835 anima
3517 783 3651 849 valet,
3673 803 3763 842 nam

2282 879 2458 934 neque
2482 865 2680 920 mundo
2718 868 2883 939 corde
2910 868 3194 924 Dominum
3221 879 3397 941 potest
3428 872 3507 928 vel
3539 875 3769 948 intelligere

2283 953 2367 1009 vel
2388 953 2591 1018 videre,
2621 970 2794 1026 neque
2807 956 3065 1013 inclinare
3089 972 3278 1015 aurem
3297 976 3442 1015 suam
3465 963 3515 1017 in
3536 966 3670 1021 verba
3689 971 3771 1026 oris

2281 1043 2418 1112 ejus,
2449 1058 2622 1113 neque
2663 1045 2884 1101 odorem
2936 1048 3139 1103 notitiae
3185 1049 3352 1120 ipsius
3389 1052 3441 1107 in
3484 1056 3621 1110 vitam
3642 1062 3769 1128 μετεὶς

2280 1149 2431 1204 pere,
2459 1149 2557 1189 nec
2598 1146 2818 1206 gustare
2845 1146 2901 1192 et
2928 1139 3110 1196 videre
3136 1156 3301 1210 quam
3330 1144 3501 1199 suavis
3535 1156 3607 1201 est
3639 1148 3772 1203 Domi-

2286 1239 2406 1290 nus,
2429 1240 2527 1279 nec
2548 1224 2747 1295 aliquid
2774 1226 2898 1282 boni
2920 1231 3100 1299 operis
3119 1232 3204 1287 vel
3230 1233 3488 1300 meditari,
3500 1237 3573 1291 vel
3588 1242 3770 1309 exsequi,

2284 1331 2384 1371 nec
2431 1315 2651 1371 dilatato
2696 1334 2794 1387 per
2837 1320 3123 1375 caritatem
3166 1324 3332 1378 corde
3370 1325 3503 1380 viam
3540 1329 3773 1387 divinorum

2284 1423 2507 1463 currere
2549 1409 2930 1464 mandatorum
2966 1429 2978 1464 :
3018 1413 3160 1467 sicut
3198 1416 3342 1470 enim
3385 1433 3563 1489 corpus
3601 1423 3775 1483 hominis

2286 1496 2356 1551 ab
2383 1496 2563 1550 anima
2591 1497 2700 1550 vim
2726 1498 2921 1569 accipit
2944 1499 3148 1569 aliquid
3168 1501 3417 1572 faciendi,
3447 1510 3516 1563 sic
3540 1512 3671 1565 etiam
3693 1516 3775 1568 ani-

2288 1602 2377 1641 ma
2427 1587 2537 1641 vim
2584 1586 2974 1658 cujuscumque
3020 1590 3147 1646 boni
3179 1608 3446 1665 sempera
3492 1598 3773 1673 Deoaccipit,

612 1703 1002 1766 conclamatur,
1058 1699 1219 1755 lectio
1262 1697 1578 1768 pmphetica
1636 1694 1722 1750 vel
1788 1692 2083 1764 apostolica
2132 1697 2188 1743 et
2221 1764 2256 1768 _
2291 1692 2452 1746 illlam
2475 1677 2727 1747 deinceps
2753 1681 2968 1751 εοιῬοτί
2999 1682 3409 1753 ευῦωὶηῑειηιη
3437 1692 3563 1748 unde
3583 1702 3777 1751 etsacer-

613 1793 921 1865 evangelica
947 1764 1232 1847 recitatur:
1250 1764 1573 1862 praeparatio
1603 1795 1687 1842 est
1714 1794 1771 1841 et
1791 1784 2048 1840 excitatio
2072 1782 2189 1836 ani-
2218 1764 2267 1825 Β
2294 1769 2389 1865 (io?
2411 1774 2532 1840 Ρθδῑ
2549 1770 2730 1824 omnia
2751 1786 2870 1840 (Ιιιπ
2892 1786 3055 1842 supra
3081 1779 3489 1836 memoravimus
3504 1783 3654 1853 populi
3667 1785 3777 1840 obla-

615 1861 849 1948 morum,
874 1890 934 1937 ut
959 1882 1170 1936 animus
1188 1879 1420 1951 populis
1467 1876 1753 1931 mundanis
1777 1870 2193 1943 cogitationibus
2295 1861 2438 1916 tione
2487 1872 2769 1933 suscepta.
2816 1878 2881 1918 ac
2927 1863 3038 1918 D80
3079 1866 3298 1922 interim
3335 1869 3475 1925 brevi
3517 1874 3776 1931 oratiuncula

615 1974 701 2030 his
741 1973 992 2029 omnibus
1024 1970 1282 2043 paulatim
1308 1967 1525 2023 avulsus
1549 1966 1616 2020 ad
1635 1964 1875 2021 cmlestia
1901 1962 2190 2033 cogitanda

617 2080 683 2121 ac
711 2062 1065 2120 desideranda
1093 2061 1361 2124 trahatur,
1391 2057 1645 2127 quatinus
1663 2070 1727 2109 eo
1758 2064 1999 2124 tempore
2022 2067 2130 2121 quo
2159 2067 2190 2107 a

568 2230 571 2231 ν
617 2155 901 2212 sacerdote
939 2151 1202 2208 salutatus
1237 2149 1579 2212 admonetur,
1632 2153 1694 2200 ut
1733 2159 1947 2199 sursum
1997 2140 2194 2197 habeat

617 2263 735 2312 cor,
762 2245 1046 2301 verissime
1072 2242 1253 2298 valeat
1278 2240 1625 2311 respondere,
1655 2236 1921 2292 Habemus
1967 2235 2036 2290 ad
2084 2234 2194 2288 Do-

618 2340 838 2393 minum.
868 2336 1002 2391 Nam
1031 2335 1075 2390 si
1107 2342 1347 2403 tempore
1369 2331 1529 2402 hujus
1552 2337 1660 2384 tam
1682 2328 1864 2383 ardure
1889 2324 2195 2396 responsio-

621 2429 705 2485 nis
733 2429 945 2484 animus
963 2425 1280 2497 cujusquam
1300 2422 1448 2478 curis
1473 2417 1825 2475 smcularibus
1870 2417 2196 2487 degravatur

620 2535 683 2575 ac
706 2518 990 2590 premitur,
1019 2523 1076 2571 et
1119 2529 1177 2570 se
1203 2527 1418 2569 sursum
1445 2509 1647 2566 habere
1671 2523 1767 2563 cor
1794 2507 1863 2562 ad
1908 2506 2193 2560 Dominum

621 2610 922 2674 mentiens,
964 2614 1332 2680 protestatur;
1366 2604 1489 2658 inde
1537 2600 1767 2657 incurrit
1788 2613 2023 2670 poenam,
2055 2598 2195 2652 unde

620 2712 836 2785 poterat
862 2702 1077 2758 veniam
1106 2698 1428 2772 promereri,
1462 2695 1585 2751 inde
1611 2695 1680 2751 ab
1708 2696 1862 2750 hoste
1901 2691 2198 2765 prosterni—

624 2808 732 2861 tur,
769 2793 911 2848 unde
958 2792 1169 2846 hostem
1207 2797 1421 2861 poterat
1468 2801 1729 2858 superare
1759 2804 1772 2840 :
1804 2786 2064 2855 scriptum
2113 2790 2198 2838 est

622 2889 790 2951 enim,
839 2885 910 2941 Os
940 2885 1078 2957 quod
1107 2884 1355 2937 mentitur
1382 2880 1572 2935 occidit
1610 2881 1875 2945 animam;
1905 2886 1979 2943 et,
2007 2876 2195 2933 Perdet

2293 1955 2690 2020 commendata,
2719 1956 2773 2011 in
2801 1957 2940 2012 hanc
2967 1959 3221 2028 protinus
3242 1975 3428 2017 vocem
3447 1965 3673 2036 erumpit:

2802 2047 3059 2104 Dominus
3098 2051 3379 2106 vobiscum.

2317 2196 2323 2201 ,
2365 2136 2476 2193 Nec
2514 2152 2644 2193 vero
2684 2138 2769 2194 vel
2810 2153 3027 2195 sursum
3069 2143 3234 2197 corda
3276 2151 3451 2199 nostra
3486 2146 3686 2219 erigere,
3718 2149 3777 2204 vel

2295 2231 2484 2302 dignas
2512 2230 2622 2286 Deo
2649 2232 2849 2303 gratias
2875 2246 3037 2302 agere
3055 2273 3072 2297 ,
3101 2233 3189 2288 vel
3216 2243 3276 2288 ut
3314 2243 3501 2295 nostris
3531 2251 3663 2293 voces
3694 2239 3777 2291 lau-

2296 2321 2454 2376 dibus
2488 2319 2748 2374 virtutum
2785 2320 3085 2376 cmlestium
3138 2322 3517 2394 coniungantur
3555 2326 3779 2382 valebimus

2295 2412 2570 2477 obtinere,
2610 2411 2714 2467 nisi
2751 2427 2876 2467 cum
2904 2412 3101 2469 anima:
3135 2426 3336 2471 nostra:
3368 2417 3498 2473 Deus
3526 2418 3659 2474 luerit
3683 2422 3779 2485 vita,

2298 2502 2544 2558 videlicet
2572 2518 2669 2558 sua
2695 2521 2708 2557 :
2740 2504 2883 2573 quod
2911 2505 3078 2559 etiam
3110 2506 3375 2565 Dominus
3398 2507 3540 2565 Iesus
3561 2512 3637 2580 qui
3659 2512 3709 2568 de
3726 2528 3783 2568 se-

2296 2596 2524 2664 metipso
2548 2595 2654 2661 ait,
2688 2595 2800 2666 Ego
2827 2613 2942 2650 sum
2973 2598 3086 2662 via,
3113 2608 3172 2653 et
3200 2601 3413 2666 ueritas,
3441 2610 3486 2655 et
3511 2603 3623 2667 vita,
3649 2618 3783 2658 ascen—

2297 2701 2453 2742 surus
2481 2685 2533 2739 in
2560 2686 2757 2740 cmlum
2781 2686 3062 2757 discipulis
3085 2689 3209 2745 suis
3234 2691 3469 2761 promisit
3488 2693 3673 2750 dicens:
3692 2692 3785 2748 Em

2296 2793 2389 2847 ego
2423 2776 2685 2831 uobiscum
2719 2793 2835 2831 sum
2865 2778 3106 2834 omnibus
3138 2781 3325 2837 diebus
3354 2800 3504 2853 usque
3528 2783 3587 2839 ad
3610 2800 3784 2838 comn-

2297 2870 2577 2922 mationem
2606 2868 2814 2933 swculi,
2846 2877 2902 2945 et
2926 2872 3168 2941 quodam
3196 2872 3313 2929 loco
3342 2874 3394 2929 in
3432 2874 3677 2944 Evangelia
3707 2875 3782 2930 ait:

622 2992 801 3031 omnes
836 2975 925 3047 qui
972 2972 1258 3045 loquuntur
1295 2968 1642 3025 mendacium.
1696 2967 2073 3023 Purilicandus
2115 2974 2201 3021 cst
2301 2957 2403 3013 Ubi
2436 2959 2542 3013 duo
2577 2959 2653 3015 vel
2687 2969 2791 3014 tres
2829 2964 3127 3033 congregati
3174 2964 3367 3035 fuerint
3402 2967 3453 3020 in
3484 2967 3659 3021 nomine
3684 2981 3782 3028 meo,

624 3070 808 3139 itaque
836 3066 1110 3123 orantium
1151 3063 1384 3127 animus,
1435 3069 1490 3115 et
1516 3076 1638 3115 cum
1668 3061 1765 3116 Dei
1812 3060 2080 3132 adjutorio
2130 3058 2200 3115 ad
2222 3103 2269 3139 ί,
2300 3050 2371 3105 ibi
2400 3068 2518 3106 sum
2542 3068 2635 3121 ego
2660 3051 2716 3105 in
2741 3051 2912 3105 medio
2936 3068 3136 3108 eorum.
3179 3053 3386 3110 Salutat
3424 3056 3570 3126 igitur
3602 3056 3784 3111 sacerdos

623 3157 865 3216 ccelestia
888 3154 1171 3227 cogitanda
1207 3167 1270 3208 ac
1293 3150 1649 3207 desideranda
1676 3150 1936 3207 levandus
1954 3191 1969 3217 ,
1997 3158 2058 3205 ut
2082 3165 2198 3221 ρω-
2223 3141 2268 3165 “⁴
2299 3141 2555 3211 Populum
2588 3157 2711 3197 cum
2739 3141 2870 3197 diei!
2895 3159 2909 3195 ε
2949 3141 3215 3199 Dominus
3249 3146 3530 3213 vobiscum;
3563 3154 3609 3201 et
3636 3155 3723 3201 orat
3746 3154 3784 3199 ut

625 3266 750 3307 nam
781 3246 1049 3303 mendacii
1071 3245 1241 3316 possit
1270 3243 1521 3309 evadere,
1550 3250 1606 3298 et
1634 3242 1819 3297 hostes
1845 3256 1971 3298 suos
1999 3250 2199 3312 quanto

624 3343 818 3399 fortius
851 3340 1056 3396 orando
1101 3336 1472 3401 debellaverit,
1500 3336 1586 3392 vel
1631 3345 1975 3407 prosternere
1999 3334 2085 3391 vel
2112 3333 2200 3389 fu-

625 3451 776 3507 gare.
809 3432 1099 3489 Sciendum
1124 3430 1270 3486 enim
1295 3430 1438 3500 quod
1459 3429 1602 3485 sicut
1618 3430 1730 3483 vita
1755 3428 2000 3499 corporis
2020 3428 2199 3483 anima

625 3534 732 3589 est,
762 3524 836 3578 ita
861 3522 972 3576 vita
998 3520 1191 3575 anima:
1213 3517 1356 3574 Deus
1382 3526 1487 3583 est,
1516 3526 1573 3574 et
1617 3518 1757 3573 sicut
1777 3516 2064 3574 recedente
2083 3516 2202 3571 ani-

625 3631 715 3671 ma
730 3614 960 3669 moritur
971 3627 1189 3682 corpus,
1213 3611 1289 3665 ita
1311 3610 1593 3666 recedente
1616 3610 1724 3665 Deo
1738 3608 1969 3664 moritur
1993 3608 2197 3664 anima.

627 3705 685 3762 Si
709 3712 888 3760 autem
900 3720 957 3758 os
989 3702 1128 3775 quod
1156 3701 1404 3757 mentitur
1424 3701 1611 3755 occidit
1632 3700 1886 3765 animum,
1913 3714 2044 3771 ergo
2072 3708 2201 3754 etos

626 3800 771 3871 quod
800 3812 990 3854 verum
1014 3796 1146 3852 dicit
1166 3793 1404 3851 viviﬁcat
1422 3794 1679 3849 animam.
1708 3790 1816 3849 Ore
1841 3792 2005 3865 igitur
2050 3807 2202 3847 men-

626 3895 816 3955 tiente,
847 3890 1133 3947 recedente
1154 3887 1287 3953 Deo,
1315 3887 1548 3942 moritur
1562 3886 1744 3940 anima
1769 3904 1781 3939 :
1800 3900 1895 3940 ore
1914 3900 2047 3940 vero
2072 3899 2202 3939 vera

627 3984 872 4046 dicente,
910 3980 1197 4035 accedente
1225 3977 1357 4044 Deo,
1385 3976 1690 4032 viviﬁcatur
1716 3977 1771 4031 in
1809 3977 1912 4031 illis
1940 3976 2205 4031 duntaxat

595 4062 601 4068 ’
629 4070 967 4130 sermonibus
985 4069 1077 4140 qui
1087 4078 1143 4124 et
1154 4068 1280 4124 boni
1293 4075 1419 4123 sunt
1431 4075 1487 4122 et
1497 4068 1567 4123 ad
1591 4065 2003 4123 aediﬁcationem
2044 4082 2201 4136 opor-

612 4210 615 4213 _
628 4161 873 4220 multatis
882 4159 1248 4232 perferuntur,
1262 4168 1318 4215 et
1327 4159 1666 4215 audientibus
1676 4158 1906 4231 gratiam
1919 4159 2047 4214 dant
2061 4175 2075 4215 :
2093 4167 2205 4214 tan-

628 4265 745 4311 tum
759 4253 988 4322 denique
1002 4249 1571 4321 merebiturcujuSque
1593 4257 1718 4305 tunc
1730 4264 1799 4305 ex
1810 4248 1858 4303 ci
1867 4249 2205 4304 rcumstanti—

629 4345 731 4402 bus
740 4346 918 4401 anima
929 4342 1042 4400 Deo
1056 4341 1346 4397 miserante
1357 4340 1614 4396 viviﬁcari
1623 4381 1638 4405 ,
1652 4346 1910 4410 quantum
1921 4356 2135 4395 sursum
2146 4355 2205 4396 se

2300 3234 2442 3289 sicut
2475 3234 2591 3304 ipse
2623 3243 2707 3289 est
2743 3234 2991 3305 dignatus
3023 3238 3376 3305 promittere,
3403 3239 3600 3295 sitcum
3622 3237 3783 3295 ecclesia

2302 3339 2426 3388 sua,
2456 3324 2512 3379 in
2540 3340 2647 3395 qua
2683 3340 2791 3381 non
2821 3325 2993 3382 solum
3022 3327 3128 3383 duo
3164 3328 3248 3383 vel
3278 3337 3384 3385 tres
3409 3329 3782 3400 congreganth

2302 3416 2520 3471 nomine
2553 3415 2702 3484 ejus,
2732 3430 2920 3471 verum
2957 3418 3122 3473 etiam
3168 3420 3554 3476 innumerabilis
3582 3418 3780 3474 hominm]

2302 3509 2357 3563 in
2387 3523 2445 3563 se
2470 3507 2806 3564 credentium
2842 3509 3151 3565 multitudo.
3195 3511 3309 3567 Hoc
3340 3520 3507 3567 autem
3533 3507 3782 3565 salutationis

2302 3599 2553 3663 verbum,
2586 3598 2638 3654 id
2667 3607 2752 3654 est
2782 3597 3037 3654 Dominus
3066 3601 3360 3668 vobiscum,
3393 3619 3492 3659 non
3522 3604 3707 3658 humana
3721 3612 3783 3651 ei-

2303 3689 2627 3762 cogitatione
2652 3689 2838 3745 lictum
2861 3700 3024 3761 atque
3050 3695 3408 3765 compositum
3423 3736 3438 3762 ,
3469 3694 3553 3750 sed
3574 3689 3731 3748 celaui
3748 3700 3782 3741 α

2303 3782 2481 3838 divina
2511 3782 2837 3838 auctoritate
2870 3792 3188 3855 susceptum
3222 3795 3335 3842 est:
3373 3802 3490 3842 nam
3522 3795 3571 3842 et
3598 3777 3784 3839 inVeteri

2305 3872 2652 3930 Testamento
2686 3872 2880 3944 legitur
2912 3875 3055 3944 quod
3091 3874 3315 3933 Gedeon
3350 3892 3481 3933 unus
3510 3873 3784 3945 judicompo-

2303 3965 2413 4036 puli
2463 3964 2628 4020 Israel
2670 3965 2738 4021 ab
2776 3965 2967 4035 angelo
3010 3965 3281 4023 salutatus
3318 3967 3562 4031 audierit,
3598 3964 3785 4019 Dominus

2304 4065 2493 4122 tecum,
2520 4056 2748 4111 virorum
2774 4055 3092 4126 fortissime;
3122 4066 3183 4113 et
3207 4060 3263 4114 in
3288 4059 3430 4115 Novo
3452 4060 3633 4116 beatam
3648 4062 3690 4111 et
3709 4052 3786 4125 glo-

2306 4147 2504 4203 riosam
2534 4162 2746 4217 semper
2771 4146 3034 4218 virginem
3064 4149 3162 4205 Dei
3187 4152 3491 4223 genitricem
3522 4148 3702 4204 Mariam
3727 4142 3785 4198 his

2306 4240 2486 4294 verbis
2507 4239 2727 4311 angelus
2750 4241 3006 4297 scribitur
3028 4240 3292 4301 salutasse
3316 4259 3331 4298 :
3356 4244 3473 4310 Are,
3488 4236 3786 4310 Maria,grati¢

2306 4332 2495 4406 plena,
2541 4332 2796 4389 Dominus
2839 4345 3029 4390 tecum.
3075 4337 3146 4392 Et
3184 4340 3377 4395 iterum
3418 4336 3536 4394 dicit
3564 4348 3645 4407 per
3672 4327 3788 4386 lali-

628 4437 831 4493 habere
848 4451 945 4492 cor
959 4434 1207 4491 veracius
1219 4448 1315 4488 ore
1330 4433 1698 4505 responderit:
1724 4441 1780 4488 et
1805 4440 1953 4488 tanto
1974 4433 2206 4504 amplius
2232 4453 2286 4516 ι)
2309 4427 2484 4482 Chiam
2511 4426 2825 4496 prophetam
2850 4445 2862 4481 :
2899 4426 3063 4484 Labia
3089 4432 3373 4487 sacerdotis
3399 4429 3650 4490 custodian!
3668 4423 3787 4480 κίεν

628 4529 723 4584 Dei
748 4527 1043 4585 otl‘ensione
1066 4523 1515 4591 mortiﬁcabitur,
1540 4533 1742 4595 quanto
1760 4525 1815 4580 id
1839 4525 1895 4579 in
1913 4535 2205 4597 conspectu
2232 4511 2271 4516 ’
2306 4520 2468 4584 tiam,
2511 4514 2558 4573 et
2599 4517 2761 4590 legem
2804 4521 3065 4590 requirent
3107 4538 3173 4576 ea:
3204 4532 3298 4578 ‘ore
3336 4522 3474 4593 ejus,
3496 4523 3603 4593 quia
3630 4511 3787 4585 me!”

629 4619 748 4690 ejus
769 4618 1083 4674 mendacius
1099 4618 1504 4688 praesumpserit
1514 4618 1858 4688 respondere.
1887 4618 2019 4674 Illud
2041 4618 2206 4674 etiam

630 4723 971 4779 summopere
994 4707 1381 4764 advertendum
1406 4715 1509 4773 est,
1525 4709 1667 4776 quod
1692 4723 1890 4779 corpus
1909 4709 2203 4763 humanum

598 4805 603 4811 '
630 4816 755 4857 cum
780 4809 835 4855 et
860 4799 1045 4855 oculos
1073 4798 1293 4865 habeat,
1321 4805 1377 4853 et
1402 4813 1581 4865 aures,
1608 4805 1664 4852 et
1691 4812 1883 4862 nares,
1908 4806 1965 4853 et
2012 4813 2096 4864 os,
2149 4806 2206 4852 et

630 4907 846 4958 manus,
876 4899 933 4946 et
956 4890 1141 4962 pedes,
1192 4889 1467 4945 desertum
1506 4899 1687 4945 tamen
1714 4888 1783 4943 ab
1812 4890 1993 4945 anima
2031 4904 2206 4959 neque

631 4983 803 5039 oculis
829 4982 1032 5047 videre,
1063 4994 1238 5052 neque
1261 4980 1448 5035 audire
1479 4979 1720 5045 auribus,
1760 4994 1936 5049 neque
1982 4980 2206 5036 naribus

604 5076 607 5077 ⁷
632 5072 835 5146 aliquid
859 5072 1110 5138 odorare,
1134 5085 1308 5140 neque
1327 5085 1423 5125 ore
1443 5070 1731 5141 quicquam
1759 5077 2000 5140 gustare,
2031 5085 2207 5140 neque

634 5163 882 5219 manibus
905 5163 1049 5218 valet
1075 5160 1274 5232 aliquid
1300 5160 1537 5232 cperari,
1564 5174 1739 5230 neque
1766 5161 1993 5230 pedibus
2015 5162 2208 5218 ullate-

635 5270 736 5311 nus
760 5253 1064 5320 ambulare;
1097 5253 1277 5308 anima
1316 5251 1514 5322 quippe
1539 5265 1763 5307 manens
1792 5253 1847 5307 in
1873 5267 2103 5324 corpore
2151 5264 2209 5309 et

635 5364 733 5420 per
753 5347 969 5404 oculum
986 5346 1154 5412 videt,
1176 5353 1233 5401 et
1256 5346 1403 5401 audit
1421 5360 1521 5416 per
1543 5360 1754 5411 aurem,
1783 5354 1839 5401 et
1867 5345 2087 5402 naribus
2111 5347 2210 5403 ali-

634 5438 763 5508 quid
781 5438 1061 5503 odoratur,
1097 5444 1153 5491 et
1178 5435 1415 5507 loquitur
1438 5450 1535 5507 per
1553 5450 1635 5502 os,
1660 5443 1716 5489 et
1735 5435 1983 5491 manibus
2009 5436 2210 5508 aliquid

637 5532 835 5605 tangit,
859 5538 917 5586 et
946 5529 1173 5602 pedibus
1200 5527 1502 5584 ambulandi
1530 5527 1762 5599 gratiam
1809 5525 2207 5586 subministrat.

637 5623 770 5679 Cum
807 5622 971 5693 igitur
1016 5619 1204 5676 oculus
1232 5619 1423 5673 anima:
1457 5619 1541 5673 vis
1566 5617 1654 5673 illa
1684 5618 1758 5673 sit
1786 5634 1892 5689 qua
1932 5619 2076 5677 Deus
2120 5622 2208 5678 vel

639 5714 972 5782 intelligitur,
992 5711 1077 5764 vel
1094 5711 1325 5772 videtur,
1352 5710 1499 5764 auris
1523 5725 1630 5780 qua
1650 5710 1769 5765 voci
1790 5712 1906 5782 ejus
1934 5713 2213 5771 humiliter

2303 4611 2517 4666 Domini
2545 4612 2865 4667 exercituum
2891 4623 2989 4669 est.
3043 4613 3102 4670 Si
3152 4631 3284 4687 ergo
3319 4614 3551 4671 sacerdos
3577 4605 3786 4665 scientiam

2303 4703 2613 4759 custodiens
2652 4712 2707 4759 et
2755 4702 2888 4776 legis
2926 4704 3022 4760 Dei
3063 4716 3329 4777 praecepta
3353 4706 3485 4777 plebi
3513 4696 3785 4757 adnuntians,

2304 4795 2525 4864 angelus
2561 4796 2778 4852 Domini
2807 4799 3141 4873 exercituum
3168 4808 3254 4855 est
3278 4816 3293 4865 ;
3324 4796 3606 4869 dignissime
3626 4784 3787 4845 omnino

2304 4893 2359 4941 et
2388 4897 2783 4957 consequenter
2811 4889 2891 4943 eis
2925 4891 3182 4959 populum
3212 4890 3389 4946 verbis
3422 4888 3624 4949 salutat,
3647 4877 3787 4950 quib“s

2302 4984 2361 5033 et
2388 4976 2464 5032 illi
2489 4978 2725 5035 caelestis
2751 4981 2941 5049 patriae
2970 4983 3218 5051 spiritus,
3266 4982 3557 5053 angelorum
3591 4963 3785 5028 vocabili“

2305 5076 2361 5123 et
2401 5068 2663 5138 dignitate
2706 5071 2918 5139 donati,
2965 5072 3238 5137 homines,
3285 5073 3471 5143 quibus
3507 5068 3660 5135 aliqua
3691 5070 3785 5113 πων

2306 5161 2443 5218 tiare
2471 5162 2622 5218 missi
2650 5172 2803 5230 sunt,
2831 5163 3093 5220 salutasse
3117 5163 3381 5236 leguntur.
3420 5161 3583 5231 Neque
3613 5155 3694 5210 hoc
3719 5160 3784 5200 Βο-

2306 5253 2453 5307 mine
2485 5253 2710 5323 quilibet
2741 5254 2995 5310 sacerdos
3028 5252 3302 5321 infuletur,
3342 5268 3443 5323 non
3479 5248 3605 5306 enim
3640 5241 3783 5298 diem

2308 5351 2391 5399 θεῖ
2416 5341 2558 5414 (ιιιοά
2580 5344 2756 5399 omnis
2780 5345 3037 5401 sacerdos
3066 5344 3285 5417 angelus
3309 5340 3506 5398 Domini
3527 5328 3781 5392 exercitqu

2309 5443 2430 5502 est;
2472 5435 2567 5491 sed
2599 5434 2690 5491 ille
2724 5435 2975 5493 videlicet
3009 5436 3188 5503 solus.
3222 5434 3373 5504 cujus
3403 5440 3454 5488 ei
3495 5427 3614 5483 ιδιδίι

2311 5528 2467 5583 diunt
2500 5528 2819 5596 scientiam;
2856 5537 2913 5585 et
2949 5543 3016 5583 ex
3050 5528 3199 5598 cujus
3234 5503 3327 5583 ore
3358 5525 3438 5579 lex
3469 5518 3553 5579 Dei

2312 5622 2556 5678 docetur.
2597 5593 2823 5676 Studeat
2851 5635 2982 5690 ergo
3290 5616 3501 5687 alii!“
3523 5603 3699 5663 “omine

2312 5718 2559 5781 leuatur,
2598 5713 2881 5769 scientiam
2915 5682 3111 5769 divina:
3140 5710 3274 5780 legis
3307 5682 3491 5764 habere
3521 5711 3603 5769 per
3632 5682 3782 5746 inte“?
