4046 6172
381 327 516 384 H83

1503 333 1858 388 EXPOSITIO
1898 331 2122 387 MISSAE
2163 333 2499 389 ROMA'NzE.

3485 351 3616 402 1486

377 455 540 510 ctum,
581 455 635 501 et
669 448 938 502 custodire
970 461 1067 516 per
1099 448 1464 516 operationem
1504 463 1516 498 :
1555 445 1766 499 studeat
1799 457 1945 497 eam-
1973 449 2021 504 Α
2049 452 2154 498 tur.
2185 444 2293 501 Nec
2323 463 2450 502 vero
2482 449 2730 505 deorsum
2760 467 2853 507 cor
2888 454 3146 511 habentes
3188 457 3387 528 aliquid
3425 476 3616 530 possu-

374 537 496 593 dem
533 535 700 606 legem
738 537 862 601 Dei,
892 553 1050 606 quam
1082 547 1135 591 et
1173 536 1421 606 intelligit
1452 544 1506 589 et
1541 543 1818 603 operatur,
1844 546 1942 600 po-

344 669 346 672 μ
372 627 496 696 pulo
519 629 797 695 nuntiare;
825 638 880 684 et
907 638 1032 684 tunc
1056 630 1268 683 demum
1293 637 1446 682 tanto
1472 627 1664 695 aliquis
1689 623 1946 679 vocabulo

373 719 590 788 dignum
619 735 677 774 se
713 735 832 775 esse
860 736 966 775 non
995 720 1202 774 dubitet
1220 757 1236 784 ,
1268 727 1328 774 ut
1355 719 1563 773 scilicet
1589 717 1812 784 angelus
1842 716 1946 770 Do-

370 813 502 867 mini
532 815 862 869 exercituum
891 815 1219 879 nominetur,
1250 825 1305 870 et
1333 815 1423 870 sit.
1462 814 1594 868 lllud
1622 813 1786 867 etiam
1824 811 1945 866 nul-

369 904 581 959 latenus
617 907 1130 974 praetermittendum
1174 915 1334 976 puto,
1379 903 1519 974 quod
1564 905 1632 957 ab
1678 902 1945 972 episcopis

367 995 623 1065 populum
668 997 1024 1052 salutantibus
1074 1013 1179 1052 non
1234 997 1408 1052 solum
1461 996 1714 1050 Dominus
1770 995 1945 1049 vobis-

366 1102 516 1150 cum,
574 1101 760 1140 verum
817 1087 982 1141 etiam
1027 1104 1132 1158 pax
1177 1087 1468 1150 vobiscum,
1519 1087 1602 1142 vel
1646 1103 1751 1156 pax
1803 1086 1943 1140 vobis

364 1176 533 1231 soleat
576 1177 912 1232 exclamari:
961 1178 1106 1233 enim
1145 1194 1275 1234 vero
1315 1192 1488 1247 neque
1528 1179 1629 1233 hoc
1669 1193 1698 1230 a
1746 1192 1940 1246 magno

364 1267 620 1337 mysterio
644 1277 834 1334 vacat,
864 1268 994 1323 dicit
1019 1284 1255 1338 namque
1284 1269 1541 1322 Dominus
1571 1269 1621 1322 in
1653 1268 1941 1336 Evangelio

362 1358 430 1411 de
458 1372 517 1411 se
544 1357 697 1427 ipso:
731 1358 843 1428 Ego
884 1375 1000 1412 sum
1039 1369 1218 1430 pastor
1259 1359 1454 1424 bonus,
1486 1367 1540 1412 et
1580 1359 1738 1426 paulo
1777 1367 1937 1425 post:

363 1447 512 1502 Sicut
543 1451 680 1504 novit
709 1467 790 1504 me
821 1449 982 1504 Pater
1004 1461 1052 1504 et
1085 1468 1178 1521 ego
1203 1467 1427 1521 agnosco
1458 1449 1671 1504 Patrem
1690 1491 1704 1514 ,
1739 1460 1788 1504 et
1823 1451 1940 1504 ani-

360 1557 499 1593 mam
523 1558 690 1595 meam
715 1557 849 1610 pono
873 1559 967 1612 pro
994 1542 1170 1596 ovibus
1193 1541 1319 1596 meis
1342 1558 1359 1595 :
1388 1556 1488 1595 nec
1512 1556 1618 1594 non
1640 1550 1694 1595 et
1713 1549 1833 1609 post
1855 1557 1939 1596 re-

358 1633 746 1688 surrectionem
782 1649 935 1687 suam
966 1634 1184 1689 easdem
1221 1648 1349 1688 oves
1388 1649 1515 1688 suas
1548 1633 1935 1688 commendans

359 1723 644 1791 apostolis,
681 1723 759 1776 ait
792 1724 858 1779 ad
891 1724 1261 1779 beatissimum
1298 1722 1516 1778 Petrum
1556 1740 1568 1775 :
1611 1722 1776 1776 Pasce
1817 1740 1933 1777 oves

2050 549 2169 589 mus
2197 536 2477 592 desursum
2504 541 2778 609 accipere:
2804 544 2933 611 quid
2955 555 3037 599 est
3064 555 3245 602 autem
3272 565 3484 606 sursum
3515 553 3614 608 ha-

2047 624 2175 680 bere
2201 642 2311 692 cor,
2341 629 2444 683 nisi
2473 646 2592 699 quae
2626 647 2838 688 sursum
2876 645 3002 690 sunt
3027 651 3303 705 qumrere,
3333 640 3425 696 ubi
3452 641 3612 697 Chri-

2047 725 2162 773 stus
2205 728 2291 775 est
2333 721 2388 775 in
2432 721 2651 778 dextera
2697 725 2790 779 Dei
2829 729 3061 782 sedens?
3102 728 3240 794 Quid
3279 740 3362 786 est
3399 747 3612 789 sursum

2046 805 2245 862 habere
2280 825 2393 873 cor,
2424 811 2528 866 nisi
2555 828 2674 882 quae
2702 829 2914 869 sursum
2942 825 3068 871 sunt
3097 833 3316 888 sapere,
3359 837 3466 877 non
3493 839 3614 893 qua:

2034 909 2206 973 super
2235 905 2430 953 terram
2455 901 2477 953 ?
2507 900 2704 955 Μοτιαὶ
2726 904 2862 957 enim
2897 907 3053 974 estis,
3090 907 3262 978 inquit
3293 911 3610 980 Apostolus,

2043 995 2089 1038 et
2126 987 2228 1040 vita
2261 999 2428 1043 vestra
2462 990 2766 1046 abscondita
2792 1003 2866 1048 est
2895 1012 3011 1048 cum
3042 995 3246 1052 Christo
3277 1001 3331 1053 in
3361 1002 3489 1055 Deo.
3521 1004 3614 1058 V'i-

2046 1084 2153 1128 tam
2185 1076 2349 1146 igitur
2374 1087 2612 1134 nostram
2641 1098 2760 1151 qua:
2785 1099 2906 1137 cum
2932 1085 3148 1141 Christo
3175 1087 3227 1140 in
3254 1089 3362 1144 Deo
3387 1091 3614 1146 abscon-

2042 1166 2153 1220 dita
2185 1177 2292 1232 est,
2327 1172 2662 1228 mortiﬁcatis
2696 1175 2944 1231 omnibus
2974 1178 3202 1233 terrenis
3229 1183 3612 1250 concupiscen-

2043 1260 2162 1323 tiis,
2195 1262 2467 1331 suspirare
2503 1263 2792 1329 debemus,
2827 1275 2883 1321 et
2917 1269 2983 1322 ad
3018 1268 3164 1323 illam
3202 1285 3412 1342 semper
3448 1274 3610 1328 corda

2040 1359 2225 1403 nostra
2255 1353 2463 1421 erigere
2489 1369 2502 1418 ;
2532 1355 2676 1423 quod
2703 1356 2776 1408 illi
2805 1372 2911 1410 non
2938 1357 3168 1425 faciunt,
3217 1361 3309 1429 qui
3350 1363 3608 1419 mundum

2040 1447 2095 1492 et
2137 1454 2199 1494 ea
2242 1458 2362 1511 quae
2407 1445 2460 1498 in
2507 1447 2706 1501 mundo
2752 1455 2907 1511 sunt,
2952 1448 3215 1518 diligunt:
3267 1450 3432 1506 Omne
3471 1455 3608 1506 enim

2035 1533 2174 1602 quod
2205 1536 2258 1587 in
2284 1537 2477 1590 mundo
2503 1547 2576 1590 est
2596 1579 2610 1603 ,
2645 1547 2702 1592 ut
2728 1536 2959 1593 Joannes
2987 1541 3258 1609 apostolus
3286 1542 3394 1607 ait,
3426 1559 3611 1597 concu-

2035 1621 2290 1690 piscentia
2317 1627 2490 1679 carnis
2516 1638 2622 1692 est,
2669 1638 2716 1682 et
2761 1631 3173 1698 concupiscentia
3217 1631 3517 1697 oculorum,
3560 1641 3608 1686 et

2036 1712 2277 1780 superbia
2303 1715 2420 1768 vitm
2445 1731 2463 1768 :
2489 1732 2605 1785 qua:
2633 1734 2736 1770 non
2763 1735 2826 1771 ea:
2858 1718 3046 1784 Patre,
3083 1720 3172 1772 sed
3201 1737 3264 1774 ea:
3290 1723 3482 1776 mundo
3508 1735 3604 1777 est.

357 1829 528 1876 meas,
579 1813 633 1868 in
679 1814 872 1884 quibus
911 1813 1221 1884 pascendis,
1265 1821 1324 1868 υι
1363 1829 1423 1868 se
1461 1829 1678 1883 quoque
1717 1828 1814 1882 pro
1853 1813 1933 1868 eis
1965 1784 2012 1844 Β
2039 1804 2292 1873 Quisquis
2335 1821 2466 1876 ergo
2509 1809 2968 1878 concupiscentias
3011 1813 3220 1876 carnis,
3253 1821 3308 1868 et
3351 1816 3607 1885 concupi-

357 1905 638 1961 nioriendo
667 1907 968 1961 imitaretur
992 1904 1234 1974 adjuuxit
1258 1924 1271 1959 :
1303 1905 1434 1960 Cum
1459 1922 1594 1959 esses
1612 1905 1800 1974 junior
1823 1905 1937 1958 cin-

359 1995 514 2065 gebas
544 2005 612 2061 te,
640 2007 688 2050 et
713 1997 1018 2052 ambulabas
1043 1998 1130 2051 ubi
1157 1997 1390 2061 volebas;
1411 2013 1530 2050 cum
1556 2005 1726 2049 autem
1751 2012 1937 2050 senue-

355 2086 459 2153 ris,
487 2087 728 2141 extendes
758 2103 947 2142 manus
977 2098 1125 2152 tuas,
1157 2097 1204 2141 et
1233 2087 1373 2140 alius
1403 2097 1449 2140 te
1476 2087 1676 2156 cinget,
1707 2095 1753 2138 et
1781 2085 1934 2139 ducet

355 2192 456 2244 quo
478 2185 533 2230 tu
562 2193 666 2231 non
694 2178 787 2231 vis.
823 2177 937 2231 Hoc
972 2189 1144 2232 autem
1186 2178 1350 2241 dixit,
1382 2177 1557 2246 inquit
1581 2177 1930 2246 evangelista,

352 2269 656 2339 signiﬁcans
680 2285 782 2339 qua
810 2278 971 2323 morte
999 2269 1384 2338 clari/icaturus
1411 2279 1541 2323 esset
1567 2268 1756 2322 Deum.
1785 2267 1932 2323 Con-

355 2369 462 2415 stat
491 2359 655 2429 igitur
684 2361 966 2414 Dominum
1003 2359 1186 2415 Jesum
1215 2360 1490 2416 Christum
1519 2369 1794 2430 pastorem
1830 2362 1930 2416 bo-

355 2465 485 2503 num
514 2449 825 2503 relicturum
867 2450 1125 2504 mundum
1154 2458 1208 2504 et
1236 2451 1536 2505 rediturum
1575 2451 1643 2506 ad
1682 2450 1894 2506 Patrem
1914 2492 1929 2516 ,

355 2543 422 2596 ad
455 2543 780 2611 pascendum
821 2557 950 2596 oves
989 2557 1114 2598 suas
1156 2543 1409 2607 Petrum,
1448 2549 1502 2596 et
1539 2542 1592 2596 in
1628 2541 1789 2597 Petro
1828 2557 1932 2597 cte-

358 2641 502 2687 tcros
539 2631 871 2701 coapostolos
906 2632 1082 2696 Petri,
1124 2648 1223 2688 nec
1262 2649 1367 2687 non
1405 2642 1460 2688 et
1486 2649 1674 2688 omnes
1712 2644 1929 2702 aposto-

357 2723 528 2780 lorum
576 2739 947 2790 successores,
993 2725 1047 2778 id
1094 2734 1178 2780 est
1213 2727 1523 2794 episcopos,
1559 2726 1677 2780 loco
1714 2725 1929 2794 proprio

357 2813 637 2883 reliquisse
658 2853 672 2876 ,
706 2829 800 2868 eos
844 2814 1092 2869 videlicet
1121 2816 1212 2884 qui
1249 2817 1474 2870 caritate
1511 2824 1565 2870 et
1597 2824 1754 2871 aetate
1783 2816 1928 2871 Petri

353 2919 540 2962 curam
567 2905 866 2975 suscipiunt
893 2906 1038 2961 Petri
1057 2949 1069 2972 ,
1103 2907 1156 2964 id
1184 2919 1267 2963 est
1294 2925 1401 2963 non
1431 2910 1602 2964 solum
1628 2911 1926 2980 principem

351 3003 628 3064 pastorum
658 2998 938 3053 Dominum
981 2998 1163 3055 Jesum
1202 3001 1322 3070 plus
1361 3002 1572 3056 caneris
1613 3002 1921 3073 diligentes,

347 3102 536 3141 verum
563 3087 726 3142 etiam
751 3105 849 3158 pro
878 3089 1067 3145 ovibus
1093 3091 1196 3145 sibi
1225 3092 1445 3146 creditis
1478 3101 1707 3147 mortem
1745 3094 1925 3149 subire

2030 3087 2342 3156 responderi
2370 3105 2382 3139 :

319 3204 323 3208 -
347 3177 539 3246 parati.
573 3177 638 3232 Hi
665 3193 793 3250 ergo
820 3179 1014 3234 summi
1043 3182 1272 3251 pastoris
1301 3181 1417 3238 loco
1442 3190 1496 3235 et
1523 3183 1640 3238 vice
1666 3193 1886 3254 agentes
1903 3225 1917 3250 ,

347 3277 742 3338 consequenter
772 3285 902 3326 oves
928 3271 1029 3327 sibi
1061 3273 1294 3328 creditas
1322 3272 1560 3342 ejusdem
1599 3276 1794 3330 summi
1821 3291 1921 3346 pa-

348 3359 512 3414 storis
539 3375 671 3415 voce
697 3361 972 3416 salutant:
1006 3363 1266 3433 scriptum
1303 3375 1387 3421 est
1413 3367 1556 3421 enim
1587 3367 1641 3421 in
1681 3366 1922 3436 Evange-

347 3453 448 3519 lio,
479 3456 621 3524 quod
647 3454 852 3512 foribus
879 3457 1075 3514 clausis
1099 3459 1360 3514 Dominus
1385 3460 1451 3514 ad
1477 3459 1767 3527 discipulos
1795 3473 1921 3512 suos

347 3545 689 3616 ingrediens,
722 3557 884 3618 atque
917 3549 972 3603 in
1009 3551 1186 3604 medio
1223 3564 1411 3604 eorum
1447 3551 1780 3613 consistens,
1819 3551 1921 3604 hoc

344 3650 438 3690 eos
475 3650 723 3691 sermone
749 3638 1065 3693 salutaverit
1091 3640 1316 3709 dicens:
1348 3639 1466 3693 Pax
1497 3639 1670 3702 vobis,
1712 3640 1765 3694 in
1801 3640 1920 3694 aliis

343 3742 558 3798 quoque
595 3727 728 3782 locis
767 3728 908 3782 idem
950 3727 1141 3784 fecisse
1183 3745 1288 3784 non
1332 3729 1628 3799 ignoratur.
1675 3730 1920 3786 Salutant

343 3833 472 3889 ergo
524 3817 759 3888 episcopi
811 3819 1065 3888 populum
1121 3835 1252 3875 voce
1296 3821 1488 3874 summi
1541 3821 1809 3886 Pastoris,
1860 3831 1920 3877 ut

341 3910 627 3964 ostendant
672 3923 732 3964 se
775 3909 894 3965 loco
939 3911 1135 3965 summi
1183 3911 1422 3965 Pastoris
1472 3927 1600 3966 oves
1648 3911 1764 3980 ejus
1812 3929 1918 3967 non

343 4001 518 4056 solum
545 4013 769 4070 pascere
797 4000 991 4056 debere
1009 4041 1024 4067 ,
1053 4016 1239 4056 verum
1267 4001 1428 4056 etiam
1456 4018 1554 4072 pro
1581 4002 1660 4056 eis
1689 4012 1916 4057 mortem

343 4091 575 4146 libenter
599 4090 870 4160 amplecti.
901 4091 1031 4145 Tam
1059 4103 1242 4146 sancta
1273 4093 1455 4161 itaque
1483 4100 1538 4146 et
1566 4092 1766 4147 salubri
1797 4109 1920 4146 ora-

310 4215 313 4219 -
345 4185 490 4240 tione
528 4200 592 4241 ac
619 4185 942 4241 salutatione
971 4187 1266 4244 sacerd'Otis
1303 4187 1531 4242 libenter
1571 4196 1818 4256 accepta,
1849 4203 1918 4243 ne

341 4274 652 4330 salutationi
693 4274 810 4344 ejus
860 4277 1103 4332 videatur
1149 4278 1388 4348 ingratus
1423 4278 1683 4342 existere,
1722 4278 1916 4332 salutat

309 4398 312 4399 ν
341 4368 566 4437 populus
591 4367 922 4424 sacerdotem
951 4368 1205 4422 dicendo:

836 4457 904 4510 Et
937 4474 1052 4510 cum
1088 4459 1275 4528 spiritu
1307 4468 1416 4512 tuo.

412 4546 542 4602 Orat
567 4555 748 4603 autem
779 4557 839 4602 ut
866 4548 1124 4602 Dominus
1153 4564 1275 4602 cum
1303 4549 1496 4618 spiritu
1534 4549 1697 4606 etiam
1737 4565 1917 4604 sacer-

341 4637 482 4691 dotis
509 4654 629 4692 esse
657 4639 922 4706 dignetur.
955 4637 1069 4693 Non
1094 4654 1313 4708 parvam
1353 4655 1484 4709 ergo
1521 4639 1914 4694 resalutationis

341 4728 568 4794 gratiam
601 4729 850 4784 sacerdos
882 4745 914 4784 a
949 4729 1146 4799 populo
1174 4730 1400 4801 accipit:
1429 4731 1568 4786 sicut
1590 4731 1733 4785 enim
1764 4731 1914 4788 solus

340 4815 429 4870 ille
466 4817 705 4872 salutans
731 4819 1010 4874 Dominum
1033 4859 1048 4885 ,
1077 4827 1138 4873 ut
1162 4836 1283 4874 eum
1308 4821 1559 4875 omnibus
1584 4836 1704 4876 esse
1729 4821 1914 4892 digna-

342 4915 491 4962 retur
519 4910 690 4963 oravit
713 4927 728 4975 ;
773 4911 846 4965 ita
872 4912 1032 4966 etiam
1060 4914 1128 4967 ab
1151 4913 1401 4968 omnibus
1441 4913 1553 4983 ipse
1585 4914 1912 4969 resalutatur

339 5003 637 5067 orantibus,
668 5013 727 5058 ut
751 5006 1008 5060 Dominus
1033 5021 1156 5060 cum
1185 5006 1404 5074 spiritus
1430 5004 1545 5074 ejus
1571 5007 1672 5066 sit.
1703 5007 1912 5062 scilicet

338 5102 400 5149 ut
427 5094 702 5159 Dominus,
743 5097 882 5151 sicut
925 5105 1070 5152 totus
1112 5112 1234 5151 cum
1269 5098 1415 5152 omni
1454 5098 1647 5167 populo
1678 5105 1792 5162 est,
1835 5098 1910 5152 ita

337 5187 500 5240 etiam
536 5187 726 5256 spiritu
764 5188 1060 5243 sacerdotis
1089 5196 1234 5244 totus
1262 5189 1332 5243 sit
1359 5207 1371 5244 :
1403 5191 1624 5258 spiritus
1652 5191 1796 5245 enim
1825 5200 1909 5245 est

339 5278 500 5342 Deus,
531 5285 586 5333 et
613 5279 732 5334 ideo
760 5286 820 5332 ut
845 5294 966 5334 cum
995 5279 1185 5348 spiritu
1223 5281 1518 5335 sacerdotis
1554 5280 1624 5336 sit
1654 5297 1684 5334 a
1713 5280 1908 5350 populo

338 5381 610 5428 exoratur.

904 5463 1127 5519 Sursum
1165 5464 1342 5518 corda.

409 5553 542 5610 Tam
595 5554 853 5610 benevole
904 5571 968 5612 ac
1017 5567 1326 5613 reverenter
1358 5557 1610 5613 sacerdos
1643 5572 1672 5610 a
1707 5558 1905 5627 populo

336 5647 692 5712 resalutatus,
741 5647 989 5702 admonet
1033 5663 1156 5701 eum
1197 5656 1254 5701 ut
1289 5663 1502 5702 sursum
1547 5649 1742 5703 habeat
1770 5664 1900 5702 cor:

303 5741 587 5808 -quatinus
618 5739 860 5811 accipere
891 5739 1032 5809 quod
1059 5737 1311 5809 ‘postulat
1355 5753 1384 5791 a
1435 5739 1660 5794 Domino
1699 5753 1905 5794 merea-

2033 1897 2269 1951 scentias
2308 1898 2584 1954 oculorum
2629 1899 2684 1954 in
2727 1903 3016 1971 semetipso
3046 1920 3152 1958 non
3181 1904 3469 1960 mortificat
3509 1921 3606 1974 per

2032 1989 2444 2055 Continentiam,
2467 1991 2559 2046 sed
2584 1992 2753 2060 magis
2767 1993 3002 2048 vivificat
3024 2009 3119 2064 per
3142 1996 3604 2062 incontinentiam,

2034 2078 2136 2132 iste
2166 2080 2339 2150 diligit
2376 2083 2633 2136 mundum
2664 2093 2718 2138 et
2744 2099 2808 2139 ea
2837 2100 2957 2154 quae
2991 2087 3044 2140 in
3084 2089 3284 2143 mundo
3317 2098 3477 2144 sunt:
3515 2090 3607 2160 qui

2033 2181 2212 2227 autem
2256 2175 2428 2246 diligit
2472 2176 2761 2241 mundum,
2809 2179 2948 2233 sicut
2989 2180 3132 2234 idem
3176 2183 3449 2251 apostolus
3487 2184 3603 2248 ait,

2032 2279 2141 2319 non
2168 2273 2250 2319 est
2276 2265 2490 2320 dilectio
2519 2265 2693 2321 Patris
2723 2268 2776 2321 in
2806 2268 2934 2324 illo:
2963 2278 3017 2323 et
3046 2271 3167 2325 ideo
3193 2273 3448 2328 debemus
3484 2275 3606 2328 dili-

2031 2369 2160 2424 gere
2187 2355 2470 2410 Dominum
2501 2356 2669 2411 Deum
2696 2366 2938 2413 nostrum
2964 2374 3031 2414 ex
3057 2367 3171 2414 toto
3196 2362 3356 2416 corde
3384 2371 3568 2417 nostro
3586 2402 3602 2427 ,

2031 2454 2085 2501 ει
2113 2461 2180 2501 ΘΧ
2209 2455 2322 2500 tota
2350 2455 2529 2502 mente
2559 2458 2742 2503 nostra
2763 2488 2778 2512 ,
2807 2456 2860 2502 et
2887 2463 2953 2503 ex
2992 2457 3104 2504 ῐοῑξι
3146 2451 3343 2504 virtute
3380 2460 3563 2506 nostra
3585 2492 3601 2517 ν

2030 2543 2086 2590 et
2117 2536 2390 2606 proximos
2415 2545 2650 2602 nostros,
2678 2554 2866 2593 omnes
2894 2540 3140 2595 videlicet
3169 2541 3432 2607 homines,
3463 2543 3607 2598 sicut

2031 2645 2130 2684 nos
2160 2631 2340 2699 ipsos:
2373 2631 2419 2686 si
2450 2631 2593 2686 enim
2623 2631 2726 2687 hoc
2750 2632 2844 2687 Dei
2874 2633 3042 2703 gratia
3089 2634 3387 2704 inspirante
3422 2637 3604 2691 value-

2030 2720 2199 2774 rimus
2228 2719 2479 2788 implere,
2509 2721 2714 2776 nullum
2745 2723 2800 2776 in
2827 2723 2989 2777 corde
3016 2723 3098 2778 vel
3130 2724 3181 2777 in
3213 2733 3390 2780 mente
3416 2735 3602 2781 nostra
3665 2727 3684 2738 ‘

2030 2809 2205 2866 locum
2234 2813 2418 2866 mundi
2459 2813 2676 2867 dilectio
2715 2815 2913 2882 poterit
2947 2815 3218 2882 invenire,
3249 2819 3342 2872 sed
3379 2817 3602 2872 calcatis

2027 2911 2190 2970 atque
2232 2902 2570 2957 niortilicatis
2608 2904 2859 2958 omnibus
2900 2906 3184 2960 mundanis
3213 2907 3599 2976 concupiscen-

2028 2992 2155 3057 tiis,
2200 2993 2482 3048 verissime
2529 2993 2645 3050 hare
2685 2995 2994 3050 admouenti
3042 2997 3308 3052 sacerdoti
3351 3007 3603 3068 poterunt

2456 3175 2721 3231 Habemus
2760 3176 2828 3229 ad
2867 3175 3170 3230 Dominum.

2095 3267 2207 3323 Nec
2231 3281 2395 3337 parva
2428 3267 2583 3321 nobis
2602 3307 2616 3330 ,
2649 3267 2694 3320 si
2723 3282 2819 3320 cor
2847 3281 3060 3320 sursum
3098 3267 3296 3322 habere
3325 3271 3598 3325 curaveri-

2023 3372 2164 3420 mus,
2189 3371 2395 3411 merces
2420 3356 2785 3425 promittitur:
2811 3356 2887 3409 ait
2911 3356 3053 3410 enim
3081 3371 3241 3426 supra
3268 3370 3596 3416 memoratus

2022 3448 2293 3518 apostolus
2320 3455 2506 3503 contra
2536 3462 2628 3502 eos
2656 3448 2870 3516 quidem
2899 3448 2988 3516 qui
3017 3449 3271 3503 mundum
3303 3459 3356 3505 et
3386 3467 3447 3506 ea
3476 3469 3597 3522 qua:

2021 3538 2075 3592 in
2105 3537 2307 3592 mundo
2332 3536 2744 3606 sunt'diligunt,
2776 3547 2823 3590 et
2856 3537 3082 3591 mundus
3110 3541 3299 3594 transit
3329 3551 3376 3594 et
3406 3558 3598 3596 concu-

2019 3628 2270 3698 piscentia
2304 3629 2437 3698 ejus.
2478 3628 2554 3682 De
2593 3628 2697 3682 illis
2729 3643 2857 3682 vero
2891 3629 2983 3697 qui
3018 3629 3184 3683 Deum
3229 3646 3295 3684 ex
3338 3641 3449 3687 toto
3475 3634 3598 3688 dili-

2020 3735 2147 3789 gere
2175 3721 2391 3774 student
2421 3737 2433 3772 :
2471 3719 2574 3784 Qui
2602 3729 2774 3772 autem
2802 3718 2979 3787 fecerit
3006 3717 3317 3774 voluntatem
3342 3721 3590 3789 Domini,

2019 3819 2191 3863 manet
2231 3810 2286 3863 in
2326 3819 2610 3873 a’ternum,
2637 3809 2769 3863 sicut
2795 3817 2842 3862 et
2869 3809 2976 3879 ipse
3015 3819 3188 3863 manet
3225 3810 3281 3864 in
3320 3822 3589 3869 wternum.

2019 3899 2121 3967 Qui
2151 3916 2279 3971 ergo
2306 3916 2402 3958 cor
2427 3902 2676 3956 deorsum
2708 3899 3000 3963 inclinant,
3029 3908 3084 3955 et
3113 3902 3370 3957 mundum
3397 3919 3593 3959 concu-

2019 3995 2414 4064 piscentiasque
2437 3995 2551 4065 ejus
2575 3997 2854 4050 brutorum
2877 3995 3186 4049 animalium
3210 4013 3359 4052 more
3377 4009 3589 4054 sectan-
3673 4021 3678 4028 θ

2022 4093 2126 4149 tur,
2156 4093 2467 4142 transeunte
2505 4087 2704 4141 mundo
2742 4095 2796 4139 et
2834 4087 3284 4155 concupiscentiis
3310 4090 3458 4160 ejus,
3491 4093 3591 4161 ipsi

2018 4175 2181 4231 etiam
2209 4178 2415 4245 pariter
2440 4179 2878 4246 pertransibunt,
2921 4193 3030 4232 non
3060 4179 3150 4232 ubi
3192 4178 3422 4235 feliciter
3470 4199 3587 4236 ma-

2018 4277 2200 4331 neant,
2231 4269 2322 4321 sed
2352 4267 2440 4320 ubi
2472 4267 2760 4321 infeliciter
2787 4282 2850 4320 ac
2878 4268 3262 4322 miserabiliter
3287 4280 3508 4338 pereant
3533 4273 3588 4326 in

2017 4367 2297 4413 :eternum.
2339 4357 2442 4422 Qui
2473 4365 2654 4411 autem
2695 4358 2856 4411 corda
2897 4371 2990 4410 sua
3030 4372 3126 4425 per
3151 4357 3490 4414 dilectionem
3518 4363 3587 4417 ad

1941 4468 1994 4530 ο
2019 4449 2187 4504 Deum
2220 4449 2467 4516 erigunt,
2505 4456 2560 4502 et
2594 4448 2761 4501 vitam
2795 4461 2945 4500 suam
2981 4463 3104 4500 cum
3135 4446 3348 4501 Christo
3387 4449 3439 4502 in
3475 4449 3586 4505 Deo

2016 4541 2384 4596 absconditam
2425 4553 2637 4608 semper
2665 4538 3005 4602 desiderant,
3039 4546 3366 4608 possuntque
3405 4540 3586 4596 dicere

2015 4649 2137 4688 cum
2167 4631 2334 4685 Paulo
2359 4628 2618 4699 apostolo,
2650 4627 2788 4693 Quia
2822 4637 2994 4681 autem
3012 4628 3130 4698 jam
3176 4645 3278 4682 non
3321 4646 3434 4700 ego,
3466 4633 3583 4685 vivit

2014 4738 2130 4779 vero
2155 4723 2210 4774 in
2233 4737 2313 4773 me
2337 4719 2574 4774 Christus
2604 4734 2622 4772 :
2649 4730 2724 4783 et,
2749 4717 2881 4772 Mihi
2906 4717 3133 4771 mundus
3157 4719 3442 4787 cruciﬁxus
3473 4732 3545 4774 est
3565 4763 3580 4785 ,

2013 4825 2060 4869 et
2094 4830 2187 4884 ego
2222 4811 2416 4865 mundo
2437 4827 2455 4864 :
2483 4819 2559 4874 et,
2585 4810 2782 4864 Nostra
2812 4817 2985 4861 autem
3010 4811 3330 4862 conversatio
3356 4811 3413 4863 in
3441 4811 3581 4864 coriis

2011 4915 2121 4969 est,
2156 4904 2241 4958 isti
2273 4903 2388 4957 sine
2419 4901 2580 4956 dubio
2616 4899 2942 4955 voluntatem
2987 4897 3199 4952 Domini
3243 4897 3465 4955 faciunt.
3516 4900 3579 4954 Hi

2011 5013 2139 5066 ergo
2169 5011 2290 5050 cum
2322 4994 2521 5049 mundo
2555 5001 2612 5047 et
2651 4989 3100 5060 concupiscentiis
3137 4988 3254 5057 ejus
3293 4998 3576 5044 transeun-

2013 5091 2155 5144 tibus
2202 5102 2307 5142 non
2350 5085 2656 5139 transibunt
2698 5090 2860 5152 atque
2899 5082 3180 5151 peribunt,
3208 5081 3302 5136 sed
3329 5091 3580 5136 manente

2008 5183 2236 5238 Domino
2262 5181 2315 5234 in
2341 5188 2601 5233 mternum
2621 5217 2635 5240 ,
2659 5175 2784 5244 quia
2809 5174 3135 5229 voluntatem
3162 5173 3280 5243 ejus
3302 5173 3576 5240 fecerunt,

2007 5283 2064 5330 et
2093 5274 2192 5344 ipsi
2226 5271 2430 5342 pariter
2457 5270 2512 5323 in
2543 5275 2804 5322 mternum
2838 5265 3149 5320 manebunt.

2240 5363 2451 5420 Gratias
2488 5377 2705 5433 agamus
2741 5360 2964 5413 Domino
3000 5359 3109 5413 Deo
3149 5368 3343 5413 nostro.

2075 5458 2277 5512 Beatus
2303 5455 2542 5524 Baptista
2571 5450 2806 5508 Joannes
2834 5450 2886 5503 in
2927 5449 3214 5519 Evangelio
3246 5448 3413 5504 dicit:
3451 5446 3575 5502 Non

2004 5557 2166 5618 potest
2197 5548 2348 5600 homo
2375 5545 2606 5613 accipere
2630 5542 2906 5615 quicquam
2925 5579 2940 5605 ,
2970 5539 3069 5592 nisi
3107 5539 3264 5608 fuerit
3302 5538 3349 5592 ei
3392 5536 3574 5590 datum

2006 5642 2070 5696 de
2107 5638 2252 5694 creto.
2284 5637 2363 5692 Ae
2390 5652 2458 5691 ne
2487 5643 2682 5706 putans
2708 5642 2761 5689 te
2789 5633 2989 5703 aliquid
3016 5632 3213 5686 habere
3241 5644 3398 5700 posse
3426 5628 3570 5698 quod

2006 5749 2114 5786 non
2142 5729 2443 5795 acceperis,
2476 5728 2614 5783 hanc
2655 5725 2825 5794 ipsam
2866 5723 3186 5780 sententiam
3226 5720 3424 5776 Paulus
3465 5717 3568 5772 im-
