4046 6172
478 358 615 418 1487

474 470 587 541 plet
611 486 625 523 :
656 463 795 532 Quid
819 461 953 515 enim
978 457 1134 511 habes
1159 451 1299 525 quod
1324 469 1424 505 non
1447 446 1725 519 accepisti?
1744 445 1810 499 Et
1832 443 1963 497 item
1988 439 2054 494 ad
2085 443 2129 499 Α

476 534 767 629 discipulos
794 553 1044 609 Salvator
1068 548 1144 602 ait
1169 564 1185 602 :
1210 546 1336 602 Sine
1360 560 1443 598 me
1469 540 1597 596 nihil
1618 536 1828 610 potestis
1856 534 2048 604 facere,

480 666 588 720 quo
614 623 684 702 in
725 661 785 701 se
824 644 1077 713 loquente
1095 680 1110 706 ,
1151 639 1343 693 beatus
1371 633 1601 689 Iacobus
1632 626 1907 699 apostolus
1934 623 2007 678 ait
2037 638 2050 674 :

479 716 647 795 Datne
678 737 861 791 datum
900 734 1183 804 optimum,
1218 737 1265 783 et
1305 741 1457 781 omne
1495 723 1691 777 donum
1731 716 2052 790 perfectum,

478 832 754 886 desursum
775 836 870 892 est,
885 821 1196 879 descendens
1218 837 1250 873 a
1273 818 1433 872 Patre
1451 814 1729 876 luminum,
1747 806 1886 880 apud
1906 820 2057 877 quem

478 941 585 979 non
624 933 698 977 est
737 916 1134 979 transmutatio,
1163 928 1256 966 nec
1295 904 1665 965 vicissitudinis
1709 897 2053 955 obumbratio.

480 1016 539 1077 Si
566 1031 695 1087 ergo
717 1028 822 1069 non
853 1016 1030 1081 potest
1056 1008 1218 1062 homo
1243 1003 1487 1072 accipere
1508 999 1794 1069 quicquam
1820 991 1924 1047 nisi
1946 989 2061 1044 fue-

478 1110 553 1165 rit
590 1085 650 1164 ei
679 1108 861 1163 datum
891 1104 956 1159 de
983 1101 1154 1166 caelo,
1203 1097 1338 1152 nihil
1384 1104 1565 1150 autem
1592 1092 1754 1146 habet
1780 1085 1923 1157 quod
1952 1099 2059 1139 non

483 1198 791 1268 acceperit;
818 1194 961 1249 unde
988 1198 1193 1246 tantam
1219 1186 1554 1243 dilectionem
1580 1180 1661 1236 vel
1694 1179 1940 1247 accipere
1966 1188 2059 1243 po-

483 1290 613 1345 terit
644 1286 729 1341 vel
766 1286 1003 1348 habere,
1047 1296 1152 1351 qua
1195 1295 1289 1335 cor
1328 1292 1485 1331 suum
1528 1274 1595 1328 ad
1637 1271 1808 1326 Deum
1851 1281 2063 1337 semper

481 1381 709 1444 habeat,
755 1375 859 1432 nisi
903 1376 1028 1430 data
1068 1372 1229 1427 fuerit
1269 1369 1320 1423 ei
1362 1368 1428 1423 de
1466 1365 1644 1421 οωιοῖ
1670 1370 1723 1417 et
1753 1362 1798 1417 si
1828 1360 1946 1414 sine
1972 1358 2063 1413 illo

480 1471 615 1527 nihil
643 1481 929 1541 possumus
957 1464 1153 1526 facere,
1180 1477 1278 1533 per
1302 1472 1461 1528 quem
1487 1467 1776 1526 possumus
1803 1451 2064 1505 mundum

484 1572 540 1618 et
568 1538 687 1631 qua:
715 1565 839 1615 sunt
868 1557 921 1611 in
951 1555 1151 1610 mundo
1181 1550 1475 1619 despicere,
1501 1554 1555 1601 et
1581 1543 1681 1599 soli
1708 1543 1817 1597 Deo
1844 1556 1909 1595 ex
1937 1538 2066 1592 totis

483 1651 682 1706 mentis
722 1657 777 1704 et
818 1644 1060 1716 corporis
1096 1641 1303 1695 viribus
1343 1636 1629 1698 anhelare,
1661 1631 1763 1687 nisi
1805 1645 1903 1699 per
1942 1640 2067 1683 eum

485 1741 606 1796 'siue
633 1753 741 1809 quo
770 1736 906 1792 nihil
933 1730 1263 1805 possumus?
1289 1728 1397 1782 Aut
1427 1723 1694 1795 quomodo
1722 1733 1936 1777 sursum
1971 1731 2068 1772 cor

492 1832 700 1899 erigere
738 1842 1056 1900 possumus,
1087 1823 1229 1878 unde
1256 1836 1415 1876 omne
1444 1819 1627 1874 datum
1670 1814 1935 1884 optimum
1955 1851 1970 1875 ,
2012 1818 2067 1866 et

486 1936 647 1977 oume
677 1920 875 1975 donum
903 1915 1198 1987 perfectum
1229 1908 1506 1968 descendit
1531 1925 1561 1963 a
1584 1908 1746 1962 Patre
1768 1903 2030 1959 luminum
2051 1941 2066 1967 ,

486 2013 591 2068 nisi
633 2012 750 2081 ipso
788 2009 948 2063 Patre
986 2005 1245 2059 luminum
1279 2010 1488 2055 tantum
1519 1998 1673 2052 nobis
1714 1994 1915 2048 donum
1959 2006 2070 2046 sum

486 2080 673 2173 gratiae
707 2095 1063 2155 conferente?
1092 2093 1349 2148 llortatur
1376 2091 1559 2159 itaque
1582 2086 1861 2149 sacerdos,
1888 2090 1946 2136 ut
1975 2080 2070 2151 qui

489 2200 645 2248 tanta
671 2187 929 2245 beneﬁcia
957 2201 986 2240 a
1018 2185 1127 2239 Deo
1155 2181 1494 2253 percepimus
1522 2194 1622 2249 pro
1649 2176 1885 2246 acceptis
1906 2175 2073 2229 bene-

493 2285 632 2340 ﬁciis
672 2282 842 2340 datori
886 2278 1270 2335 beneﬁciorum
1314 2274 1426 2329 Deo
1467 2271 1666 2342 ingrati
1714 2280 1821 2324 non
1870 2268 2072 2330 simus,

491 2376 585 2430 sed
611 2372 906 2444 condignas
932 2371 980 2425 ci
1012 2369 1213 2439 gratias
1236 2381 1333 2436 pro
1356 2365 1592 2434 acceptis
1615 2361 1777 2417 tantis
1798 2358 2077 2415 beneﬁciis

492 2464 830 2527 exhibentes,
859 2476 967 2515 non
1007 2460 1163 2513 nolis
1191 2456 1491 2511 tribuamus
1530 2451 1670 2523 quod
1696 2450 1941 2514 facimus,
1984 2449 2077 2503 sed

494 2554 571 2609 illi
599 2553 691 2623 qui
721 2560 975 2622 operatur
999 2550 1179 2605 omnia
1209 2549 1263 2602 in
1290 2547 1572 2610 omnibus,
1600 2544 1799 2614 quique
1823 2547 2080 2611 operatur

497 2646 552 2700 in
594 2644 750 2699 nobis
792 2651 846 2697 et
887 2643 1024 2697 velle
1050 2653 1104 2696 et
1135 2640 1348 2711 operari
1389 2655 1489 2711 pro
1514 2639 1657 2694 bona
1685 2636 1990 2699 voluntate,
2024 2640 2082 2687 ut

495 2738 622 2793 dum
650 2751 749 2790 nos
778 2735 1210 2805 recognoscimus
1235 2733 1371 2787 nihil
1393 2747 1423 2785 a
1447 2732 1602 2787 nobis
1630 2731 1853 2793 habere,
1882 2734 2083 2782 totum-

495 2844 598 2897 que
625 2827 691 2881 ad
720 2826 890 2881 Deum
919 2824 1206 2879 referimus
1231 2824 1375 2892 quod
1401 2838 1466 2877 eo
1494 2824 1725 2877 donante
1752 2818 2079 2887 accepimus,

494 2928 550 2973 et
597 2915 916 2997 humilitatis
966 2923 1165 2969 nostrae
1219 2926 1488 2967 memores
1534 2912 1588 2964 in
1628 2909 1934 2979 superbiam
1975 2921 2083 2961 non

492 3010 756 3073 lcvemur,
787 3022 882 3077 per
913 3020 1074 3076 quam
1116 3005 1170 3059 in
1205 3003 1469 3075 judicium
1508 3001 1704 3057 diaboli
1743 2998 2081 3062 incidamus;

496 3111 552 3157 et
591 3100 647 3154 in
685 3098 936 3153 omnibus
972 3094 1359 3151 honoriﬁcetur
1383 3095 1557 3158 Deus,
1600 3107 1698 3162 per
1739 3105 1897 3161 quem
1944 3090 2084 3144 hanc

497 3192 672 3262 ipsam
717 3203 933 3259 quoque
978 3187 1335 3242 humilitatem
1383 3186 1662 3240 habemus.
1713 3183 1846 3237 Tam
1895 3188 2082 3235 sancta

497 3283 663 3353 igitur
690 3270 744 3336 et
771 3279 972 3336 salubri
1003 3278 1369 3333 admonitione
1397 3275 1625 3346 populus
1653 3274 1886 3328 libenter
1926 3285 2082 3325 acce-

496 3383 621 3446 pta,
652 3372 917 3433 sacerdoti
947 3386 1070 3427 cum
1098 3386 1291 3442 magna
1320 3370 1603 3424 devotione
1631 3364 1916 3437 respondet
1941 3381 1954 3417 :

963 3483 1192 3554 Dignum
1220 3492 1267 3537 et
1287 3483 1497 3553 justum
1524 3491 1620 3537 est.

572 3594 716 3650 Nihil
758 3594 1028 3665 indignius
1063 3609 1226 3663 quam
1251 3592 1493 3665 largitori
1521 3592 1761 3648 omnium
1798 3588 2089 3647 beneficio-

1358 337 1627 398 SASCULI
1665 333 1775 392 VIII
1812 324 2245 389 MONUMENTA
2282 315 2832 377 ECCLESIAS'I‘ICA.

2158 431 2344 505 procul
2375 430 2538 486 dubio
2565 438 2664 488 est.
2697 437 2759 482 ut
2789 425 2879 494 qui
2907 437 3097 478 omnes
3121 417 3749 491 peccantesjustiﬁcavit

2152 525 2322 596 gratis
2363 537 2460 593 per
2497 521 2727 591 gratiam
2769 530 2945 578 suam,
2987 513 3192 584 gratias
3230 511 3331 566 sibi
3374 510 3444 564 ab
3488 509 3750 562 omnibus

2154 623 2305 669 actas
2350 610 2578 680 recipiat
2620 627 2632 661 :
2652 605 2860 676 justum
2897 603 3119 659 omnino
3145 609 3250 665 est,
3288 608 3347 655 ut
3390 599 3519 669 quia
3552 612 3752 652 omnes

2154 708 2532 775 peccaverunt,
2553 707 2610 752 et
2628 710 2816 751 onmes
2840 693 3009 765 gloria
3037 692 3132 746 Dci
3160 698 3336 762 egent,
3367 698 3425 744 et
3450 688 3624 759 gratis
3650 702 3753 756 per

2157 794 2387 866 gratiam
2425 791 2593 862 ipsius
2618 786 2901 857 iustiﬁcati
2941 792 3086 850 sunt,
3114 782 3330 854 quando
3360 782 3616 836 meritum
3650 780 3755 834 ba.

2157 884 2287 939 bere
2313 897 2420 936 non
2457 886 2777 950 potuerunt;
2819 875 3015 932 saltem
3044 881 3251 945 gratias
3279 886 3442 943 agere
3471 887 3579 925 non
3606 870 3759 926 desio

2160 981 2306 1030 stant
2336 991 2349 1025 :
2378 973 2432 1026 in
2462 978 2671 1025 tantum
2694 968 2924 1037 denique
2953 974 3010 1021 et
3028 965 3235 1035 justum
3266 973 3350 1020 est
3387 979 3584 1019 munus
3610 964 3760 1034 apud

2161 1065 2331 1120 Deum
2361 1062 2500 1117 actio
2527 1061 2849 1133 gratiarum,
2878 1067 2939 1112 ut
2962 1072 3069 1112 non
3100 1057 3272 1112 solum
3309 1057 3414 1112 hoc
3445 1071 3477 1110 a
3514 1057 3673 1110 nobis
3698 1056 3761 1109 in

2160 1154 2443 1226 praesentis
2475 1152 2602 1205 vita:
2629 1147 3079 1219 corruptibilitate
3121 1147 3430 1202 constitutis
3475 1146 3759 1215 requirat;

2160 1262 2352 1302 verum
2374 1246 2539 1300 etiam
2570 1246 2623 1297 in
2649 1241 2852 1298 futuro.
2884 1240 2977 1295 ubi
3003 1238 3352 1308 corruptibile
3377 1238 3482 1292 hoc
3506 1236 3763 1290 indutum

2162 1338 2267 1392 erit
2306 1334 2729 1404 incorruptione,
2763 1339 2821 1385 et
2863 1329 3091 1385 mortale
3128 1329 3231 1383 boc
3257 1327 3504 1381 indutum
3528 1327 3639 1381 erit
3658 1327 3766 1380 im-

2164 1426 2524 1488 mortalitate,
2573 1430 2630 1477 et
2679 1422 2797 1476 sine
2844 1417 3243 1474 intermissione
3288 1416 3559 1471 videbitur
3614 1415 3769 1471 Deus

2166 1520 2390 1575 deorum
2431 1514 2589 1571 sicuti
2639 1521 2754 1576 est,
2801 1518 3089 1566 attestante
3135 1508 3431 1578 Propheta,
3479 1507 3569 1576 qui
3624 1506 3704 1560 ait
3747 1522 3763 1558 :

2167 1609 2319 1663 Beati
2351 1606 2441 1679 qui
2477 1604 2711 1659 habitant
2746 1603 2801 1656 in
2834 1600 2991 1656 domo
3026 1609 3149 1664 tua,
3189 1596 3442 1663 Domine,
3480 1598 3537 1651 in
3561 1595 3768 1650 saecula

2169 1699 2480 1755 steculorum
2503 1694 2793 1750 laudabunt
2817 1702 2886 1746 te.
2919 1690 3028 1746 Sed
3055 1690 3311 1760 quoniam
3344 1688 3533 1743 laudes
3555 1696 3613 1742 et
3636 1702 3773 1757 gra-

2100 1786 2144 1845 B
2173 1790 2259 1844 tire
2304 1788 2415 1842 Deo
2459 1802 2491 1840 a
2536 1783 2695 1839 nobis
2725 1781 2966 1846 reddite,
3000 1794 3110 1834 non
3152 1778 3263 1833 Deo
3296 1777 3391 1832 sed
3416 1777 3570 1831 nobis
3597 1775 3773 1845 proﬁ—

2169 1880 2351 1944 ciunt;
2384 1876 2506 1931 ideo
2543 1875 2599 1929 in
2638 1875 2742 1929 hac
2786 1880 2938 1927 tanta
2970 1868 3359 1939 supplicatione
3397 1865 3771 1937 subiungitur,

2170 1967 2407 2039 xEquum
2432 1975 2480 2019 et
2505 1963 2756 2026 salutare,
2791 1975 2919 2016 nam
2947 1974 3136 2029 aequus
3161 1966 3247 2013 est
3282 1957 3577 2015 secundum
3607 1967 3776 2011 natu-

2172 2074 2310 2123 ram,
2346 2057 2528 2128 justus
2574 2054 2752 2109 dictus
2794 2053 2864 2106 ab
2905 2049 3211 2121 aequalitate
3246 2057 3472 2102 natur-.2.
3512 2046 3780 2103 Condidit

2173 2161 2355 2207 autem
2376 2149 2519 2203 Deus
2544 2147 2819 2223 hominem
2845 2143 2991 2199 nulla
3015 2143 3285 2213 pravitate
3308 2154 3651 2202 perversum,
3677 2139 3777 2193 sed

2173 2242 2320 2297 omni
2348 2241 2585 2296 bonitate
2615 2245 2825 2292 rectum
2852 2244 2909 2290 et
2930 2248 3165 2303 mquam,
3199 2231 3262 2285 ad
3301 2229 3591 2300 Imaginem
3624 2229 3780 2284 scili-

2174 2344 2262 2391 cet
2288 2350 2353 2389 ac
2380 2330 2785 2388 similitudinem
2816 2342 2988 2389 suam,
3016 2334 3077 2380 ut
3105 2340 3211 2378 non
3248 2322 3407 2377 modo
3437 2322 3489 2377 in
3525 2321 3617 2376 illa
3662 2334 3778 2376 ter-

2177 2442 2308 2481 rcna
2339 2423 2594 2479 felicitate
2628 2420 2868 2492 paradisi
2906 2417 3105 2481 sobrie,
3129 2415 3295 2486 iuste,
3324 2424 3381 2470 et
3410 2414 3501 2484 pie
3541 2413 3777 2476 viveret.

2176 2530 2366 2572 verum
2394 2514 2557 2569 etiam
2585 2513 2638 2566 in
2669 2508 2861 2578 majori
2895 2507 3218 2579 quandoque
3252 2514 3311 2561 et
3337 2503 3569 2575 spiritali
3605 2503 3779 2557 felici-

2179 2616 2291 2662 tate
2318 2604 2664 2668 constitutus,
2696 2608 2998 2656 creatorem
3030 2613 3185 2653 suum
3222 2598 3339 2652 sine
3372 2598 3474 2649 line
3500 2594 3776 2648 laudaret.

2180 2698 2420 2770 Equum
2447 2705 2531 2751 est
2559 2710 2689 2766 ergo
2731 2702 2791 2748 ut
2830 2693 2874 2747 si
2909 2691 3155 2746 volumus
3191 2689 3485 2745 secundum
3524 2696 3782 2741 naturam

2182 2800 2420 2848 nostram
2435 2788 2565 2858 justi
2584 2802 2723 2851 esse,
2749 2784 2877 2840 illud
2901 2797 3115 2853 semper
3137 2783 3207 2836 ad
3235 2780 3377 2850 quod
3400 2780 3569 2834 creati
3588 2794 3782 2833 sumus

2183 2882 2365 2937 facere
2393 2880 2734 2942 studeamus,
2764 2876 2818 2931 id
2855 2883 2940 2930 est
2972 2883 3029 2929 et
3057 2874 3112 2927 in
3148 2871 3399 2942 praemitti
3427 2869 3540 2924 vita
3583 2884 3781 2924 secun-

2185 2972 2313 3027 dum
2341 2969 2703 3040 aequalitatem
2744 2974 2951 3020 natura:
2994 2971 3195 3018 nostrae
3232 2962 3495 3023 viventes,
3540 2960 3781 3016 creatori

2186 3069 2371 3117 nostro
2398 3062 2466 3115 de
2503 3057 2779 3114 beneﬁciis
2822 3056 2935 3110 suis
2970 3051 3317 3108 incessabiles
3345 3050 3551 3122 gratias
3578 3049 3785 3105 refera-

2110 3127 2159 3192 ο
2188 3167 2330 3217 mus,
2363 3159 2522 3221 atque
2557 3159 2618 3205 ut
2661 3150 2714 3203 in
2752 3148 2934 3201 futura
2965 3146 3019 3200 id
3049 3145 3225 3215 ipsum
3263 3143 3665 3199 incessabiliter
3701 3141 3782 3196 fa-

2183 3247 2411 3309 ciamus,
2450 3250 2507 3297 et
2549 3249 2663 3296 toto
2703 3254 2920 3310 semper
2966 3239 3163 3293 affectu
3205 3236 3579 3292 desideremus
3621 3254 3635 3289 :
3677 3236 3781 3290 hoc

2185 3338 2331 3392 enim
2353 3336 2406 3389 in
2437 3342 2644 3389 tantum
2673 3331 2828 3386 nobis
2855 3328 3093 3384 salutare
3117 3336 3219 3391 est,
3242 3335 3306 3380 ut
3324 3326 3479 3381 aliter
3504 3324 3642 3380 salvi
3665 3324 3781 3379 ﬁeri

2187 3426 2491 3481 nullatenus
2516 3422 2813 3479 valeamus.
2860 3420 2999 3487 Quia
3036 3418 3202 3489 igitur
3231 3431 3447 3488 aequum
3482 3424 3584 3479 est,
3618 3415 3785 3471 debe-

2188 3535 2310 3576 mus
2349 3519 2453 3573 hoc
2494 3532 2561 3571 ex
2599 3524 2809 3570 naturae
2854 3512 3036 3569 debito
3082 3510 3304 3582 preprio
3343 3509 3567 3564 creatori
3610 3508 3783 3578 :quia

2189 3626 2321 3667 vero
2350 3609 2587 3666 salutare
2614 3616 2719 3672 est,
2743 3605 3107 3661 necessarium
3136 3605 3301 3658 etiam
3332 3616 3450 3657 sme
3481 3600 3650 3655 dubio
3692 3615 3787 3657 no-

502 3699 627 3743 rum
661 3685 772 3740 Deo
797 3683 866 3740 de
890 3683 1169 3739 beneﬁciis
1195 3683 1308 3738 suis
1332 3682 1627 3753 quemlibet
1656 3682 1925 3753 ingratum
1951 3679 2093 3736 exis-
2190 3703 2277 3758 δίε
2300 3710 2385 3758 εει
2404 3700 2471 3756 ad
2497 3709 2756 3754 ωιει-ηειιι
2791 3697 3041 3752 salutem.
3064 3694 3327 3762 Quotiens
3353 3708 3505 3765 ergo,
3531 3701 3591 3746 ut
3620 3706 3787 3761 supra

503 3787 640 3834 tere.
676 3775 825 3830 Nihil
838 3773 1084 3844 profecto
1120 3783 1205 3828 est
1248 3773 1493 3843 dignius,
1525 3788 1688 3842 quam
1718 3771 1769 3826 ei
1806 3771 1969 3826 etiam
1996 3784 2078 3839 ρι’(

2193 3794 2397 3849 dictum
2417 3798 2520 3856 est,
2544 3789 2654 3844 Deo
2673 3788 2863 3843 laudes
2881 3796 2938 3842 et
2959 3787 3166 3858 gratias
3191 3787 3424 3857 agimus,
3444 3785 3546 3856 ipsi
3568 3785 3790 3855 quidem

504 3866 694 3938 statim
738 3881 851 3920 sua
899 3864 1056 3920 donis
1100 3863 1246 3919 omni
1289 3879 1503 3933 semper
1546 3863 1848 3919 humum”
1893 3861 2095 3931 ﬂauas
2195 3887 2299 3941 hoc
2322 3891 2379 3939 et
2402 3898 2468 3938 ex
2496 3890 2703 3936 naturze
2724 3880 2908 3935 debito
2932 3887 2989 3934 et
3006 3895 3074 3934 ex
3103 3879 3427 3934 necessitate
3462 3887 3668 3933 nostra:
3706 3893 3791 3932 sa—

506 3971 690 4027 agere,
716 3970 814 4024 per
839 3955 944 4009 hoc
968 3955 1113 4009 enim
1142 3970 1248 4009 non
1279 3955 1452 4010 solum
1482 3970 1580 4010 nos
1608 3968 1876 4010 memores
1897 3960 2078 4009 nostra

2197 3977 2324 4032 lutis
2357 3973 2706 4039 exsolvimus,
2748 3972 2845 4027 sed
2884 3965 2961 4026 illi
3001 3970 3094 4040 qui
3136 3969 3191 4023 in
3221 3968 3365 4023 nullo
3407 3968 3613 4040 indiget
3659 3966 3794 4023 nihil

507 4048 829 4152 nummulis
842 4045 1123 4149 θωθίηξων
1143 4055 1201 4100 et
1226 4047 1417 4152 ip???
1442 4047 1695 4152 θωηίίξυδ
1716 4045 2094 4152 (Ῥωίξυδθξυτν
2197 4067 2528 4140 proficimus.
2560 4062 2726 4118 Nobis
2763 4071 2942 4117 autem
2972 4062 3019 4117 si
3050 4062 3154 4117 hoc
3181 4061 3502 4132 negligimus
3541 4060 3595 4114 in
3624 4077 3796 4131 quan-

506 4156 699 4244 νθξυξη
723 4140 887 4244 etiam
924 4138 1127 4208 majora
1156 4139 1299 4244 amid
1325 4139 1477 4244 il‘lf'm
1505 4146 1560 4193 θί
1583 4138 1973 4244 ³¹Ἦ¹¹ξ¹ξλ¹¹ιξ⁰τ³
1994 4139 2096 4244 θ’θ’
2198 4138 2313 4217 tum
2337 4157 2674 4220 deﬁciamus,
2705 4156 2758 4209 in
2782 4153 2944 4225 primi
2970 4153 3214 4225 parentis
3235 4152 3406 4207 nostri
3450 4150 3630 4221 lapsu,
3679 4152 3797 4220 qni-

507 4230 703 4338 ncﬁcia
729 4240 787 4288 et
822 4238 1267 4338 pmmemmuret
1290 4230 1618 4338 obtinemus:
1644 4227 1782 4330 Quid
1807 4235 1891 4284 est
1919 4237 2097 4338 autem
2201 4264 2433 4320 cumque
2475 4246 2705 4302 voluerit
2742 4244 2943 4316 poterit
2988 4257 3321 4316 perpensare
3361 4261 3374 4297 :
3423 4242 3512 4298 ille
3555 4258 3797 4313 namque

416 4392 423 4396 .
510 4326 767 4420 inlusa“?
781 4337 943 4392 quam
967 4336 1065 4420 Pro
1079 4319 1185 4420 ‘Dei
1206 4318 1482 4420 δεηθθξίίξ
1499 4327 1689 4420 ⁰⁴ξ¹¹ιτ³
1711 4318 1886 4420 ίνδυξη
1911 4318 2100 4420 labem
2203 4343 2272 4397 ad
2300 4318 2586 4411 imaginem
2606 4347 2664 4394 et
2682 4336 3091 4394 similitudinem
3118 4336 3214 4392 Dei
3235 4335 3502 4401 conditus,
3528 4333 3593 4389 ad
3613 4349 3796 4404 usqua-

510 4426 568 4473 et
591 4414 822 4486 superba
856 4417 1038 4466 mente
1073 4409 1409 4464 tumescere?
1439 4408 1679 4479 Denique
1703 4408 1965 4478 proximis
1999 4424 2078 4463 no

2204 4408 2495 4487 litatem'et
2529 4430 2841 4484 societatem
2880 4426 3193 4499 angelomm
3236 4425 3560 4497 quandoque
3595 4426 3796 4495 perdu-

511 4506 643 4607 ίξινίε
664 4520 747 4607 εξ.
771 4504 891 4574 Ῑθεθ
925 4502 1020 4605 Pe}
1042 4499 1295 4607 lllbemm:
1320 4501 1521 4604 malui“
1553 4516 1651 4571 1)Γο
1678 4501 1820 4607 limo
1846 4516 1951 4556 ¹¹⁰¹¹
1978 4501 2099 4607 “39‘
2128 4486 2177 4546 D
2202 4524 2430 4586 cendus,
2478 4522 2544 4576 ad
2580 4521 2843 4576 visionem
2887 4486 3207 4576 etvlaudem
3248 4486 3545 4575 conditoris
3586 4486 3797 4588 proprii

513 4599 661 4659 dere.
692 4595 752 4650 Si
778 4608 909 4664 ergo
937 4592 1198 4662 iniustum
1217 4600 1303 4648 est
1328 4594 1576 4662 proximo
1606 4592 1806 4647 malum
1834 4607 1933 4663 pro
1957 4592 2078 4647 mall

2201 4611 2562 4667 sublevandus
2581 4651 2595 4675 ,
2635 4609 2873 4680 paradisi
2918 4608 3114 4674 cultor,
3161 4610 3403 4664 omnium
3450 4615 3507 4661 et
3560 4606 3797 4676 piscium

514 4686 761 4749 reddere,
785 4692 988 4755 quanto
1012 4683 1263 4753 iniustius
1286 4698 1408 4739 esse
1443 4692 1697 4754 putamus
1729 4684 1920 4739 factori
1950 4692 2005 4739 et
2036 4684 2102 4738 li-

515 4778 753 4837 beratori
791 4785 976 4835 nostro
1007 4786 1063 4833 et
1101 4777 1467 4846 proximorum
1507 4784 1818 4832 nostrorum
1846 4776 1956 4831 Deo
1982 4776 2103 4830 red-

521 4871 650 4926 dere
681 4869 825 4925 mala
862 4867 1125 4938 superbiae
1150 4881 1250 4937 pro
1272 4867 1428 4921 bonis
1452 4867 1639 4937 gratiae.
1663 4865 1809 4921 sum?
1833 4865 1962 4919 Post
1988 4866 2103 4920 haec

519 4962 774 5017 sacerdos
788 4959 903 5029 jam
927 4958 994 5013 de
1017 4957 1196 5028 populi
1226 4957 1506 5012 devotione
1529 4971 1771 5020 securus,
1796 4955 2103 5024 responsio-

522 5067 646 5108 nem
675 5050 791 5120 ejus
818 5050 1097 5105 verissima
1126 5048 1469 5103 attestatione
1498 5048 1845 5111 conﬁrmans,
1876 5046 2016 5101 unde
2047 5056 2103 5102 et

523 5157 756 5213 sequens
799 5141 1002 5205 oratio,
1045 5138 1149 5194 nisi
1185 5136 1361 5201 fallor,
1401 5146 1686 5193 contestata
1726 5139 1783 5193 in
1820 5153 2106 5193 commune

523 5243 769 5300 vocatur,
806 5240 1040 5288 mentem
1081 5245 1234 5286 suam
1267 5231 1430 5297 etiam
1463 5230 1576 5298 ipse
1611 5237 1775 5284 totam
1801 5229 1960 5298 erigit
1988 5244 2106 5283 sur-

527 5340 666 5389 sum,
697 5336 860 5395 atque
888 5324 941 5379 in
973 5324 1056 5379 his
1080 5321 1260 5377 verbis
1283 5322 1497 5377 excelso
1525 5321 1790 5392 supplicat
1814 5319 1925 5375 Deo
1958 5339 1970 5373 :

681 5435 807 5490 Vere
843 5436 1092 5507 Dignum,
1121 5444 1228 5491 etc.
1254 5450 1424 5506 usque
1457 5435 1523 5489 ad
1554 5435 1753 5505 gratias
1778 5450 1949 5503 agere.

602 5545 792 5600 Omnes
812 5547 949 5600 enim
974 5554 1329 5614 peccaverunt,
1360 5545 1534 5614 inquit
1553 5543 1857 5615 Apostolus,
1888 5554 1937 5598 et
1962 5554 2108 5615 egent

532 5635 700 5703 gloria
743 5634 855 5687 Dei.
901 5634 1187 5700 Justi/icati
1223 5636 1385 5704 gratis
1425 5651 1516 5703 per
1549 5636 1773 5703 gratiam
1808 5636 1990 5704 ipsius,
2018 5650 2111 5703 per

534 5721 933 5792 redemptionem
958 5738 1072 5790 qua:
1097 5733 1167 5775 est
1197 5724 1249 5775 in
1276 5721 1481 5777 Christo
1502 5723 1647 5777 Iesu.
1671 5725 1898 5795 Dignum
1925 5726 2106 5794 itaque

2202 4701 2392 4765 maris,
2414 4708 2472 4755 et
2497 4699 2792 4754 volatilium
2829 4698 2950 4755 caeli
2978 4708 3035 4753 et
3065 4698 3387 4762 bestiarum,
3418 4697 3799 4767 universasque

2206 4802 2363 4847 terrae
2400 4790 2726 4855 dominator,
2756 4798 2980 4860 peccata
3006 4805 3225 4853 cavens,
3266 4789 3477 4860 iustitia
3508 4790 3800 4844 abundans

2204 4885 2296 4938 ubi
2336 4884 2572 4953 primum
2618 4898 2717 4953 per
2755 4884 3427 4955 superhiam.depravatus
3464 4899 3572 4937 non
3617 4883 3798 4938 solum

2209 4988 2307 5029 suo
2335 4974 2578 5044 ingratus
2598 4974 2805 5028 exstitit
2831 4975 3086 5039 creatori,
3110 4990 3298 5030 verum
3326 4975 3489 5029 etiam
3514 4974 3625 5028 Deo
3651 4974 3797 5028 sini-

2209 5066 2295 5130 lis,
2313 5066 2477 5120 immo
2492 5064 2636 5120 Deus
2650 5064 2766 5120 ﬁeri
2780 5066 3106 5136 concupivit,
3129 5082 3239 5120 non
3265 5066 3426 5120 modo
3444 5063 3511 5119 ad
3534 5064 3685 5118 illaut
3711 5064 3796 5119 fu-

2212 5166 2389 5210 turam
2417 5154 2499 5209 sui
2520 5153 2834 5210 felicitatem
2861 5170 2967 5210 non
2996 5156 3196 5225 attigit,
3220 5138 3316 5210 sed
3329 5164 3383 5209 et
3400 5170 3569 5224 quam
3580 5154 3800 5210 tenebat

2213 5244 2413 5309 amisit,
2435 5253 2492 5299 et
2516 5244 2763 5298 miserias
2787 5244 3133 5299 mortalitatis
3159 5253 3218 5299 et
3238 5243 3545 5314 fragilitatis
3572 5252 3629 5298 et
3654 5242 3798 5300 cala—

2215 5333 2420 5387 mitatis
2450 5340 2627 5387 tantas
2663 5333 2866 5388 invenit
2899 5334 2983 5389 vel
3020 5334 3227 5398 incidit,
3259 5344 3490 5403 quantas
3516 5332 3797 5389 sentiendo

2215 5423 2393 5493 potius
2419 5437 2483 5476 ac
2507 5422 2758 5488 videndo,
2788 5440 2950 5494 quam
2980 5424 3225 5494 legendo,
3253 5432 3364 5479 tam
3392 5425 3449 5479 in
3474 5439 3534 5479 se
3557 5439 3721 5495 quam
3742 5425 3796 5478 in

2215 5515 2336 5569 aliis
2359 5515 2727 5584 unusquisque
2752 5515 3047 5586 cognoscit.
3081 5514 3150 5569 Ut
3174 5530 3305 5599 ergo
3332 5515 3534 5569 ab‘hac
3563 5514 3800 5569 miserri-

2216 5621 2303 5661 ma
2342 5604 2656 5659 infelicitate
2697 5604 2768 5660 ad
2808 5605 2957 5660 illam
2984 5605 3354 5661 beatissimam
3382 5604 3696 5662 felicitatem
3717 5614 3799 5661 at-

2218 5697 2424 5765 tingere
2457 5694 2749 5763 valeamus,
2784 5696 3017 5767 dignum-
3043 5711 3227 5752 coram
3266 5695 3453 5751 Deoet
3466 5692 3675 5763 justum
3695 5704 3799 5763 est,
