4046 6172
347 349 481 405 1489

1476 345 1835 403 EXPOSITIO
1878 341 2102 399 MlSSzE
2144 340 2477 398 ΒΟΜΑΝᾸῘ.

3452 340 3588 399 H90

342 477 553 533 aequum
595 460 748 520 nobis
782 467 836 514 et
874 459 1107 513 salutare
1151 469 1252 521 est,
1286 459 1394 512 Deo
1439 468 1494 513 ct
1537 459 1680 513 Patri
1728 467 1910 513 nostro

2017 455 2103 509 Dii
2135 454 2288 519 estis;
2312 461 2386 516 et,
2417 451 2677 517 Quoniam
2707 452 2844 505 Deus
2874 467 3092 522 magnus
3120 453 3394 519 Dominus,
3423 466 3472 511 et
3500 474 3593 512 rea;

344 565 558 621 semper
590 559 645 605 et
672 550 868 618 ubique
907 548 1109 617 gratias
1147 563 1307 617 agere
1339 566 1352 598 τ
1384 563 1616 617 semper,
1649 557 1710 603 ut
1746 563 1919 617 neque

343 641 410 694 de
437 639 680 695 adversis
705 650 1123 701 murmurcmus,
1150 651 1324 704 neque
1349 636 1416 691 de
1440 638 1710 706 prosperis
1747 638 1798 690 in
1828 652 1919 690 su-

342 730 583 801 perbiam
612 730 904 800 erigamur,
942 727 1037 782 sed
1083 736 1139 782 et
1176 729 1399 782 adversa
1440 729 1594 783 nobis
1632 744 1699 783 ex
1737 729 1920 783 delzito

342 827 685 890 peccatorum
714 826 1020 873 nostrorum
1045 818 1249 882 venire,
1278 825 1333 871 et
1356 833 1616 887 prospera
1643 833 1711 872 ex
1738 818 1915 872 divina

342 911 648 982 dignatione
683 917 734 964 et
775 909 1142 964 misericordia
1179 923 1463 978 provenire
1500 919 1916 980 cognoscentes;

342 1010 397 1056 et
420 1001 485 1055 de
518 1001 755 1071 paternis
785 999 1008 1071 ﬂagellis
1037 1012 1062 1039 α
1089 999 1231 1054 Deus
1258 1008 1319 1054 ut
1343 1001 1497 1054 nobis
1535 999 1823 1070 proﬁciant
1849 1000 1918 1055 ad

341 1078 583 1145 Salutem.
612 1089 679 1142 Et
705 1089 770 1143 de
799 1089 1033 1159 gratuita
1070 1089 1308 1142 bonitate
1336 1088 1452 1158 ejus
1485 1103 1552 1142 ne
1578 1090 1733 1145 nobis
1758 1090 1918 1161 proﬁ—

339 1182 485 1235 ciant
522 1181 589 1234 ad
619 1181 849 1240 ruinam,
881 1188 933 1234 et
967 1195 1180 1250 semper
1207 1182 1467 1235 mansueti
1497 1190 1659 1251 atque
1684 1183 1917 1240 humiles

342 1273 701 1327 indesinenter
723 1273 922 1343 gratias
944 1271 1260 1337 referamus,
1283 1282 1343 1327 ut
1368 1272 1654 1342 impleatur
1681 1274 1734 1328 in
1761 1276 1917 1331 nobis

338 1363 479 1432 quod
508 1363 773 1432 Propheta
803 1363 895 1425 ait,
922 1361 1232 1416 Benedicam
1267 1362 1492 1442 Domino
1530 1364 1585 1418 in
1617 1367 1757 1419 omni
1788 1376 1919 1420 tem-

336 1468 475 1521 pore,
502 1469 699 1522 semper
726 1452 842 1506 laus
866 1452 978 1522 ejus
1004 1453 1059 1507 in
1095 1471 1183 1507 ore
1205 1471 1338 1508 meo.
1367 1454 1517 1509 Tunc
1555 1456 1785 1524 denique
1823 1456 1917 1513 ﬁet

337 1551 396 1596 ut
422 1550 478 1596 et
517 1541 734 1613 ubique,
765 1543 818 1598 id
859 1552 942 1598 est
990 1544 1042 1598 in
1085 1546 1230 1599 omni
1273 1546 1407 1609 loco,
1446 1546 1499 1600 id
1538 1547 1713 1617 ipsum
1754 1547 1917 1603 facia-

336 1648 474 1688 mus.
501 1632 685 1704 Neque
711 1649 841 1688 vcro
879 1634 932 1688 in
962 1634 1052 1688 illo
1077 1636 1260 1690 mundi
1289 1635 1447 1704 hujus
1472 1637 1590 1692 loco
1616 1638 1915 1693 consistere

336 1739 636 1793 possumus,
659 1725 748 1778 ubi
780 1741 884 1779 non
924 1726 1005 1780 vel
1044 1727 1315 1797 prosperis
1354 1743 1682 1793 recreemur,
1712 1730 1797 1785 vel
1834 1729 1913 1783 af-

334 1814 581 1884 ﬂigamur
606 1817 865 1872 adversis.
898 1816 1049 1883 Quod
1080 1827 1257 1872 autem
1296 1820 1542 1889 sequitur
1575 1838 1586 1872 :

408 1906 626 1959 Domine
649 1919 844 1973 sancte,
885 1907 1042 1961 Pater
1074 1909 1419 1979 omnipotens,
1460 1920 1651 1965 (uterne
1687 1910 1841 1965 Deus.

403 1996 536 2050 Cum
566 2005 621 2051 et
650 1998 904 2053 Dominus
937 2007 1177 2062 sanctus,
1208 2009 1262 2054 et
1289 2000 1449 2055 Pater
1474 2002 1832 2071 omnipotens,
1865 2011 1920 2058 et

332 2092 534 2139 :etcrne
582 2085 722 2140 Deus
751 2087 894 2140 idem
923 2088 1010 2152 sit,
1042 2104 1148 2143 non
1182 2104 1248 2143 ex
1279 2089 1547 2160 superﬂua
1588 2093 1918 2148 verbositate

335 2178 616 2247 repetitur,
669 2179 760 2233 sed
806 2194 871 2233 ex
922 2195 1116 2250 magna
1162 2178 1279 2247 ejus
1322 2183 1667 2237 veneratione
1723 2185 1917 2240 totiens

333 2269 705 2338 proclamatur
745 2289 757 2323 :
791 2272 835 2325 si
863 2272 1079 2340 quidem
1117 2281 1262 2337 sunt,
1293 2282 1353 2328 ut
1390 2276 1466 2328 ait
1492 2275 1800 2344 Apostolus,
1841 2276 1917 2331 dii

333 2358 482 2412 multi
513 2368 568 2412 et
597 2360 798 2413 domini
851 2361 1003 2415 multi
1037 2380 1049 2415 :
1088 2364 1263 2417 omnis
1289 2364 1432 2417 enim
1463 2365 1553 2433 qui
1579 2380 1795 2419 servum
1819 2366 1916 2420 ha-

330 2450 421 2503 bet
449 2450 612 2504 etiam
634 2450 882 2506 dominus
918 2450 1041 2521 jure
1068 2461 1325 2519 vocatur;
1358 2455 1451 2509 sed
1481 2455 1640 2509 homo
1668 2455 1914 2511 dominus

329 2541 599 2596 hominem
629 2559 842 2598 servum
870 2545 1073 2601 habens
1102 2547 1242 2601 servi
1273 2563 1487 2617 semper
1514 2547 1715 2617 indiget
1741 2547 1916 2602 famu-

330 2630 438 2686 latu
468 2652 481 2686 :
516 2634 600 2688 ille
627 2644 806 2689 autem
835 2636 979 2691 solus
1008 2638 1263 2692 Dominus
1297 2648 1517 2693 sanctus
1540 2646 1639 2703 est,
1669 2639 1755 2693 cui
1780 2637 1915 2691 Pro-

326 2722 487 2791 pheta
532 2724 805 2779 humiliter
841 2727 1006 2790 canit,
1032 2736 1089 2782 ct
1123 2728 1250 2782 dicit
1284 2746 1296 2781 :
1328 2728 1456 2781 Dixi
1494 2727 1735 2793 Domino,
1766 2727 1910 2782 Deus

327 2832 470 2868 meus
496 2832 548 2869 es
574 2826 651 2882 tu,
678 2819 924 2887 quoniam
951 2818 1201 2871 bonorum
1241 2836 1472 2873 meorum
1502 2836 1604 2873 non
1629 2836 1763 2889 eges.
1796 2818 1907 2874 Ho-

327 2922 417 2959 mo
444 2924 571 2979 ergo
599 2908 847 2963 dominus
885 2911 1025 2963 servi
1076 2911 1321 2983 indigens
1351 2912 1627 2978 servitute,
1659 2913 1909 2969 dominus

326 3012 444 3051 esse
470 3007 665 3068 potest,
688 3000 812 3069 quia
838 3016 1052 3055 servum
1076 3003 1257 3067 habet,
1280 3002 1422 3057 Deus
1442 3018 1560 3057 esse
1585 3018 1687 3056 non
1708 3012 1905 3075 potest,

326 3088 450 3155 quia
491 3088 690 3160 indiget
717 3105 890 3144 servo.
922 3090 1064 3145 Deus
1094 3100 1273 3146 autem
1306 3092 1563 3147 Dominus
1589 3092 1786 3149 nullius
1824 3095 1907 3149 in-

2018 559 2238 613 magnus
2280 557 2433 610 super
2461 557 2636 593 omnes
2676 540 2819 594 deos.
2858 540 2996 596 Sunt
3031 557 3160 614 ergo
3198 545 3372 600 sancti
3417 546 3592 616 angeli

2019 632 2249 695 Domini,
2295 639 2419 685 sunt
2462 631 2626 683 etiam
2667 639 2723 684 et
2764 632 2937 685 sancti
2984 632 3233 687 homines
3260 633 3358 699 dii,
3391 636 3485 690 sed
3516 636 3594 693 dii

2018 723 2234 777 nomine
2262 721 2625 786 nominantur,
2653 735 2758 775 non
2774 724 3096 789 aeternitate,
3113 725 3206 781 sed
3229 726 3436 796 gratia;
3465 742 3595 783 nam

2018 821 2277 868 aeternum
2304 829 2423 869 esse
2460 828 2564 868 non
2594 822 2768 882 potest
2800 814 2943 883 quod
2980 816 3363 875 commutabile
3389 817 3597 875 factum

2018 910 2120 955 est.
2148 901 2205 956 Si
2242 912 2421 956 autem
2460 902 2630 957 sancti
2661 903 2833 973 angeli
2865 919 2895 957 a
2923 904 3036 959 Deo
3060 906 3232 960 creati
3259 921 3367 962 non
3390 916 3598 975 essent.

2018 992 2319 1048 nullatenus
2353 994 2685 1059 diceremus,
2731 995 3065 1063 Benedicite,
3112 1000 3289 1053 omnia
3311 1015 3467 1069 opera
3489 999 3599 1054 Do-

2016 1083 2145 1136 mini
2180 1083 2430 1147 Domino,
2463 1094 2514 1139 et
2545 1086 2726 1139 statim
2754 1086 3209 1157 subjungeremus
3236 1107 3251 1143 :
3278 1089 3594 1157 Benedictis,

2017 1174 2188 1245 angeli
2218 1175 2445 1240 Domini,
2481 1176 2705 1231 Domino
2735 1193 2752 1231 :
2780 1178 2925 1247 quod
2950 1180 3093 1234 enim
3131 1195 3161 1234 a
3203 1181 3313 1235 Deo
3351 1189 3599 1236 creatum

2017 1278 2123 1317 non
2149 1274 2252 1328 est,
2275 1275 2667 1335 consequenter
2686 1268 2848 1322 etiam
2881 1282 3016 1337 opus
3052 1270 3150 1324 Dei
3180 1285 3285 1325 non
3313 1279 3398 1326 est
3428 1289 3443 1325 :
3467 1271 3598 1326 item

2016 1369 2140 1409 cum
2168 1356 2427 1424 propheta
2460 1371 2564 1410 non
2608 1356 2780 1411 solum
2810 1357 3064 1425 virtutes,
3096 1360 3263 1415 solem
3296 1369 3353 1416 et
3391 1360 3596 1425 lunam,

2015 1447 2198 1503 stellas
2223 1462 2429 1511 omnes,
2457 1454 2512 1501 et
2540 1447 2739 1511 lumen,
2769 1447 2935 1503 caelos
2969 1449 3253 1514 caelorum,
3287 1465 3454 1519 aquas
3481 1465 3602 1519 quae

2015 1553 2178 1609 super
2212 1538 2378 1594 caelos
2405 1546 2531 1592 sunt
2554 1539 2621 1592 ad
2660 1538 2871 1593 laudem
2895 1540 3132 1595 nominis
3161 1540 3393 1606 Domini,
3424 1542 3517 1596 sed
3543 1552 3602 1599 et

2014 1629 2235 1701 angelos
2258 1644 2471 1700 quoque
2493 1644 2682 1684 omnes
2719 1614 2914 1685 invitat
2954 1649 2968 1684 :
3010 1632 3298 1702 additque,
3329 1632 3465 1698 Quia
3493 1634 3604 1703 ipse

2014 1720 2147 1773 dixit
2176 1728 2224 1773 et
2265 1720 2408 1788 facta
2434 1728 2577 1782 sunt,
2620 1719 2729 1788 ipse
2753 1721 3020 1775 mandavit
3063 1731 3113 1776 et
3140 1731 3314 1776 creata
3341 1732 3495 1787 sunt;
3535 1722 3602 1777 li-

1948 1802 1994 1861 B
2019 1809 2185 1879 quido
2227 1810 2358 1864 satis
2402 1810 2638 1865 ostendit
2681 1818 2740 1863 ut
2775 1819 2971 1865 caetera
3014 1827 3133 1881 qua:
3173 1812 3480 1883 subiunxit,
3527 1813 3603 1868 ita

2020 1902 2185 1955 etiam
2225 1901 2443 1971 angelos
2477 1900 2570 1956 Dei
2609 1916 2730 1956 esse
2764 1910 3071 1956 creaturam
3106 1911 3268 1973 atque
3313 1903 3603 1971 facturam,

2019 2000 2076 2046 et
2116 1992 2219 2046 nisi
2268 1991 2430 2047 iidem
2474 1991 2882 2048 commutabiles
2913 1993 3080 2047 creati
3118 1992 3370 2059 fuissent,
3397 2009 3599 2064 nequa-

2018 2097 2183 2152 quam
2222 2098 2410 2137 eorum
2447 2099 2575 2153 pars
2612 2099 2718 2139 non
2746 2084 2958 2139 modica
2994 2100 3093 2155 per
3128 2087 3436 2157 superbiam
3462 2086 3604 2142 ceci-

2018 2173 2206 2239 disset,
2233 2189 2353 2244 quae
2380 2174 2618 2245 angelica
2644 2176 2870 2245 praedita
2888 2176 3151 2247 dignitate
3177 2177 3499 2233 diabolicam
3530 2178 3609 2233 iu-

2019 2273 2266 2319 curreret
2291 2263 2676 2319 infelicitatem.
2701 2264 2820 2320 Jam
2846 2282 2974 2322 vero
3010 2267 3078 2322 de
3101 2268 3351 2323 omnibus
3381 2268 3523 2338 quod
3549 2277 3601 2323 et

2016 2355 2207 2418 creati,
2238 2363 2292 2408 et
2317 2354 2726 2410 commutabiles
2766 2355 2893 2420 sint,
2936 2357 3026 2426 qui
3059 2357 3250 2422 nescit,
3281 2371 3385 2411 non
3416 2358 3601 2421 homo,

2018 2443 2113 2498 sed
2141 2458 2305 2512 pecus
2333 2451 2434 2497 est.
2464 2441 2607 2497 Deus
2641 2457 2772 2513 ergo
2808 2445 2899 2513 qui
2928 2451 2985 2499 et
3012 2445 3163 2500 initio
3191 2446 3366 2500 caruit
3403 2455 3459 2500 et
3496 2444 3602 2501 ﬁne

2014 2533 2240 2597 carebit,
2281 2532 2411 2588 nihil
2452 2533 2718 2603 recipiens
2754 2536 2985 2601 varium,
3031 2535 3164 2590 nihil
3209 2535 3414 2591 habens
3453 2537 3601 2592 occi-

2014 2623 2199 2688 duum,
2221 2622 2461 2676 omnium
2484 2632 2701 2679 creator
2729 2639 2760 2679 a
2788 2625 2933 2680 nullo
2949 2633 3185 2690 creatus,
3216 2625 3363 2683 solus
3387 2641 3516 2682 vere
3538 2642 3602 2684 ac

2016 2714 2362 2785 singulariter
2385 2724 2470 2770 est
2506 2723 2760 2771 aeternus.
2794 2716 2931 2772 Huic
2970 2718 3137 2789 igitur
3164 2718 3392 2775 Domino
3416 2727 3603 2775 sancto

2011 2804 2161 2859 Patri
2182 2805 2561 2875 omnipotenti,
2577 2815 2780 2862 aeterno
2803 2807 2935 2874 Deo,
2961 2823 3066 2864 non
3086 2824 3186 2879 per
3208 2808 3420 2880 culpam
3442 2810 3602 2881 primi

2011 2895 2253 2964 parentis
2279 2895 2442 2948 etiam
2469 2896 2789 2967 indigentes,
2818 2897 3016 2953 inﬁrmi
3048 2907 3104 2953 et
3153 2899 3477 2970 temporales
3509 2900 3594 2956 ef-

2011 2983 2158 3050 fecti,
2180 2984 2354 3039 nullas
2377 3000 2476 3055 per
2499 3000 2597 3040 nos
2613 2987 2756 3057 ipsos
2772 2987 2859 3042 vel
2884 2988 3069 3044 laudes
3094 2988 3179 3044 vel
3204 2990 3407 3061 gratias
3430 3005 3595 3062 agere

2010 3076 2251 3132 valemus
2283 3095 2295 3129 :
2326 3077 2420 3132 sed
2444 3079 2699 3148 quoniam
2725 3080 3033 3149 unigenitus
3058 3080 3227 3136 Filius
3246 3081 3339 3136 Dei
3369 3082 3481 3137 Deo
3499 3082 3601 3137 Pa-

326 3178 512 3249 digens
534 3181 808 3245 servitute,
827 3191 881 3236 et
903 3182 1159 3237 Dominus
1178 3193 1278 3247 est,
1300 3186 1445 3254 quia,
1465 3185 1605 3239 sicut
1628 3186 1910 3241 Psalmista

2018 3169 2086 3224 tri
2115 3168 2394 3238 tequaliter
2418 3179 2658 3235 sanctus,
2688 3170 2968 3239 tequaliter
2993 3172 3357 3242 omnipotens,
3385 3172 3610 3243 aquali-

325 3267 418 3332 ait,
450 3270 625 3322 omnia
659 3272 885 3325 serviunt
909 3274 990 3337 ei;
1022 3273 1163 3328 Deus
1197 3284 1295 3335 est,
1325 3275 1451 3344 quia
1480 3275 1677 3330 nullius
1712 3276 1916 3348 indiget

326 3358 586 3412 famulatu
618 3379 629 3412 :
661 3362 801 3415 unde
828 3363 993 3417 etiam
1027 3371 1081 3417 et
1120 3363 1380 3419 Dominus
1421 3375 1640 3420 sanctus
1665 3376 1911 3421 vocatur.

326 3447 476 3501 Sicut
503 3449 646 3502 enim
672 3466 796 3505 vasa
827 3452 1051 3507 Domino
1076 3462 1409 3517 consecrata,
1441 3463 1497 3508 ct
1522 3471 1690 3525 panes
1718 3471 1914 3525 propo-

323 3536 551 3601 sitionis,
580 3546 634 3593 et
670 3542 1019 3596 sacerdotalia
1062 3544 1402 3607 vestimenta,
1437 3552 1492 3596 et
1519 3543 1911 3598 sacriﬁciorum

322 3642 516 3680 carnes
562 3629 616 3680 in
669 3629 851 3683 Veteri
899 3630 1247 3685 Testamento
1291 3640 1479 3686 saneta
1521 3633 1791 3697 dicuntur,
1846 3647 1912 3688 eo

322 3715 466 3783 quod
489 3731 519 3769 a
546 3717 759 3771 nemine
784 3721 1133 3787 contrectari,
1163 3720 1250 3775 vel
1278 3724 1508 3787 comedi,
1539 3723 1623 3779 vel
1646 3724 1792 3779 indui
1822 3725 1912 3779 dc-

322 3807 502 3871 heant,
534 3807 637 3861 nisi
664 3824 694 3861 a
725 3809 853 3863 solis
883 3810 1076 3878 quibus
1103 3827 1169 3866 ex
1200 3812 1294 3867 Dei
1320 3813 1434 3884 lege
1462 3830 1780 3870 concessum
1805 3824 1906 3880 est,

323 3913 351 3948 a
395 3897 594 3952 ceteris
622 3912 753 3951 vero
794 3900 1043 3955 omnibus
1079 3903 1403 3959 omnimodis
1441 3914 1763 3975 separentur
1794 3923 1806 3959 :
1837 3905 1910 3960 ita

324 3985 467 4039 Deus
497 3986 752 4041 Dominus
774 3997 993 4043 sanctus
1018 3990 1229 4055 dicitur,
1255 3993 1378 4062 quia
1404 3992 1520 4062 ejus
1544 3995 1794 4050 videlicet
1819 3997 1910 4050 do-

216 4096 222 4102 ·
322 4077 545 4132 minutio
590 4093 621 4131 a
664 4079 1025 4136 dominatione
1064 4083 1301 4139 humana
1349 4086 1465 4141 sine
1502 4088 1607 4141 ulla
1647 4097 1733 4143 est
1765 4104 1910 4143 com-

320 4168 598 4251 paratione
649 4168 946 4238 disjuncta;
1001 4174 1091 4243 qui
1145 4176 1307 4230 etiam
1360 4178 1520 4232 Pater
1568 4181 1909 4251 omnipotens

322 4246 483 4323 Deus,
516 4268 576 4313 ut
614 4270 809 4330 pneter
835 4263 982 4317 illum
1008 4264 1186 4320 nullus
1214 4281 1332 4322 esse
1370 4267 1534 4324 Pater
1568 4246 1908 4341 omnipotens

319 4361 675 4421 cognoscatur
704 4372 716 4407 :
742 4370 971 4424 namque
993 4357 1238 4411 homines
1260 4368 1319 4413 ut
1338 4369 1522 4429 patres
1546 4378 1766 4417 suorum
1787 4379 1906 4418 esse

2016 3265 2100 3312 ter
2121 3266 2374 3322 aeternus,
2409 3259 2552 3312 inter
2581 3273 2681 3312 nos
2718 3267 2775 3312 et
2809 3259 2957 3312 illum
2997 3257 3171 3315 factus
3202 3270 3287 3314 est
3313 3261 3600 3327 mediator,

2014 3362 2112 3417 per
2130 3348 2305 3418 ipsum
2329 3356 2384 3402 et
2405 3348 2659 3418 quicquid
2691 3350 2877 3420 gratia:
2908 3349 3145 3406 omlestis
3170 3350 3433 3406 habemus
3460 3351 3594 3408 acci»

2012 3437 2210 3505 pimus,
2238 3444 2295 3491 et
2312 3451 2411 3506 per
2434 3437 2606 3507 ipsum
2636 3437 2747 3492 Deo
2772 3437 2919 3492 Patri
2947 3439 3014 3492 de
3046 3438 3323 3494 beneﬁciis
3345 3439 3458 3498 suis
3481 3453 3600 3510 qua:

2012 3527 2168 3583 nobis
2195 3544 2294 3598 per
2318 3528 2513 3583 Filium
2542 3530 2767 3584 contulit
2790 3529 2991 3600 gratias
3017 3545 3181 3601 agere
3208 3530 3496 3597 debemus;
3528 3532 3599 3588 si-

2011 3628 2104 3674 cut
2131 3620 2276 3674 enim
2304 3620 2438 3675 nihil
2476 3636 2506 3674 a
2538 3621 2695 3676 nobis
2729 3622 3011 3686 habemus,
3048 3622 3127 3677 sic
3162 3637 3337 3692 neque
3370 3638 3470 3693 per
3501 3636 3601 3679 nos

2011 3708 2079 3763 de
2106 3709 2287 3778 aliquo
2312 3710 2517 3781 gratias
2561 3725 2722 3781 agere
2760 3724 3049 3780 possumus
3084 3728 3099 3763 :
3140 3726 3265 3765 nam
3294 3710 3438 3767 Deus
3471 3727 3598 3768 cum

2011 3801 2082 3856 sit
2108 3801 2161 3854 in
2195 3801 2373 3871 seipso
2394 3802 2594 3872 justus,
2633 3811 2688 3858 et
2717 3801 3056 3868 immortalis,
3086 3817 3185 3863 nos
3208 3810 3388 3859 autem
3418 3804 3472 3860 in
3500 3819 3597 3860 no-

2008 3892 2093 3947 bis
2137 3892 2266 3962 ipsis
2312 3893 2493 3963 iujusti
2542 3902 2705 3964 atque
2748 3892 3023 3958 mortales,
3061 3908 3161 3949 nec
3201 3907 3301 3964 per
3330 3893 3598 3965 justitiam
3665 3954 3670 3959 ,

2009 4000 2161 4039 suam
2185 3992 2397 4055 poterat
2423 3999 2649 4055 parcere
2682 3983 2825 4039 Deus
2851 3984 3086 4055 injustis,
3115 3998 3217 4039 nec
3246 3998 3358 4055 per
3375 3985 3596 4041 immor-

2009 4076 2270 4131 talitatem
2301 4091 2451 4132 suam
2480 4076 2749 4133 ullatenus
2772 4076 3058 4132 subvenire
3084 4076 3426 4132 mortalibus.
3454 4076 3598 4132 Deus

2007 4182 2139 4237 ergo
2164 4166 2255 4221 Det
2280 4166 2447 4222 Filius
2465 4178 2526 4221 ut
2546 4166 2968 4223 misericorditer
2989 4166 3282 4222 redimeret
3301 4181 3438 4237 quos
3451 4167 3597 4237 juste

2008 4259 2053 4315 si
2088 4259 2246 4313 vellet
2286 4259 2534 4329 puniret,
2581 4258 2963 4334 mortalitatem
3001 4264 3242 4312 nostram
3277 4256 3597 4312 immortalis

2007 4349 2236 4419 accepit,
2265 4358 2328 4402 ut
2355 4356 2500 4403 esset
2526 4348 2617 4403 ubi
2647 4355 2877 4402 mortem
2914 4356 3157 4401 nostram
3184 4360 3349 4416 quam
3385 4361 3486 4402 nos
3515 4347 3591 4401 in.

320 4442 531 4505 valeant
571 4443 832 4508 ﬁliorum,
868 4447 1170 4500 necessario
1207 4464 1357 4517 pnus
1393 4448 1486 4503 mii
1529 4460 1654 4506 sum
1688 4461 1903 4521 patrum
1999 4439 2131 4509 justi
2146 4438 2290 4509 juSte
2308 4437 2656 4501 incurrimus,
2682 4437 2877 4507 injuste
2896 4444 3141 4507 gustaret
3162 4437 3365 4507 justus,
3394 4450 3460 4490 ac
3478 4435 3594 4491 dia-

319 4545 560 4585 sziorum.
590 4533 730 4588 Deus
762 4542 940 4588 autem
976 4534 1138 4589 Pater
1163 4539 1502 4608 omnipotens
1528 4541 1743 4606 dicitur,
1774 4542 1900 4612 quia

2010 4529 2182 4594 belus,
2210 4529 2573 4601 cujusinvidia
2596 4544 2745 4584 mors
2769 4528 2994 4583 intravit
3010 4528 3063 4583 in
3081 4528 3269 4583 orbem
3296 4535 3589 4595 terrarum,

319 4632 425 4671 non
454 4620 623 4674 solum
652 4637 748 4691 per
774 4622 967 4677 Filium
996 4625 1176 4679 omnia
1204 4641 1270 4680 ex
1300 4627 1466 4681 nihilo
1495 4630 1668 4697 potuit
1690 4644 1898 4697 creare,

318 4708 497 4760 omnia
526 4723 648 4763 eum
676 4711 789 4779 ipso
815 4712 961 4767 valet
995 4714 1110 4767 sine
1146 4714 1330 4770 labore
1371 4715 1548 4785 aliqua
1574 4719 1897 4787 gubernare,

319 4808 505 4848 verum
535 4797 698 4851 etiam
726 4798 921 4853 Filium
959 4802 1060 4856 sibi
1094 4811 1422 4858 coarternum
1449 4804 1614 4859 Pater
1642 4805 1754 4876 ipse
1783 4814 1902 4861 tan-

318 4891 451 4946 tum,
485 4901 587 4938 non
627 4887 790 4943 etiam
836 4889 1004 4947 Filius
1041 4907 1107 4948 ex
1150 4897 1367 4964 propria
1401 4895 1699 4951 substantia
1729 4898 1903 4967 potuit

318 4975 434 5029 sine
459 4975 827 5034 imminutione
855 4982 939 5035 vel
978 4984 1333 5040 mutabilitate
1373 4985 1552 5056 aliqua
1590 5002 1849 5058 generare
1883 5006 1896 5042 ε

318 5064 431 5134 ipse
477 5074 561 5120 est
605 5069 749 5121 enim
796 5069 958 5135 Deus,
998 5082 1054 5127 et
1100 5073 1260 5128 Pater
1308 5076 1520 5131 Domini
1564 5077 1735 5132 nostri
1773 5075 1901 5132 Jesu

316 5154 536 5218 Christi,
566 5157 658 5225 qui
695 5166 747 5212 et
784 5168 1109 5215 eomternum
1150 5163 1251 5218 sibi
1293 5164 1488 5220 Filium
1517 5166 1718 5237 genuit,
1750 5174 1806 5221 et
1833 5180 1901 5222 ex

315 5259 423 5315 quo
446 5247 622 5301 omnis
650 5250 945 5317 paternitas
974 5250 1027 5304 in
1051 5251 1203 5307 cmlis
1226 5261 1280 5307 et
1308 5253 1362 5307 in
1394 5262 1539 5309 terra
1567 5254 1895 5309 nominatur.

315 5336 575 5393 rEternus
618 5354 831 5409 quoque
869 5340 1010 5397 Deus
1053 5343 1266 5408 dicitur,
1310 5347 1436 5416 quia
1472 5356 1615 5413 sunt,
1650 5346 1790 5402 sicut
1823 5346 1901 5400 ait

313 5424 618 5500 Apostolus,
651 5431 724 5486 dii
754 5432 926 5499 multi,
966 5434 1033 5491 de
1062 5436 1258 5505 quibus
1295 5438 1348 5492 in
1387 5438 1600 5509 psalmo
1638 5438 1897 5509 scriptum

314 5527 395 5575 est
426 5536 439 5573 :
471 5518 614 5575 Deus
641 5521 858 5577 deorum
886 5523 1142 5580 Dominus
1166 5525 1371 5583 locutus
1397 5537 1505 5594 est;
1530 5537 1605 5594 et,
1628 5528 1740 5598 Ego
1762 5527 1897 5594 dixi,

2005 4637 2171 4677 unum
2202 4622 2406 4692 justum
2437 4620 2632 4691 injuste
2665 4620 2958 4685 occideret,
2986 4635 3176 4675 omnes
3203 4619 3430 4690 injustas
3456 4634 3593 4691 quos

2007 4714 2162 4783 quasi
2187 4710 2383 4781 injuste
2411 4713 2696 4767 videbatur
2721 4712 2969 4768 occidere
2994 4712 3276 4784 perderet;
3308 4727 3414 4767 non
3445 4712 3591 4768 enim

2006 4807 2211 4878 primos
2235 4815 2488 4877 parentes
2509 4815 2722 4862 nostros
2744 4807 2798 4862 in
2817 4807 3070 4877 paradiso
3090 4816 3149 4863 ut
3167 4809 3233 4863 de
3254 4807 3398 4879 ligno
3422 4807 3592 4862 vetito

2006 4897 2350 4952 comederent
2371 4897 2668 4952 terroribus
2688 4898 2964 4969 compulit,
2981 4899 3073 4953 sed
3096 4897 3448 4954 fraudulentis
3463 4913 3590 4971 pro-

2006 4989 2350 5044 missionibus
2374 4989 2677 5059 persuasit;
2706 5004 2810 5044 non
2832 4990 2940 5045 vim
2970 4990 3165 5056 intulit,
3192 4990 3286 5045 sed
3304 4990 3588 5049 consilium

2007 5079 2174 5142 dedit,
2214 5094 2279 5133 ac
2313 5095 2412 5150 per
2442 5081 2544 5135 hoc
2584 5080 2733 5149 quasi
2757 5080 2904 5151 juste
2944 5079 3215 5134 hominem
3255 5080 3586 5151 possidebat,

2006 5168 2092 5222 cui
2136 5183 2255 5223 sese
2295 5170 2455 5223 homo
2496 5178 2685 5239 sponte
2732 5169 3060 5224 subdiderat.
3098 5168 3241 5224 Deus
3287 5170 3459 5241 igitur
3490 5169 3586 5225 Dei

2003 5259 2170 5315 Filius
2207 5277 2324 5313 cum
2364 5262 2419 5314 in
2449 5260 2619 5330 forma
2654 5260 2750 5315 Dei
2779 5248 2931 5327 esset,
2958 5278 3061 5315 non
3097 5261 3337 5331 rapinam
3361 5260 3589 5315 arbitra-

2001 5358 2085 5404 tus
2112 5359 2185 5405 est
2212 5367 2322 5406 esse
2345 5368 2399 5406 se
2419 5351 2669 5423 aequalem
2696 5352 2827 5418 Deo,
2855 5352 2946 5406 sed
2984 5352 3314 5423 semetipsum
3348 5351 3587 5405 exinani-

1999 5440 2071 5493 vit
2098 5440 2322 5509 formam
2349 5441 2482 5495 servi
2506 5442 2785 5513 accipiens,
2811 5442 2867 5495 in
2895 5439 3287 5495 similitudinem
3315 5440 3583 5495 hominum

2000 5528 2193 5598 factus,
2230 5539 2279 5585 et
2304 5531 2485 5587 habitu
2516 5533 2750 5591 inventus
2789 5541 2845 5587 ut
2872 5524 3060 5593 homo;
3078 5531 3370 5595 humiliari:
3398 5538 3584 5584 semeb

383 5647 409 5674 ι
438 5633 536 5688 llic
556 5633 714 5718 deest
733 5623 928 5705 aliquid
957 5636 1009 5692 in
1031 5653 1133 5693 ms.
1159 5640 1304 5707 eoi,
1336 5649 1395 5696 ut
1415 5640 1807 5712 supplicaudus,
1837 5637 1919 5694 vel
1956 5642 2240 5713 rogandus,
2297 5652 2389 5698 aut
2422 5644 2549 5718 quid
2575 5643 2776 5712 simile;
2809 5644 2896 5701 vel
2924 5644 3115 5703 melius
3138 5644 3235 5700 Dei
3264 5644 3317 5700 in
3346 5642 3597 5717 genitivo

312 5720 438 5761 casu
467 5704 829 5762 scribendum.
