4046 6172
608 313 739 369 ΗΜ

1479 308 1748 364 SAECULI
1786 308 1896 363 Vlll
1938 306 2372 363 MONUMENTA
2409 308 2969 365 ECCLESIASTICA.

3645 312 3742 371 N99.

599 429 791 497 ipsum,
822 426 992 495 factus
1017 420 1256 475 obediens
1293 437 1452 490 usque
1474 420 1542 474 ad
1568 412 1807 485 mortem,
1836 429 2050 473 mortem
2076 434 2176 471 au-
2202 422 2255 479 Α
2279 427 2560 484 vocantur,
2581 419 2673 489 qui
2701 419 2843 474 inter
2869 432 2964 473 eos
3001 425 3058 471 et
3084 410 3248 472 Deum
3283 418 3402 473 nulli
3430 421 3574 492 angeli
3592 426 3745 480 consis-

600 530 703 573 tem
733 516 901 571 crucis
930 529 949 566 :
978 520 1189 582 propter
1212 510 1352 582 quod
1391 519 1440 565 et
1476 508 1617 563 Deus
1654 508 1804 562 illum
1833 508 2101 572 exultavit,
2133 519 2182 565 et

598 605 810 661 donavit
834 601 913 657 illi
944 616 1130 656 nomen
1159 599 1299 671 quod
1329 609 1405 654 est
1427 615 1583 670 super
1624 615 1774 653 omne
1800 614 2008 663 nomen,
2048 605 2102 650 ut
2126 597 2183 652 in

598 696 806 751 nomine
844 693 973 748 Iesu
1012 707 1161 747 omne
1199 707 1333 760 genu
1380 691 1622 760 ﬂectatur
1653 688 1956 753 caelestium,
1994 697 2183 741 terres-

597 786 759 840 trium
781 825 797 850 ,
840 794 889 839 et
934 783 1291 852 infernarum,
1338 790 1387 835 et
1435 780 1603 835 omnis
1644 780 1825 850 lingua
1870 778 2184 848 conﬁteatur

595 876 720 946 quia
748 874 1003 929 Dominus
1039 872 1194 927 Iesus
1232 873 1286 925 in
1323 870 1492 941 gloria
1526 879 1600 924 est
1628 870 1729 924 Dei
1764 869 2055 924 Patris.....
2086 868 2182 922 Est

595 965 741 1021 enim
760 964 1022 1018 mediator
1040 961 1135 1016 Dei
1155 968 1211 1016 et
1231 960 1508 1015 hominum
1529 959 1701 1014 Homo
1722 959 1961 1014 Christus
1981 958 2136 1013 Iesus
2158 974 2178 1012 :

596 1053 689 1123 qui
719 1053 763 1107 si
790 1066 957 1123 purus
998 1050 1142 1106 Deus
1178 1058 1341 1116 esset,
1377 1064 1485 1104 non
1520 1058 1663 1106 esset
1696 1049 1832 1104 alius
1856 1050 1996 1120 apud
2016 1064 2180 1119 quem

594 1143 953 1199 intercederet
989 1159 1002 1195 :
1043 1142 1090 1197 si
1130 1156 1299 1212 purus
1335 1141 1515 1207 homo,
1552 1156 1659 1195 non
1685 1150 1830 1197 esset
1856 1141 1948 1210 qui
1982 1156 2175 1196 recon-

595 1232 779 1288 ciliare
803 1231 1027 1286 valeret.
1078 1229 1250 1301 Iunge
1278 1245 1441 1301 porro
1480 1239 1540 1285 ut
1570 1231 1642 1285 sit
1672 1230 1814 1286 Deus
1848 1231 1904 1285 in
1933 1229 2173 1300 Christo,

595 1333 652 1378 et
684 1330 770 1378 est
804 1321 1064 1378 mundum
1101 1322 1455 1377 reconcilians
1497 1322 1622 1388 sibi,
1662 1323 1776 1392 ipse
1802 1322 2049 1378 videlicet
2075 1339 2172 1393 pe-

594 1428 693 1468 nes
715 1427 877 1482 quem
901 1411 1167 1482 agendum
1192 1420 1295 1476 est,
1324 1411 1439 1482 ipse
1464 1413 1555 1482 qui
1583 1413 1716 1483 agit,
1756 1413 1829 1467 sit
1865 1412 2009 1469 idem
2046 1413 2174 1468 mis-

593 1518 705 1568 sus,
734 1512 791 1559 et
826 1503 969 1558 idem
1008 1517 1306 1574 regressus,
1348 1503 1487 1558 sicut
1514 1504 1627 1574 ipse
1658 1504 1929 1575 judicatus
1964 1514 2020 1559 ct
2057 1505 2172 1575 ipse

586 1594 943 1665 judicaturus.
975 1593 1139 1650 Sedet
1169 1596 1350 1665 itaque
1386 1595 1456 1651 ad
1488 1596 1766 1651 dexteram
1804 1595 1999 1662 Patris,
2032 1596 2173 1662 sicut

589 1686 667 1740 ait
687 1684 1004 1755 Apostolus,
1036 1694 1094 1741 et
1129 1686 1436 1757 interpellat
1472 1699 1572 1757 pro
1607 1685 1782 1753 nobis,
1820 1694 1881 1741 ut
1915 1689 2170 1743 sacerdos

2284 518 2423 576 tunt,
2452 518 2509 565 et
2546 510 2667 565 ideo
2703 517 2906 578 quanto
2945 507 3170 562 vicinius
3207 521 3381 562 coram
3415 524 3474 564 eo
3502 512 3744 579 consistunt,

2284 608 2433 654 tanto
2462 599 2636 670 magis
2677 598 2923 654 claritate
2961 596 3129 652 divini
3168 596 3373 653 luminis
3415 599 3744 657 inﬂammantur.

2280 689 2468 761 Angeli
2491 689 2653 760 igitur
2680 689 2853 744 sancti
2878 686 2969 757 qui
3002 694 3126 757 post
3146 685 3346 757 lapsum
3370 688 3543 743 diaboli
3564 699 3609 743 et
3629 706 3745 763 auge-

2280 778 2455 834 lorum
2483 779 2598 849 ejus
2621 777 3020 848 perseverantia
3041 785 3253 830 aeternae
3272 777 3580 833 beatitudinis
3596 780 3749 838 solidati

2280 876 2426 933 sunt,
2455 876 2511 924 et
2541 876 2743 922 tantum
2769 864 3039 921 ﬁrmitatis
3060 865 3295 936 vigorem
3314 869 3574 934 consecuti,
3590 879 3637 924 ut
3649 871 3750 927 nullo

2274 959 2388 1030 jam
2413 958 2563 1028 lapsu
2586 958 2781 1023 aversi,
2808 957 2951 1012 nulla
2981 958 3233 1027 superbia
3257 958 3509 1025 cadentes,
3534 960 3611 1015 sed
3628 960 3748 1017 ﬁrmi-

2280 1057 2365 1104 ter
2402 1049 2457 1102 in
2503 1047 2601 1102 Dei
2637 1062 2823 1104 amore
2861 1056 2919 1102 et
2958 1047 3400 1119 contemplatione
3434 1060 3665 1107 manentes
3695 1055 3751 1106 ni-

2277 1141 2354 1197 hil
2389 1141 2532 1197 aliud
2563 1141 2719 1197 dulce
2747 1142 2984 1197 habeant
3016 1142 3118 1197 nisi
3144 1157 3267 1196 eum
3301 1156 3331 1195 a
3363 1156 3462 1211 quo
3482 1144 3623 1197 creati
3647 1154 3749 1209 sunt,

2277 1233 2371 1304 qui
2397 1233 2561 1288 etiam
2580 1242 2637 1288 et
2662 1232 2794 1288 locis
2819 1241 2876 1288 et
2896 1232 3119 1303 singulis
3135 1231 3431 1287 hominibus
3460 1242 3681 1302 praesunt:
3697 1234 3752 1299 hi,

2276 1322 2518 1392 inquam,
2541 1332 2651 1377 tam
2668 1321 2964 1377 laudabiles
2977 1322 3171 1377 divinae
3189 1321 3470 1392 majestatis
3487 1322 3690 1388 ministri,
3706 1324 3752 1379 de

2274 1412 2472 1482 quibus
2482 1412 2645 1468 etiam
2658 1411 2916 1469 Dominus
2934 1421 2991 1467 et
3011 1396 3255 1467 Salvator
3276 1418 3450 1467 noster
3472 1412 3520 1466 in
3537 1412 3754 1484 Evangelia

2274 1504 2349 1558 ait
2372 1505 2515 1573 quod
2551 1519 2765 1575 semper
2792 1505 3008 1561 videant
3027 1503 3222 1560 faciem
3243 1502 3432 1570 Patris,
3450 1518 3537 1575 pro
3557 1512 3674 1558 tanta
3693 1506 3752 1560 sui

2272 1594 2535 1665 dignitate
2577 1610 2684 1651 non
2723 1610 2782 1652 se
2824 1596 2969 1666 ipsos
3004 1595 3255 1659 laudant,
3291 1608 3387 1650 nec
3421 1594 3650 1665 prepriam
3676 1594 3755 1664 glo-

2273 1687 2411 1742 riam
2461 1695 2741 1757 qumrunt,
2791 1688 2886 1743 sed
2939 1688 3275 1758 majestatem
3308 1685 3473 1740 Patris
3515 1685 3640 1754 cujus
3674 1685 3756 1739 hac

585 1776 837 1831 videlicet
861 1784 1066 1843 noster,
1096 1777 1183 1831 cui
1209 1755 1408 1832 dicitur
1440 1755 1561 1831 :_Tu
1587 1793 1642 1832 es
1669 1778 1910 1833 sacerdos
1936 1779 1991 1833 in
2018 1789 2168 1834 a’ter-
2195 1755 2246 1817 Β
2272 1777 2455 1832 omnia
2479 1755 2666 1849 gratia
2692 1755 3068 1848 perceperunt.
3100 1775 3212 1831 Hos
3242 1789 3369 1847 ergo
3400 1783 3453 1831 et
3470 1789 3556 1830 nos
3576 1774 3757 1830 homines

587 1886 713 1924 num
731 1871 1015 1925 secundum
1033 1872 1269 1927 ordinem
1290 1872 1689 1941 Melchisedech,
1714 1876 1805 1946 qui
1828 1876 1883 1930 in
1905 1885 2049 1931 terra
2072 1892 2169 1946 po-

585 1960 722 2014 situs
759 1959 979 2014 tradidit
1023 1961 1371 2031 semetipsum
1406 1977 1507 2032 pro
1551 1964 1707 2019 nobis
1748 1964 2074 2026 oblationem
2113 1974 2170 2022 et

583 2051 815 2106 hostiam
843 2050 955 2106 Deo
982 2052 1035 2106 in
1063 2052 1286 2108 odorem
1325 2055 1627 2122 suavitatis,
1666 2065 1725 2111 ut
1761 2066 1818 2112 et
1853 2072 1953 2112 nos
1978 2073 2165 2129 posse-

581 2155 705 2195 mus
732 2141 988 2196 exhibere
1012 2156 1239 2212 corpora
1264 2151 1448 2199 nostra
1473 2145 1708 2201 hostiam
1735 2147 2025 2214 viventem,
2055 2147 2167 2204 Deo

579 2230 902 2300 placentem,
933 2232 1251 2289 rationabile
1287 2235 1605 2305 obsequium
1642 2246 1910 2305 nostrum,
1942 2253 2047 2293 non
2080 2239 2164 2294 vi-

580 2318 742 2385 tulos,
771 2334 877 2374 non
915 2322 1231 2392 sanguinem
1264 2332 1544 2380 taurorum
1573 2334 1665 2381 aut
1692 2327 2002 2398 hyrcorum,
2038 2329 2166 2399 quia

580 2410 846 2489 scriptum
867 2419 971 2477 est,
995 2411 1120 2467 Non
1132 2414 1388 2485 accipiam
1409 2415 1472 2470 de
1496 2416 1652 2471 domo
1672 2428 1763 2473 tua
1784 2418 1990 2486 vitulos,
2004 2436 2167 2491 neque

577 2499 644 2552 de
659 2500 896 2571 gregibus
910 2502 1015 2557 tuis
1026 2503 1212 2573 hgrcos
1228 2519 1248 2569 ;
1262 2512 1336 2570 et,
1355 2503 1626 2577 Numquid
1640 2508 1968 2563 manducabo
1980 2526 2164 2564 carnes

580 2598 874 2656 taurorum,
905 2600 996 2646 aut
1021 2595 1329 2664 sanguinem
1355 2593 1634 2665 Ityrcorum
1659 2598 1887 2668 potabo?
1912 2599 2008 2654 sed
2035 2598 2164 2657 illud

575 2679 722 2749 quod
761 2681 1023 2751 sequitur,
1063 2681 1291 2739 Immola
1339 2684 1450 2740 Deo
1490 2687 1810 2756 sacriﬁcium
1856 2688 2064 2754 laudis,
2115 2698 2166 2744 et

575 2769 734 2823 redde
760 2769 1029 2826 Altissimo
1053 2785 1170 2829 uota
1197 2785 1290 2830 tua
1320 2792 1339 2831 :
1362 2777 1481 2831 istae
1506 2766 1801 2834 enimsunt
1820 2779 1925 2835 illa:
1942 2780 2162 2851 spirita-

574 2857 654 2914 les
682 2860 871 2915 bostiae
896 2863 1252 2932 acceptabiles
1286 2864 1419 2930 Deo,
1445 2882 1582 2935 quas
1618 2882 1716 2922 nos
1748 2868 1998 2938 princeps
2034 2884 2163 2938 apo-

574 2949 835 3005 stolorum
872 2950 1067 3008 Petrus
1102 2952 1213 3009 Deo
1248 2971 1346 3026 per
1374 2955 1558 3011 Jesum
1597 2956 1873 3013 Christum
1915 2957 2045 3014 dicit
2081 2959 2163 3014 of-

572 3040 720 3097 ferre
766 3043 988 3110 debere,
1025 3045 1094 3099 ad
1121 3062 1256 3117 quas
1282 3048 1552 3119 spiritales
1587 3048 1792 3104 hostias
1829 3050 1955 3120 quia
1989 3055 2158 3106 etiam

2269 1871 2327 1926 in
2359 1877 2623 1941 quantum
2652 1885 2952 1940 possumus,
2967 1864 3247 1923 imitantes
3268 1881 3371 1923 non
3402 1864 3672 1921 extollamur
3687 1879 3756 1934 pro

2268 1960 2425 2016 donis
2444 1961 2633 2031 gratim
2650 1960 2770 2027 Dei,
2793 1961 2888 2016 sed
2911 1960 3090 2030 potius
3112 1958 3216 2029 ipsi
3236 1972 3333 2028 pro
3358 1956 3499 2012 donis
3513 1956 3607 2012 suis
3622 1955 3758 2011 laudes

2267 2053 2616 2111 incessabiles
2660 2055 2979 2111 referamus.
3032 2053 3091 2110 Si
3136 2054 3283 2110 enim
3323 2052 3392 2108 illi
3436 2054 3516 2123 qui
3542 2061 3661 2107 tanta
3675 2050 3756 2119 jam

2269 2145 2527 2201 tirmitate
2554 2146 2735 2202 donati
2761 2155 2906 2212 sunt,
2933 2153 2996 2201 ut
3036 2144 3247 2200 nullum
3273 2143 3478 2199 omnino
3501 2157 3653 2198 casum
3672 2156 3760 2210 per-

2262 2233 2573 2303 timescant,
2598 2248 2708 2294 tota
2730 2254 2790 2296 se
2808 2252 3021 2307 semper
3041 2236 3345 2292 reverentia
3366 2235 3540 2290 divinae
3555 2231 3759 2300 maiestati

2266 2342 2328 2382 su
2336 2327 2607 2391 bmittunt.
2638 2336 2841 2400 quanto
2859 2327 3033 2398 magis
3057 2327 3225 2382 homo
3243 2325 3476 2396 putredo,
3494 2331 3543 2379 et
3560 2322 3672 2378 ﬁlius
3684 2320 3757 2375 lio-

2265 2418 2429 2473 minis
2452 2419 2673 2486 vermis,
2705 2419 2817 2490 qui,
2846 2426 2908 2473 ut
2933 2417 3124 2472 beatus
3150 2415 3252 2472 Job
3276 2416 3370 2481 ait,
3395 2415 3531 2485 quasi
3553 2414 3633 2482 ﬂos
3653 2427 3757 2481 egre-

2263 2507 2429 2573 ditur,
2450 2516 2499 2563 et
2527 2510 2832 2574 conteritur,
2860 2517 2909 2562 et
2934 2507 3067 2579 fugit
3088 2506 3227 2562 velut
3262 2505 3456 2568 umbra,
3478 2512 3520 2559 et
3554 2514 3755 2571 nsquam

2263 2598 2323 2650 in
2358 2597 2536 2652 eodem
2555 2605 2694 2651 statu
2719 2605 3007 2668 permanet,
3040 2595 3191 2650 omni
3219 2609 3278 2650 se
3306 2591 3579 2649 humilitate
3597 2586 3757 2659 proprio

2264 2703 2479 2759 semper
2513 2688 2672 2744 debet
2692 2688 2924 2744 subdere
2951 2687 3215 2752 creatori,
3240 2685 3386 2740 illum
3430 2682 3622 2737 laudans
3655 2692 3758 2734 sem-

2262 2793 2382 2850 per,
2408 2788 2466 2834 et
2490 2793 2706 2848 semper
2718 2776 3027 2849 justiﬁeans
3060 2795 3072 2829 :
3105 2791 3171 2831 se
3194 2776 3493 2846 vituperans
3516 2782 3701 2838 semper.
3719 2773 3760 2830 ti

2264 2884 2482 2940 semper
2516 2870 2815 2925 accusans?
2838 2869 2906 2924 Et
2932 2869 2976 2923 si
3007 2867 3082 2922 illi
3114 2867 3351 2924 caelestis
3385 2863 3555 2937 patria:
3592 2858 3758 2930 spiritus

2261 2960 2355 3030 qui
2399 2959 2820 3015 dominationem
2863 2957 3189 3013 vocabulum
3238 2956 3534 3017 sortiuntur,
3570 2965 3626 3006 eo
3657 2946 3757 3017 quod

2262 3033 2478 3105 emeris
2522 3049 2837 3120 angelorum
2883 3046 3197 3119 agminibus
3243 3046 3576 3107 dominentur,
3615 3049 3756 3094 nosse

573 3133 718 3189 actio
737 3136 974 3205 pertinet
994 3109 1327 3209 gratiarum,
1341 3155 1471 3196 vere
1497 3141 1716 3213 dignum
1742 3151 1797 3196 et
1813 3109 2021 3213 justum
2048 3153 2153 3211 est,
2179 3109 2230 3175 α
2259 3140 2327 3195 de
2354 3154 2452 3195 sua
2471 3109 2837 3194 dominatione
2854 3138 3146 3205 extollunt,
3172 3137 3269 3195 sed
3289 3135 3591 3206 maiestatem
3609 3126 3756 3201 proprii

571 3239 786 3294 :equum
832 3236 890 3283 et
930 3229 1187 3295 salutare,
1225 3247 1324 3287 nos
1361 3247 1575 3303 semper
1617 3241 1673 3288 et
1703 3233 1904 3304 ubique
1930 3233 2158 3291 Domino

570 3325 762 3373 sancto
786 3318 933 3375 Patri
966 3321 1319 3393 omnipotenti
1346 3332 1551 3380 aeterno
1586 3324 1700 3381 Deo
1735 3327 1941 3398 gratias
1973 3342 2154 3398 agere.

859 3408 967 3466 Per
993 3409 1260 3468 Christum
1297 3414 1583 3471 Dominum
1615 3426 1869 3472 nostrum.

643 3495 785 3552 Vere
804 3498 948 3553 enim
964 3499 1053 3555 ille
1073 3500 1334 3559 Dominus
1352 3513 1537 3560 noster
1559 3513 1645 3561 est
1666 3507 1757 3576 qui
1785 3521 1885 3561 nos
1909 3521 2017 3562 non
2038 3521 2160 3563 cor-

569 3586 913 3657 ruptibilibus
931 3604 1066 3646 auro
1086 3600 1143 3647 et
1157 3602 1404 3664 argento,
1422 3595 1517 3651 sed
1537 3596 1774 3667 pretioso
1786 3597 2048 3668 sanguine
2060 3613 2159 3654 suo

569 3681 640 3735 de
665 3681 926 3738 servitute
947 3684 1168 3752 diaboli,
1191 3695 1248 3742 et
1270 3702 1411 3744 vana
1430 3699 1614 3746 nostra
1643 3692 2053 3748 conversatione
2073 3707 2159 3747 re-

568 3769 762 3836 demit,
788 3772 856 3827 de
893 3788 1001 3842 quo
1043 3776 1208 3831 etiam
1236 3781 1413 3848 pretio
1450 3781 1639 3838 beatus
1661 3781 1859 3840 Paulus
1888 3783 2160 3854 apostolus

570 3859 649 3913 ait
678 3873 693 3913 :
716 3859 786 3913 Et
810 3878 914 3916 non
934 3866 1056 3919 estis
1080 3868 1254 3933 vestri,
1277 3872 1436 3940 empti
1456 3874 1594 3927 enim
1616 3875 1738 3928 estis
1761 3877 1923 3944 pretio
1944 3892 2154 3946 magno.

568 3947 740 4018 Igitur
765 3964 872 4004 non
901 3966 1089 4009 sumus
1126 3958 1321 4023 nostri,
1362 3961 1457 4015 sed
1496 3977 1683 4019 sumus
1722 3965 1865 4019 servi
1903 3966 2039 4035 ejus,
2063 3968 2156 4037 qui

569 4051 672 4091 nos
699 4037 833 4093 eit
858 4040 1035 4110 pretio
1062 4059 1259 4115 magno
1284 4050 1559 4119 sanguinis
1583 4052 1686 4106 sui.
1715 4051 1973 4124 Sequitur
1998 4073 2011 4108 :

570 4145 680 4202 Per
704 4163 858 4218 quem
893 4152 1240 4223 magistatem,
1271 4164 1402 4281 elui,
1439 4174 1614 4281 sisque
1650 4162 1994 4221 exsultatione
2031 4182 2156 4222 con-

1232 4241 1292 4280 ce
1311 4242 1340 4280 e
1376 4244 1435 4281 ra
1500 4269 1514 4281 .

1232 4239 1514 4283 celebrant.

638 4306 828 4379 Angeli
859 4308 1048 4368 Gmce
1081 4322 1361 4382 vocantur,
1392 4316 1582 4375 Latine
1609 4335 1740 4377 vero
1772 4323 1946 4378 nuntii
1990 4323 2156 4380 inter-

567 4409 848 4470 pretantur
873 4403 942 4458 ab
965 4419 1033 4460 eo
1060 4406 1206 4474 quod
1236 4406 1449 4464 Domini
1478 4411 1811 4469 voluntatem
1847 4415 2154 4472 hominibus

567 4492 834 4547 nuntiant.
858 4492 1185 4565 Angelorum
1211 4508 1391 4554 autem
1416 4502 1732 4558 vocabulum
1760 4504 1920 4560 olllcii
1950 4521 2145 4563 nomen

567 4589 673 4648 est,
702 4597 809 4636 non
849 4591 1056 4640 naturae
1096 4602 1111 4640 :
1151 4602 1366 4659 semper
1406 4592 1552 4646 enim
1593 4594 1816 4664 spiritus
1860 4604 2018 4662 sunt;
2055 4599 2151 4654 sed

567 4685 697 4734 tunc
744 4678 1078 4736 solummodo
1128 4692 1391 4739 vocantur
1436 4686 1610 4758 angeli
1663 4703 1785 4743 cum
1837 4690 2145 4746 mittuntur.

564 4766 967 4825 Dominationes
992 4786 1124 4827 vero
1167 4773 1386 4842 quidam
1414 4775 1648 4831 caelestis
1691 4779 1880 4850 patriae
1928 4779 2150 4850 spiritus

565 4856 688 4912 ideo
714 4867 997 4925 vocantur,
1037 4861 1163 4930 quia
1196 4867 1408 4919 caeteris
1452 4865 1767 4936 angelorum
1804 4867 2150 4928 inferioribus

564 4947 866 5015 agminibus
892 4949 1253 5006 dominantur.
1279 4952 1583 5010 Potestates
1611 4963 1736 5011 sunt
1757 4957 1954 5026 quibus
1970 4959 2143 5014 virtu-

567 5043 650 5090 tes
675 5036 915 5093 adversae
957 5036 1211 5107 subjectae
1252 5052 1396 5109 sunt,
1438 5051 1495 5099 et
1533 5045 1658 5100 inde
1696 5054 2024 5115 potestatum
2051 5065 2147 5105 no-

562 5126 710 5181 mine
738 5136 1137 5200 nuncupantur,
1165 5131 1290 5200 quia
1326 5133 1544 5205 maligni
1581 5135 1806 5205 spiritus
1836 5152 2025 5193 eorum
2051 5154 2145 5209 po-

562 5220 760 5271 testate
788 5227 1130 5285 coercentur,
1160 5236 1229 5275 ne
1263 5229 1472 5278 tantum
1499 5233 1732 5280 noceant
1765 5234 2027 5296 quantum
2053 5243 2146 5284 cu-

562 5303 735 5373 piunt.
765 5306 1005 5365 Virtutes
1034 5309 1107 5364 illi
1136 5311 1309 5383 angeli
1331 5313 1604 5379 dicuntur,
1632 5330 1733 5384 per
1757 5330 1893 5386 quos
1915 5317 2066 5387 signa
2091 5326 2148 5373 et

562 5395 822 5453 miracula
839 5398 893 5454 in
914 5400 1115 5456 mundo
1140 5399 1292 5468 ﬁunt,
1323 5413 1545 5475 propter
1564 5406 1709 5475 quod
1727 5414 1783 5461 et
1804 5406 2031 5462 virtutes
2052 5423 2147 5479 ap-

562 5481 847 5552 pellantur.
881 5486 1165 5559 Seraphim
1201 5505 1414 5561 quoque
1455 5492 1704 5549 similiter
1738 5506 1820 5550 est
1858 5496 2145 5552 multitudo

563 5572 895 5642 angelorum,
927 5578 1018 5646 qui
1038 5593 1103 5632 ex
1140 5578 1367 5636 Hebraeo
1413 5584 1466 5637 in
1503 5584 1754 5640 Latinum
1780 5586 2033 5643 ardentes
2061 5588 2141 5643 vel

562 5662 909 5719 incendentes
945 5668 1384 5737 interpretantur.
1423 5672 1630 5729 Idcirco
1675 5685 1851 5731 autem
1890 5678 2143 5734 ardentes

2259 3231 2522 3287 creatoris
2562 3240 2872 3286 reverenter
2918 3229 3153 3285 adorant
3181 3247 3194 3283 :
3226 3236 3418 3299 quanto
3463 3222 3611 3295 magis
3641 3220 3755 3274 homo

2260 3322 2382 3378 aliis
2400 3322 2654 3393 praelatus
2680 3322 2985 3378 hominibus
3007 3321 3324 3377 nullatenus
3342 3317 3491 3375 debet
3513 3311 3671 3376 inﬂari,
3687 3308 3754 3364 sed

2258 3412 2450 3468 humili
2480 3427 2697 3483 semper
2724 3412 2904 3466 animo
2928 3411 3189 3482 cogitare,
3216 3410 3344 3480 quia
3362 3416 3415 3464 et
3436 3421 3549 3462 suus
3562 3411 3605 3458 et
3619 3398 3755 3456 subdi-

2259 3509 2439 3556 torum
2456 3501 2559 3556 sibi
2585 3501 2845 3557 Dominus
2856 3509 2941 3556 est
2952 3501 3007 3556 in
3019 3500 3208 3556 caelis!
3234 3498 3292 3554 Si
3306 3497 3462 3563 enim,
3476 3487 3755 3587 ut

2260 3592 2613 3657 ait,unioersa
2634 3592 2838 3646 vanitas
2866 3592 3033 3646 omnis
3057 3591 3217 3645 homo
3252 3590 3435 3652 uiuens,
3449 3582 3553 3656 quid
3568 3577 3755 3649 ξυνετδίί

2260 3693 2407 3739 terra
2430 3693 2487 3740 et
2507 3684 2680 3741 cinis?
2705 3685 2775 3740 Et
2799 3685 2892 3756 qui
2919 3664 3225 3756 pdtestates
3249 3699 3366 3755 quae
3392 3698 3421 3737 a
3444 3675 3756 3737 diaboloetan-

2259 3776 2393 3849 gelis
2416 3776 2556 3847 ejus,
2587 3792 2722 3848 quos
2752 3786 2972 3834 sanctus
2988 3777 3089 3835 Job
3118 3779 3355 3851 appellat
3387 3771 3649 3834 horribiles,
3669 3777 3752 3819 me-

2259 3872 2502 3930 tuuntur,
2526 3867 2726 3937 quique
2750 3882 2939 3922 earum
2960 3876 3231 3938 potestate
3247 3866 3459 3924 coerciti
3477 3878 3570 3918 non
3589 3858 3755 3929 possum

2259 3965 2471 4012 tantum
2518 3972 2713 4013 nocere
2751 3967 3009 4029 quantum
3051 3960 3321 4031 cupiunt:
3361 3957 3405 4014 si
3445 3956 3539 4018 ha,
3571 3951 3750 4017 inquam.

2258 4052 2370 4099 tam
2396 4045 2582 4114 fortes,
2619 4055 2730 4101 tam
2780 4056 3028 4118 potentes
3055 4056 3110 4104 et
3138 4057 3251 4103 tam
3278 4042 3556 4103 metuendae
3575 4041 3753 4110 pote“?

2258 4144 2343 4191 tes
2367 4151 2490 4192 cum
2515 4138 2663 4193 omni
2698 4148 2934 4196 tremore
2961 4139 3157 4196 divinae
3184 4136 3447 4210 majestati
3486 4148 3539 4189 se

2257 4236 2316 4283 et
2343 4238 2547 4285 tantam
2575 4232 2658 4286 sui
2678 4232 2991 4303 dignitatem
3016 4233 3082 4288 ad
3104 4233 3340 4305 gratiam
3366 4227 3585 4285 referunt
3620 4214 3755 4276 ωηάἰ·

2258 4320 2395 4375 toris
2428 4338 2441 4374 :
2470 4331 2674 4392 quanto
2716 4324 2891 4394 magis
2926 4324 3087 4379 homo
3116 4323 3213 4394 qui
3240 4337 3344 4377 non
3373 4319 3532 4375 solum
3556 4310 3754 4378 malignos

2258 4413 2482 4485 spiritus
2508 4429 2577 4469 ne
2605 4415 2672 4470 ab
2698 4415 2780 4470 eis
2805 4416 3070 4479 vincatur,
3099 4429 3293 4469 verum
3318 4412 3473 4469 etiam
3509 4408 3629 4477 ipsos
3653 4408 3753 4468 ί1¹³⁰’

2256 4521 2361 4577 que
2386 4506 2711 4562 vermiculos
2733 4507 3083 4576 pertimescit,
3102 4507 3354 4561 timorem
3379 4502 3469 4557 Dei
3489 4505 3597 4554 ante

2255 4611 2469 4667 semper
2495 4596 2717 4662 habere,
2745 4597 2895 4652 illum
2921 4613 3156 4669 semper,
3183 4597 3349 4653 etiam
3394 4594 3436 4650 si
3462 4591 3523 4646 ab
3541 4586 3688 4654 aliquo
3706 4585 3754 4631 υ·

2253 4694 2482 4747 meatur,
2509 4693 2743 4741 tremere
2766 4700 2832 4741 ac
2848 4701 3240 4757 perpavescere
3259 4684 3442 4740 debet!
3469 4674 3601 4746 Quod
3617 4676 3752 4729 autem

2253 4774 2418 4830 cmlos
2460 4774 2603 4831 Deus
2643 4790 2767 4830 cum
2815 4776 3124 4831 cmlestibus
3170 4773 3453 4829 virtutibus
3485 4763 3753 4834 maiestatem

2253 4864 2347 4920 Dei
2395 4864 2574 4920 Patris
2600 4865 2745 4919 socia
2785 4865 3145 4921 exsultatione
3170 4880 3236 4919 ac
3264 4860 3498 4918 laudibus
3521 4850 3751 4909 celeva

2247 4955 2323 5010 ita
2351 4954 2754 5025 intelligendum
2804 4964 2888 5010 est
2916 4954 3058 5024 quod
3081 4955 3259 5008 omnis
3296 4957 3529 5007 creatura
3554 4954 3642 4996 non
3657 4943 3752 4988 νοω

2248 5045 2344 5101 sed
2370 5060 2533 5116 opere
2553 5045 2735 5101 laudet
2759 5046 2952 5110 Deum,
2975 5046 3101 5117 quia
3121 5060 3189 5101 ex
3211 5042 3469 5100 creaturis
3490 5039 3752 5099 οοῐιεθφιω

2251 5147 2333 5192 ter
2357 5145 2571 5192 creator
2606 5136 2944 5208 intelligitur,
2970 5145 3027 5192 et
3051 5137 3104 5192 in
3136 5133 3365 5206 singulis
3392 5126 3615 5201 operibus
3636 5124 3751 5208 διειδεῖ

2248 5223 2529 5280 eﬁ'ectibus
2552 5225 2647 5279 Dei
2667 5195 3062 5295 magniﬁcentia
3085 5195 3501 5278 demonstratur.
3521 5214 3633 5268 Item
3649 5195 3751 5275 (Ιυθδ

2252 5317 2430 5389 angeli
2459 5318 2704 5384 laudare,
2746 5318 3138 5374 dominationes
3183 5316 3431 5378 adorare,
3461 5306 3750 5400 tremerfll’fl'

2253 5386 2476 5463 testatos
2500 5407 2776 5471 dicuntur,
2803 5421 2911 5462 non
2932 5408 3007 5462 ita
3033 5404 3400 5474 accipiendum
3426 5407 3503 5456 est
3525 5390 3655 5465 quasi
3668 5386 3749 5440 lau-

2251 5498 2438 5553 dantes
2465 5497 2637 5569 angeli
2679 5497 3017 5567 majestatem
3057 5495 3150 5550 Dei
3183 5509 3283 5549 nec
3308 5492 3517 5547 adorent
3552 5495 3636 5538 nec

2250 5596 2420 5653 mant,
2462 5554 2604 5658 quod
2643 5554 2849 5643 faciunt
2875 5585 3269 5642 dominationes
3295 5591 3349 5639 ct
3371 5583 3633 5652 potestates
3657 5584 3666 5619 ε
3688 5554 3748 5613 ῖεί

2250 5677 2405 5750 Quasi
2432 5682 2718 5736 adorantes
2752 5679 3144 5735 dominationes
3172 5692 3278 5732 non
3323 5672 3526 5729 laudent
3561 5660 3627 5718 vel
3666 5665 3747 5711 ιτε-
