4046 6172
388 312 525 371 M95

1524 300 1887 360 EXPOSITIO
1925 299 2153 358 MlSSxE
2191 298 2539 367 ROMANA‘L.

3518 305 3652 361 1404

385 436 556 493 ruant,
581 424 724 496 quod
749 422 954 478 facium
979 420 1153 493 angeli
1177 430 1233 476 et
1260 430 1554 490 potestates
1587 438 1600 474 :
1626 431 1720 475 aut
1747 434 1963 474 rursum
1994 423 2043 486 Α
2069 420 2142 475 tio
2168 419 2447 477 beatorum
2486 420 2758 489 seraphim
2797 422 2939 475 socia
2985 421 3339 476 exsultatione
3368 422 3654 493 spirituum

386 524 678 574 trementes
698 520 993 584 potestates
1017 525 1123 565 non
1162 509 1382 565 laudent
1410 510 1496 565 vel
1539 510 1799 573 adorent,
1828 507 1972 577 quod

384 605 592 663 faciunt
617 602 792 675 angeli
816 613 873 657 et
898 598 1294 656 dominationes
1326 616 1340 652 :
1368 598 1463 653 sed
1486 596 1745 668 quidquid
1771 596 1838 651 de
1865 595 1973 650 sin-

386 697 525 769 gulis
552 696 755 751 dictum
782 700 884 756 est,
929 689 1210 761 aequaliter
1244 688 1313 744 de
1337 687 1591 742 omnibus
1635 685 1974 743 sentiendum

385 799 509 852 est;
538 801 661 841 cum
702 785 848 839 enim
883 783 1144 853 scriptum
1195 780 1268 836 sit
1297 798 1310 833 :
1340 779 1491 834 Beati
1533 779 1623 850 qui
1656 777 1891 832 habitant
1919 776 1974 830 in

386 878 541 931 domo
570 886 682 940 tua,
712 875 770 928 in
788 871 986 928 uacula
1013 868 1326 925 saeculorum
1351 866 1643 922 laudabunt
1668 876 1735 929 te,
1767 865 1859 934 qui
1883 864 1974 919 do-

384 967 707 1023 minationes
747 972 804 1019 et
848 970 1145 1034 potestates
1186 959 1434 1015 habitare
1479 958 1532 1013 in
1575 957 1735 1012 domo
1762 955 1974 1011 Domini

384 1056 580 1119 credit,
608 1053 894 1108 Dominum
923 1066 1016 1106 eas
1065 1050 1120 1104 in
1149 1048 1343 1103 saecula
1391 1047 1711 1103 steculorum
1756 1045 1976 1100 laudare

385 1163 493 1201 non
520 1146 747 1201 dubitet.
794 1143 927 1197 Nam
956 1152 1011 1197 et
1036 1142 1101 1197 de
1129 1140 1420 1196 virtutibus
1445 1154 1597 1209 aeque
1625 1146 1687 1192 ut
1714 1137 1780 1191 de
1808 1150 1974 1207 ange-

382 1237 454 1292 lis
499 1236 758 1305 scriptum
796 1242 899 1299 est,
951 1231 1185 1286 Laudate
1220 1246 1360 1295 eum,
1403 1246 1580 1284 omnes
1609 1227 1780 1300 angeli
1824 1228 1973 1297 ejus;

389 1325 602 1380 laudate
650 1339 790 1387 eum,
815 1339 991 1377 omnes
1040 1324 1253 1378 virtutes
1290 1324 1425 1393 ejus.
1457 1323 1666 1379 Rursus
1694 1337 1815 1378 cum
1841 1322 1976 1377 scri-

384 1429 535 1490 ptum
581 1418 674 1484 sit,
704 1428 760 1472 ut
789 1419 844 1472 in
871 1418 1080 1472 nomine
1107 1416 1236 1472 Iesu
1268 1435 1417 1473 omne
1443 1435 1577 1489 genu
1604 1420 1848 1489 ﬂectatur
1876 1434 1977 1471 cae-

385 1513 613 1576 lestium,
662 1511 1005 1573 terrestrium,
1049 1520 1099 1564 et
1148 1510 1517 1580 infernarum;
1546 1512 1593 1567 si
1634 1526 1795 1566 omne
1832 1525 1974 1581 genu

384 1603 682 1659 caelestium
710 1601 766 1655 in
795 1600 1012 1655 nomine
1031 1599 1160 1655 Jesu
1181 1599 1322 1657 flecti
1345 1603 1637 1668 credimus,
1667 1617 1774 1656 non
1800 1602 1973 1657 solum

383 1692 797 1755 dominationes,
827 1705 1017 1746 verum
1045 1691 1208 1745 etiam
1243 1706 1434 1747 omnes
1462 1692 1777 1762 angelorum
1819 1691 1970 1746 ordi-

2072 517 2413 574 czeterorum,
2462 517 2684 579 apparet
2725 509 2869 580 quod
2910 525 3099 565 omnes
3141 510 3403 566 bonorum
3438 512 3657 569 ordines

2071 600 2357 670 spirituum
2386 615 2742 670 supernorum
2768 600 2963 655 divina:
3011 602 3280 672 maiestati
3331 611 3384 658 et
3423 612 3661 661 tremant

2073 705 2197 746 cum
2225 690 2603 756 exsultatione,
2634 699 2688 746 et
2711 691 2985 746 exsultent
3001 708 3127 747 cum
3151 701 3407 759 tremore,
3429 693 3541 761 illo,
3569 696 3656 751 in-

2073 796 2259 853 quam,
2290 788 2547 847 tremore,
2590 796 2725 850 quos
2751 790 2878 836 ante
2928 790 3221 837 trementes
3269 782 3350 839 sic
3385 783 3658 857 Propheta

2074 873 2328 928 admonet
2364 881 2760 943 consequenter
2806 886 2871 927 ac
2907 872 3058 939 dicit,
3087 874 3279 929 Audite
3306 874 3515 930 verbum
3542 875 3658 932 Do-

2074 962 2222 1027 mini,
2246 963 2336 1033 qui
2364 963 2584 1017 tremitis
2613 962 2682 1016 ad
2705 963 2909 1018 verbum
2939 965 3072 1035 ejus.
3105 965 3238 1021 Tam
3266 968 3484 1037 proprie
3512 968 3659 1025 enim

2075 1053 2189 1124 ipse
2213 1053 2443 1108 dicentis
2463 1054 2686 1125 spiritus
2711 1054 3024 1111 audientum
3055 1058 3246 1112 merita
3277 1058 3657 1128 sequestravit,

2074 1154 2136 1200 ut
2160 1161 2286 1202 eum
2330 1161 2521 1201 omnes
2547 1146 2797 1201 audirent
2837 1146 3196 1217 clamantem;
3229 1150 3318 1206 ille
3348 1158 3526 1204 tamen
3555 1148 3660 1205 sibi

2075 1236 2192 1291 haec
2237 1235 2561 1307 intelligeret
2605 1235 2737 1301 dici,
2779 1236 2871 1307 qui
2902 1237 2968 1291 ad
2995 1237 3090 1294 Dei
3118 1238 3344 1294 verbum
3370 1252 3480 1293 non
3504 1243 3660 1293 reatu

2077 1325 2444 1391 conscientiae,
2474 1327 2567 1381 sed
2593 1325 2783 1381 effectu
2816 1329 3130 1383 reverentiae
3159 1329 3487 1384 tremuisset.
3517 1325 3658 1381 Audi

2075 1431 2205 1489 ergo
2230 1417 2501 1472 hominem
2522 1416 2716 1487 gaudio
2738 1433 2800 1472 ac
2817 1417 3085 1473 desiderio
3107 1420 3615 1478 contremiscentem
3641 1432 3657 1473 :

2078 1506 2297 1569 Servite,
2329 1507 2503 1577 inquit
2542 1508 2729 1572 David,
2760 1507 2984 1562 Domino
3022 1509 3077 1563 in
3102 1512 3302 1575 timore,
3334 1521 3383 1565 et
3405 1512 3661 1570 exsultale

2076 1600 2124 1652 ei
2150 1615 2268 1652 cum
2312 1608 2552 1664 tremore,
2583 1611 2637 1653 et
2660 1601 2913 1670 quoniam
2955 1615 3310 1671 supernorum
3347 1604 3439 1659 illa
3466 1605 3662 1662 civitas

2078 1704 2141 1743 ex
2173 1688 2373 1759 angelis
2419 1698 2475 1743 et
2509 1690 2816 1746 hominibus
2860 1701 3092 1749 constat.
3141 1693 3209 1747 ad
3256 1710 3421 1765 quam
3450 1704 3661 1753 tantum

382 1798 483 1838 nes
507 1782 640 1838 sicut
668 1780 884 1845 Filium,
904 1780 979 1834 ita
1003 1789 1060 1835 et
1075 1779 1289 1835 Patrem
1315 1796 1422 1835 non
1445 1781 1814 1836 dubitabimus
1840 1780 1968 1835 ado-
2000 1765 2046 1826 Β
2071 1778 2339 1832 credimus
2383 1794 2554 1849 genus
2596 1780 2873 1834 hominum
2919 1782 3230 1848 ascendere,
3272 1794 3507 1854 quantos
3549 1786 3660 1842 illic

383 1887 525 1926 rare.
578 1869 729 1937 Quod
767 1878 949 1924 autem
1000 1868 1338 1939 maiestatem
1390 1869 1490 1924 Dei
1520 1867 1697 1923 Patris
1735 1878 1968 1923 tremere

379 1969 678 2032 potestates
709 1960 985 2025 dicuntur,
1028 1975 1136 2014 non
1192 1960 1295 2016 hoc
1337 1975 1405 2015 ex
1454 1960 1648 2014 timore
1697 1959 1966 2029 supplicii,

381 2050 525 2123 quod
553 2065 661 2106 non
684 2058 992 2114 merentur;
1018 2064 1125 2103 non
1152 2063 1221 2104 ex
1251 2049 1445 2103 timore
1471 2046 1783 2103 oll'ensionis
1803 2048 1969 2102 Crea-

384 2141 540 2206 toris,
563 2155 728 2211 quam
758 2140 1035 2194 incurrere
1056 2136 1172 2207 iam
1197 2154 1302 2193 non
1323 2147 1565 2209 possunt,
1600 2139 1694 2193 sed
1722 2153 1789 2192 ex
1818 2152 1969 2192 reve-

383 2234 559 2289 rentia
578 2241 634 2287 et
650 2232 856 2286 honore
876 2230 1069 2285 divinae
1087 2229 1294 2285 faciunt
1319 2232 1621 2301 maiestatis
1648 2248 1662 2283 :
1696 2239 1805 2286 tres
1823 2229 1968 2284 enim

384 2331 600 2380 constat
626 2337 747 2378 esse
772 2321 1014 2385 timores,
1047 2321 1317 2392 supplicii,
1347 2321 1413 2376 de
1436 2336 1543 2391 quo
1569 2321 1623 2376 in
1649 2320 1854 2392 psalmo
1882 2320 1966 2375 di-

382 2416 546 2479 citur,
594 2412 815 2467 Initium
851 2412 1120 2481 sapientia:
1163 2412 1322 2465 timor
1362 2410 1573 2465 Domini
1598 2426 1617 2465 :
1651 2412 1793 2466 hunc
1822 2410 1969 2464 enim

381 2504 585 2559 habent
610 2503 702 2572 qui
724 2517 825 2572 pro
852 2502 1155 2557 commissis
1188 2502 1304 2558 suis
1329 2517 1398 2556 ne
1425 2517 1457 2555 a
1483 2501 1715 2555 Domino
1742 2502 1970 2570 punian-

382 2605 472 2651 tur
499 2596 759 2666 incipiunt
776 2596 888 2665 iam
916 2595 1126 2649 timere.
1149 2594 1247 2649 Est
1263 2594 1429 2649 etiam
1458 2593 1617 2649 timor
1635 2593 1967 2656 oﬂ'ensionis,

383 2703 491 2758 quo
521 2702 552 2741 a
579 2685 926 2742 dilectoribus
946 2685 1058 2741 suis
1080 2686 1297 2740 timetur
1324 2685 1482 2748 Deus,
1499 2700 1566 2739 ne
1579 2683 1663 2739 vel
1685 2684 1737 2738 in
1758 2683 1969 2739 modico

382 2775 707 2840 offendatur,
750 2775 818 2830 de
854 2790 961 2844 quo
1009 2775 1209 2830 dicitur
1245 2774 1315 2829 ad
1340 2772 1659 2828 Abraham:
1698 2772 1748 2829 Ν
1754 2790 1853 2827 unc
1881 2790 1969 2828 co-

383 2867 537 2937 gnovi
581 2865 719 2937 quod
766 2866 952 2920 timeas
993 2864 1183 2930 Deum,
1213 2874 1261 2920 et
1303 2882 1407 2919 non
1440 2864 1711 2935 pepercisti
1741 2863 1855 2933 [ilio
1877 2875 1968 2918 tuo

382 2958 649 3028 nnigenito
673 2966 882 3027 propter
909 2972 1009 3010 me.
1054 2955 1199 3011 ldem
1244 2966 1408 3011 etiam
1438 2956 1564 3011 alibi
1586 2954 1830 3027 perfecta
1871 2971 1963 3011 ca-

384 3049 518 3103 ritas
540 3046 857 3118 appellatur,
889 3046 1030 3101 sicut
1071 3046 1331 3117 scriptum
1365 3058 1451 3101 est
1481 3064 1494 3100 :
1528 3044 1770 3116 Perfecta
1799 3045 1968 3100 chari-

2071 1869 2335 1939 contingit
2360 1871 2561 1925 electos
2602 1870 2818 1941 angelos
2849 1873 3195 1939 remansisse,
3226 1874 3368 1930 sicut
3394 1877 3656 1947 scriptum

2070 1968 2173 2024 est,
2192 1958 2387 2014 Statuit
2415 1962 2663 2017 terminos
2686 1964 2916 2032 gentium
2941 1965 3226 2018 secundum
3254 1983 3528 2022 numerum
3556 1985 3656 2023 an-

2070 2047 2303 2118 gelorum
2323 2048 2441 2114 Dei,
2462 2058 2782 2120 superestut
2800 2051 2898 2121 ipsi
2919 2066 3134 2122 quoque
3164 2053 3430 2121 homines,
3457 2056 3551 2127 qui
3580 2056 3651 2111 ad

2070 2138 2344 2194 ctelestem
2365 2141 2596 2209 patriam
2618 2141 2864 2206 redeunt,
2882 2157 2947 2195 ex
2963 2142 3044 2196 eis
3058 2144 3424 2214 agniminibus
3447 2146 3652 2217 aliquid

2071 2228 2177 2283 illic
2190 2244 2410 2283 revereri
2418 2238 2496 2284 tes
2508 2230 2805 2292 imitentur,
2819 2231 2957 2286 unde
2969 2240 3025 2286 et
3035 2233 3283 2301 protinus
3291 2236 3626 2293 subiufertur
3641 2254 3656 2292 :

2365 2319 2497 2373 Cum
2526 2321 2714 2391 quibus
2736 2330 2784 2374 et
2813 2330 3019 2375 nostras
3055 2340 3220 2389 voces,
3249 2332 3355 2380 etc.

2140 2410 2272 2467 Orat
2293 2412 2436 2467 enim
2467 2411 2519 2465 in
2552 2412 2637 2467 his
2661 2411 2840 2467 verbis
2862 2428 2927 2466 ex
2953 2414 3191 2468 omnium
3219 2430 3449 2485 persona
3475 2432 3659 2473 sacer-
3694 2480 3699 2483 ι

2069 2501 2197 2566 dos,
2226 2510 2287 2556 ut
2308 2516 2467 2556 voces
2494 2500 2770 2556 hominum
2797 2500 3107 2571 angelorum
3148 2504 3489 2561 sermonibus
3527 2521 3660 2576 sup-

2068 2594 2193 2663 plici
2218 2608 2277 2649 se
2318 2592 2653 2648 confessione
2678 2592 3014 2648 laudantium
3036 2593 3246 2665 iubeat,
3274 2595 3326 2650 id
3350 2603 3435 2651 est
3461 2596 3652 2668 digne-

2071 2694 2157 2739 tur
2193 2700 2315 2739 cum
2363 2683 2521 2739 beata
2570 2684 2844 2754 seraphim
2890 2693 3168 2756 gratanter
3217 2686 3451 2753 admitti,
3497 2687 3550 2743 id
3578 2696 3665 2745 est

2068 2775 2234 2846 recipi
2250 2771 2346 2830 'vel
2372 2776 2602 2830 alsumi.
2635 2776 2801 2831 Isaias
2848 2791 3082 2847 namque
3114 2777 3379 2849 propheta
3426 2784 3659 2834 testatur

2069 2884 2127 2924 se
2148 2867 2348 2923 vidisse
2369 2866 2659 2921 Dominum
2677 2868 2954 2922 sedentem
2980 2883 3145 2938 super
3171 2868 3366 2924 solium
3386 2868 3663 2924 excelsum

2065 2969 2122 3014 et
2159 2958 2446 3023 elevatum,
2477 2966 2534 3013 et
2578 2958 2850 3028 seraphim
2889 2973 3122 3030 quorum
3148 2959 3242 3014 uiti
3271 2974 3389 3024 sex,
3416 2968 3473 3015 et
3498 2958 3658 3014 alteri

2067 3051 2291 3107 totidem
2320 3059 2477 3105 erant
2525 3050 2644 3115 alte,
2683 3049 2892 3106 duabus
2916 3050 3151 3106 velantia
3183 3050 3376 3107 faciem
3420 3051 3559 3122 ejus,
3601 3061 3659 3106 et

384 3147 465 3191 tos
490 3136 633 3205 foras
662 3136 818 3189 mittit
859 3136 1119 3200 timorem,
1158 3136 1304 3190 illum
1332 3136 1581 3191 videlicet
1608 3110 1770 3205 quem
1790 3135 1966 3204 primo
1992 3110 2039 3174 ο
2078 3144 2288 3200 duabus
2330 3143 2565 3197 velantia
2607 3110 2772 3212 pedes
2822 3141 2960 3211 ejus,
3003 3150 3059 3197 et
3102 3142 3312 3197 duabus
3345 3110 3580 3198 volantia
3603 3151 3663 3198 et

386 3228 506 3282 loco
530 3228 827 3296 posuimus,
854 3228 921 3281 de
957 3241 1065 3297 quo
1105 3226 1245 3281 idem
1286 3226 1558 3297 apostolus
1587 3226 1664 3281 ait
1704 3243 1717 3279 :
1752 3224 1856 3291 Qui
1883 3243 1974 3280 au-

383 3326 485 3369 tem
513 3317 655 3369 timet
684 3333 788 3370 non
810 3328 883 3371 est
911 3316 1166 3386 perfectus
1188 3317 1241 3371 in
1256 3318 1524 3382 charitote,
1543 3319 1788 3389 quoniam
1817 3318 1975 3371 timor

382 3426 587 3479 pernam
613 3409 784 3463 habet.
817 3409 1033 3464 Tertius
1064 3410 1225 3465 timor
1252 3418 1425 3464 estex
1460 3409 1760 3465 reverentia
1790 3417 1845 3462 et
1869 3408 1970 3461 ho—

385 3515 517 3554 nore
543 3500 858 3570 procedens,
883 3514 991 3568 quo
1037 3515 1181 3553 nunc
1220 3509 1455 3554 tremere
1502 3498 1595 3552 Dei
1634 3497 1973 3567 maiestatem

382 3589 547 3641 etiam
571 3594 867 3656 potestates
891 3585 1161 3649 dicuntur,
1180 3584 1247 3638 de
1267 3598 1374 3653 quo
1393 3584 1555 3636 etiam
1576 3583 1834 3652 scriptum
1851 3591 1934 3637 est
1956 3600 1968 3635 :

388 3678 568 3733 Timor
594 3678 799 3730 Domini
828 3686 1041 3730 sanctus
1067 3691 1375 3745 permanens
1404 3676 1460 3727 in
1487 3672 1733 3728 swculum
1770 3674 1971 3728 strruli.

383 3770 442 3825 ln
487 3768 667 3823 futura
715 3767 862 3821 enim
910 3766 1021 3820 vita
1065 3780 1165 3820 nec
1204 3765 1411 3835 primus
1433 3764 1539 3827 ille,
1570 3778 1667 3818 nec
1706 3765 1974 3819 secundus

385 3862 521 3926 erit;
553 3859 648 3915 sed
678 3859 765 3913 hic
812 3866 1020 3912 tantum
1052 3856 1245 3911 tertius
1275 3855 1328 3909 in
1361 3854 1612 3910 saeculum
1637 3854 1816 3909 saeculi
1846 3869 1972 3923 per-

386 3951 643 4008 manebit.
673 3950 935 4005 Tremunt
962 3958 1143 4004 autem
1174 3966 1279 4005 non
1310 3948 1437 4005 solae
1462 3948 1712 4004 videlicet
1738 3956 1973 4019 potesta-

389 4053 490 4109 tes,
519 4041 612 4099 sed
639 4057 830 4098 omnes
873 4043 1036 4096 etiam
1065 4041 1304 4097 caelestis
1330 4040 1518 4111 patria:
1565 4039 1786 4108 spiritus
1811 4056 1824 4092 :
1850 4055 1972 4094 nam

386 4150 510 4188 cum
538 4133 797 4203 scriptum
819 4133 909 4197 sit,
936 4132 1149 4187 dicente
1168 4130 1394 4184 Domino
1424 4147 1437 4183 :
1468 4128 1776 4199 Quicunque
1804 4127 1970 4182 Itono-

387 4226 577 4279 raverit
623 4240 724 4286 me,
755 4222 1060 4294 gloriﬁcabo
1090 4238 1246 4286 eum;
1278 4222 1367 4292 qui
1415 4230 1586 4274 autem
1638 4228 1971 4273 contemnunt

387 4333 488 4381 me,
511 4325 662 4371 erunt
676 4313 955 4385 ignobiles,
984 4313 1330 4369 manifestum
1352 4323 1437 4369 est
1454 4329 1644 4368 omnes
1670 4312 1972 4369 caelestium

387 4411 607 4465 ordines
651 4409 1021 4464 ministrorum
1069 4408 1268 4463 idcirco
1297 4409 1350 4463 in
1405 4414 1611 4462 tantum
1654 4421 1684 4460 a
1716 4405 1973 4462 Creatorc

389 4498 702 4569 gloriﬁcari,
729 4496 854 4566 quia
894 4496 1008 4566 ipse
1037 4511 1252 4567 quoque
1275 4495 1342 4550 ab
1366 4497 1448 4551 eis
1474 4496 1724 4551 omnibus
1761 4509 1973 4550 summo

392 4598 629 4645 tremore
673 4604 738 4644 ac
785 4589 1088 4644 reverentia
1141 4589 1455 4644 honoratur.
1505 4587 1746 4658 Denique
1788 4587 1971 4643 sinon

390 4692 515 4735 eum
543 4681 892 4745 honorarent,
924 4689 1133 4737 certum
1157 4689 1243 4736 est
1269 4680 1411 4751 quod
1445 4688 1889 4745 contemnerent;
1923 4680 1969 4734 si

393 4777 571 4822 autem
600 4778 1024 4834 contemnerent,
1052 4771 1169 4825 sine
1196 4769 1357 4824 dubio
1394 4784 1499 4824 non
1537 4768 1969 4840 gloriﬂcarentur

395 4857 462 4911 ab
503 4873 589 4922 eo,
643 4858 737 4913 sed
784 4868 967 4914 essent
1009 4858 1291 4931 ignobiles,
1345 4866 1404 4912 ut
1447 4857 1691 4913 diabolus
1718 4866 1773 4911 et
1801 4857 1972 4928 angeli

306 4998 317 5001 _
394 4952 530 5022 eius,
561 4952 653 5021 qui
680 4967 804 5007 eum
847 4968 955 5007 non
1002 4953 1317 5008 honorando
1345 4958 1805 5023 contempserunt,
1836 4960 1893 5007 et
1917 4966 1975 5007 se

395 5045 708 5102 honorando
743 5046 795 5100 in
839 5054 1112 5116 perpetua:
1152 5045 1509 5102 damnationis
1544 5044 1893 5115 opprobrium
1922 5052 1979 5098 et

393 5138 772 5195 contumeliam
797 5146 1139 5192 corruerunt.
1164 5138 1222 5192 ln
1245 5136 1592 5207 sequentibus
1618 5150 1830 5206 quoque
1851 5150 1975 5191 cum

394 5229 742 5296 dicitur,Cteli
755 5228 1098 5299 etelorumque
1110 5230 1320 5284 virtutes
1330 5246 1392 5282 ac
1403 5229 1551 5284 beata
1565 5229 1823 5299 seraphim
1834 5229 1977 5285 socia

392 5320 737 5375 exsultatione
774 5318 1153 5386 concelebrant,
1185 5318 1468 5375 manifeste
1519 5318 1823 5375 ostenditur
1848 5319 1974 5389 quia

394 5412 484 5468 ille
510 5419 837 5482 potestatum
873 5418 1079 5466 tremor
1103 5427 1210 5466 non
1238 5427 1305 5467 ex
1349 5412 1540 5467 timore
1560 5426 1755 5481 poenae,
1785 5410 1877 5466 sed
1906 5424 1974 5464 ex

396 5501 713 5557 reverentim
740 5500 943 5555 honore
969 5502 1229 5568 procedit.
1261 5500 1316 5555 Si
1346 5502 1490 5556 enim
1517 5501 1694 5555 divina
1721 5500 1989 5572 maiestas.

396 5593 465 5648 ab
481 5591 731 5646 omnibus
751 5590 1022 5656 tremitur,
1038 5592 1203 5646 etiam
1223 5591 1379 5646 beata
1403 5590 1671 5662 seraphim
1692 5605 1811 5661 qua:
1828 5588 1978 5644 exul-

397 5689 515 5740 tare
543 5684 814 5752 dicuntur,
840 5692 1072 5739 tremere
1100 5700 1206 5740 non
1227 5683 1566 5753 dubitanter;
1592 5691 1646 5739 et
1666 5684 1709 5740 si
1735 5680 1974 5740 exsulta-

2077 3233 2366 3288 clamantia
2389 3232 2618 3286 alterum
2644 3232 2713 3285 ad
2743 3231 2993 3296 alterum,
3024 3246 3089 3286 ac
3116 3230 3350 3287 dicentia
3384 3248 3397 3285 :

2080 3322 2328 3389 Sanctus,
2377 3331 2611 3386 sanctus,
2655 3330 2868 3375 sanctus
2907 3319 3163 3375 Dominus
3203 3320 3345 3375 Deus
3382 3320 3657 3387 Sabaoth,-

2338 3394 2348 3463 ί
2391 3411 2547 3483 plena
2570 3420 2644 3466 est
2673 3412 2843 3466 omnis
2870 3419 3012 3466 terra
3030 3411 3206 3479 gloria
3229 3422 3340 3466 tua.

2144 3503 2393 3559 imitatur
2410 3518 2541 3573 ergo
2585 3510 2773 3557 sancta
2799 3502 3041 3557 Ecclesia
3068 3502 3125 3557 in
3154 3503 3316 3558 terris
3339 3505 3515 3572 posita
3533 3516 3660 3572 par-

2076 3605 2184 3651 tem
2214 3596 2317 3660 sui,
2341 3609 2461 3665 quae
2483 3594 2539 3648 in
2567 3592 2719 3649 omlis
2742 3600 2825 3647 est
2851 3593 3164 3658 constituta,
3187 3608 3292 3647 non
3323 3592 3493 3648 solum
3514 3594 3660 3663 quod

2074 3684 2244 3738 Deum
2273 3682 2496 3753 supplici
2552 3680 2890 3737 confessione
2921 3681 3227 3746 conlaudat,
3264 3696 3453 3736 verum
3493 3682 3659 3737 etiam

2073 3774 2217 3844 quod
2245 3773 2434 3827 iisdem
2468 3771 2650 3826 verbis
2691 3786 2757 3825 ac
2784 3769 3031 3825 sensibus
3064 3770 3281 3826 easdem
3308 3769 3497 3826 laudes
3523 3784 3658 3826 con-

2073 3864 2310 3921 celebrat
2342 3882 2354 3917 :
2383 3878 2721 3934 consequens
2761 3863 2904 3918 enim
2944 3872 3048 3929 est,
3079 3872 3139 3918 ut
3163 3862 3235 3917 sit
3260 3878 3364 3917 una
3395 3862 3655 3928 laudatio,

2072 3971 2301 4028 quorum
2345 3954 2527 4009 futura
2568 3963 2654 4009 est
2693 3969 2801 4009 una
2843 3954 3142 4025 eademque
3171 3953 3225 4008 in
3252 3952 3413 4010 domo
3442 3951 3657 4008 Domini

2071 4047 2350 4103 habitatio.
2380 4044 2533 4113 Quod
2580 4053 2760 4100 autem
2808 4054 2889 4101 ter
2928 4044 3156 4102 Sanctus
3203 4045 3257 4100 in
3301 4044 3397 4100 Dei
3444 4043 3656 4100 laudem

2072 4139 2319 4200 dicimus,
2358 4136 2681 4191 Trinitatem
2710 4151 3060 4205 personarum
3084 4135 3137 4190 in
3167 4135 3373 4189 unitate
3403 4132 3659 4188 divinita-

2074 4229 2144 4283 tis
2170 4226 2419 4282 inetfahili
2465 4228 2724 4298 mysterio
2767 4243 3092 4282 veneramur
3121 4245 3134 4281 :
3163 4227 3216 4281 in
3244 4242 3311 4282 eo
3336 4241 3469 4281 vero
3512 4226 3658 4296 quod

2072 4328 2188 4375 tum
2229 4319 2395 4375 semel
2446 4319 2731 4373 Dominum
2779 4318 2947 4373 Deum
3001 4318 3240 4374 Sabaoth
3297 4316 3656 4382 confitemur,

2074 4426 2240 4464 unum
2268 4410 2434 4465 Deum
2481 4409 2535 4463 in
2571 4408 2834 4464 Trinitate
2856 4408 3038 4464 verbis
3059 4408 3368 4465 ctelestibus
3393 4408 3654 4479 praedica-

2079 4516 2219 4566 mus,
2265 4516 2389 4554 nam
2418 4499 2654 4555 Sabaoth
2682 4515 2749 4554 ex
2780 4498 3005 4555 Hebraeo
3040 4500 3093 4553 in
3122 4499 3377 4555 Latinum
3402 4499 3655 4565 vertitur,

2078 4594 2412 4649 exercituum
2442 4593 2555 4647 sive
2581 4593 2863 4657 virtutum,
2889 4591 3032 4662 quod
3060 4600 3117 4648 et
3154 4592 3207 4646 in
3235 4591 3514 4663 prophetis
3550 4588 3658 4645 fre-

2077 4684 2427 4754 quentissime
2470 4682 2667 4753 legitur
2706 4681 3030 4749 dicentibus,
3073 4681 3201 4737 Htec
3239 4682 3366 4736 dicit
3397 4680 3656 4735 Dominus

2078 4774 2219 4829 Deus
2262 4773 2602 4837 exercituum,
2643 4780 2698 4827 et
2726 4771 2779 4826 in
2816 4771 3024 4842 psalmo
3051 4781 3235 4843 aperte
3260 4780 3318 4828 et
3343 4768 3656 4841 angelorum

2073 4877 2209 4919 voce
2236 4863 2453 4928 dicitur,
2477 4860 2607 4926 Quis
2628 4870 2703 4915 est
2723 4861 2820 4915 iste
2843 4877 2935 4916 rex
2959 4859 3181 4932 glorite?
3206 4859 3462 4915 Dominus
3493 4856 3657 4912 virtu-

2075 4965 2204 5009 tum.
2229 4952 2383 5021 Quod
2409 4959 2588 5006 autem
2613 4951 2855 5021 sequitur
2880 4966 2896 5005 :

2358 5041 2508 5097 Pleni
2536 5051 2655 5096 sunt
2684 5040 2798 5096 coeli
2824 5051 2872 5096 et
2901 5052 3041 5097 terra
3064 5042 3234 5115 gloria
3255 5053 3369 5109 tua,

2078 5135 2497 5191 immensitatem
2524 5132 2718 5188 divinae
2746 5132 3045 5203 maiestatis
3061 5134 3318 5201 ostendit,
3343 5134 3488 5190 nulla
3509 5133 3663 5191 enim

2079 5226 2307 5290 ratione,
2347 5222 2491 5278 nulla
2518 5222 2873 5278 aestimatione
2896 5223 3078 5278 metiri
3115 5223 3298 5291 valet;
3322 5224 3523 5280 mundo
3546 5238 3656 5279 non

2078 5318 2307 5390 capitur,
2344 5315 2423 5371 sic
2446 5314 2617 5386 replet
2658 5314 2937 5381 mundum,
2966 5323 3028 5370 ut
3054 5315 3168 5386 ipse
3190 5316 3467 5372 contineat
3492 5329 3654 5369 mun-

2076 5414 2224 5477 dum,
2254 5426 2360 5466 non
2382 5408 2721 5464 contineatur
2745 5422 2775 5461 a
2802 5408 3038 5463 mundo:
3062 5416 3147 5463 est
3171 5407 3317 5463 enim
3347 5405 3548 5462 mundo
3567 5420 3661 5461 su-

2073 5501 2274 5573 perior,
2302 5498 2545 5563 inferior,
2575 5497 2832 5564 exterior,
2856 5505 2911 5553 et
2933 5497 3199 5565 interior;
3232 5497 3466 5570 regendo
3489 5511 3663 5566 supe-

2075 5590 2205 5656 rior,
2244 5586 2507 5659 portando
2549 5585 2772 5642 inferior
2794 5627 2811 5652 ,
2860 5587 3208 5659 gubernando
3249 5588 3517 5653 exterior,
3566 5601 3663 5641 re-

2074 5681 2268 5753 piendo
2296 5679 2556 5751 interior;
2577 5680 2656 5738 sic
2692 5687 2778 5737 est
2810 5695 2907 5751 per
2929 5690 3123 5738 cuncta
3167 5679 3414 5750 diffusus,
3442 5688 3504 5737 ut
3544 5693 3660 5736 non
