4046 6172
326 376 501 438 149¹Γ

1415 377 1777 435 EXPOSITIO
1814 375 2040 433 MISSJE
2081 375 2417 434 ROBIANE.

3436 384 3457 437 l
3469 384 3571 440 198

297 472 485 558 .lilius,
514 500 566 549 ut
593 501 739 557 actu,
768 491 903 558 vita,
934 490 1243 557 virtutibus,
1282 499 1433 547 tanto
1466 494 1643 563 possis
1671 508 1893 563 respon-
1922 500 1967 555 Α
1996 492 2133 547 Hinc
2155 502 2237 548 est
2264 492 2406 563 quod
2423 493 2656 563 propriis
2682 493 2887 551 viribus
2921 494 3136 552 liberari
3167 497 3329 553 hunc
3356 513 3460 553 non
3483 513 3580 568 po-

319 589 447 642 dere
471 585 719 658 genitori.

376 700 379 701 ν
711 676 1082 743 Sanctiﬁcetur
1115 692 1303 729 nomen
1334 684 1502 729 tuum.

390 768 525 834 Quia
552 782 582 821 a
606 765 823 821 Christo
863 772 1086 820 vocatus
1136 779 1195 819 es
1223 764 1564 821 Christianus
1584 804 1599 831 ,
1649 767 1790 836 petis
1838 776 1899 822 ut

318 857 673 929 praerogativa
701 854 833 909 tanti
874 849 1106 908 nominis
1152 853 1519 908 sanctiﬁcetur
1556 855 1609 908 in
1640 865 1723 919 te,
1772 856 1898 925 quia

319 964 512 1004 nomen
545 947 639 1001 Dei
665 945 806 1016 quod
834 960 932 1016 per
952 960 1011 999 se
1033 952 1089 999 et
1131 943 1231 998 sibi
1256 954 1501 999 sanctum
1529 954 1630 1007 est,
1655 952 1749 998 aut
1774 960 1900 999 san-

318 1039 589 1095 ctiﬁcatur
617 1038 670 1092 in
703 1036 856 1091 nobis
898 1043 1086 1089 nostro
1112 1043 1272 1089 auctu
1321 1033 1540 1106 [Forte,
1563 1034 1754 1106 actu},
1805 1043 1899 1089 aut

319 1139 505 1185 nostro
530 1135 690 1183 auctu
718 1126 1126 1196 blasphematur
1154 1125 1208 1178 in
1238 1123 1508 1194 gentibus.

757 1218 1010 1271 Adveniet
1040 1232 1253 1285 regnum
1283 1226 1450 1269 tuum.

391 1309 508 1381 lese
542 1307 707 1362 dici):
741 1304 975 1377 Regnum
1013 1304 1108 1358 Dei
1136 1307 1277 1358 intra
1305 1320 1392 1359 vos
1417 1314 1510 1358 est.
1553 1303 1608 1358 Si
1632 1311 1773 1357 intra
1800 1318 1899 1358 nos

320 1412 425 1464 est,
444 1399 626 1454 veniat
650 1398 779 1468 quid
807 1396 1059 1450 oramus?
1097 1394 1188 1448 Est
1218 1395 1270 1447 in
1301 1393 1425 1459 ﬁde,
1454 1401 1537 1448 est
1563 1393 1615 1447 in
1657 1408 1784 1462 spe,
1814 1399 1899 1446 est

322 1491 374 1544 in
395 1489 819 1560 exspectatione,
841 1487 935 1540 sed
960 1495 1017 1539 ut
1037 1483 1345 1552 veniatjam
1375 1498 1691 1553 precamur;
1716 1481 1898 1535 veniat

319 1586 498 1633 autem
528 1576 701 1641 nobis,
724 1591 829 1629 non
855 1574 927 1628 illi
950 1574 1041 1643 qui
1065 1581 1362 1642 conregnat
1389 1571 1535 1624 Patri
1559 1571 1611 1623 in
1633 1585 1730 1625 suo
1757 1586 1899 1624 sem-

317 1685 417 1739 per
444 1669 560 1724 sinu
581 1681 927 1737 permanens,
952 1665 1046 1720 sed
1089 1664 1271 1719 veniat
1298 1664 1451 1717 nobis
1479 1678 1500 1701 ιι
1531 1681 1542 1715 :
1584 1661 1784 1726 Venite,
1815 1656 1899 1715 be-

319 1758 508 1812 nedicti
536 1755 710 1810 Patris
732 1757 856 1821 mei,
881 1754 1126 1825 percipite
1162 1768 1375 1823 regnum
1409 1750 1548 1821 quod
1574 1750 1713 1803 vobis
1736 1767 1894 1819 para-

1998 592 2104 640 test
2150 583 2460 640 carnalibus
2505 584 2734 641 vinculis
2777 585 3051 657 inligatus.
3083 586 3380 643 Petcndum
3428 587 3588 643 nobis

1997 684 2081 730 est
2107 690 2237 746 ergo
2266 683 2327 729 ut
2350 675 2494 729 Deus
2526 688 2625 730 nos
2671 656 2929 735 adiabolo
2949 656 3162 741 liberet,
3192 677 3284 748 qui
3311 677 3586 735 Christum

1996 766 2158 821 terris
2193 773 2253 819 ut
2307 764 2577 819 diabolum
2622 766 2865 820 vinceret
2903 767 3286 822 commodavit.
3337 767 3586 833 Clamet,

1996 857 2192 911 clamet
2218 856 2376 910 homo
2402 856 2471 909 ad
2498 855 2689 919 Deum,
2714 856 2931 920 clamet,
2953 855 3144 911 Libera
3170 871 3267 912 nos
3291 873 3321 911 a
3346 857 3585 923 malo,ut

1997 964 2029 1002 a
2051 956 2201 1002 tanto
2228 947 2393 1012 malo,
2417 947 2533 1002 solo
2552 946 2769 1003 Christo
2788 948 3056 1012 vincente,
3084 948 3364 1003 liberetur.

2066 1039 2387 1110 Accepimus
2416 1040 2658 1094 auditum
2705 1039 2851 1113 ﬁdei,
2880 1038 3110 1095 formam
3141 1040 3431 1095 Dominica:
3455 1055 3580 1095 ora-

1996 1131 2158 1186 tionis
2187 1130 2506 1196 audivimus,
2536 1130 2784 1186 Christus
2810 1131 3053 1186 breviter
3078 1146 3239 1186 orare
3261 1132 3438 1206 docet,
3453 1131 3582 1200 quia

1996 1222 2106 1277 cito
2130 1221 2245 1275 vult
2269 1222 2536 1292 postulata
2552 1230 2841 1292 prmstare.
2864 1221 2973 1277 Aut
2995 1222 3121 1292 quid
3153 1222 3459 1293 petentibus
3479 1237 3586 1278 non

1997 1310 2145 1365 dabit
2165 1311 2257 1381 qui
2283 1326 2340 1365 se
2372 1312 2545 1381 ipsum
2569 1327 2675 1366 non
2697 1311 3006 1381 petentibus
3052 1313 3236 1367 dedit?
3259 1321 3352 1368 aut
3400 1313 3453 1367 in
3504 1328 3589 1368 re-

1998 1403 2307 1472 spondendo
2353 1418 2515 1473 quam
2569 1402 2734 1457 faciet
2789 1418 2997 1457 moram
3027 1444 3041 1468 ,
3077 1404 3164 1473 qui
3222 1405 3273 1458 in
3323 1404 3590 1460 dictandis

1998 1493 2249 1563 precibus
2274 1503 2399 1547 vota
2430 1494 2726 1562 supplicum
2755 1494 2833 1548 sic
2885 1495 3179 1563 pnevcnit?
3223 1494 3408 1566 Neque
3459 1496 3588 1550 illud

1998 1599 2098 1638 nos
2136 1592 2380 1647 moveat,
2434 1585 2575 1653 quod
2626 1585 2843 1654 quidam
2896 1582 3105 1653 jactare
3152 1585 3364 1641 solent:
3398 1585 3455 1641 Si
3494 1602 3564 1640 no

1997 1676 2077 1729 vit
2099 1675 2241 1729 Deus
2279 1675 2404 1743 quid
2441 1690 2659 1729 oremus
2687 1714 2701 1738 ,
2760 1683 2815 1729 et
2859 1684 3152 1744 antequam
3208 1684 3456 1745 petamus
3488 1677 3588 1732 scit

2000 1767 2195 1836 quibus
2236 1766 2570 1836 indigemus,
2630 1764 2831 1819 frustra
2875 1767 3064 1820 scienti
3124 1767 3434 1837 loquimur:
3487 1783 3588 1824 nos

320 1860 427 1901 tum
448 1856 523 1900 est
551 1847 614 1900 ab
650 1846 848 1916 origine
886 1844 1088 1897 mundi.
1120 1842 1359 1897 Dicimus
1384 1882 1398 1907 ,
1450 1841 1631 1894 veniat
1674 1855 1896 1911 regnum

2005 1859 2145 1913 enim
2167 1874 2273 1911 non
2294 1873 2480 1911 sumus
2509 1866 2835 1920 narratores,
2856 1859 2949 1912 sed
2982 1868 3259 1929 rogatores
3290 1877 3302 1913 :
3334 1859 3476 1915 aliud
3507 1869 3624 1916 est:

321 1948 493 2001 tuum,
521 1946 579 1991 ut
598 1939 675 1993 sic
706 1938 845 1991 Deus
875 1943 1065 2007 regnet
1094 1936 1146 1989 in
1172 1934 1347 1998 nobis,
1377 1934 1632 2003 quatinus
1666 1933 1718 1986 in
1743 1932 1899 1986 nobis

319 2031 528 2085 desinat
550 2045 697 2084 mors
725 2042 953 2099 regnare
975 2067 990 2092 ,
1044 2026 1258 2082 desinat
1311 2040 1538 2095 regnare
1566 2033 1847 2094 peccatum
1883 2040 1895 2075 :

320 2119 595 2188 Regnavit,
627 2119 832 2188 inquit,
860 2134 996 2170 mors
1020 2116 1083 2170 ab
1108 2108 1274 2169 Adam
1305 2132 1464 2185 usque
1490 2115 1557 2167 ad
1584 2113 1903 2184 Moysen.Et

320 2209 444 2263 alibi
471 2227 484 2263 ε
520 2208 643 2264 Non
666 2218 837 2278 regnet
863 2215 1128 2278 peccatum
1157 2208 1211 2260 in
1237 2215 1401 2261 vestro
1428 2206 1637 2259 mortali
1666 2221 1896 2274 corpore.

485 2297 610 2352 Fiat
635 2298 872 2352 voluntas
892 2307 983 2350 tua
1008 2297 1141 2350 sicut
1171 2292 1225 2351 in
1253 2296 1378 2351 ctelo
1409 2306 1454 2349 et
1486 2296 1541 2348 in
1570 2305 1730 2347 terra.

393 2387 543 2442 Nunc
574 2387 629 2441 in
659 2396 806 2441 terra
837 2386 1003 2441 multa
1045 2386 1181 2441 ﬁunt
1222 2402 1321 2457 pro
1346 2385 1542 2440 diaboli
1586 2384 1860 2438 voluntate
1884 2423 1900 2447 ,

320 2494 419 2548 pro
455 2478 635 2533 saeculi
665 2479 928 2548 nequitia,
983 2492 1081 2547 pro
1109 2476 1377 2531 desiderio
1417 2476 1638 2539 carnis;
1684 2474 1735 2527 in
1764 2472 1904 2527 coelo

320 2588 451 2627 vero
485 2573 545 2626 ﬁt
586 2571 719 2626 nihil
756 2580 954 2642 praeter
1007 2569 1218 2624 Domini
1268 2569 1620 2624 voluntatem.
1664 2565 1903 2619 Petimus

320 2680 450 2734 ergo
476 2673 536 2718 ut
582 2665 905 2733 interempto
933 2661 1165 2726 diabolo,
1196 2668 1254 2714 ut
1282 2674 1419 2714 novo
1462 2657 1680 2721 sreculo,
1702 2665 1761 2709 ut
1788 2671 1904 2708 mu-

329 2762 440 2807 tato
463 2767 710 2822 corpore,
739 2760 797 2805 ut
814 2753 1085 2805 destructo
1113 2750 1304 2803 mortis
1334 2747 1581 2816 imperio,
1608 2754 1666 2798 ut
1703 2742 1902 2797 abolita

323 2845 687 2901 dominatione
710 2843 942 2913 peccati,
973 2843 1027 2896 in
1075 2841 1215 2896 cmlo
1252 2849 1308 2894 et
1332 2840 1385 2893 in
1409 2848 1578 2905 terra,
1607 2839 1661 2892 in
1710 2835 1822 2891 Deo
1849 2843 1906 2890 et

322 2937 631 2995 hominibus
650 2951 757 2990 una
776 2935 871 2988 Dei
900 2943 955 2989 et
980 2934 1168 2988 eadem
1197 2933 1268 2987 sit
1295 2931 1559 2985 voluntas.

449 3029 650 3082 Panem
688 3037 922 3081 nostrum
949 3024 1311 3095 quotidianum
1339 3022 1410 3075 da
1434 3021 1578 3075 nobis
1601 3019 1774 3074 hodie.

391 3117 520 3172 Post
542 3132 767 3187 regnum
789 3115 1010 3170 cmleste
1039 3122 1315 3168 terrenum
1347 3125 1543 3182 panem
1578 3117 1768 3180 petere
1797 3122 1904 3161 non

318 3208 590 3278 jubemur,
610 3184 938 3277 prohibente
961 3197 1074 3275 ipso
1108 3219 1233 3259 cum
1276 3203 1436 3258 dicit:
1475 3199 1650 3254 Nolite
1693 3195 1906 3252 solliciti
1932 3184 1981 3247 C

323 3294 575 3366 essequid
602 3295 928 3348 manducetis
965 3303 1054 3347 aut
1078 3292 1204 3363 quid
1254 3290 1471 3355 bibatis;
1499 3287 1592 3344 sed
1615 3287 1741 3358 quia
1792 3287 1909 3356 ipse

323 3395 407 3443 est
430 3387 587 3457 panis
622 3386 715 3456 qui
743 3386 808 3439 de
848 3384 986 3439 caelo
1032 3382 1330 3445 descendit,
1361 3380 1594 3451 petimus
1638 3384 1694 3430 et
1719 3389 1912 3445 preca-

325 3491 467 3541 mur,
489 3484 549 3529 ut
568 3475 742 3546 ipsum
763 3490 954 3545 panem
992 3488 1097 3544 quo
1124 3471 1385 3542 quotidie,
1417 3469 1469 3522 id
1491 3475 1574 3521 est
1590 3466 1794 3535 jugiter
1818 3478 1908 3518 su-

327 3581 447 3621 mus
486 3568 539 3620 in
569 3566 870 3620 aeternitate
903 3564 1121 3625 victuri,
1150 3560 1330 3623 hodie,
1379 3558 1432 3611 id
1459 3564 1544 3610 est
1570 3555 1626 3607 in
1654 3552 1905 3623 presenti

324 3659 437 3712 vita
480 3658 547 3711 de
586 3656 833 3710 convivio
861 3652 1049 3706 altaris
1077 3650 1250 3704 sancti
1284 3647 1352 3701 ad
1380 3646 1639 3699 virtutem
1663 3641 1909 3711 corporis

326 3745 629 3813 mentisque
648 3743 945 3812 capiamus.

326 3836 397 3890 Et
425 3835 626 3889 dimitte
671 3832 818 3887 nobis
854 3830 1030 3884 debita
1087 3837 1266 3882 nostra
1314 3825 1448 3879 sicut
1478 3833 1524 3879 et
1559 3838 1652 3877 nos
1689 3820 1909 3875 dimitti-

767 3938 881 3976 mus
909 3918 1223 3975 debitoribus
1253 3916 1463 3970 nostris.

400 4017 491 4072 Sic
516 4014 761 4079 diceudo,
787 4028 818 4066 ο
846 4013 1027 4074 homo,
1053 4006 1395 4078 indulgentia:
1424 4004 1662 4067 modum,
1688 4015 1908 4055 mensu—

331 4123 448 4162 ram
462 4105 652 4169 venite,
672 4112 726 4156 tu
745 4102 839 4157 tibi
859 4099 1076 4163 dedisti,
1089 4098 1224 4167 quia
1240 4095 1467 4150 Domino
1487 4100 1694 4147 tantum
1710 4090 1804 4144 tibi
1817 4104 1910 4160 pe-

334 4200 402 4254 tis
416 4197 635 4261 dimitti,
663 4202 923 4264 quantum
950 4188 1220 4244 dimiseris
1246 4187 1358 4257 ipse
1381 4198 1663 4241 coriservo.
1688 4180 1910 4235 Dimitte

331 4304 460 4360 ergo
490 4283 817 4354 delinquenti
846 4282 899 4335 in
923 4289 974 4334 te
1005 4286 1195 4342 totum,
1223 4277 1270 4332 si
1298 4276 1380 4330 vis
1404 4275 1520 4345 ipse
1550 4274 1616 4328 de
1644 4272 1754 4326 tuis
1776 4268 1910 4325 nihil

332 4379 528 4432 debere
560 4375 783 4430 Domino
809 4370 1048 4434 delictis;
1075 4369 1128 4421 in
1154 4367 1325 4422 altero
1352 4366 1561 4420 dimitte
1592 4363 1712 4430 tibi,
1742 4362 1787 4417 si
1828 4362 1911 4417 vis

333 4470 448 4541 ipse
466 4467 735 4523 vindicem
756 4465 930 4517 vitare
955 4458 1296 4516 sententiam.

634 4557 698 4610 Et
724 4572 786 4610 ne
819 4571 909 4609 nos
932 4552 1150 4606 inducas
1184 4547 1615 4602 intentationem.

406 4651 565 4714 Deus,
594 4650 734 4704 sicut
760 4646 1018 4715 scriptum
1047 4650 1131 4697 est
1153 4680 1169 4706 ,
1214 4639 1481 4693 neminem
1512 4642 1775 4705 temptat;
1821 4632 1915 4687 sed

338 4748 602 4807 temptare
640 4738 854 4799 dicitur,
883 4748 1005 4790 cum
1032 4729 1426 4786 contumaciter
1469 4734 1659 4780 euntes
1686 4723 1753 4777 ad
1782 4730 1916 4776 tem-

337 4831 594 4903 ptationis
622 4830 842 4899 laqueos
864 4823 1207 4893 derelinquit.
1268 4820 1359 4874 Sic
1407 4818 1580 4871 Adam
1627 4813 1914 4871 tentatoris

338 4920 562 4975 insidias
587 4918 834 4982 incurrit,
863 4916 987 4969 dum
1017 4914 1100 4969 sui
1123 4920 1390 4982 praecepta
1415 4906 1644 4977 despicit
1669 4905 1912 4959 condito-

340 5018 444 5069 ris:
476 5013 614 5067 unde
641 5019 820 5064 autem
842 5018 898 5063 et
919 5024 949 5061 a
976 5022 1083 5077 quo
1112 5009 1496 5073 temptaretur,
1541 5000 1702 5053 homo
1731 4995 1911 5066 prodi-

339 5106 415 5158 dit
443 5104 522 5159 sic
546 5101 770 5157 dicendo
794 5118 807 5154 :

793 5195 898 5250 Sed
923 5193 1087 5248 libera
1115 5208 1206 5246 nos
1237 5208 1270 5243 a
1307 5188 1444 5243 malo
1469 5205 1487 5253 ;

340 5292 441 5345 hoc
486 5298 572 5344 est
616 5304 647 5341 a
685 5285 918 5348 diabolo,
969 5284 1059 5353 qui
1106 5282 1270 5336 totius
1296 5279 1421 5333 mali
1446 5287 1500 5333 et
1523 5284 1711 5332 auctor
1730 5283 1831 5335 est,
1860 5281 1916 5330 et

339 5381 510 5450 origo.
536 5376 788 5432 Diabolus
817 5384 1011 5430 natura
1033 5372 1271 5428 cmlestis
1298 5369 1419 5435 fuit,
1440 5384 1581 5422 nunc
1619 5376 1702 5421 est
1729 5365 1931 5435 nequi:

344 5470 415 5524 tia
446 5467 733 5539 spiritalis;
764 5474 923 5520 aetate
978 5462 1147 5530 major
1176 5460 1389 5522 seculo,
1419 5458 1645 5513 nocendi
1674 5472 1773 5511 usu
1824 5455 1921 5510 tri-

342 5569 448 5625 tus,
471 5559 694 5613 liedcndi
725 5565 842 5612 arte
868 5555 1253 5626 peritissimus;
1279 5552 1418 5606 unde
1439 5567 1544 5605 non
1564 5547 1679 5617 jam
1710 5548 1882 5603 malus
1902 5587 1918 5612 ,

343 5653 439 5710 sed
462 5652 660 5707 malum
683 5651 901 5714 dicitur,
922 5666 953 5703 a
982 5663 1091 5717 quo
1111 5655 1198 5700 cst
1237 5660 1397 5698 omne
1417 5642 1559 5713 quod
1590 5641 1790 5696 malum
1816 5648 1918 5694 est.

416 5780 439 5809 α
483 5768 829 5823 Desiderantur
867 5766 952 5821 hic
975 5762 1173 5833 aliquid
1211 5762 1261 5814 in
1291 5776 1392 5814 nis.

2001 1949 2140 2001 enim
2170 1948 2436 2018 ignoranti
2461 1962 2713 2011 narrare,
2759 1948 2902 2001 aliud
2954 1942 3212 2003 scientem
3266 1956 3481 2018 petere;
3535 1951 3588 2004 in

2002 2040 2091 2093 illo
2128 2038 2383 2093 iudicium
2428 2045 2533 2097 est.
2562 2039 2653 2094 hic
2691 2038 3042 2108 obsequium;
3090 2039 3161 2094 ibi
3193 2039 3424 2094 ﬁdeliter
3451 2042 3589 2096 indi-

2001 2145 2210 2195 camus,
2242 2130 2329 2184 hic
2360 2130 2739 2184 miserabiliter
2758 2129 3135 2185 'obsecramus.
3172 2132 3362 2186 Amen.
3397 2132 3591 2203 Signa—

2002 2220 2181 2275 cnlum
2207 2222 2468 2275 orationis
2492 2221 2784 2276 Dominicae
2809 2236 3060 2291 posuere,
3083 2222 3176 2276 ubi
3209 2222 3440 2278 ﬁdeliter
3466 2238 3589 2294 pos-

2004 2326 2188 2365 sumus
2217 2310 2416 2365 dicere.
2451 2310 2710 2381 Sequitur
2734 2325 2749 2365 :

2004 2399 2189 2453 Libera
2210 2418 2323 2466 nos,
2346 2417 2668 2473 qutrsumus,
2684 2401 2928 2473 Domine,
2951 2402 3016 2456 ab
3031 2403 3266 2473 omnibus
3285 2401 3438 2456 malis
3455 2418 3597 2473 pra:-

2353 2471 2538 2533 teritis,
2569 2472 2906 2540 prtesent'ibus
2930 2484 2976 2525 et
3017 2471 3229 2541 futuris.

2073 2559 2262 2614 Omnia
2292 2561 2430 2614 mala
2460 2560 2655 2630 quibus
2682 2577 2778 2615 nos
2801 2577 2831 2615 a
2852 2560 3077 2615 Domino
3106 2563 3337 2631 petimus
3364 2560 3585 2615 liberari

2002 2654 2086 2709 vel
2110 2654 2381 2723 pucterita
2410 2654 2652 2718 sunt,vel
2681 2655 3090 2724 przzesentia,vel
3118 2654 3295 2708 futura
3323 2661 3544 2724 peccata
3573 2671 3588 2707 :

2003 2759 2128 2798 nam
2155 2760 2266 2814 ριέε
2290 2745 2503 2799 caneris
2545 2744 2702 2800 malis
2751 2761 2819 2799 ne
2868 2746 3090 2799 veniant
3140 2745 3192 2799 in
3243 2744 3593 2814 sequentibus

2004 2847 2280 2903 exoratur,
2308 2854 2433 2893 cum
2456 2838 2675 2902 dicitur,
2698 2838 2778 2891 Da
2802 2839 3055 2908 propitius
3084 2853 3264 2907 pacem
3308 2838 3365 2891 in
3407 2837 3590 2893 diebus

2005 2928 2230 2991 nostris;
2256 2929 2397 2982 sicut
2422 2936 2601 2982 autem
2648 2930 2700 2982 in
2738 2927 3027 2998 Evangelio
3057 2927 3328 2992 Salvator,
3350 2927 3449 2993 ait,
3481 2944 3594 2981 om-

2006 3018 2086 3071 nis
2108 3020 2196 3089 qui
2224 3018 2351 3087 facit
2379 3029 2669 3087 peccatum,
2692 3036 2869 3073 servus
2906 3027 2982 3072 est
3017 3018 3237 3088 peccati,
3287 3026 3413 3075 orat
3459 3034 3591 3088 ergo

2006 3109 2260 3163 sacerdos
2287 3116 2368 3173 ut,
2415 3109 2688 3178 praeterita
2725 3108 2879 3179 nobis
2906 3116 3130 3178 peccata
3159 3107 3410 3171 laxando,
3441 3115 3498 3161 et
3524 3107 3591 3161 dc

2008 3198 2364 3270 prtesentibus
2397 3214 2462 3253 ac
2492 3197 2686 3251 futuris
2715 3196 2900 3267 jugcm
2953 3197 3239 3252 tribuendo
3267 3196 3589 3260 custodiam,

2006 3291 2266 3345 Dominus
2293 3304 2388 3342 nos
2413 3304 2443 3341 a
2480 3288 2634 3341 malis
2662 3286 2910 3341 omnibus
2937 3285 3170 3341 liberare
3201 3287 3480 3357 dignetur;
3511 3285 3594 3339 fa~

2006 3384 2214 3439 cientes
2234 3383 2375 3437 enim
2396 3390 2678 3452 peccatum
2731 3395 2916 3436 sumus
2942 3395 3129 3435 omnes
3171 3379 3313 3436 servi
3359 3379 3591 3450 peccati.

2007 3475 2193 3544 Neque
2217 3474 2375 3528 aliter
2409 3472 2711 3541 hujusmodi
2740 3472 2999 3527 servitute
3024 3486 3309 3542 possumus
3331 3469 3550 3525 liberari
3577 3508 3594 3534 ,

2006 3565 2110 3619 nisi
2141 3564 2352 3617 Domini
2399 3562 2770 3618 misericordia
2803 3561 3103 3627 liberante;
3143 3576 3301 3621 nemo
3327 3562 3470 3615 enim
3498 3576 3595 3631 po-

2009 3661 2116 3708 test
2151 3661 2373 3722 pcccata
2397 3652 2667 3706 dimittere
2695 3692 2710 3716 ,
2757 3652 2840 3705 vel
2869 3650 3104 3720 aliquem
3151 3666 3182 3704 a
3241 3650 3594 3719 temptatione

2008 3758 2249 3806 scrvare,
2280 3751 2476 3811 pmter
2513 3742 2686 3797 solum
2712 3742 2902 3807 Deum,
2933 3742 3026 3812 qui
3057 3756 3162 3796 non
3191 3741 3361 3797 solum
3391 3757 3490 3811 per
3510 3757 3592 3808 se,

2007 3850 2196 3891 verum
2222 3835 2386 3888 etiam
2410 3850 2507 3904 per
2534 3834 2804 3902 subjectos
2834 3834 2935 3889 sibi
2962 3833 3193 3889 famulos
3224 3849 3455 3904 quorum
3482 3835 3599 3889 vult

2006 3935 2228 3997 peccata
2259 3926 2516 3991 dimittit;
2557 3926 2754 3995 quibus
2786 3925 2987 3980 dicitur
3013 3925 3069 3979 in
3093 3923 3384 3994 Evangelio
3409 3941 3422 3977 :
3453 3921 3598 3989 Quo-

2009 4034 2124 4072 rum
2178 4018 2476 4071 remiseritis
2505 4028 2735 4087 peccata,
2771 4016 3105 4069 remittuntur
3146 4015 3242 4071 eis.
3290 4015 3593 4071 Notandum

2008 4124 2138 4164 sane
2186 4109 2327 4179 quod
2366 4107 2535 4161 Deum
2580 4122 2739 4177 quem
2795 4107 2850 4159 in
2897 4105 3140 4160 oratione
3178 4105 3457 4159 Dominica
3493 4103 3599 4159 Pa-

2010 4209 2148 4256 trem
2168 4215 2445 4265 vocamus,
2465 4199 2519 4252 in
2550 4207 2735 4252 nostra
2766 4197 3047 4251 Dominum
3075 4194 3436 4264 appellemus;
3467 4195 3595 4263 quia

2008 4292 2259 4346 videlicet
2285 4291 2412 4343 illud
2442 4306 2509 4344 ex
2532 4289 2710 4342 divina
2741 4286 3062 4341 auctoritate
3083 4284 3476 4354 praesumimus,
3494 4283 3597 4338 hoc

2010 4400 2075 4439 es
2104 4382 2285 4435 debito
2324 4388 2523 4434 nostra:
2571 4376 2866 4433 devotionis
2894 4374 3169 4429 offerimus
3199 4391 3212 4426 :
3248 4373 3302 4425 in
3355 4372 3445 4426 illo
3496 4387 3598 4427 nos

2021 4472 2116 4527 Dei
2141 4471 2278 4525 ﬁlios
2305 4469 2501 4540 gratia,
2532 4469 2584 4522 in
2616 4468 2717 4522 hoc
2744 4465 2862 4534 ejus
2891 4464 3132 4519 servulos
3159 4462 3474 4533 proﬁtemur
3502 4477 3597 4515 na-

1947 4530 1998 4590 n
2024 4573 2180 4627 tura;
2235 4562 2322 4617 cui
2354 4570 2530 4615 tamen
2575 4560 2731 4630 digne
2757 4557 2961 4613 servire
2989 4572 3093 4610 non
3120 4568 3438 4625 possumus,
3493 4553 3597 4608 nisi

2018 4656 2167 4725 prius
2194 4654 2432 4724 peccatis
2454 4652 2715 4706 inservire
2744 4664 3052 4705 cessemus:
3082 4647 3160 4701 ait
3187 4646 3332 4701 enim
3348 4643 3600 4700 Salvator

2016 4745 2071 4799 in
2092 4744 2402 4814 Evangelia,
2418 4743 2584 4797 Nemo
2603 4750 2764 4812 potest
2794 4739 2994 4793 duobus
3020 4737 3243 4792 dominis
3269 4736 3477 4790 serrire.
3499 4734 3601 4788 Pe-

2016 4836 2448 4906 timusigitur,ut
2470 4830 2904 4904 Apostoli.verbis
2927 4830 3170 4899 eloquar,
3198 4842 3306 4898 quo
3332 4826 3543 4881 liberati
3567 4841 3601 4880 a

2013 4934 2269 4998 peccato,
2315 4924 2456 4979 servi
2487 4931 2665 4978 autem
2705 4921 2831 4976 facti
2858 4919 2996 4985 Deo,
3042 4917 3338 4973 habeamus
3364 4915 3599 4971 fructum

2021 5027 2265 5072 nostrum
2318 5016 2371 5068 in
2439 5013 2918 5069 sanctiﬁcationem
2951 5050 2967 5075 ,
3021 5011 3182 5064 ﬁnem
3246 5022 3377 5063 vero
3431 5006 3599 5061 vitam

2021 5117 2298 5163 tabernam.
2325 5106 2581 5174 Sequitur
2607 5123 2621 5159 :

2324 5196 2393 5250 Et
2417 5193 2762 5249 intercedente
2783 5192 2931 5246 beata
2969 5188 3194 5259 Virgine,
3223 5196 3330 5242 etc.

2096 5290 2229 5345 Cum
2252 5296 2437 5344 sancta
2466 5285 2703 5340 Ecclesia
2747 5280 3136 5355 persecutionis
3163 5277 3396 5349 procella
3422 5275 3602 5348 pulsa-

2027 5392 2133 5446 tur,
2163 5379 2299 5434 solet
2335 5377 2552 5447 quidem
2600 5375 2652 5429 in
2684 5371 2994 5427 fortioribus
3035 5368 3294 5425 membris
3330 5367 3441 5423 suis
3490 5365 3601 5437 glo-

2024 5469 2318 5526 riosissime
2349 5465 2698 5535 triumphare,
2729 5461 2823 5516 scd
2863 5460 2916 5515 in
2959 5456 3344 5513 inﬁrmioribus
3384 5453 3602 5524 quibus-

2023 5578 2128 5634 que
2168 5560 2375 5614 ruinam
2404 5556 2781 5627 gravissimam
2828 5552 3118 5615 sustinere,
3149 5558 3224 5613 et,
3255 5546 3399 5618 quod
3427 5545 3603 5600 faten-

2025 5633 2148 5708 dum
2176 5659 2278 5713 est,
2310 5661 2502 5719 magna
2534 5646 2584 5700 in
2617 5645 2881 5713 utrisque,
2904 5640 2955 5696 id
2980 5647 3064 5695 cst
3086 5647 3143 5695 et
3167 5633 3617 5710 imbecillioribus
