4046 6172
533 370 672 432 M99

1372 361 1641 420 SJECULI
1679 359 1788 415 Vlll
1824 349 2259 412 MONUMENTA
2297 341 2846 404 ECCLESIASTICA.

3597 344 3699 398 1500

532 501 590 546 et
614 484 1004 544 robustioribus
1047 479 1324 550 dispendia
1349 475 1590 548 perpeti;
1619 487 1742 527 nam
1781 464 2110 540 persecutio-
2135 469 2183 523 Α
2211 477 2297 515 ma
2321 458 2459 530 quod
2481 453 3084 550 prtedicavitlohannes,
3101 449 3277 506 Iesum
3299 469 3332 504 ιι
3358 450 3594 507 Nazareth
3611 473 3706 525 quo-

533 584 620 639 nis
640 583 759 652 igne
779 576 957 633 omnia
1000 571 1303 643 populante,
1337 568 1478 622 sicut
1505 565 1841 618 infirmorum
1871 551 2107 610 nonnulli

536 648 780 740 temptati
807 684 838 722 a
867 665 972 721 ﬁde
990 663 1264 725 recedunt,
1286 668 1342 714 et
1365 657 1463 728 ipsi
1490 661 1777 726 pereuntes
1797 648 1963 704 etiam
1986 658 2109 699 suo-

536 732 662 818 rum
685 759 849 816 corda
876 769 1072 827 pavere
1098 751 1300 805 faciunt
1328 747 1556 802 fratrum
1579 760 1593 808 ;
1624 743 1698 797 ita
1727 748 1783 796 et
1828 732 2109 792 fortissimi

537 853 756 924 quique,
779 851 904 906 licet
931 848 983 901 in
1022 841 1323 912 semetipsis
1360 833 1674 892 admiranda
1715 831 1846 893 Deo,
1875 837 1929 882 et
1951 837 2113 894 ange—

538 918 624 1007 lis,
639 918 694 998 et
713 938 1017 997 hominibus
1042 932 1282 1004 martyrii
1313 930 1395 986 sui
1415 924 1717 998 spectacula
1747 921 2042 992 praebeant,
2059 918 2110 971 in

540 1037 661 1090 aliis
691 1043 867 1089 tamen
917 1029 1031 1083 solo
1069 1023 1314 1094 exemplo
1350 1038 1457 1075 non
1503 1019 1665 1074 etiam
1719 1011 2116 1086 przedicationis

538 1127 704 1184 verbo
730 1123 990 1196 proficere
1027 1126 1266 1189 possunt.
1306 1113 1438 1169 Orat
1463 1127 1592 1182 ergo
1638 1107 1892 1164 sacerdos
1932 1105 1985 1158 in
2031 1103 2117 1158 his

540 1217 739 1278 verbis,
765 1223 826 1267 ut
859 1213 1000 1271 sicut
1025 1205 1398 1280 prosperitatis
1426 1213 1664 1270 tempore
1695 1215 1726 1252 a
1772 1203 2116 1266 peccatorum

543 1321 642 1359 nos
671 1304 808 1356 Deus
835 1300 955 1354 labe
981 1296 1236 1359 defendit,
1268 1295 1340 1347 ita
1367 1293 1530 1347 etiam
1567 1287 1722 1342 nobis
1745 1288 1966 1343 adversa
1997 1296 2122 1351 per-

545 1393 837 1451 secutionis
864 1397 1094 1452 avertat,
1137 1394 1402 1456 quatenus
1441 1398 1539 1436 nec
1571 1378 1767 1434 infirmi
1800 1387 2007 1430 terrore
2035 1372 2120 1426 vel

546 1485 820 1558 suppliciis
845 1481 1082 1552 superati
1111 1494 1141 1532 a
1182 1475 1284 1530 fide
1313 1474 1584 1536 recedant,
1618 1485 1716 1524 nec
1754 1466 1923 1522 fortes
1951 1473 2007 1518 et
2028 1478 2122 1516 va-

547 1577 641 1632 lidi
667 1575 863 1645 quique
893 1588 920 1626 a
951 1566 1345 1641 praedicationis
1376 1573 1432 1618 et
1459 1558 1848 1618 exhortationis
1871 1557 2123 1610 fraternae

548 1666 912 1736 impediantur
943 1660 1161 1716 officio:
1203 1656 1344 1726 quod
1371 1655 1496 1723 quia
1525 1660 1730 1706 certum
1775 1657 1860 1703 est
1909 1655 2128 1701 sanctos

549 1767 671 1829 post
698 1757 820 1809 vitae
867 1751 1026 1822 hujus
1070 1761 1352 1805 excessum
1407 1758 1527 1798 cum
1583 1741 1796 1795 Christo
1847 1746 2127 1792 manentes

551 1828 917 1902 indesinenter
942 1857 1040 1912 pro
1079 1835 1479 1894 remanentihus
1508 1834 1559 1886 in
1586 1833 1688 1886 hoc
1721 1830 1917 1885 mundo
1945 1828 2125 1881 fratri—
2159 1835 2201 1892 Β

551 1937 652 1990 bus
672 1933 994 2004 supplicare,
1018 1929 1152 1999 petit
1169 1922 1413 1980 ut'beatte
1432 1931 1488 1977 et
1503 1921 1746 1994 gloriosa:
1775 1933 1988 1988 semper
2011 1917 2132 1971 Vir-

555 2027 693 2098 ginis
730 2024 824 2077 Dei
853 2020 1142 2077 Genitricis
1164 2016 1342 2070 Maria:
1383 2021 1440 2068 et
1464 2011 1820 2066 maximorum
1865 2006 2133 2077 apostolo-

555 2134 676 2173 rum
705 2112 1182 2171 tntercessionibns
1205 2109 1350 2164 Petri
1380 2115 1436 2162 et
1466 2105 1616 2160 Pauli
1649 2104 1788 2175 apud
1823 2103 1993 2157 Deum
2040 2117 2134 2155 va-

557 2209 665 2263 leat
683 2206 948 2262 obtinere.
979 2201 1234 2272 Sequitur
1259 2216 1272 2252 :

882 2313 948 2369 Ut
971 2328 1063 2384 cpe
1086 2308 1458 2377 misericordiae
1485 2305 1674 2376 adjuti,
1707 2311 1813 2358 etc.

635 2429 770 2485 Ecce
807 2432 1030 2498 propter
1064 2421 1194 2492 quid
1226 2435 1324 2474 nos
1370 2425 1426 2472 et
1449 2416 1518 2470 ab
1561 2413 1811 2470 omnibus
1852 2409 2069 2465 liberari
2105 2424 2136 2462 a

566 2519 795 2575 Domino
844 2514 1001 2570 malis
1026 2554 1041 2578 ,
1083 2520 1136 2567 et
1174 2525 1363 2581 pacem
1409 2507 1526 2564 dari
1573 2502 1902 2574 temporibus
1940 2501 2140 2556 nostris

561 2624 804 2673 oranms,
830 2605 1036 2663 scilicet
1063 2612 1122 2657 ut
1142 2600 1352 2656 liberati
1382 2615 1412 2653 a
1439 2603 1666 2668 peccato
1684 2601 1738 2649 et
1757 2592 1827 2647 ab
1851 2592 1995 2646 omni
2017 2605 2140 2661 per-

566 2698 873 2756 turbatione
893 2693 1068 2750 securi
1097 2691 1321 2746 Domino
1358 2689 1469 2744 Deo
1497 2694 1683 2741 nostro
1709 2693 1825 2740 sine
1850 2683 2042 2738 timore
2085 2681 2140 2734 in

565 2789 852 2847 sanctitate
877 2793 934 2840 et
954 2783 1163 2852 iustitia
1191 2794 1372 2836 coram
1399 2779 1515 2847 ipso
1533 2774 1782 2831 omnibus
1835 2771 2023 2827 diebus
2049 2785 2144 2824 no—

567 2880 697 2936 stris
725 2875 930 2932 servire
955 2873 1242 2944 possimus.
1297 2869 1449 2935 Quod
1483 2865 1608 2936 quia
1636 2878 1734 2918 nec
1763 2863 2009 2932 accipere
2042 2877 2144 2916 nec

569 2969 751 3024 facere
785 2965 888 3019 nisi
917 2978 1014 3034 per
1044 2960 1302 3016 auxilium
1337 2970 1620 3028 possumus
1645 2952 1965 3019 Salvatoris,
1998 2958 2145 3005 recte

568 3058 909 3129 subiungitur
940 3073 953 3109 :

1064 3141 1168 3196 Per
1203 3139 1502 3200 Dominum,
1533 3147 1638 3193 etc.

643 3239 759 3312 Ipse
787 3237 932 3293 enim
954 3233 1208 3288 Dominus
1229 3239 1286 3285 et
1311 3229 1559 3284 Salvator
1579 3235 1780 3292 noster,
1806 3225 1897 3297 qui
1923 3231 2008 3280 est
2026 3237 2150 3279 cum

574 3329 736 3386 Patre
758 3327 811 3381 in
856 3324 1064 3378 unitate
1101 3320 1334 3391 Spiritus
1365 3319 1535 3373 sancti
1574 3332 1679 3371 una
1705 3315 1908 3380 Deitas,
1940 3330 2047 3368 una
2073 3313 2156 3368 vi-

575 3417 735 3474 vendi
759 3412 1061 3485 aequalitas,
1087 3419 1143 3464 et
1167 3407 1476 3463 vivificandi
1516 3413 1755 3478 potestas
1781 3405 1835 3459 in
1863 3402 2154 3474 Evangelia

577 3504 852 3574 discipulis
871 3499 1104 3570 aitzEgo
1131 3514 1248 3552 sum
1267 3498 1405 3560 vitis,
1431 3505 1479 3551 et
1509 3512 1594 3550 vos
1623 3493 1861 3565 palmites
1888 3494 2044 3555 estis;
2064 3491 2154 3562 qui

581 3603 752 3652 manet
781 3594 837 3647 in
863 3607 944 3646 me
967 3601 1016 3645 et
1041 3606 1132 3661 ego
1158 3589 1213 3642 in
1239 3603 1321 3650 eo,
1343 3587 1427 3640 hic
1455 3584 1605 3653 a/fert
1643 3584 1870 3653 fructum
1891 3581 2112 3636 multum
2137 3620 2154 3647 ,

580 3684 704 3757 quia
729 3685 839 3738 sine
862 3698 944 3736 me
965 3679 1095 3736 nihil
1131 3679 1343 3749 potestis
1370 3677 1560 3746 facere.
1609 3675 1675 3730 Et
1701 3674 1860 3745 paulo
1908 3673 2158 3744 superius

584 3776 830 3830 dixerat:
861 3771 1010 3826 Sicut
1038 3769 1236 3840 palmes
1262 3785 1366 3822 non
1395 3775 1558 3836 potest
1595 3765 1730 3834 ferre
1760 3765 1988 3834 fructum
2027 3781 2060 3819 a
2081 3780 2156 3830 se,

586 3865 688 3919 nisi
728 3862 974 3915 manserit
1011 3862 1065 3914 in
1102 3860 1232 3922 vite;
1263 3859 1338 3911 sic
1359 3867 1407 3911 et
1435 3857 1524 3926 qui
1552 3857 1606 3909 in
1633 3872 1714 3909 me
1747 3871 1849 3910 non
1890 3856 2157 3909 manserit.

587 3953 644 4007 Si
671 3965 831 4020 quem
866 3963 995 4002 vero
1020 3948 1158 4002 scire
1189 3946 1420 4001 delectat
1440 3944 1570 4014 quid
1591 3945 1662 3997 sit
1688 3959 1904 3998 manere
1955 3944 2007 3996 in
2053 3959 2120 3998 eo
2143 3983 2159 4007 ,

588 4040 773 4096 audiat
801 4051 974 4108 Ipsum
1017 4037 1284 4090 dicentem
1311 4052 1322 4086 :
1350 4033 1496 4087 Sicut
1560 4032 1707 4084 ilexit
1750 4048 1830 4085 me
1863 4031 2025 4084 Pater
2047 4070 2063 4096 ,
2113 4041 2162 4086 et

588 4149 681 4204 ego
708 4147 794 4185 vos
825 4128 1004 4193 dilexi,
1032 4136 1234 4180 manete
1262 4125 1316 4178 in
1344 4122 1618 4177 dilectione
1660 4139 1807 4186 mea;
1830 4123 1874 4175 si
1909 4133 2166 4194 praecepta

590 4237 704 4276 mea
725 4218 1064 4280 servaveritis,
1087 4214 1358 4268 maneltitis
1384 4213 1437 4265 in
1475 4211 1748 4265 dilectione
1787 4227 1924 4275 mea,
1955 4212 2088 4264 sicut
2120 4221 2167 4265 et

591 4331 685 4385 ego
711 4312 888 4366 Putris
916 4317 1171 4381 praecepta
1207 4304 1442 4368 servavi,
1496 4311 1545 4356 et
1575 4318 1759 4355 maneo
1797 4302 1851 4354 in
1877 4301 1990 4371 ejus
2039 4300 2170 4355 dile-

593 4404 779 4458 ctione.
799 4399 857 4454 Si
883 4399 1004 4470 quis
1029 4397 1194 4452 etiam
1222 4409 1379 4448 nosse
1401 4391 1670 4447 desiderat
1697 4389 1873 4460 qualis
1894 4399 1950 4445 et
1967 4399 2169 4460 quanta

594 4508 701 4548 non
728 4489 1068 4545 manentibus
1096 4487 1149 4540 in
1179 4501 1244 4540 eo
1285 4483 1564 4538 immineat
1596 4497 1777 4552 pinna,
1807 4480 1990 4535 audiat
2027 4481 2171 4552 ejus-

597 4585 719 4640 dem
743 4596 874 4636 voce
901 4579 1215 4650 praedictum
1239 4594 1252 4629 :
1281 4575 1342 4631 Si
1364 4577 1480 4646 quis
1501 4585 1675 4629 autem
1706 4575 1761 4628 in
1784 4591 1864 4629 me
1889 4592 1992 4630 non
2019 4593 2170 4629 man-

597 4673 740 4735 serit,
763 4670 1013 4742 prtecisus
1047 4677 1119 4721 est
1150 4668 1283 4720 sicut
1318 4665 1516 4736 palmes
1541 4706 1556 4730 ,
1594 4674 1643 4718 et
1672 4666 1860 4718 missus
1888 4673 1963 4719 est
2000 4665 2168 4734 foras,

597 4772 647 4818 et
675 4761 854 4829 aruit;
895 4767 945 4814 et
988 4757 1282 4826 colligentes
1310 4772 1396 4809 eos
1438 4756 1493 4808 in
1536 4755 1708 4824 ignem
1737 4755 1969 4819 mittunt,
2015 4764 2065 4808 et
2086 4773 2174 4808 ar-

600 4853 743 4907 dent.
773 4850 894 4905 Iam
918 4863 1048 4903 vero
1082 4847 1226 4918 quod
1252 4847 1318 4901 de
1360 4845 1702 4900 manentibus
1735 4845 1788 4899 in
1819 4860 1885 4899 eo
1908 4845 2021 4914 ipse
2049 4845 2175 4900 sub-

597 4943 775 5015 jungit
798 4941 982 4995 audire
1010 4939 1218 5010 gratius
1245 4946 1409 5007 puto:
1444 4935 1504 4991 Si
1535 4937 1832 4989 manseritis
1866 4937 1919 4989 in
1959 4953 2040 4989 me
2069 4976 2084 5000 ,
2126 4945 2175 4989 et

605 5032 756 5086 verba
779 5046 893 5083 mea
920 5030 975 5082 in
1003 5028 1141 5082 vobis
1164 5027 1447 5080 manserint
1471 5065 1486 5089 ,
1524 5025 1886 5095 quodcumque
1916 5023 2178 5079 volueritis

605 5125 781 5196 petite,
807 5131 853 5175 et
881 5121 970 5190 ﬁet
997 5119 1157 5173 vobis.
1180 5117 1426 5172 Christus
1451 5125 1630 5171 autem
1653 5115 1840 5171 Crtece
1885 5115 2182 5184 Latineque

609 5214 804 5268 dicitur
816 5217 1035 5275 unctus;
1053 5209 1152 5279 ipsi
1174 5211 1316 5262 enim
1330 5206 1597 5274 Propheta
1611 5206 1661 5259 in
1680 5206 1886 5275 psalmo
1901 5207 2180 5261 decantat:

609 5305 851 5362 Dilexisti
865 5303 1130 5375 justitiam
1157 5310 1204 5355 et
1230 5299 1383 5354 odisti
1405 5299 1726 5370 iniquitatem
1752 5315 1769 5363 ;
1790 5307 2060 5369 propterea
2089 5314 2186 5350 un-

609 5399 689 5451 xit
716 5405 764 5450 te
793 5395 954 5459 Deus,
977 5393 1116 5447 Deus
1145 5401 1282 5451 tuus,
1328 5389 1440 5444 oleo
1481 5388 1678 5444 lcrtitia:
1711 5404 1820 5457 prce
1865 5387 2188 5440 consortibus

613 5489 737 5542 tuis.
766 5487 840 5541 De
865 5487 980 5556 ipso
1005 5484 1168 5538 etiam
1210 5496 1450 5536 summus
1491 5477 1853 5550 apostolorum
1896 5476 2090 5531 Petrus
2134 5477 2188 5530 in

614 5573 838 5630 Actibus
862 5572 1223 5643 apostolorum
1249 5569 1316 5623 ad
1345 5567 1652 5623 Cornelium
1691 5574 1748 5620 et
1772 5581 1866 5620 eos
1893 5565 1984 5635 qui
2006 5580 2186 5620 secum

619 5663 844 5718 aderant
868 5661 998 5715 dicit
1021 5678 1034 5711 :
1073 5658 1177 5711 Vos
1205 5659 1345 5711 scitis
1368 5656 1506 5725 quod
1532 5655 1728 5724 factum
1755 5663 1828 5708 est
1863 5654 2069 5708 verbum
2100 5669 2192 5722 per

621 5763 782 5809 totam
807 5751 1081 5812 ludaiam;
1111 5747 1361 5814 incipiens
1389 5747 1524 5798 enim
1546 5762 1578 5798 a
1603 5743 1824 5800 Galila'a
1852 5755 1962 5814 post
1991 5745 2186 5812 baptis-

2206 551 2360 605 modo
2377 549 2527 603 unxit
2549 563 2665 600 eum
2695 545 2835 598 Deus
2847 542 3065 614 -Spiritu
3087 553 3265 596 sancto
3290 552 3336 596 et
3378 543 3574 606 virtute;
3603 549 3709 614 quod

2207 642 2350 696 enim
2379 639 2644 708 Propheta
2674 636 2850 691 oleum
2873 634 3070 688 hetitite
3089 673 3105 698 ,
3154 633 3258 688 hoc
3294 632 3556 704 Apostolus
3585 633 3711 704 Spiri-

2212 743 2323 789 tum
2347 740 2590 788 sanctum
2614 737 2671 784 et
2706 728 2958 782 virtutem
3003 725 3096 780 Dei
3131 725 3377 796 appellat.
3404 723 3603 781 Iehesns
3618 743 3717 784 vero

2210 825 2495 889 llebraiee,
2518 823 2707 876 Latine
2734 820 2985 876 Salvator
3008 818 3410 887 interpretatur,
3434 819 3558 888 quod
3577 829 3719 888 aperte

2213 917 2435 988 angelus
2479 915 2547 970 ad
2575 913 2773 984 Ioseph
2806 913 2860 966 in
2892 911 3098 966 somnis
3142 910 3368 979 loquens
3414 909 3476 964 de
3499 909 3639 964 Maria
3661 920 3718 965 te-

2214 1015 2386 1062 statur
2421 1019 2542 1059 cum
2589 1003 2702 1058 ait:
2739 1001 2915 1055 Pariet
2945 1009 3119 1054 autem
3139 999 3309 1067 ﬁlium
3339 1038 3354 1062 ,
3395 1007 3440 1052 et
3463 999 3635 1054 vocabis
3655 1016 3722 1054 so-

2217 1113 2334 1150 men
2359 1096 2473 1165 ejus
2497 1093 2744 1147 Icltesum
2769 1108 2786 1155 ;
2818 1091 2926 1161 ipse
2959 1089 3098 1143 enim
3125 1089 3327 1143 salvum
3362 1089 3504 1157 faciet
3533 1090 3724 1159 populum

2216 1203 2368 1241 suum
2391 1204 2423 1238 a
2445 1184 2666 1255 peccatis
2695 1198 2895 1235 eorum.
2941 1180 3146 1234 Dehinc
3173 1187 3458 1250 antequam
3491 1181 3726 1236 communi-

2219 1285 2391 1340 ectnr,
2417 1273 2688 1329 exclamat
2705 1271 2978 1336 sacerdos,
3000 1278 3059 1324 et
3084 1269 3216 1324 dicit
3240 1286 3252 1321 :

2531 1407 2644 1461 Pax
2675 1407 2887 1460 Domini
2916 1408 2981 1460 sit
2999 1422 3201 1476 semper
3223 1405 3488 1468 vobiscum.

2294 1521 2436 1577 Nihil
2458 1521 2600 1576 enim
2629 1521 2742 1574 sine
2768 1534 2901 1589 pace
2927 1517 3189 1588 placitum
3218 1517 3326 1572 Deo
3349 1526 3446 1580 est,
3463 1532 3551 1571 nec
3574 1517 3643 1571 ille
3658 1517 3724 1587 qui

2226 1615 2363 1670 dixit
2388 1632 2399 1666 :
2435 1613 2538 1679 Qui
2575 1612 2858 1666 manducat
2889 1626 3099 1663 carnem
3130 1625 3322 1672 meam,
3351 1619 3396 1662 et
3427 1608 3537 1662 bibit
3565 1611 3726 1678 sangui.

2227 1721 2342 1758 nem
2365 1719 2556 1765 meum,
2589 1701 2642 1754 in
2666 1717 2747 1753 me
2776 1707 2948 1752 manet
3000 1708 3048 1752 et
3085 1715 3181 1768 ego
3208 1699 3263 1752 in
3285 1715 3362 1762 eo,
3387 1699 3437 1751 in
3473 1698 3608 1752 corde
3647 1713 3729 1752 ma-

2230 1810 2359 1849 nere
2388 1801 2560 1864 potest
2574 1792 2712 1846 odiis
2740 1809 2801 1846 ac
2827 1790 3255 1846 dissensionibus
3280 1789 3551 1856 maculato;
3574 1806 3655 1843 non
3668 1799 3728 1845 est

2231 1888 2374 1940 enim
2396 1885 2538 1939 Dens
2556 1883 2925 1946 dissensionis,
2951 1883 3044 1937 sed
3065 1882 3234 1952 pacis.
3252 1881 3381 1936 Orat
3405 1896 3522 1951 ergo
3541 1881 3734 1934 sacerdos

2231 1992 2291 2032 ac
2321 1983 2617 2046 praemonet
2637 1981 2695 2027 ut
2721 1990 2826 2043 pax
2859 1973 3068 2027 Domini
3116 1973 3193 2027 sit
3219 1972 3503 2034 nobiscum,
3527 1979 3734 2040 quatenus

2230 2066 2503 2138 perceptio
2525 2064 2855 2119 sacrosancti
2904 2063 3154 2132 corporis
3179 2070 3236 2117 et
3279 2061 3535 2132 sanguinis
3575 2060 3736 2116 Domini

2232 2156 2404 2211 nostri
2429 2154 2626 2210 Jehesu
2651 2153 2854 2208 Christi
2881 2168 2986 2206 non
3011 2152 3076 2206 ad
3114 2161 3325 2206 reatum
3355 2151 3443 2207 sed
3467 2151 3528 2205 ad
3571 2150 3738 2206 solutio-

2233 2262 2359 2301 nem
2403 2245 2556 2300 nobis
2581 2245 2820 2298 omnium
2858 2241 3106 2312 proficiat
3160 2250 3518 2312 peccatorum;
3557 2241 3739 2307 quicum-

2233 2352 2331 2405 que
2365 2336 2507 2388 enim
2549 2331 2936 2386 manducauerit
2982 2347 3174 2400 corpus
3213 2330 3445 2394 Domini,
3473 2336 3524 2383 ut
3556 2328 3617 2382 ait
3636 2327 3740 2396 Apo-

2237 2428 2436 2492 stolus,
2478 2437 2526 2480 et
2550 2425 2761 2479 calicem
2787 2425 2902 2494 ejus
2935 2423 3119 2478 biberit
3169 2425 3393 2494 indigne,
3414 2423 3638 2494 judicium
3671 2421 3740 2474 sibi

2237 2525 2518 2578 manducat
2554 2533 2600 2576 et
2651 2521 2795 2574 bibit.
2842 2519 3076 2574 Rursum
3132 2517 3380 2574 Salvator
3430 2518 3477 2572 in
3519 2515 3741 2584 Evangelio

2239 2618 2318 2671 ait
2345 2635 2357 2670 :
2388 2615 2504 2669 Nisi
2541 2613 2983 2668 manducaveritis
3010 2629 3228 2667 carnem
3252 2611 3376 2665 Filii
3399 2610 3610 2672 hominis,
3628 2617 3663 2660 et
3683 2606 3740 2658 bi-

2241 2707 2419 2761 beritis
2443 2707 2556 2776 ejus
2585 2703 2923 2774 sanguinem,
2965 2718 3069 2755 non
3093 2702 3350 2756 habebitis
3376 2701 3517 2755 vitam
3541 2700 3587 2752 in
3619 2696 3735 2750 vobis.

2241 2797 2410 2869 Igitur
2435 2798 2480 2851 si
2510 2812 2615 2851 non
2644 2793 3160 2849 manducaverimns
3186 2806 3356 2862 neque
3378 2789 3647 2852 biberimus,
3664 2801 3740 2840 non

2243 2888 2562 2944 habebimus
2581 2887 2748 2940 vitam
2775 2886 2829 2940 in
2857 2884 3041 2950 nobis;
3073 2884 3120 2939 si
3165 2893 3339 2940 autem
3367 2883 3554 2954 indigne
3573 2880 3744 2936 mandu-

2244 2979 2550 3034 caverimus
2576 2984 2633 3030 et
2652 2975 2968 3040 biberimus,
2996 2975 3264 3045 judicium
3307 2973 3452 3030 nobis
3474 2967 3744 3027 manducabi-

2246 3084 2368 3124 mus
2395 3079 2451 3126 et
2477 3069 2740 3124 bibemus.
2795 3065 3112 3136 Pnrgandus
3143 3073 3228 3120 est
3274 3065 3442 3134 itaque
3467 3062 3671 3122 animus,
3707 3063 3746 3110 et

2175 3179 2222 3245 ο
2250 3173 2513 3240 quantum
2546 3163 2599 3216 in
2625 3159 2781 3215 nobis
2808 3167 2893 3213 est
2914 3171 3037 3212 cum
3066 3157 3320 3211 omnibus
3357 3171 3453 3225 pax
3475 3151 3747 3211 habenda,nt

2252 3261 2413 3328 digne
2439 3254 2698 3311 sumendo
2725 3265 2920 3320 corpus
2947 3258 3002 3303 et
3028 3251 3347 3317 sanguinem
3364 3245 3566 3308 Domini,
3586 3251 3632 3296 et
3643 3254 3748 3294 mor.

2253 3358 2363 3405 tem
2411 3344 2746 3415 etjudicium
2767 3340 3088 3404 evadamus,
3141 3348 3198 3394 et
3216 3340 3376 3392 vitam
3425 3352 3484 3391 ac
3520 3331 3745 3388 remedium

2251 3458 2351 3514 per
2379 3453 2566 3495 eorum
2615 3434 3012 3507 perceptionem
3053 3434 3305 3502 accipere
3337 3441 3613 3486 mereamur.
3636 3421 3748 3488 Quo-1

2255 3541 2436 3588 autem
2459 3531 2601 3584 inter
2623 3525 3137 3583 communicandum
3181 3540 3212 3578 a
3237 3522 3521 3579 cantoribus
3540 3515 3746 3573 exclama-

2257 3631 2378 3678 tur:

2258 3734 2438 3803 Agnus
2467 3731 2562 3786 Dei
2603 3730 2692 3801 qui
2735 3727 2876 3782 tollis
2905 3736 3117 3798 peccata
3166 3723 3365 3788 mundi,
3389 3723 3598 3776 miserere
3625 3713 3748 3774 nolit.

2259 3851 2482 3916 prapter
2514 3840 2640 3895 illud
2679 3839 2758 3902 lit,
2800 3846 2862 3892 ut
2901 3835 3196 3906 impleatur
3220 3836 3271 3890 in
3299 3833 3442 3890 nobis
3465 3830 3586 3902 quod
3609 3828 3749 3883 beatos

2262 3933 2533 3990 Iohannes
2557 3927 2828 4000 apostolus
2872 3926 2948 3980 ait
2979 3944 2992 3979 :
3028 3925 3088 3980 Si
3112 3925 3397 3980 dixerimus
3421 3923 3531 3994 quia
3548 3926 3749 3990 peccatus:

2266 4040 2372 4078 non
2393 4021 2661 4083 habemus,
2700 4033 2792 4071 nos
2828 4017 2965 4086 ipsos
2989 4016 3309 4080 seducimus,
3334 4026 3379 4069 et
3407 4013 3571 4067 veritas
3587 4011 3630 4062 in
3651 4005 3753 4059 nobis

2267 4131 2372 4170 non
2399 4123 2507 4167 est:
2535 4110 2672 4182 quod
2697 4109 2742 4163 si
2781 4108 3094 4176 confiteatur
3119 4117 3330 4178 peccata
3359 4115 3538 4167 nostra,
3560 4098 3694 4172 ﬁdelis
3720 4103 3754 4146 ct

2260 4207 2445 4276 justus
2471 4210 2638 4267 est,ut
2661 4200 2884 4254 remittat
2915 4199 3060 4252 nobis
3087 4209 3299 4268 peccata
3328 4206 3509 4258 nostra,
3534 4185 3754 4246 elevanda

2251 4313 2365 4352 ~nos
2386 4294 2451 4348 ab
2480 4293 2620 4346 omni
2648 4289 2930 4359 injustitia.
2962 4287 3244 4355 Quomodo
3284 4296 3453 4341 autem
3475 4283 3521 4338 id
3547 4280 3639 4342 fiat,
3655 4277 3755 4330 idem

2273 4386 2387 4458 ipse
2407 4382 2674 4455 apostolus
2704 4379 2862 4450 paulo
2890 4379 3136 4448 superius
3165 4379 3241 4432 sic
3279 4374 3533 4431 ostendit:
3561 4369 3612 4424 Si
3641 4369 3682 4420 in
3700 4363 3757 4415 lu-

2273 4479 2413 4531 mine
2437 4473 2784 4532 ambulamus,
2822 4471 2953 4523 sicut
2977 4470 3084 4538 ipse
3109 4478 3182 4522 est
3213 4470 3267 4521 in
3312 4465 3512 4528 lumine,
3537 4459 3758 4516 societatem

2272 4565 2518 4620 habemus
2543 4561 2612 4614 ad
2633 4560 2869 4624 invicem,
2892 4569 2938 4612 et
2963 4559 3179 4628 sanguis
3202 4557 3387 4610 Jehesu
3409 4553 3502 4622 ﬁlii
3516 4551 3612 4620 ejus
3626 4557 3758 4598 msu-

2275 4655 2364 4708 dat
2393 4669 2484 4706 nos
2507 4651 2570 4704 ab
2592 4649 2731 4702 omni
2754 4657 2985 4718 peccato.
3013 4646 3253 4715 Itemque
3279 4645 3330 4698 in
3358 4636 3659 4710 sequentibus
3675 4630 3759 4684 ait:

2276 4741 2458 4797 Filioli
2484 4741 2604 4803 mei,
2627 4740 2738 4793 haec
2764 4737 2932 4792 scribo
2963 4737 3122 4801 vobis,
3143 4747 3198 4788 ut
3229 4751 3330 4788 nor
3349 4730 3581 4803 peccetis:
3603 4720 3710 4794 quod
3730 4717 3760 4768 εί

2276 4834 2391 4902 quis
2418 4829 2723 4902 peccaverit,
2745 4827 3125 4896 deprecatorem
3149 4825 3391 4878 habemus
3409 4820 3472 4874 ad
3508 4816 3681 4870 Patren
3701 4806 3762 4860 lt-

2279 4926 2459 4978 hesum
2496 4921 2759 4976 Christum
2774 4919 3002 4989 justum,
3028 4927 3075 4972 et
3115 4919 3222 4988 ipse
3249 4914 3471 4970 exoratio
3495 4917 3560 4963 est
3587 4920 3662 4975 pro
3684 4912 3764 4968 ρετ-

2280 5016 2408 5069 catis
2435 5013 2657 5073 nostris;
2683 5026 2786 5063 non
2811 5019 2985 5062 autem
3017 5024 3110 5078 pro
3135 5007 3323 5060 nostris
3345 4993 3682 5062 tantumnedtl
3700 4999 3764 5056 Ρη

2283 5119 2389 5164 toto
2410 5106 2625 5160 mundo.
2646 5103 2703 5158 In
2726 5102 2921 5172 quibus
2946 5100 3124 5156 verbis
3145 5099 3276 5153 satis
3296 5099 3506 5166 apparet
3522 5090 3766 5172 quamcon-

2285 5206 2575 5266 seqnenter
2595 5194 2660 5249 de
2682 5169 2910 5247 Domino
2930 5199 2986 5245 et
3011 5189 3287 5245 Salvatore
3311 5191 3481 5239 nostro
3501 5169 3766 5266 beatissiltllls

2286 5255 2527 5358 Baptista
2550 5283 2821 5338 Iohannes
2847 5290 3082 5336 testatur
3101 5280 3153 5334 in
3169 5274 3448 5345 Evangelio
3466 5270 3624 5324 dicens
3644 5279 3654 5312 :

2290 5346 2457 5447 agnus
2490 5374 2604 5437 Dei,
2626 5374 2714 5443 qui
2737 5370 2872 5425 tollit
2915 5379 3123 5440 peccata
3151 5365 3369 5420 mundi:
3399 5361 3463 5415 de
3498 5346 3766 5447 ipso

2289 5439 2346 5524 et
2384 5467 2548 5521 Isaias
2577 5439 2836 5535 puopbeta
2869 5439 2980 5515 ait:
3023 5459 3286 5529 Tanquam
3311 5454 3411 5508 oris
3446 5449 3508 5503 ad

2290 5557 2549 5610 adductus
2577 5530 2696 5613 est.
2728 5562 2774 5605 et
2798 5553 2931 5606 sicut
2958 5565 3122 5620 agnus
3160 5561 3332 5600 coram
3379 5538 3594 5595 tondent!

2292 5666 2431 5712 voce,
2459 5649 2534 5702 sic
2561 5663 2661 5700 non
2686 5643 2886 5714 aperuit
2911 5659 2968 5695 os
2990 5615 3140 5695 suum
3162 5653 3181 5702 ;
3205 5638 3258 5690 in
3287 5628 3555 5687 humilitate
3567 5615 3768 5714 ιαίάξς

2291 5687 3255 5806 3;:’.:;z;:.;;.:;;."a.;.;..;.;,;;s..'
3289 5727 3405 5795 post
3431 5717 3532 5771 hac
3557 5687 3676 5762 dcto
3709 5687 3767 5744 τά
