4046 6172
338 381 470 438 1501

1099 379 1356 445 PlPPlNI,
1390 371 1881 435 CAROLOMANNI
1915 370 2004 426 ET
2039 368 2351 426 ALlORUlI
2386 363 2801 422 DIPLOMATA.

3453 357 3591 414 130i

334 496 551 569 populo,
572 499 746 552 oratio
776 510 843 551 ex
865 509 1013 550 more
1040 492 1330 564 colligitur,
1349 498 1404 546 et
1430 505 1463 546 a
1488 488 1715 545 diacono
1733 483 1901 556 proti-
1928 488 1976 547 Α
2002 480 2237 536 nondum
2266 476 2567 569 regenerati
2601 480 2916 569 noscuntur.
2959 469 3166 569 Quibus
3192 467 3503 569 ccclestibus
3530 482 3594 525 ac

338 604 440 645 nus
466 588 801 645 exclamatur
830 628 844 641 .

930 697 1034 763 Ite,
1063 696 1222 751 missa
1249 704 1346 749 est.

412 828 572 890 Missa
600 837 780 885 autem
806 829 1022 900 proprie
1051 837 1290 898 tempore
1312 823 1562 881 sacriﬁcii
1588 831 1674 879 est
1697 822 1916 893 quando

342 924 651 978 caticnmini
681 922 827 979 foras
850 923 1156 987 mittuntur,
1187 920 1452 975 clamante
1472 919 1632 974 levita
1664 936 1676 971 :
1710 916 1768 972 Si
1799 917 1922 988 quis

347 1013 609 1069 remansit
648 1012 1025 1077 caticuminus,
1060 1020 1220 1066 exeat
1257 1009 1434 1076 foras;
1476 1018 1533 1065 et
1554 1009 1679 1063 inde
1723 1011 1923 1078 missa,

346 1103 471 1173 quia
500 1104 853 1158 sacramentis
880 1104 1067 1158 altaris
1109 1104 1369 1157 interesse
1414 1117 1521 1156 non
1553 1112 1779 1173 possunt
1830 1104 1924 1173 qui

2015 581 2176 636 super
2194 566 2375 620 omnia
2396 562 2722 623 salutaribus
2744 558 3122 624 sacramentis,
3151 567 3212 613 ut
3247 572 3347 612 nos
3366 555 3457 626 qui
3480 555 3596 627 jam

2018 657 2111 711 Dei
2148 656 2321 728 gratia
2345 670 2412 709 ex
2439 670 2578 724 aqua
2599 661 2652 708 et
2666 650 2873 723 Spiritu
2899 657 3087 704 sancto
3109 661 3294 702 sumus
3323 644 3494 700 renati
3519 644 3600 700 di-

2020 760 2122 817 gne
2147 744 2406 798 interesse
2430 742 2720 813 possimus,
2752 739 2865 809 ipse
2895 736 2989 808 qui
3029 736 3143 791 haec
3172 734 3228 789 in
3270 747 3426 789 suam
3453 747 3601 787 com-

2021 833 2465 891 memorationem
2502 829 2764 885 celebrari
2808 827 3086 899 praecepit,
3118 832 3374 895 praestare
3421 823 3605 894 digne-

2022 933 2142 991 tur,
2166 923 2252 978 cui
2279 930 2365 978 est
2383 937 2505 977 cum
2533 921 2695 975 Patre
2715 920 2769 973 in
2798 917 3007 972 unitate
3034 913 3267 985 Spiritus
3297 912 3466 967 sancti
3492 911 3606 982 glo-

2025 1017 2107 1071 ria
2137 1025 2194 1070 et
2213 1016 2409 1080 honor,
2432 1014 2607 1067 virtus
2627 1019 2683 1066 et
2705 1017 2950 1082 potestas
2973 1008 3027 1062 in
3044 1004 3238 1062 saecula
3264 1002 3602 1058 seculorum.

2029 1104 2221 1159 Amen.

717 1404 1344 1564 PIPPIN
1347 1405 1419 1555 Ι
1553 1405 1801 1556 ΕΤ
1915 1409 1960 1556 (

2051 1400 3276 1561 AROLOMANNI

1628 1666 2057 1727 FRANCORUM
2094 1670 2339 1727 REGUM

1516 1828 2432 1939 DIPLOMATA

560 2019 877 2083 NECNON
915 2017 1432 2093 QUORUMDAM
1493 2019 1736 2082 INTER
1789 2021 2362 2086 ILLUSTBIOBES
2416 2024 2780 2089 FRANCOS
2820 2027 2924 2087 ET
2980 2025 3416 2091 GERMANOS

1062 2176 1444 2255 SIECULI
1495 2176 1694 2255 VIII
1752 2176 2412 2258 MONUMENTA
2465 2179 2939 2260 SELECTA.

1136 2426 1179 2482 l.

722 2539 1217 2600 CAROLOMANNI
1259 2537 1595 2594 PRINCIPIS

787 2654 1225 2713 CAPITULARE
1257 2655 1371 2711 AN.
1414 2655 1538 2710 742.

678 2770 865 2833 (Pertz,
887 2767 1202 2817 Monumenta
1224 2766 1518 2826 Germaniae,
1544 2765 1666 2828 etc.)

417 2854 669 2939 .Codices.
688 2865 917 2939 quorum
940 2864 1043 2920 ope
1071 2849 1509 2905 constitutionem
1536 2849 1678 2904 hanc
1696 2862 1955 2919 recogno-

377 2926 571 2984 vimus.
612 2925 668 2978 hi
699 2930 852 2976 sunt:

449 2996 502 3049 1.
541 2992 602 3049 C.
634 2991 763 3048 bibl.
797 2989 1070 3048 Vaticana:
1119 2986 1396 3044 Palatinus
1438 3005 1494 3043 ιι.
1526 2988 1649 3054 577,
1686 3002 1811 3043 smc.
1855 3004 1951 3043 vm

377 3064 625 3121 exeuntis
650 3061 735 3117 vel
781 3060 907 3116 noui
941 3059 1205 3126 ineuntis;
1245 3059 1389 3114 unde
1413 3066 1471 3113 et
1504 3059 1816 3114 Holstenins
1842 3059 1955 3131 pri»

381 3142 503 3191 dem
532 3134 793 3189 ediderat.

448 3203 604 3280 2_._.(_3.
635 3202 774 3280 bibl.
803 3198 965 3280 regia:
994 3198 1510 3280 _Mon.acensis_.olim
1530 3198 1953 3280 Rhymmus.)

378 3273 451 3329 cl.
479 3272 817 3328 Witrdtwein
862 3269 915 3323 in
944 3269 1166 3339 edendis
1214 3269 1385 3324 sancti
1412 3269 1674 3324 Bonifacii
1715 3269 1957 3339 epistolis

383 3343 676 3405 adhibitus,
703 3340 882 3396 saeculi
908 3356 986 3405 ix,
1021 3338 1175 3408 cujus
1214 3340 1335 3395 loca
1366 3340 1571 3410 aliquot
1595 3354 1626 3393 a
1653 3339 1716 3395 V.
1743 3338 1811 3393 cl.
1835 3338 1958 3395 Pio-

385 3413 569 3467 rinaer
608 3412 803 3466 iterum
829 3410 1022 3465 collata
1042 3419 1186 3465 sunt.

495 3474 511 3534 ζ
547 3476 609 3537 C.
778 3480 1085 3562 .imperi‘alis
1109 3477 1537 3562 Vindobonensis
1564 3477 1710 3562 inter:
1731 3474 1958 3562 Thecla:

384 3552 614 3634 gicosp.
644 3550 751 3605 259
776 3545 1079 3634 insignitus,
1111 3549 1292 3605 saeculi
1319 3564 1399 3613 ιχ,
1443 3560 1550 3615 quo
1577 3554 1636 3600 et
1679 3545 1960 3600 Serrarius

386 3622 440 3675 in
465 3622 697 3675 editione
727 3635 825 3673 sua
848 3634 979 3672 usus
1002 3628 1103 3672 est.

456 3689 511 3742 4.
552 3689 613 3743 C.
649 3688 778 3742 bibl.
820 3688 1007 3740 aulico
1063 3685 1441 3739 Carlsruhanze
1490 3683 1720 3738 membr.
1777 3681 1960 3738 saaculi

387 3774 446 3823 x,
489 3773 543 3811 a.
574 3756 733 3812 ψει.
782 3755 846 3810 F.
878 3754 1066 3810 Molter
1113 3755 1454 3810 bibliotheca:
1507 3753 1650 3809 illius
1706 3752 1962 3824 prail'ecto

387 3827 770 3952 coth‘Cﬁobibl.
822 3909 882 3949 re
920 3894 983 3948 ire
1031 3891 1365 3948 Monacensis
1405 3893 1530 3947 olim
1578 3891 1958 3964 Frisingensis,

390 3968 632 4018 simtatus
652 3966 714 4018 C.
743 3964 805 4018 F.
835 3910 927 4018 εξ.
959 3962 1137 4017 saeculi
1161 3978 1216 4018 x.
1247 3977 1277 4016 a
1305 3961 1604 4017 Boehmero
1628 3971 1815 4017 nostro
1839 3975 1958 4017 cum

390 3964 805 4050 signatus‘C.‘F.
835 3961 927 4030 25,
959 3962 1137 4017 saeculi
1161 3978 1216 4027 x,
1247 3977 1277 4016 a
1305 3961 1604 4017 Boehmero
1628 3961 1815 4017 nostro
1839 3975 1964 4017 eum

391 4035 551 4093 editis
577 4035 822 4090 collatus.
1326 4078 1341 4098 ,

463 4106 514 4159 6.
557 4105 617 4160 C.
668 4105 775 4159 divi
822 4102 984 4158 Marci
1025 4101 1285 4164 Venetiis,
1332 4102 1673 4165 chartaceus,
1719 4116 1842 4157 saec.
1870 4118 1963 4167 xv,

393 4189 734 4256 qucm__aeque
778 4189 844 4229 ac
895 4172 1111 4228 codices
1142 4172 1167 4225 l
1195 4179 1251 4226 et
1274 4171 1328 4237 5,
1370 4172 1599 4242 ipsemet
1643 4186 1766 4226 cum
1806 4172 1966 4227 editis

394 4244 691 4370 magica
714 4312 802 4368 isti
818 4309 1175 4380 antiquissimi
1189 4324 1312 4364 cum
1332 4309 1571 4365 unanimi
1593 4309 1734 4365 inter
1759 4323 1819 4365 se
1839 4325 1968 4365 con-

394 4401 555 4442 sensu
583 4385 650 4438 ab
673 4382 997 4438 editionibus
1015 4381 1347 4450 discrepent,
1380 4381 1480 4437 bas
1521 4380 1764 4450 adhibito
1800 4380 1970 4438 Bene-

2045 2426 2207 2481 modo
2229 2426 2317 2483 lex
2362 2428 2456 2483 Dei
2480 2437 2536 2485 et
2562 2429 2961 2486 aecclesiastica
3002 2429 3202 2502 relegio
3244 2440 3620 2501 recuperetur,

2047 2531 2185 2585 quae
2232 2516 2287 2571 in
2317 2517 2507 2573 diebus
2536 2520 2954 2588 praeteritorum
3003 2519 3309 2590 principum
3362 2519 3621 2591 dissipata

2047 2605 2275 2670 corruit,
2311 2614 2369 2661 et
2406 2608 2639 2677 qualiter
2663 2608 2892 2678 populus
2918 2608 3245 2664 christianus
3277 2609 3345 2664 ad
3391 2609 3621 2665 salutem

2047 2697 2262 2752 animae
2295 2700 2579 2768 pervenire
2603 2700 2794 2771 possit,
2822 2708 2880 2756 et
2895 2716 2995 2772 per
3014 2698 3176 2757 falsos
3202 2701 3513 2757 sacerdotes
3530 2702 3625 2757 de-

2046 2796 2235 2858 ceptus
2261 2803 2367 2843 non
2394 2797 2610 2859 pereat;
2648 2798 2704 2844 et
2726 2805 2826 2861 per
2851 2790 3135 2846 consilium
3180 2790 3523 2846 sacerdotum
3568 2798 3627 2846 et

2046 2879 2365 2948 optimatum
2386 2894 2633 2935 meorum
2652 2881 3020 2938 ordinavimus
3039 2897 3139 2953 per
3160 2883 3409 2939 civitates
3420 2884 3627 2954 episco-

2046 2985 2168 3041 pos,
2189 2979 2245 3026 et
2268 2971 2645 3027 constituimus
2664 2987 2828 3043 super
2853 2986 2948 3029 eos
2977 2973 3442 3045 archiepiscopum
3468 2973 3628 3028 Boni-

2050 3063 2264 3131 fatium,
2303 3066 2396 3136 qui
2434 3073 2519 3122 cst
2546 3065 2743 3120 missus
2763 3067 2934 3120 sancti
2964 3065 3133 3120 Petri.
3204 3066 3504 3121 Statuimus
3532 3080 3629 3136 per

1981 3135 2028 3200 (ἶ
2059 3172 2230 3213 annos
2252 3158 2488 3229 singulos
2512 3157 2773 3229 synodum
2801 3171 3155 3227 congregare,
3193 3165 3255 3211 ut
3281 3158 3438 3212 nobis
3473 3135 3628 3228 prae-

2057 3249 2299 3306 sentibus
2318 3263 2583 3303 canonum
2611 3248 2829 3302 decreta
2860 3257 2916 3300 et
2941 3246 3235 3301 aecclesiae
3276 3247 3394 3302 iura
3423 3256 3629 3303 restau-

2057 3346 2266 3403 rentur,
2303 3344 2360 3391 et
2386 3336 2584 3406 relegio
2608 3335 2900 3390 christiana
2928 3336 3261 3391 emendetur.
3310 3336 3379 3391 Et
3415 3335 3629 3392 frauda-

2060 3435 2143 3503 tas
2168 3425 2424 3497 pecunias
2445 3425 2796 3480 ecclesiarum
2818 3424 3063 3481 ecclesiis
3082 3425 3420 3482 restituimus
3430 3436 3486 3482 et
3511 3427 3631 3483 red-

2058 3517 2311 3573 didimus.
2351 3515 2539 3571 Falsos
2557 3515 2888 3586 presbiteros
2930 3524 2986 3569 et
3006 3514 3277 3571 adulteros
3295 3516 3377 3572 vel
3403 3516 3631 3573 fornica-

2061 3616 2206 3662 tores
2257 3607 2512 3662 diaconos
2539 3615 2595 3663 et
2641 3606 2869 3661 clericos
2914 3606 2981 3660 de
3006 3605 3248 3676 pecuniis
3284 3605 3632 3662 ecclesiarum

2060 3699 2376 3755 abstulimus
2402 3707 2459 3754 et
2475 3698 2907 3771 degradavimus,
2937 3706 2993 3754 et
3020 3698 3087 3753 ad
3106 3698 3492 3769 paenitentiam
3512 3713 3631 3754 coe-

2060 3791 2260 3863 gimus.
2389 3798 2395 3803 '

2130 3883 2184 3937 2.
2227 3882 2380 3939 Servi
2403 3884 2499 3939 Dei
2537 3900 2637 3955 per
2668 3884 2849 3940 omnia
2868 3885 3118 3941 omnibus
3142 3893 3473 3940 armaturam
3509 3899 3634 3957 por-

2064 3985 2181 4029 tare
2202 3974 2288 4030 vel
2336 3991 2594 4048 pugnare,
2637 3984 2728 4031 aut
2776 3976 2830 4030 in
2858 3978 3187 4033 excercitum
3232 3985 3291 4033 et
3332 3977 3386 4032 in
3429 3978 3635 4033 hostem

2061 4081 2310 4138 pergere,
2332 4069 2551 4123 omnino
2575 4069 2972 4140 prohibuimus,
3020 4070 3124 4125 nisi
3154 4068 3227 4123 illi
3267 4069 3637 4127 tantummodo

2064 4157 2155 4227 qui
2181 4165 2401 4228 prepter
2444 4158 2685 4214 divinum
2731 4161 3070 4231 mysterium,
3116 4162 3405 4217 missarum
3434 4163 3635 4217 scilicet

2064 4250 2323 4305 solemnia
2347 4250 2692 4321 adinplenda,
2745 4260 2801 4306 et
2828 4261 3135 4307 sanctorum
3163 4254 3462 4323 patrocinia
3514 4269 3638 4325 por-

2068 4343 2251 4407 tanda,
2300 4341 2367 4396 ad
2413 4342 2515 4396 hoc
2550 4341 2706 4397 electi
2736 4351 2878 4397 sunt.
2938 4342 2996 4396 Id
3025 4351 3131 4408 est,
3180 4358 3346 4397 unum
3392 4343 3477 4397 vel
3505 4344 3639 4398 duos

394 4431 1678 4521 aisa‘iéaa‘eaﬁass“raa'ae‘éaguagvaia;
1688 4431 1960 4521 Capi-tuin

2068 4433 2349 4504 episcopos
2366 4447 2491 4487 cum
2511 4431 2801 4503 capellanis
2824 4431 3172 4502 praesbiteris
3190 4433 3441 4505 princeps
3454 4448 3637 4488 secum

395 4496 1970 4595 ch'h'i'ciuﬁé'iBEJgiiiéﬁ',"'«iﬁgieﬁfﬁu’:
1995 4496 2048 4559 Ῑ)
2070 4496 2288 4589 habeat,
2336 4531 2393 4577 et
2426 4496 2793 4592 unusqmsque
2824 4496 3145 4592 praefectus
3182 4496 3347 4578 unum
3376 4496 3641 4595 presbite-

397 4594 515 4649 zius
539 4609 570 4647 a
593 4592 880 4648 Sirmondo
907 4598 1214 4660 acceperat,
1242 4589 1577 4645 retinendam
1605 4590 1754 4645 duxi.

465 4708 523 4761 ln
550 4708 765 4762 nomine
803 4706 1003 4761 domini
1046 4705 1217 4761 nostri
1246 4705 1365 4760 lesu
1406 4704 1626 4759 Christi.
1658 4704 1770 4774 Ego
1819 4702 1970 4759 Carl-

396 4815 648 4862 mannus,
670 4798 778 4852 dux
804 4805 860 4851 et
884 4798 1134 4867 princeps
1161 4795 1514 4859 Francorum,
1540 4811 1681 4850 anno
1703 4796 1772 4849 ab
1795 4795 1972 4849 incar-

401 4888 615 4943 natione
668 4886 867 4940 Christi
916 4885 1427 4957 septimgentissimo
1454 4884 1544 4939 42°
1571 4925 1587 4949 ,
1637 4901 1673 4939 η
1705 4884 1973 4942 Kalendas

400 4978 591 5042 Maias,
612 4991 732 5031 cum
746 4976 969 5030 consilio
989 4990 1268 5031 servorum
1286 4975 1379 5028 Dei
1400 4983 1456 5029 et
1477 4974 1796 5045 Optimatum
1827 4991 1973 5030 meos-

403 5082 544 5131 rum,
572 5065 851 5135 episcopos
877 5065 967 5133 qui
990 5064 1042 5117 in
1068 5078 1234 5133 regno
1260 5078 1380 5117 meo
1401 5071 1671 5119 suntcum
1710 5062 1973 5133 presbite-

399 5154 495 5218 ris,
540 5161 597 5208 et
646 5152 933 5208 concilium
982 5161 1039 5207 et
1076 5151 1340 5222 synodum
1385 5167 1485 5222 pro
1523 5153 1717 5208 timore
1769 5153 1972 5209 Christi

396 5240 742 5312 congregavi,
788 5239 842 5295 id
885 5248 969 5295 est
1008 5238 1331 5294 Bonifatium
1380 5241 1869 5312 archiepiscopum,
1918 5252 1975 5300 et

397 5341 425 5370 ι
456 5329 851 5401 Burghardum,
875 5337 932 5383 et
951 5329 978 5369 δ
1002 5327 1409 5400 Regenfridum,
1435 5337 1490 5384 et
1512 5341 1534 5369 ο
1559 5329 1889 5397 Hwitanum,
1919 5341 1976 5387 et

396 5417 423 5459 δ
441 5415 851 5478 Vuillabaldum,
866 5425 924 5472 et
938 5417 1238 5483 Dodanum,
1255 5426 1313 5473 et
1330 5430 1355 5457 θ
1372 5418 1674 5485 Eddanum,
1687 5435 1809 5474 cum
1824 5436 1974 5490 pres-

397 5507 587 5564 biteris
639 5522 849 5573 eorum,
892 5517 952 5563 ut
1000 5507 1132 5563 mihi
1177 5508 1458 5564 consilium
1508 5508 1804 5575 dedissent,
1842 5526 1974 5580 quo-

469 5638 494 5664 ι
537 5623 1074 5694 Wirtziburgensem.

472 5695 498 5735 ι’
536 5692 930 5748 Coloniensein.

474 5777 493 5802 ε
532 5762 1019 5834 Buraburgensem.

2068 4630 2212 4679 rum,
2237 4614 2329 4685 qui
2353 4613 2663 4668 hominibus
2681 4622 2901 4684 peccata
2928 4612 3310 4669 conﬁtentibus
3331 4615 3566 4670 iudicare
3585 4620 3642 4669 et

2069 4704 2308 4760 indicare
2333 4704 2719 4775 poenitentiam
2755 4704 2982 4775 possint.
3041 4703 3261 4761 Necnon
3307 4714 3364 4762 et
3405 4706 3524 4762 illas
3548 4721 3641 4761 ve-

2068 4798 2317 4854 nationes
2339 4805 2396 4853 et
2414 4797 2688 4854 silvaticas
2710 4798 3022 4870 vagationes
3048 4815 3170 4855 cum
3194 4800 3421 4856 canibus
3465 4800 3641 4856 omni-

2069 4889 2171 4946 bus
2189 4890 2359 4945 servis
2388 4889 2481 4944 Dei
2511 4888 2907 4955 interdiximus.
2959 4889 3221 4948 Similiter
3240 4900 3301 4947 ut
3328 4886 3643 4963 acceptores

2070 4985 2127 5033 et
2152 4978 2419 5033 waleones
2444 4993 2548 5033 non
2580 4979 2833 5034 habeant.

2140 5068 2194 5123 5.
2233 5067 2581 5124 Decrevimus
2619 5084 2833 5140 quoque
2873 5070 3021 5125 iuxta
3047 5068 3356 5128 sanctorum
3384 5088 3640 5141 canones,

2073 5167 2134 5213 ut
2160 5159 2528 5229 unusquisque
2554 5161 2823 5230 presbiter
2844 5161 2897 5216 in
2929 5162 3216 5217 barrochia
3252 5162 3503 5218 habitans
3528 5162 3642 5233 epi-

2074 5262 2237 5319 scopo
2263 5248 2538 5305 subiectus
2559 5250 2633 5305 sit
2658 5250 2730 5305 illi
2752 5251 2806 5305 in
2833 5251 2988 5307 cuius
3013 5250 3298 5308 barrocbia
3321 5252 3559 5318 habitet;
3588 5258 3645 5307 et

2074 5352 2288 5409 semper
2316 5338 2372 5393 in
2393 5339 2819 5411 quadragissima
2846 5340 3111 5396 rationem
3138 5348 3196 5397 et
3218 5341 3462 5397 ordinem
3485 5341 3643 5397 mini-

2072 5429 2225 5485 sterii
2254 5427 2362 5492 sui,
2391 5427 2505 5483 sive
2544 5428 2612 5483 de
2649 5429 2935 5495 babtismo,
2970 5430 3085 5485 sive
3104 5429 3172 5486 de
3211 5429 3317 5487 ﬁde
3355 5430 3642 5498 catholica,

2074 5519 2188 5577 sive
2209 5518 2277 5573 de
2303 5517 2620 5589 precibuset
2635 5519 2825 5575 ordine
2850 5520 3156 5589 missarum,
3181 5523 3432 5594 episcopo
3454 5522 3647 5580 reddat

2144 5628 2171 5668 ἀ
2212 5628 2655 5684 Eiehstetensem.

2152 5709 2175 5738 ε
2214 5698 2746 5771 Argentoratensem.
