4046 6172
383 337 407 391 Ι
416 337 519 393 505

1152 329 1412 393 PlPPlNl,
1452 326 1945 385 CAROLOMANNI
1985 326 2071 381 ET
2106 323 2418 383 .KLIORUM
2459 322 2866 379 DIPLOMATA.

3481 319 3619 375 1506

376 454 557 508 facere
600 449 982 506 decrevimus:
1015 446 1157 516 quod
1212 447 1285 499 ita
1312 446 1366 499 in
1406 445 1498 498 Dei
1527 445 1742 498 nomine
1785 451 1842 497 ct
1870 440 1945 495 fe-
1975 447 2020 501 Α
2048 439 2367 493 Adlabertus
2410 453 2507 507 per
2534 436 2815 507 parrochia
2857 434 3220 504 plantaverat,
3267 447 3457 488 omnes
3499 433 3622 503 igne

375 558 570 599 01111118.

447 632 503 685 ln
560 631 810 701 primitus
852 626 1235 683 constituimus
1288 626 1391 680 fide
1451 623 1739 687 catholica,
1787 636 1949 691 quam

373 721 768 776 constituerunt
812 718 914 774 518
953 719 1189 789 episcopi
1226 719 1279 772 in
1319 719 1556 772 Nieaeno
1599 716 1849 781 concilio,
1893 724 1953 769 ut

374 811 786 865 denuntiaretur
822 824 920 879 per
948 809 1200 864 universa
1237 810 1453 879 regione
1481 816 1686 866 nostra,
1716 814 1770 861 et
1816 805 1951 859 iudi-

373 901 486 955 cias
528 902 816 956 canonicas
843 901 1073 955 aliorum
1119 909 1451 963 sanctorum,
1484 912 1623 968 quae
1660 901 1952 951 constitue-

375 998 504 1043 runt
525 990 579 1044 in
598 991 815 1060 synodis
829 992 962 1055 suis;
988 992 1257 1059 quomodo
1286 982 1367 1045 leit
1400 991 1490 1044 Dei
1511 999 1565 1044 et
1586 989 1951 1044 ecclesiastica

376 1077 557 1147 regula
587 1087 958 1147 recuperetur,
988 1094 1124 1147 quae
1154 1080 1210 1133 in
1245 1079 1435 1133 diebus
1466 1079 1706 1149 priorum
1751 1077 1952 1148 princi-

374 1179 498 1235 pum
527 1168 785 1237 dissipatu
806 1169 1034 1223 corruit.

441 1272 495 1327 2.
526 1273 817 1344 Propterea
849 1291 947 1330 nos
975 1291 1081 1329 una
1108 1292 1231 1331 cum
1256 1291 1521 1331 consensu
1550 1276 1946 1345 episcoporum,

372 1364 485 1418 sive
532 1365 873 1419 sacerdotum
927 1379 1019 1420 seu
1066 1381 1345 1420 servorum
1396 1366 1490 1420 Dei
1539 1374 1593 1419 et
1632 1366 1949 1435 cptimatum

372 1470 617 1511 meorum
662 1456 887 1510 consilio
919 1457 1280 1520 decrevimus,
1312 1466 1371 1509 ut
1408 1457 1561 1510 annis
1603 1455 1825 1524 singulis
1864 1468 1952 1524 sy-

373 1544 513 1598 nodo
542 1559 803 1599 renovare
847 1544 1158 1607 debeamus,
1184 1554 1242 1599 ut
1277 1545 1508 1613 qualiter
1544 1544 1769 1614 populus
1808 1544 1952 1598 chri-

372 1633 582 1688 stianus
608 1634 673 1687 ad
702 1634 929 1689 salutem
958 1635 1259 1688 animarum
1291 1636 1574 1704 pervenire
1598 1633 1786 1703 possit,
1813 1639 1867 1687 et
1892 1641 1951 1685 ut

371 1723 612 1777 haeresis
638 1723 869 1793 amplius
898 1724 950 1777 in
980 1724 1176 1795 populo
1204 1739 1310 1778 non
1340 1732 1605 1793 resurgat,
1636 1723 1774 1775 sicut
1802 1721 1951 1774 inve-

375 1812 552 1867 nimus
591 1812 646 1866 in
690 1813 985 1868 Adlaberto
1014 1815 1302 1877 haeresim,
1328 1829 1486 1882 quem
1517 1812 1801 1882 publiciter
1843 1826 1946 1863 una
1978 1810 2023 1869 Β

369 1902 1031 1976 vocqcondemnaveruut
1053 1901 1126 1956 23
1155 1902 1426 1973 episcopi;
1461 1911 1515 1955 et
1545 1902 1633 1955 alii
1667 1899 1819 1954 multi
1866 1914 1953 1953 sa-

366 1992 629 2057 cerdotis,
657 2007 780 2047 cum
822 2008 1084 2048 consensu
1112 1994 1369 2063 principis
1406 2002 1462 2047 et
1489 1991 1691 2062 pepuli,
1724 1991 1795 2043 ita
1827 2005 1956 2043 con-

371 2079 767 2136 demnaverunt
796 2083 968 2152 ipsum
994 2082 1361 2146 Adlabertum,
1389 2092 1449 2136 ut
1475 2083 1703 2152 amplius
1731 2082 1956 2152 populus

368 2185 469 2241 per
497 2171 663 2227 falsus
690 2175 1000 2229 sacerdotes
1026 2175 1283 2244 deceptus
1310 2189 1412 2227 non
1443 2182 1648 2243 pereat.

442 2285 496 2340 '5.
527 2285 731 2340 Idcirco
759 2285 1136 2340 constituimus
1162 2301 1260 2355 per
1281 2284 1507 2340 consilio
1534 2284 1875 2339 sacerdotum
1902 2291 1957 2337 et

369 2376 687 2446 optimatum
720 2391 982 2441 meorum,
1007 2385 1063 2431 et
1088 2375 1457 2430 ordinavimus
1489 2392 1584 2447 per
1612 2376 1859 2431 civitates
1883 2375 1957 2427 le-

368 2468 586 2538 gitimos
612 2469 921 2538 episcopos;
942 2467 1144 2521 idcirco
1166 2467 1555 2522 conslituenms
1574 2482 1735 2536 super
1756 2482 1848 2520 cos
1869 2480 1957 2517 ar-

370 2558 745 2629 chiepiscopus
769 2571 793 2599 α
817 2558 948 2612 Abel
970 2567 1024 2613 ct
1044 2558 1071 2597 ι’
1091 2557 1473 2622 Ardobcrtnm,
1502 2566 1561 2611 ut
1582 2557 1647 2610 ad
1680 2557 1845 2626 ipsius
1873 2554 1955 2608 vel

373 2648 564 2701 iudicia
596 2662 783 2701 eorum
814 2648 879 2702 de
911 2663 1069 2702 omne
1104 2648 1422 2701 necessitate
1464 2646 1831 2700 ecclesiastica
1874 2661 1956 2697 re-

366 2747 596 2793 currant
634 2747 740 2790 tam
770 2737 1004 2807 episcopi
1051 2753 1210 2806 quam
1249 2737 1382 2790 alius
1412 2736 1657 2805 populus.
1701 2734 1771 2789 Ut
1823 2733 1956 2787 ordo

373 2831 754 2884 monachorum
800 2830 881 2883 vel
932 2830 1245 2884 ancillarum
1290 2830 1385 2884 Dci
1431 2831 1724 2886 secundum
1776 2830 1952 2898 regula

372 2929 559 2975 sancta
592 2919 811 2976 stabiles
836 2929 1213 2989 permaneant;
1245 2929 1298 2973 ct
1329 2920 1393 2973 dc
1439 2919 1598 2973 rebus
1631 2920 1956 2974 ecclesiasti-

365 3011 450 3066 cis
475 3010 792 3066 subtmditis
815 3010 1062 3064 monachi
1100 3010 1184 3063 vel
1216 3010 1439 3063 ancillas
1466 3009 1560 3063 Dei
1588 3008 1951 3073 consolentur,

375 3117 545 3172 usque
588 3104 652 3156 ad
695 3101 905 3156 illorum
956 3101 1260 3155 necessitati
1317 3099 1680 3164 satisfaciant;
1723 3107 1777 3154 ct
1811 3100 1954 3169 quod

371 3191 727 3261 superaverit,
759 3206 953 3245 census
983 3189 1206 3245 levetur.
1233 3190 1299 3246 Et
1324 3190 1505 3244 abbati
1536 3190 1759 3260 legitimi
1784 3199 1955 3245 ostcm
1986 3167 2032 3231 ο

370 3297 476 3335 non
523 3280 741 3344 faciant,
783 3281 882 3335 nisi
924 3288 1132 3335 tantum
1170 3281 1401 3335 hominis
1439 3297 1629 3335 eorum
1677 3281 1951 3335 transmit-

373 3381 506 3426 tant.
536 3372 597 3425 l‘lt
622 3385 811 3426 «mines
842 3371 1023 3426 clerici
1064 3372 1470 3427 fornicationem
1513 3387 1616 3426 non
1650 3370 1868 3432 faciant,
1904 3375 1957 3421 et

367 3459 522 3515 abitu
554 3461 808 3516 laicorum
834 3477 938 3517 non
968 3471 1205 3532 portent,
1236 3478 1336 3517 nec
1362 3462 1502 3531 apud
1533 3461 1684 3515 canis
1719 3458 1960 3512 venatio—

374 3566 471 3606 nes
500 3567 603 3607 non
636 3551 857 3616 faciant,
886 3567 984 3605 nec
1005 3560 1319 3620 acceptorcs
1344 3567 1448 3604 non
1474 3557 1712 3619 portant.

439 3665 494 3718 4.
526 3663 789 3719 Similiter
810 3665 1170 3728 decrevimus,
1202 3672 1260 3717 ut
1296 3664 1419 3719 laici
1461 3664 1709 3719 homines
1736 3662 1960 3734 legitimi

371 3753 574 3817 vivant,
598 3762 655 3807 et
694 3753 924 3808 diversis
955 3751 1324 3807 fornicationis
1364 3769 1467 3807 non
1506 3754 1726 3817 faciant,
1757 3760 1813 3807 et
1838 3768 1960 3822 pcr-

369 3841 541 3897 iurias
562 3842 613 3894 in
649 3840 876 3897 ecclesia
901 3857 1003 3895 non
1028 3842 1388 3907 consentiant,
1415 3852 1471 3897 et
1492 3841 1607 3897 falsi
1640 3840 1961 3896 testimoniis

372 3948 477 3988 non
504 3933 705 3998 dicant,
730 3942 786 3987 et
804 3934 1088 3989 ecclesiam
1110 3933 1205 3989 Dei
1235 3935 1451 3989 inomni
1482 3935 1803 3990 necessitate
1832 3950 1961 3989 eon-

371 4031 605 4079 scrt'eut.
636 4024 703 4080 Et
731 4024 1097 4095 tumsquisque
1134 4026 1417 4095 presbyter
1453 4025 1544 4095 qui
1581 4025 1636 4079 in
1674 4024 1960 4094 parrochia

375 4121 481 4178 est,
511 4113 765 4184 episcopo
795 4113 1049 4168 obcdiens
1074 4122 1131 4169 et
1154 4114 1428 4169 subiectus
1461 4114 1551 4179 sit,
1578 4122 1635 4168 et
1661 4128 1875 4183 semper
1905 4113 1959 4168 in

378 4216 548 4258 coena
605 4203 815 4258 Domini
855 4204 1117 4259 rationem
1144 4212 1201 4260 et
1251 4204 1497 4260 ordinem
1541 4204 1827 4260 ministerii
1876 4205 1958 4260 sui

373 4293 626 4364 episcopo
660 4293 865 4360 reddat,
894 4303 950 4349 ct
981 4295 1181 4351 crisma
1205 4304 1261 4351 et
1293 4294 1414 4351 oleo
1442 4304 1612 4366 petat.
1649 4296 1717 4350 Et
1743 4296 1959 4366 quando

375 4385 492 4441 iure
515 4387 775 4443 canonico
802 4386 1087 4457 episcopus
1114 4388 1411 4444 circumeat
1436 4390 1721 4459 parrochia
1750 4390 1815 4444 ad
1840 4405 1959 4446 con-

376 4474 698 4528 firmandum
732 4474 986 4544 populum
1015 4475 1248 4546 episcopi
1289 4475 1402 4530 sive
1440 4476 1616 4531 abbati
1660 4477 1773 4532 sive
1809 4493 1959 4547 pres-

376 4561 546 4633 bylcri
567 4541 757 4635 parata
781 4541 890 4619 sint
918 4564 987 4618 ad
1017 4541 1414 4636 suscipiendum
1443 4566 1695 4636 episcopo
1725 4566 1777 4621 in
1807 4541 1960 4622 adiu-
1989 4541 2039 4603 θ

378 4655 572 4709 torium
598 4657 957 4713 necessitatis.

445 4764 497 4819 5.
529 4766 598 4820 Et
637 4775 959 4834 statuemus,
987 4777 1040 4822 ut
1080 4750 1522 4840 supervenientes
1560 4769 1842 4839 episc0pus
1874 4768 1958 4823 vel

375 4856 707 4928 presbyteris
750 4858 817 4913 de
857 4861 975 4916 aliis
1005 4863 1309 4932 regionibus
1350 4879 1455 4917 non
1501 4863 1863 4933 suscipiantur
1904 4863 1959 4917 in

376 4948 676 5003 ministerio
726 4950 1015 5017 ecclesiae,
1055 4954 1157 5007 nisi
1203 4954 1354 5024 prius
1400 4953 1601 5008 fuerint
1646 4952 1856 5024 probati
1892 4953 1960 5008 ab

374 5038 629 5109 episcopo
655 5040 809 5095 cuius
834 5044 1122 5111 parrochia
1148 5053 1253 5099 est.

448 5147 502 5204 6.
533 5148 601 5203 Et
626 5150 846 5205 omnino
875 5152 1234 5220 decrevimus,
1263 5163 1324 5209 ut
1360 5158 1726 5228 unusquisque
1753 5159 1961 5229 episco-

375 5250 477 5306 pus
518 5236 572 5291 in
609 5252 704 5292 sua
749 5241 1033 5308 parrochia
1070 5242 1483 5299 sollicitudinem
1522 5246 1741 5311 habeat,
1772 5256 1832 5302 ut
1864 5265 1963 5320 po-

376 5325 534 5396 pulus
575 5327 903 5382 christianus
930 5344 1169 5399 paganus
1204 5348 1309 5387 non
1341 5332 1491 5388 fiant.
1535 5335 1601 5389 Et
1637 5351 1734 5405 per
1772 5352 1961 5395 omnes

375 5413 608 5468 civitatis
640 5414 913 5486 legitimus
941 5418 1093 5473 forus
1124 5430 1179 5475 et
1220 5437 1504 5478 mensuras
1538 5422 1721 5493 faciat,
1766 5442 1958 5482 secun-

375 5502 502 5561 dum
530 5504 893 5562 habundantia
922 5512 1201 5582 temporis.

446 5592 498 5648 7.
532 5592 792 5651 Similiter
814 5600 1227 5668 constituemus,
1256 5610 1316 5659 ut
1345 5602 1465 5660 illas
1491 5604 1791 5661 cruciculas
1823 5621 1962 5676 quas

446 5735 473 5768 ι
502 5724 886 5784 ιὶιιθιιιοιιεέιιι.

2052 536 2455 583 consumantur.

2119 618 2171 672 8.
2204 617 2462 671 Similiter
2494 616 2746 679 diximus,
2779 623 2841 668 ut
2875 628 3047 682 neque
3076 611 3303 667 clericus
3339 609 3621 664 mulierem

2051 709 2248 765 habeat
2277 710 2331 763 in
2365 709 2525 763 domo
2561 722 2679 772 sua,
2711 707 2801 775 qui
2831 721 2953 760 cum
2985 704 3076 758 illo
3112 703 3338 769 habitet,
3367 702 3468 756 nisi
3510 716 3623 756 ma-

2052 809 2212 865 trem,
2236 808 2327 853 aut
2354 813 2618 863 sororem,
2643 798 2727 852 vel
2755 805 2915 866 nepta
2946 811 3063 851 sua.
3102 806 3105 809 ‘

2121 892 2174 946 9.
2208 890 2467 945 Similiter
2505 888 2915 951 constituemus,
2951 893 3014 939 ut
3051 883 3230 942 nullus
3254 883 3427 937 laicus
3460 883 3622 937 homo

2051 980 2162 1035 Deo
2202 960 2414 1033 sacrata
2444 977 2643 1031 femina
2678 978 2744 1030 ad
2783 976 3065 1030 mulierem
3110 989 3216 1027 non
3258 972 3484 1037 habeat,
3525 988 3623 1027 nec

2050 1083 2203 1124 suam
2249 1076 2558 1138 parentem;
2594 1081 2695 1120 nec
2736 1065 2933 1119 marito
2976 1063 3247 1117 viventem
3288 1073 3385 1116 sua
3430 1061 3625 1117 mulier

2051 1160 2185 1213 alius
2211 1174 2318 1211 non
2344 1158 2594 1227 accipiat,
2616 1171 2715 1211 nec
2740 1154 2935 1213 mulier
2960 1153 3175 1207 vivente
3202 1168 3300 1207 suo
3318 1152 3436 1206 viro
3464 1151 3626 1205 alium

2050 1249 2309 1316 accipiat;
2337 1247 2462 1315 quia
2492 1246 2722 1300 maritus
2747 1244 2970 1298 muliere
2999 1258 3096 1297 sua
3125 1259 3231 1296 non
3263 1242 3425 1296 debet
3447 1241 3627 1296 dimit-

2053 1346 2188 1402 tere,
2210 1346 2435 1407 excepto
2454 1353 2616 1391 causa
2640 1336 3009 1391 fornicationis
3031 1335 3384 1404 deprehensa.

2124 1427 2209 1481 i0.
2245 1425 2303 1480 Si
2330 1427 2451 1497 quis
2482 1435 2670 1481 contra
2709 1427 2846 1480 hanc
2878 1426 3173 1489 decretam,
3205 1439 3367 1492 quam
3406 1423 3477 1477 25
3515 1423 3627 1493 cpi-

2050 1517 2196 1586 scapi
2228 1532 2348 1570 cum
2379 1516 2499 1571 aliis
2525 1515 2892 1570 sacerdotibus
2920 1514 3005 1568 vel
3036 1516 3207 1569 servis
3235 1514 3349 1577 Dei,
3379 1529 3483 1568 una
3504 1529 3627 1567 cum

2051 1620 2315 1659 consensu
2337 1606 2632 1675 principem
2655 1604 2878 1673 Pippino
2900 1604 2983 1657 vel
3005 1603 3355 1657 obtimatibus
3394 1602 3628 1658 Franco—

2051 1711 2170 1749 rum
2199 1696 2423 1749 cousilio
2468 1695 2895 1757 constituerunt,
2936 1694 3297 1764 transgrcdire
3334 1694 3419 1747 Vel
3458 1694 3627 1765 legem

2052 1786 2353 1855 irrumpere
2391 1784 2675 1847 voluerint,
2706 1783 2789 1836 vel
2836 1783 3201 1851 dispexerint,
3248 1783 3516 1837 iudicatus
3561 1784 3631 1837 sit

2053 1872 2122 1928 ab
2156 1874 2272 1944 ipso
2307 1874 2570 1944 principe,
2601 1872 2687 1927 vel
2720 1873 2985 1944 episcopis
3026 1888 3117 1926 seu
3150 1872 3455 1936 comitibus,
3483 1888 3630 1927 com-

2054 1974 2220 2035 ponat
2266 1965 2557 2019 secundum
2596 1964 2737 2034 quod
2775 1965 2827 2017 in
2876 1963 2989 2033 lege
3029 1964 3289 2033 scriptum
3334 1972 3438 2028 est,
3465 1979 3629 2017 unus-

2054 2057 2281 2127 quisque
2325 2057 2472 2110 iuxta
2501 2056 2687 2110 ordine
2732 2069 2847 2109 suo.
2876 2054 2942 2107 Et
2969 2054 3012 2107 si
3060 2054 3196 2107 haec
3239 2054 3419 2108 omnia
3449 2052 3635 2108 obser-

2052 2149 2318 2212 vavimus,
2358 2149 2498 2219 quod
2547 2149 2793 2218 superius
2838 2147 3099 2217 scriptum
3143 2155 3253 2213 est,
3295 2147 3493 2202 Christi
3535 2148 3634 2202 mi-

2055 2239 2348 2293 sericordia
2388 2238 2629 2293 invenire
2679 2247 2926 2308 aptemus
2972 2239 3024 2291 in
3072 2237 3255 2291 secula
3303 2239 3627 2293 seculorum.

2054 2326 2247 2381 Amen.

2125 2420 2165 2489 -ι-
2204 2418 2425 2490 Signum
2451 2418 2676 2474 inluster
2707 2419 2792 2473 vir
2817 2418 3063 2490 Pippino,
3096 2420 3358 2475 maiorum
3389 2419 3594 2474 domus.

2126 2511 2166 2579 -ἶ-
2206 2509 2428 2580 Signum
2454 2509 2760 2564 Radobodo.

2126 2604 2167 2672 ᾧ
2206 2601 2427 2673 Signum
2456 2602 2726 2656 Aribcrto.

2127 2696 2169 2765 ’ξ’
2207 2694 2432 2765 Signum
2460 2693 2826 2765 llelmigaudo.

2802 2824 2893 2879 IV.

2626 2934 2868 2989 PIPPINI
2895 2934 3097 2990 REGIS

2234 3044 2668 3102 CAPITULARE
2695 3045 3182 3123 YERMERIENSE
3202 3047 3313 3103 AN.
3337 3048 3459 3106 755.

2132 3160 2364 3213 ’l'extum
2405 3159 2802 3214 constitutionis
2838 3174 2870 3212 a
2905 3159 3192 3214 Sirmondo
3228 3170 3285 3215 et
3326 3160 3543 3218 Baluzio
3569 3177 3636 3216 ex

2062 3229 2247 3285 codice
2275 3230 2445 3283 sancti
2486 3228 2753 3299 Vincentii
2783 3228 3036 3283 Metensis
3069 3230 3245 3295 edite,
3278 3238 3437 3299 atque
3462 3247 3493 3284 a
3524 3231 3640 3285 Sir-

2060 3299 2259 3354 mondo
2284 3299 2575 3368 secundum
2608 3298 2938 3368 Reginonem
2964 3301 3246 3353 conventui
3280 3298 3639 3356 Vermeriensi

2062 3368 2368 3439 vindicatae,
2422 3367 2623 3439 auxilio
2666 3367 2866 3439 cedicis
2901 3369 2923 3421 l
2959 3368 3089 3439 regii
3134 3368 3454 3425 Parisiensis
3497 3370 3639 3427 inter

2065 3437 2446 3509 Supplementa
2490 3436 2678 3509 Latina
2709 3453 2763 3509 n_.
2788 3436 3130 3509 7~5_insignis,
3172 3439 3350 3494 s'cculi
3391 3456 3447 3506 Χ,
3489 3455 3641 3495 reco-

2062 3507 2363 3580 gnovimus.
2396 3506 2589 3580 Exstat
2612 3506 3088 3580 V.icl._Pforinger
3131 3509 3401 3580 indicante
3436 3521 3493 3565 et
3517 3509 3553 3564 2
3583 3512 3637 3564 in

2063 3576 2250 3659 codice
2289 3576 2535 3659 Ansegisi
2583 3579 2730 3659 regio
2776 3576 3259 3659 Monacensi__olim
3304 3580 3636 3659 Augustam.

2063 3593 2250 3633 conice
2289 3593 2535 3703 ansegim
2583 3593 2730 3659 regio
2776 3593 3105 3657 monacensr
3130 3593 3259 3633 onm
3304 3593 3636 3705 augistano.

2063 3645 2397 3702 Conventum
2474 3662 2856 3703 ermcriensem
2882 3664 3022 3703 anno
3042 3650 3165 3712 755,
3190 3664 3289 3705 nec
3316 3658 3376 3703 ut
3418 3650 3640 3705 ‘irmon-

2063 3717 2163 3789 dus
2191 3716 2517 3789 etBaluzius
2543 3718 2877 3789 scripserunt
2906 3720 3184 3784 anteriori,
3208 3735 3315 3789 quo
3341 3719 3642 3777 Suessioni-

2062 3785 2163 3841 bus
2195 3784 2478 3858 Pippinum
2515 3784 2933 3858 regefnfactum
2971 3805 3091 3845 esse
3137 3784 3369 3854 constat,
3400 3789 3640 3845 celebra-

2063 3866 2175 3928 tum
2218 3855 2407 3928 fuisse,
2446 3855 2660 3928 chartis,
2705 3856 2914 3928 Pippini
2957 3875 3047 3914 an.
3085 3859 3188 3915 755
3224 3875 3412 3915 mense
3451 3860 3642 3915 Martio

2063 3925 2356 3982 Vermeria:
2379 3927 2520 3984 datis
2546 3925 2784 3997 probari
2796 3925 3026 3983 videtur.

2135 4037 2187 4090 l.
2205 4036 2261 4092 In
2289 4038 2449 4094 tertio
2472 4039 2755 4109 genuclum
2780 4050 3120 4114 separantur,
3137 4050 3194 4096 et
3219 4050 3341 4113 post
3367 4042 3645 4114 poeniten-

2063 4126 2196 4182 tiam
2222 4138 2420 4194 actam,
2457 4130 2501 4185 si
2540 4131 2615 4185 ita
2651 4132 2942 4198 voluerint,
2974 4133 3247 4188 licentiam
3284 4133 3490 4188 habent
3527 4131 3645 4186 aliis

2061 4232 2121 4273 se
2148 4219 2493 4290 coniungere.
2524 4220 2582 4275 In
2618 4232 2809 4291 quarta
2847 4233 3026 4278 autem
3064 4223 3439 4278 coniunctione
3470 4224 3515 4277 si
3562 4223 3642 4276 in-

2061 4312 2206 4365 venti
2237 4311 2467 4377 fuerint,
2497 4329 2593 4369 eos
2621 4331 2727 4370 non
2765 4332 3097 4385 separamus,
3135 4315 3227 4370 sed
3255 4316 3642 4385 pocnitentiam

2061 4403 2141 4457 eis
2169 4403 2491 4459 indicamus.
2523 4403 2775 4462 Attamen
2820 4408 2865 4462 si
2907 4406 3107 4462 factum
3154 4420 3259 4460 non
3311 4405 3494 4471 fuerit,
3525 4404 3644 4461 nul-

2062 4494 2171 4549 iam
2200 4493 2514 4550 facultatem
2542 4498 2900 4569 coniungendi
2949 4498 3004 4553 in
3065 4504 3257 4568 quarta
3297 4499 3643 4569 generatione

2063 4585 2275 4640 (ianuis.

2130 4695 2186 4751 2.
2216 4694 2273 4750 Si
2304 4695 2498 4767 aliquis
2524 4712 2649 4752 cum
2677 4696 2901 4755 filiastra
2931 4715 3027 4757 sua
3056 4708 3256 4767 manet,
3283 4716 3382 4757 nec
3410 4709 3642 4756 matrem

2060 4801 2163 4841 nec
2190 4788 2354 4842 ﬁliam
2383 4788 2550 4859 ipsius
2572 4798 2749 4861 potest
2769 4791 2991 4858 habere,
3023 4807 3122 4847 nec
3153 4792 3241 4847 ille
3274 4808 3373 4849 nec
3403 4792 3491 4848 illa
3525 4792 3646 4848 aliis

2064 4892 2123 4933 se
2148 4886 2403 4947 poterunt
2429 4880 2757 4953 coniungere
2787 4882 2895 4937 ullo
2933 4900 3169 4954 unquam
3206 4893 3464 4954 tempore.
3493 4884 3646 4938 Atta-

2053 4983 2190 5023 ‘meu
2237 4986 2378 5024 uxor
2404 4971 2543 5038 eius,
2586 4973 2630 5028 si
2661 4973 2735 5028 ita
2765 4974 3014 5041 voluerit,
3059 4975 3103 5031 si
3143 4990 3201 5031 se
3226 4976 3502 5031 continere
3539 4991 3646 5031 non

2062 5069 2263 5131 potest,
2301 5062 2558 5133 sipostea
2589 5079 2749 5134 quam
2790 5067 3040 5137 cognovit
3076 5067 3218 5137 quod
3259 5081 3380 5121 cum
3413 5065 3519 5120 filia
3549 5081 3645 5121 sua

2062 5151 2147 5204 vir
2183 5152 2301 5206 eius
2331 5151 2433 5207 fuit
2461 5153 2515 5207 in
2547 5153 2833 5220 adulterio,
2861 5155 3076 5210 carnale
3104 5156 3487 5211 commercium
3520 5171 3644 5211 cum

2061 5253 2130 5294 eo
2154 5255 2261 5294 non
2288 5241 2473 5309 habet,
2501 5243 2603 5299 nisi
2644 5243 2919 5300 voluntate
2950 5261 3008 5301 se
3047 5245 3300 5312 abstinet,
3332 5255 3507 5318 potest
3542 5246 3646 5302 alio

2063 5328 2288 5385 nubere.

2137 5420 2190 5475 5.
2225 5419 2282 5475 Si
2308 5421 2431 5492 quis
2461 5421 2745 5493 presbyter
2769 5435 2983 5496 neptam
3012 5443 3168 5482 suam
3196 5443 3419 5484 uxorem
3444 5428 3646 5483 habue-

2066 5513 2159 5575 rit,
2192 5512 2362 5582 ipsam
2391 5513 2646 5580 dimittat,
2682 5524 2738 5570 et
2780 5518 3003 5586 gradum
3034 5520 3244 5588 perdat.
3276 5519 3333 5575 Si
3363 5520 3499 5574 alius
3523 5531 3645 5573 eam

2068 5604 2361 5673 acceperit,
2391 5612 2448 5658 et
2483 5604 2653 5676 ipsam
2681 5620 2712 5661 a
2753 5622 2810 5663 sc
2835 5608 3039 5663 reiciat.
3071 5608 3129 5665 Si
3157 5625 3215 5665 sc
3238 5610 3513 5666 continere
3538 5621 3646 5665 non

2148 5732 2176 5774 δ
2202 5732 2587 5795 Senoncnscm.
