4046 6172
510 326 646 380 I507

1527 316 1796 374 δΑΞσυω
1837 315 1945 371 VIII
1983 311 2413 370 MONUMENTA
2458 308 2788 366 SELECTA.

3623 310 3756 366 I508

507 451 703 514 potest,
727 441 886 497 aliam
906 438 1160 508 accipiat;
1189 437 1314 506 quia
1343 433 1763 504 rcprehensibile
1783 441 1886 496 est,
1911 441 1970 486 ut
1997 446 2080 484 re—
2108 437 2155 490 Α
2182 435 2380 496 potest,
2421 425 2580 480 aliam
2623 440 2850 481 uxorem
2893 439 3016 479 cum
3069 423 3398 494 poenitentia
3425 435 3602 495 potest
3628 434 3760 484 acci-

507 534 689 591 lictam
717 533 1012 587 sacerdotis
1037 529 1172 582 alius
1191 529 1351 582 homo
1372 525 1588 580 habeat.

576 628 630 680 4.
663 626 733 681 Ut
767 623 1005 693 quolibet
1042 621 1201 675 modo
1240 620 1438 674 femina
1479 619 1656 673 velum
1699 615 1986 686 acceperit,
2027 616 2082 669 in

505 719 610 774 hoc
632 723 966 786 permaneat,
995 712 1096 765 nisi
1124 727 1182 766 se
1216 711 1439 764 invitam
1467 717 1559 763 aut
1582 707 1964 762 reclamantem
1991 721 2084 759 ve-

503 809 700 865 laverit
748 806 957 876 aliquis.
1000 805 1200 858 Tamen
1248 801 1666 872 praedicandum
1713 807 1817 864 est,
1860 805 1920 851 ut
1958 811 2081 851 cum

509 897 626 952 velo
659 912 756 952 suo
798 903 1129 966 permaneat,
1171 892 1217 946 si
1257 890 1505 946 voluerit.
1535 888 1757 967 Quodsi
1801 886 2082 958 presbyter

506 1004 629 1044 eam
683 987 907 1042 invitam
963 984 1452 1051 reclamantemque
1506 979 1794 1042 velaverit,
1853 977 2080 1048 gradum

508 1095 662 1134 suum
687 1093 785 1148 pro
816 1079 919 1132 hac
941 1091 1104 1131 causa
1144 1073 1354 1144 perdat.
1390 1070 1542 1138 Quod
1579 1070 1623 1125 si
1667 1068 1982 1138 contigerit,
2022 1073 2083 1120 ut

507 1168 704 1223 mulier
749 1167 865 1222 sine
891 1163 1262 1220 convenientia
1288 1159 1394 1214 viri
1442 1161 1522 1214 sui
1551 1175 1610 1214 se
1646 1158 1828 1212 velare
1857 1171 2081 1226 praesu—

509 1267 648 1323 mat,
682 1259 736 1311 in
772 1264 1040 1327 potestate
1067 1252 1168 1307 viri
1203 1252 1320 1306 eius
1355 1249 1487 1315 erit,
1517 1256 1611 1303 aut
1636 1249 1689 1302 in
1737 1248 1839 1301 hoc
1868 1260 2081 1316 perma-

509 1357 652 1412 neat,
679 1356 770 1401 aut
797 1362 922 1402 non.

576 1458 628 1512 5.
663 1456 723 1512 Si
753 1473 856 1527 qua
887 1455 1079 1509 mulier
1103 1460 1329 1507 mortem
1360 1450 1462 1504 viri
1490 1448 1570 1502 sui
1606 1463 1728 1502 cum
1758 1447 1876 1500 aliis
1904 1445 2082 1500 homi-

507 1550 665 1604 nibus
706 1548 1022 1613 consiliavit,
1050 1555 1106 1601 et
1139 1545 1251 1616 ipse
1275 1544 1361 1598 vir
1388 1543 1555 1615 ipsius
1590 1541 1860 1598 hominem
1892 1555 1950 1594 se
1988 1539 2083 1593 de-

507 1628 772 1698 fendendo
810 1642 1088 1718 occiderit,
1119 1649 1175 1695 et
1213 1641 1317 1694 hoc
1357 1638 1587 1707 probare
1627 1643 1822 1706 potest,
1867 1633 1952 1686 ille
1997 1633 2082 1686 vir

507 1742 686 1805 potest
726 1733 896 1804 ipsam
925 1747 1151 1786 uxorem
1175 1731 1467 1792 dimittere,
1489 1736 1543 1781 et
1571 1728 1615 1781 si
1639 1726 1886 1789 voluerit,
1919 1725 2079 1778 aliam

507 1823 755 1893 accipiat.
793 1821 943 1894 [Ipsa
990 1830 1170 1876 autem
1219 1819 1541 1880 insidiatrix,
1584 1815 1916 1887 poenitentia
1957 1813 2083 1869 sub-

509 1921 650 1976 acta,
677 1911 878 1980 absque
901 1925 994 1980 spe
1016 1909 1246 1980 coniugii
1274 1906 1536 1979 maneat.]

577 2025 630 2081 6.
663 2025 720 2080 Si
750 2024 872 2094 quis
907 2023 1169 2093 ingenuus
1204 2022 1366 2076 homo
1389 2019 1637 2074 ancillam
1665 2033 1892 2073 uxorem
1928 2032 2086 2073 acce-

509 2119 647 2190 perit
666 2133 764 2189 pro
785 2118 1035 2188 ingenua,
1060 2117 1106 2172 si
1134 2117 1246 2186 ipsa
1277 2115 1475 2170 femina
1501 2123 1688 2184 postea
1718 2112 1882 2166 fuerit
1910 2112 2086 2167 inser-
2123 2117 2132 2126 ’

509 2209 637 2274 vita,
669 2207 737 2280 [si
772 2222 891 2262 eam
917 2222 949 2262 a
976 2206 1234 2261 servitute
1264 2205 1531 2261 redimere
1559 2209 1757 2274 potest,
1787 2199 2004 2272 faciat];
2037 2200 2084 2255 si

509 2299 697 2355 redimi
727 2314 832 2353 non
857 2307 1054 2368 potest,
1081 2297 1125 2352 si
1154 2298 1226 2351 ita
1262 2295 1514 2360 voluerit,
1542 2294 1706 2349 liceat
1729 2294 1780 2348 ei
1809 2293 1967 2347 aliam
1995 2307 2085 2346 ac-

507 2391 707 2462 cipere.
747 2389 1008 2446 Similiter
1037 2399 1091 2445 et
1119 2389 1314 2444 mulier
1346 2388 1597 2459 ingenua,
1627 2387 1673 2442 si
1702 2401 1916 2442 servum
1947 2385 2086 2440 acci-

509 2487 621 2556 piat
659 2500 758 2555 pro
788 2486 1038 2556 ingenuo,
1067 2491 1123 2538 et
1157 2491 1343 2553 postea
1376 2497 1475 2552 pro
1509 2480 1888 2552 qualicumque
1923 2492 2085 2532 causa

509 2575 798 2630 inservitus
842 2575 1025 2640 fuerit,
1062 2575 1164 2629 nisi
1202 2589 1302 2644 pro
1342 2573 1524 2643 inepia
1577 2571 1719 2627 fame
1761 2578 1986 2641 cogente
2027 2584 2087 2624 se

511 2665 830 2729 vendiderit,
851 2673 907 2718 et
934 2665 1046 2734 ipsa
1072 2665 1174 2718 hoc
1192 2663 1547 2728 consenserit,
1570 2670 1626 2716 et
1650 2662 1716 2716 de
1743 2660 1959 2731 praecio
1982 2659 2087 2713 viri

509 2755 591 2808 sui
622 2769 652 2807 a
680 2753 820 2808 fame
858 2753 1082 2808 liberata
1108 2751 1291 2819 fuerit,
1323 2753 1369 2808 si
1394 2751 1626 2807 voluerit
1651 2759 1830 2821 potest
1854 2764 1977 2804 eum
2007 2749 2088 2804 di-

513 2844 746 2907 mittere,
770 2853 828 2898 et
853 2844 898 2898 si
929 2858 987 2898 se
1017 2843 1294 2898 continere
1321 2857 1426 2895 non
1456 2849 1655 2911 potest,
1681 2841 1842 2894 alium
1866 2841 2083 2894 ducere.

511 2933 774 2988 Similiter
803 2939 859 2986 et
885 2932 952 2986 de
980 2931 1226 2995 muliere,
1258 2932 1304 2985 si
1339 2944 1397 2985 se
1422 2930 1744 2995 vendiderit,
1780 2938 1838 2986 et
1864 2931 1947 2984 vir
1969 2930 2088 2984 eius

513 3033 584 3080 ita
619 3022 974 3087 consenserit,
1006 3021 1186 3076 taliter
1209 3028 1389 3092 potest
1423 3027 1591 3085 stare,
1623 3020 1669 3074 si
1707 3035 1767 3075 se
1801 3034 2088 3090 separave-

2183 533 2333 588 pere.

2255 606 2343 660 10.
2377 606 2434 661 Si
2463 606 2603 662 filius
2651 623 2776 662 cum
2825 623 3060 662 noverca
3090 623 3210 674 sua,
3237 623 3406 663 uxore
3445 610 3624 679 patris
3663 613 3758 678 sui,

2181 696 2484 763 dormierit,
2503 713 2603 753 nec
2625 698 2714 753 ille
2739 714 2842 753 nec
2860 698 2950 753 illa
2969 707 3199 769 possunt
3225 699 3294 753 ad
3313 700 3622 770 coniugium
3648 718 3761 771 per-

2180 787 2385 842 venire.
2416 787 2523 842 Sed
2548 787 2636 842 ille
2661 787 2768 852 vir,
2790 788 2833 842 si
2863 787 3000 853 vult,
3028 796 3208 858 potest
3230 786 3392 842 aliam
3421 804 3648 844 uxorem
3677 790 3764 844 ha-

2180 878 2338 942 bere;
2370 877 2464 932 sed
2493 877 2686 932 melius
2706 886 2792 932 est
2817 879 3114 933 abstinere.

2254 967 2342 1021 11.
2377 967 2433 1021 Si
2454 968 2578 1038 quis
2605 982 2728 1022 cum
2759 966 2986 1022 ﬁliastra
3015 983 3112 1022 sua
3133 968 3440 1034 dormierit,
3461 969 3625 1024 simili
3653 985 3766 1025 sen-

2182 1057 2350 1112 tentia
2370 1064 2518 1112 stare
2542 1066 2753 1127 potest;
2785 1067 2843 1114 et
2867 1073 2992 1114 cum
3020 1073 3206 1114 sorore
3234 1059 3423 1114 uxoris
3465 1074 3597 1115 suae
3617 1061 3766 1115 simili

2182 1149 2343 1202 modo
2369 1156 2517 1203 stare
2540 1155 2742 1219 potest.

2254 1237 2342 1290 12.
2371 1236 2471 1304 Qui
2511 1238 2794 1294 dormierit
2838 1253 2962 1292 cum
2995 1237 3206 1294 duobus
3253 1240 3557 1304 sororibus,
3586 1249 3644 1294 et
3667 1257 3768 1294 una

2181 1344 2247 1384 ex
2280 1330 2383 1386 illis
2412 1341 2573 1386 antea
2591 1348 2730 1387 uxor
2754 1332 2943 1396 fuerit,
2970 1331 3172 1386 nullam
3200 1347 3267 1386 ex
3294 1332 3398 1386 illis
3419 1333 3649 1396 habeat;
3678 1347 3771 1388 nec

2183 1419 2273 1473 illa
2303 1420 2544 1476 adultera
2577 1438 2755 1486 soror,
2783 1437 2886 1476 nec
2914 1421 3003 1476 ille
3047 1423 3133 1476 vir
3157 1421 3251 1492 qui
3277 1437 3401 1476 cum
3449 1421 3542 1476 illa
3570 1421 3770 1475 adulte-

2183 1511 2346 1576 ravit,
2377 1511 2510 1566 alios
2527 1527 2786 1583 umquam
2817 1513 3105 1582 accipiant.

2255 1601 2341 1655 15.
2373 1600 2475 1668 Qui
2505 1602 2606 1656 scit
2631 1616 2857 1655 uxorem
2902 1617 3056 1655 suam
3097 1600 3348 1656 ancillam
3393 1615 3540 1665 esse,
3587 1610 3644 1655 et
3687 1615 3770 1654 ac-

2184 1693 2327 1762 cepit
2378 1708 2499 1746 eam
2549 1691 2854 1747 voluntarie
2883 1731 2899 1758 ,
2968 1707 3184 1764 semper
3233 1702 3418 1763 postea
3462 1699 3773 1765 permaneat

2112 1773 2158 1834 Β
2188 1797 2310 1836 cum
2341 1797 2427 1836 ea.

2255 1873 2343 1926 M.
2405 1873 2478 1928 Ut
2528 1873 2598 1928 ab
2645 1874 2912 1944 episcopis
2957 1874 3356 1930 ambulantiius
3425 1890 3526 1944 per
3576 1873 3773 1944 patrias

2183 1963 2452 2018 ordinatio
2478 1964 2907 2033 prcsbiterorum
2937 1979 3043 2019 non
3065 1963 3178 2018 fiat.
3223 1964 3280 2019 Si
3302 1973 3483 2019 autem
3503 1964 3639 2020 boui
3658 1971 3774 2018 sunt

2184 2053 2261 2108 illi
2296 2054 2605 2124 presbiteri,
2635 2055 2832 2109 iterum
2855 2064 3260 2110 consecrentur.

2256 2142 2343 2196 15.
2376 2142 2652 2198 Presbiter
2696 2145 3065 2215 degradatus,
3121 2153 3271 2200 certa
3321 2146 3652 2200 necessitate
3694 2161 3775 2200 co-

2185 2241 2364 2305 gente,
2395 2247 2494 2303 pro
2521 2233 2764 2304 periculo
2787 2222 3002 2302 mortis,
3033 2235 3080 2289 si
3101 2234 3240 2289 alius
3267 2251 3374 2290 non
3399 2235 3582 2300 adest,
3613 2243 3778 2305 potest

2185 2321 2461 2377 inﬁrmum
2491 2324 2793 2394 baptizare.

2258 2411 2344 2467 16.
2378 2413 2450 2468 Ut
2470 2429 2620 2468 arma
2643 2413 2826 2468 clerici
2851 2429 2955 2469 non
2975 2422 3208 2484 portent.

2257 2503 2346 2558 I7.
2382 2502 2441 2558 Si
2470 2519 2574 2574 qua
2602 2503 2798 2558 mulier
2845 2520 2904 2559 se
2928 2505 3326 2574 reclamaverit,
3348 2510 3491 2580 quod
3543 2514 3634 2568 vir
3656 2530 3774 2570 suus

2185 2609 2478 2666 numquam
2525 2611 2648 2650 cum
2687 2611 2752 2651 ea
2809 2597 3118 2665 mansisset,
3147 2611 3346 2655 exeant
3390 2603 3514 2659 inde
3567 2608 3634 2661 ad
3663 2624 3776 2662 cru-

2187 2701 2336 2750 cem;
2363 2694 2420 2740 et
2467 2686 2512 2740 si
2539 2701 2730 2740 verum
2778 2685 2966 2755 fuerit,
3008 2699 3353 2758 separentur,
3393 2701 3450 2747 et
3476 2693 3574 2749 illa
3619 2695 3774 2751 faciat

2187 2778 2330 2848 quod
2355 2778 2492 2832 vult.

2259 2871 2345 2926 18.
2378 2869 2479 2938 Qui
2527 2886 2651 2925 cum
2679 2872 3002 2926 consobrina
3042 2873 3230 2928 uxoris
3273 2889 3406 2930 suae
3446 2886 3660 2944 manet,
3687 2894 3772 2933 sua

2188 2971 2399 3028 careat,
2425 2971 2482 3017 et
2531 2963 2731 3019 nullam
2785 2964 2949 3018 aliam
2994 2965 3211 3020 habeat.
3261 2966 3352 3021 Illa
3382 2969 3582 3023 mulier
3619 2985 3770 3040 quam

2187 3051 2399 3119 habuit,
2430 3053 2598 3109 faciat
2623 3054 2770 3126 quod
2797 3054 2932 3110 vult.
2965 3053 3079 3111 Hoc
3105 3057 3366 3113 aecclesia
3395 3074 3502 3114 non
3537 3061 3740 3131 recipit.

515 3115 638 3219 ξπ
683 3113 1023 3219 P‘ie‘fimnﬁfi
1067 3120 1248 3217 tam?"
1618 3112 1923 3219 neces???
1953 3118 2081 3219 ,ξεί
2111 3118 2163 3186 c
2264 3145 2350 3202 19.
2380 3111 2437 3200 Si
2467 3111 2659 3202 servus
2696 3154 2791 3201 aut
2831 3146 3026 3201 ancilia
3065 3163 3162 3219 per

514 3207 646 3263 Nam
673 3206 765 3277 qui
795 3206 860 3261 de
887 3205 1060 3276 pretio
1093 3205 1241 3275 paris
1269 3204 1352 3259 sui
1382 3204 1448 3260 de
1481 3203 1572 3260 tali
1600 3205 1918 3260 necessitate
1953 3204 2086 3259 libe-

514 3305 664 3352 ratus
690 3296 873 3361 fuerit,
905 3296 961 3351 in
996 3295 1091 3350 tali
1133 3294 1381 3367 coniugio
1424 3294 1620 3351 debent
1658 3309 2002 3366 permanere,
2031 3303 2088 3350 et

513 3403 619 3445 non
645 3404 906 3460 separan.

581 3505 635 3558 7.
668 3501 725 3558 Si
755 3517 944 3558 servus
964 3516 1117 3557 suam
1153 3499 1400 3556 ancillam
1429 3499 1784 3556 concubinam
1813 3499 2087 3566 habuerit,

513 3595 557 3650 si
602 3594 677 3648 ita
719 3592 913 3664 placet,
954 3599 1134 3662 potest
1176 3590 1267 3644 illa
1305 3589 1526 3645 dimissa
1565 3604 1873 3660 comparem
1913 3605 2087 3654 suam,

514 3682 762 3738 ancillam
789 3681 988 3736 domini
1017 3679 1131 3746 sui,
1161 3679 1437 3749 accipere;
1470 3678 1563 3734 sed
1596 3677 1792 3733 melius
1824 3685 1908 3733 est
1937 3692 2092 3732 suam

514 3773 763 3828 ancillam
793 3781 996 3827 tenere.

586 3865 638 3920 8.
671 3862 728 3917 Si
759 3861 880 3932 quis
907 3876 1118 3927 servus,
1143 3858 1396 3914 libertate
1417 3872 1447 3912 a
1471 3857 1689 3912 domino
1717 3871 1816 3912 suo
1847 3865 2090 3927 accepta,

517 3962 700 4025 postea
725 3967 848 4006 cum
877 3950 1070 4006 ancilla
1097 3951 1214 4004 eius
1251 3949 1574 4004 adulterium
1599 3949 2014 4019 perpetraverit,
2045 3948 2091 4002 si

515 4041 764 4097 dominus
787 4039 902 4094 eius
929 4037 1062 4102 vult,
1083 4037 1214 4091 velit
1239 4037 1374 4091 nolit
1395 4038 1564 4106 ipsam
1586 4038 1654 4092 ad
1680 4051 1906 4090 uxorem
1928 4035 2092 4091 habe-

516 4130 615 4184 bit.
641 4127 793 4194 Quod
815 4127 860 4182 si
882 4127 1051 4197 ipsam
1072 4126 1336 4182 dimiserit
1359 4138 1416 4180 et
1434 4125 1596 4180 aliam
1617 4126 1850 4190 duxerit,
1871 4135 2098 4196 cogatur

515 4220 757 4284 omnino,
796 4227 857 4272 ut
883 4217 1237 4288 posteriorem
1266 4217 1518 4282 dimittat,
1555 4228 1610 4271 et
1637 4217 1807 4286 ipsam
1836 4230 1958 4270 cum
1989 4231 2096 4285 qua

517 4313 668 4384 prius
695 4309 1016 4365 adulterium
1049 4307 1197 4374 fecit,
1223 4307 1468 4378 recipiat,
1499 4317 1594 4362 aut
1625 4309 1715 4363 illa
1739 4307 1955 4362 vivente
1982 4305 2099 4360 uul-

520 4405 626 4458 lam
656 4403 817 4458 aliam
845 4403 1064 4458 habeat.

2189 3238 2425 3309 scparati
2445 3237 2669 3306 fuerint,
2698 3240 3046 3310 praedicandi
3075 3251 3201 3296 sunt
3233 3252 3293 3297 ut
3311 3244 3391 3298 sic
3429 3253 3706 3311 maneant,
3730 3245 3770 3299 si

2188 3343 2283 3385 eos
2303 3330 2586 3401 reiungere
2606 3346 2711 3386 non
2734 3344 3041 3402 possumus.

2260 3419 2350 3474 20.
2385 3420 2458 3477 Ut
2488 3421 2576 3476 ille
2603 3423 2942 3481 cartellarius
2984 3426 3076 3497 qui
3122 3441 3247 3481 cum
3277 3427 3470 3482 ancilla
3495 3429 3772 3495 manserit,

2192 3527 2316 3567 cum
2344 3529 2490 3579 eam,
2541 3514 2691 3569 iuxta
2743 3515 2916 3587 legem
2946 3517 3196 3573 libertate
3236 3534 3268 3572 a
3315 3520 3525 3574 domino
3553 3535 3651 3574 suo
3681 3536 3772 3574 ac-

2191 3611 2370 3672 cepta,
2424 3603 2689 3660 dimiserit
2733 3605 2894 3661 aliam
2948 3607 3240 3678 accipiens,
3293 3610 3646 3679 posteriorem
3696 3610 3773 3664 di-

2194 3692 2395 3746 mittat.

2263 3783 2352 3838 21.
2387 3785 2489 3852 Qui
2512 3799 2738 3841 uxorem
2768 3802 2922 3843 suam
2964 3788 3230 3844 dimiserit
3257 3789 3460 3858 velare,
3491 3792 3651 3847 aliam
3675 3807 3771 3847 non

2196 3874 2430 3945 accipiat
2456 3885 2504 3930 ⁸.
2959 3949 3004 4005 v

2747 3989 2992 4094 PIPPINI
3010 3989 3248 4096 .REGIS'

2267 4127 2701 4184 CAPITULARE
2739 4130 3105 4186 VERNENSE
3144 4131 3418 4188 DUPLEX
3455 4131 3570 4186 AN.
3597 4133 3712 4187 755.

2267 4218 2690 4275 Constitutiones
2718 4221 3011 4277 Vernensis
3038 4231 3334 4278 conventus
3385 4224 3588 4278 auxilio
3640 4224 3772 4280 codi-

2199 4304 2346 4347 cum.
2377 4292 2429 4343 1.
2462 4289 2600 4344 Bibl.
2649 4291 2923 4347 Vaticana:
2976 4293 3205 4347 Palatini
3245 4310 3300 4347 n.
3339 4293 3467 4359 577,
3513 4311 3640 4350 δέξο.
3683 4309 3769 4348 vm

2197 4360 2447 4433 exeuntis
2473 4360 2558 4414 vel
2587 4376 2643 4414 ιχ
2673 4362 2929 4433 ineuntis,
2968 4361 3063 4433 fol.
3088 4363 3148 4416 71
3180 4379 3335 4433 sqq.;
3363 4369 3417 4418 2.
3453 4365 3694 4420 Vaticani
3721 4380 3768 4416 u.

2200 4430 2362 4493 5827,
2393 4445 2517 4484 socc.
2546 4447 2624 4495 ιι,
2651 4432 2779 4485 olim
2818 4433 2991 4486 sancti
3038 4432 3186 4487 Petri
3225 4430 3644 4499 Bellovacensis,
3686 4434 3767 4487 fol.

589 4496 642 4552 9.
673 4495 731 4550 Si
753 4493 873 4565 quis
899 4493 1222 4548 necessitate
1266 4491 1559 4547 inevitabili
1588 4499 1810 4563 cogente
1840 4491 1894 4545 in
1933 4490 2096 4545 alium
2125 4471 2176 4532 D
2642 4471 3767 4575 3.115?

520 4589 774 4642 ducatum
797 4600 891 4639 seu
912 4583 1243 4654 provinciam
1267 4583 1484 4652 fugerit,
1506 4591 1598 4636 aut
1625 4583 1892 4639 seniorem
1919 4598 2097 4648 suum,

521 4676 606 4730 cui
630 4674 788 4729 ﬁdem
809 4673 1026 4727 mentiri
1055 4688 1160 4726 non
1189 4673 1407 4742 poterit.
1431 4681 1648 4727 secutus
1667 4671 1858 4737 fuerit;
1885 4683 1942 4727 et
1962 4687 2101 4726 uxor

521 4766 659 4831 eius,
685 4780 808 4820 cum
833 4762 976 4818 valet
994 4772 1050 4818 et
1082 4772 1282 4834 potest,
1309 4779 1494 4819 amore
1516 4772 1799 4833 parentum
1827 4773 1921 4818 aut
1941 4766 2101 4819 rebus

523 4856 658 4921 suis,
686 4871 808 4910 eum
833 4856 982 4926 sequi
1010 4855 1260 4919 noluerit,
1293 4854 1405 4924 ipsa
1452 4855 1598 4908 omni
1630 4863 1888 4925 tempore,
1911 4872 2101 4927 quam-

523 4947 613 5001 diu
641 4946 725 5000 vir
751 4945 888 5011 eius,
911 4960 1072 5016 quem
1105 4953 1286 4998 secuta
1324 4946 1573 5010 nonfuit,
1601 4947 1765 5013 vivet,
1789 4962 2002 5018 semper
2021 4948 2104 5002 in-

524 5045 688 5108 nupta
716 5046 1048 5108 permaneat.
1072 5037 1206 5091 Nam
1236 5038 1321 5093 ille
1347 5039 1431 5092 vir
1471 5039 1609 5103 eius,
1640 5039 1733 5109 qui
1780 5041 2103 5096 necessitate

523 5139 748 5202 cogente
776 5131 831 5186 in
876 5130 1041 5185 alium
1066 5130 1241 5186 locum
1270 5129 1426 5202 fugit,
1459 5131 1525 5204 [si
1561 5148 1834 5202 nunquam
1863 5133 1916 5188 in
1944 5149 2104 5189 suam

525 5223 758 5296 patriam
783 5239 842 5280 se
870 5237 1214 5278 reversurum
1239 5223 1466 5295 sperat],
1493 5224 1538 5279 si
1589 5239 1648 5280 se
1675 5224 1948 5281 abstinere
1997 5241 2104 5281 non

601 5391 627 5420 ι
653 5379 904 5455 Baluzius
926 5380 1254 5455 Beginonem
1282 5380 1387 5455 alia
1410 5396 1622 5455 quoque
1663 5383 1894 5454 capitula
1916 5385 2104 5455 synodi

530 5447 922 5525 Vermeriensis
947 5447 1181 5525 laudare.
1198 5447 1645 5525 animadvertit;
1677 5447 1746 5508 ea
1786 5447 2023 5525 reperies
2053 5456 2106 5508 in

529 5519 1135 5594 capit._Colppep_diensi
1163 5519 1360 5590 (Infra,
1384 5520 1483 5594 col.
1514 5522 1696 5594 15B),
1719 5519 1866 5594 cap.‘
1892 5525 1975 5590 11,
2015 5525 2103 5591 15,

533 5587 877 5663 15,1j,_18,‘
909 5589 1118 5663 21,22,
1166 5587 1361 5663 praeter
1408 5592 1524 5646 hzcc
1571 5587 1862 5663 Reginonis
1904 5587 1997 5652 lib.
2041 5587 2105 5661 ιι.

532 5670 653 5725 cap.
676 5656 782 5729 ω
811 5675 824 5708 :
856 5675 874 5705 ι
906 5658 963 5709 Si
992 5658 1153 5729 homo
1166 5656 1314 5729 liber
1336 5671 1543 5727 patrem
1572 5656 1680 5716 aut'
1708 5674 1959 5729 matrem,
1995 5656 2105 5720 Ira;

537 5734 672 5779 trem
696 5725 777 5778 vel
800 5725 1120 5782 avunculum
1159 5725 1434 5792 occiderit,
1461 5730 1810 5787 hereditatem
1838 5725 2104 5806 propriam

2199 4586 2254 4623 n.
2289 4571 2378 4632 75,
2414 4585 2543 4651 Isaac.
2577 4587 2634 4651 ξ,
2678 4573 3110 4651 recognqvimus,
3154 4571 3640 4651 cum—Simondus
3684 4587 3773 4651 eas

2198 4655 2299 4709 ope
2328 4641 2528 4694 codicis
2555 4641 2795 4709 ejusdem
2815 4641 3209 4697 Bellovacensis
3232 4653 3290 4699 et
3315 4646 3486 4700 sancti
3516 4643 3771 4700 V’incentii

2200 4656 2299 4761 ore
2328 4656 2528 4694 COtllClS
2555 4656 2795 4709 ejusdem
2816 4656 3209 4697 bellovacensts
3232 4656 3290 4699 et
3315 4656 3486 4700 sancti
3521 4656 3771 4700 V‘tncenui

2200 4709 2763 4790 hetensisnedigisset.
2789 4713 2968 4790 Editio
2995 4714 3199 4782 Optimo
3244 4717 3460 4790 quidem
3483 4715 3608 4784 jure
3648 4729 3774 4790 pm:-

2199 4781 2355 4860 cipue
2377 4780 2812 4860 codici-Palatino
2836 4780 3047 4845 innisa,
3061 4798 3127 4837 eo
3146 4780 3413 4860 praecipue
3458 4780 3524 4837 ab
3546 4780 3772 4860 anterio-

2200 4851 2351 4905 rinus
2377 4851 2625 4915 discedit,
2655 4852 2798 4920 quod
2842 4863 2898 4907 et
2922 4861 3127 4907 textum
3147 4851 3476 4908 restitutum
3505 4855 3768 4910 exhibeat.

2200 4927 2257 4973 et
2283 4920 2578 4992 capitulare
2624 4921 2866 4977 anterius
2893 4923 3160 4992 capitibus
3185 4923 3466 4980 duodecim
3504 4923 3770 4984 absolvat;

2201 4991 2469 5115 posterius
2497 4991 2550 5044 in
2580 5007 2735 5061 capp.
2770 4991 2973 5046 codicis
3003 4992 3398 5049 Bellovacensis
3437 4994 3600 5048 15-25
3645 5003 3700 5047 et
3724 4992 3772 5046 in

2245 5061 2491 5115 arisicnsi
2517 5061 2769 5115 (quocum
2802 5061 3055 5115 Metensis
3077 5065 3344 5115 conaruiti
3367 5073 3692 5115 asservatur.

2245 5061 2491 5115 arisicnsi
2517 5061 2769 5132 (quocum
2802 5061 3055 5116 Metensis
3077 5065 3344 5137 congruit)
3367 5073 3692 5119 asservatur.

2396 5167 2592 5206 INCIPIT
2631 5167 2866 5207 SYNODUS
2902 5167 3077 5209 VERNO
3115 5168 3342 5208 PALATIO
3380 5169 3568 5208 FACTA.

2275 5241 2600 5298 Sufficerant
2623 5243 2841 5314 quidem
2865 5244 3164 5314 priscorum
3185 5253 3401 5314 patrum
3426 5244 3638 5316 regulae
3659 5259 3771 5298 san-

2206 5395 2436 5476 amittat.
2469 5413 2488 5446 ι
2517 5393 2650 5476 Item
2681 5393 2764 5476 “de
2807 5394 3080 5476 incestis:
3109 5413 3126 5446 ι
3159 5395 3408 5476 Episcopi
3453 5397 3770 5476 incestuosgs

2207 5464 2528 5533 investigare
2575 5464 2843 5534 studeant.
2900 5465 2968 5518 Et
2997 5467 3039 5520 si
3075 5463 3369 5534 pmuitere'
3392 5467 3675 5528 uoluerint,
3707 5463 3770 5519 de

2205 5533 2838 5606 ecclesia_expell_autur,
2888 5535 3059 5589 donec
3078 5533 3166 5606 Qad
3198 5536 3566 5606 ptenitentiam
3595 5548 3769 5590 rever-

2209 5613 2412 5658 tantur.
2437 5603 2589 5671 Quod
2614 5603 2659 5658 si
2679 5605 2899 5674 obedire
2916 5603 3288 5660 sacerdotibus
3311 5606 3590 5670 noluerint,
3616 5618 3767 5674 opor-

2209 5683 2286 5729 tet
2312 5689 2406 5730 eos
2433 5691 2531 5744 per
2553 5673 2865 5730 saecularem
2889 5675 3226 5745 disciplinam
3253 5677 3508 5732 coerceri.
3546 5697 3564 5728 ι
