  <div class='ocr_page' id='page_1' title='image "/cluster/home/n/w/nwhite01/storage/ocr_20150623/96/hvd.32044052819901/760.png"; bbox 0 0 4046 6172; ppageno 0'>
   <div class='ocr_carea' id='block_1_1' title="bbox 387 287 522 344">
    <p class='ocr_par' dir='ltr' id='par_1_1' title="bbox 387 287 522 344">
     <span class='ocr_line' id='line_1_1' title="bbox 387 287 522 344; baseline 0 0"><span class='ocrx_word' id='word_1_1' title='bbox 387 287 522 344; x_wconf 68' lang='grc'><strong>1509</strong></span> 
     </span>
    </p>
   </div>
   <div class='ocr_carea' id='block_1_2' title="bbox 1157 287 2868 350">
    <p class='ocr_par' dir='ltr' id='par_1_2' title="bbox 1157 287 2868 350">
     <span class='ocr_line' id='line_1_2' title="bbox 1157 287 2868 350; baseline 0.003 -7"><span class='ocrx_word' id='word_1_2' title='bbox 1157 288 1417 345; x_wconf 75' lang='lat' dir='ltr'><strong>PIPPINI.</strong></span> <span class='ocrx_word' id='word_1_3' title='bbox 1457 287 1946 346; x_wconf 73' lang='lat' dir='ltr'><strong>CAROLOMANNI</strong></span> <span class='ocrx_word' id='word_1_4' title='bbox 1984 289 2070 345; x_wconf 82' lang='grc' dir='ltr'>ΕΤ</span> <span class='ocrx_word' id='word_1_5' title='bbox 2107 289 2422 348; x_wconf 76' lang='lat' dir='ltr'><strong>ALIORUM</strong></span> <span class='ocrx_word' id='word_1_6' title='bbox 2459 292 2868 350; x_wconf 78' lang='lat' dir='ltr'><strong>DIPLOMATA.</strong></span> 
     </span>
    </p>
   </div>
   <div class='ocr_carea' id='block_1_3' title="bbox 3500 302 3638 359">
    <p class='ocr_par' dir='ltr' id='par_1_3' title="bbox 3500 302 3638 359">
     <span class='ocr_line' id='line_1_3' title="bbox 3500 302 3638 359; baseline 0.022 -3"><span class='ocrx_word' id='word_1_7' title='bbox 3500 302 3638 359; x_wconf 73' lang='lat' dir='ltr'><strong>15m</strong></span> 
     </span>
    </p>
   </div>
   <div class='ocr_carea' id='block_1_4' title="bbox 383 395 3635 481">
    <p class='ocr_par' dir='ltr' id='par_1_4' title="bbox 383 395 3635 481">
     <span class='ocr_line' id='line_1_4' title="bbox 383 395 3635 481; baseline 0.005 -27"><span class='ocrx_word' id='word_1_8' title='bbox 383 409 503 454; x_wconf 89' lang='lat' dir='ltr'><strong>ctae</strong></span> <span class='ocrx_word' id='word_1_9' title='bbox 557 395 849 451; x_wconf 89' lang='lat' dir='ltr'><strong>aecclcsiae</strong></span> <span class='ocrx_word' id='word_1_10' title='bbox 894 395 1188 452; x_wconf 88' lang='lat' dir='ltr'><strong>catholicae</strong></span> <span class='ocrx_word' id='word_1_11' title='bbox 1242 401 1571 455; x_wconf 87' lang='lat' dir='ltr'><strong>rectissimae</strong></span> <span class='ocrx_word' id='word_1_12' title='bbox 1615 417 1838 456; x_wconf 89' lang='lat' dir='ltr'><strong>normae</strong></span> <span class='ocrx_word' id='word_1_13' title='bbox 1888 402 1954 456; x_wconf 88' lang='lat' dir='ltr'><strong>ad</strong></span> <span class='ocrx_word' id='word_1_14' title='bbox 1984 403 2032 465; x_wconf 72' lang='grc' dir='ltr'><strong>Α</strong></span> <span class='ocrx_word' id='word_1_15' title='bbox 2059 402 2255 472; x_wconf 86' lang='lat' dir='ltr'><strong>scopis,</strong></span> <span class='ocrx_word' id='word_1_16' title='bbox 2286 414 2339 459; x_wconf 89' lang='lat' dir='ltr'><strong>et</strong></span> <span class='ocrx_word' id='word_1_17' title='bbox 2373 403 2494 458; x_wconf 78' lang='lat' dir='ltr'><strong>talis</strong></span> <span class='ocrx_word' id='word_1_18' title='bbox 2517 406 2570 459; x_wconf 93' lang='lat' dir='ltr'><strong>in</strong></span> <span class='ocrx_word' id='word_1_19' title='bbox 2599 407 2716 461; x_wconf 90' lang='lat' dir='ltr'><strong>eius</strong></span> <span class='ocrx_word' id='word_1_20' title='bbox 2745 406 2921 462; x_wconf 86' lang='lat' dir='ltr'><strong>locum</strong></span> <span class='ocrx_word' id='word_1_21' title='bbox 2959 407 3012 462; x_wconf 90' lang='lat' dir='ltr'><strong>in</strong></span> <span class='ocrx_word' id='word_1_22' title='bbox 3042 407 3158 480; x_wconf 84' lang='lat' dir='ltr'><strong>ipso</strong></span> <span class='ocrx_word' id='word_1_23' title='bbox 3186 409 3390 481; x_wconf 77' lang='lat' dir='ltr'><strong>synodo</strong></span> <span class='ocrx_word' id='word_1_24' title='bbox 3433 419 3635 470; x_wconf 86' lang='lat' dir='ltr'><strong>consti-</strong></span> 
     </span>
    </p>
   </div>
   <div class='ocr_carea' id='block_1_5' title="bbox 383 488 1958 559">
    <p class='ocr_par' dir='ltr' id='par_1_5' title="bbox 383 488 1958 559">
     <span class='ocr_line' id='line_1_5' title="bbox 383 488 1958 559; baseline -0.001 -12"><span class='ocrx_word' id='word_1_25' title='bbox 383 489 691 547; x_wconf 85' lang='lat' dir='ltr'><strong>mortolium</strong></span> <span class='ocrx_word' id='word_1_26' title='bbox 710 488 1099 543; x_wconf 78' lang='lat' dir='ltr'><strong>correctionem</strong></span> <span class='ocrx_word' id='word_1_27' title='bbox 1124 490 1384 559; x_wconf 89' lang='lat' dir='ltr'><strong>prolatae,</strong></span> <span class='ocrx_word' id='word_1_28' title='bbox 1427 492 1470 546; x_wconf 89' lang='lat' dir='ltr'><strong>si</strong></span> <span class='ocrx_word' id='word_1_29' title='bbox 1508 507 1694 546; x_wconf 90' lang='lat' dir='ltr'><strong>earum</strong></span> <span class='ocrx_word' id='word_1_30' title='bbox 1733 493 1958 547; x_wconf 88' lang='lat' dir='ltr'><strong>sanctis-</strong></span> 
     </span>
    </p>
   </div>
   <div class='ocr_carea' id='block_1_6' title="bbox 383 582 1959 655">
    <p class='ocr_par' dir='ltr' id='par_1_6' title="bbox 383 582 1959 655">
     <span class='ocr_line' id='line_1_6' title="bbox 383 582 1959 655; baseline -0.001 -16"><span class='ocrx_word' id='word_1_31' title='bbox 383 585 519 639; x_wconf 88' lang='lat' dir='ltr'><strong>sima</strong></span> <span class='ocrx_word' id='word_1_32' title='bbox 560 583 675 636; x_wconf 90' lang='lat' dir='ltr'><strong>iura</strong></span> <span class='ocrx_word' id='word_1_33' title='bbox 693 591 1128 652; x_wconf 80' lang='lat' dir='ltr'><strong>perseverassent</strong></span> <span class='ocrx_word' id='word_1_34' title='bbox 1149 582 1369 637; x_wconf 89' lang='lat' dir='ltr'><strong>inlaesa.</strong></span> <span class='ocrx_word' id='word_1_35' title='bbox 1401 583 1507 639; x_wconf 88' lang='lat' dir='ltr'><strong>Sed</strong></span> <span class='ocrx_word' id='word_1_36' title='bbox 1525 586 1648 654; x_wconf 89' lang='lat' dir='ltr'><strong>quia</strong></span> <span class='ocrx_word' id='word_1_37' title='bbox 1681 599 1959 655; x_wconf 88' lang='lat' dir='ltr'><strong>emergen-</strong></span> 
     </span>
    </p>
   </div>
   <div class='ocr_carea' id='block_1_7' title="bbox 384 672 1958 744">
    <p class='ocr_par' dir='ltr' id='par_1_7' title="bbox 384 672 1958 744">
     <span class='ocr_line' id='line_1_7' title="bbox 384 672 1958 744; baseline 0 -16"><span class='ocrx_word' id='word_1_38' title='bbox 384 673 529 728; x_wconf 87' lang='lat' dir='ltr'><strong>tibus</strong></span> <span class='ocrx_word' id='word_1_39' title='bbox 569 674 744 726; x_wconf 84' lang='lat' dir='ltr'><strong>causis</strong></span> <span class='ocrx_word' id='word_1_40' title='bbox 771 672 1093 741; x_wconf 87' lang='lat' dir='ltr'><strong>quibusdam</strong></span> <span class='ocrx_word' id='word_1_41' title='bbox 1131 687 1235 727; x_wconf 93' lang='lat' dir='ltr'><strong>non</strong></span> <span class='ocrx_word' id='word_1_42' title='bbox 1285 674 1556 743; x_wconf 80' lang='lat' dir='ltr'><strong>congruis,</strong></span> <span class='ocrx_word' id='word_1_43' title='bbox 1608 681 1958 744; x_wconf 82' lang='lat' dir='ltr'><strong>temporaque</strong></span> 
     </span>
    </p>
   </div>
   <div class='ocr_carea' id='block_1_8' title="bbox 385 762 1958 835">
    <p class='ocr_par' dir='ltr' id='par_1_8' title="bbox 385 762 1958 835">
     <span class='ocr_line' id='line_1_8' title="bbox 385 762 1958 835; baseline -0.001 -15"><span class='ocrx_word' id='word_1_44' title='bbox 385 765 622 835; x_wconf 88' lang='lat' dir='ltr'><strong>inquieta</strong></span> <span class='ocrx_word' id='word_1_45' title='bbox 644 762 1102 833; x_wconf 78' lang='lat' dir='ltr'><strong>supervenientes,</strong></span> <span class='ocrx_word' id='word_1_46' title='bbox 1148 762 1372 832; x_wconf 79' lang='lat' dir='ltr'><strong>contigit</strong></span> <span class='ocrx_word' id='word_1_47' title='bbox 1397 762 1646 815; x_wconf 90' lang='lat' dir='ltr'><strong>nonnulla</strong></span> <span class='ocrx_word' id='word_1_48' title='bbox 1675 778 1741 816; x_wconf 80' lang='lat' dir='ltr'><strong>ex</strong></span> <span class='ocrx_word' id='word_1_49' title='bbox 1768 765 1868 817; x_wconf 90' lang='lat' dir='ltr'><strong>hac</strong></span> <span class='ocrx_word' id='word_1_50' title='bbox 1899 779 1958 819; x_wconf 90' lang='lat' dir='ltr'><strong>re</strong></span> 
     </span>
    </p>
   </div>
   <div class='ocr_carea' id='block_1_9' title="bbox 383 851 1958 926">
    <p class='ocr_par' dir='ltr' id='par_1_9' title="bbox 383 851 1958 926">
     <span class='ocr_line' id='line_1_9' title="bbox 383 851 1958 926; baseline -0.002 -16"><span class='ocrx_word' id='word_1_51' title='bbox 383 855 718 926; x_wconf 74' lang='lat' dir='ltr'><strong>neglegentia</strong></span> <span class='ocrx_word' id='word_1_52' title='bbox 760 853 988 908; x_wconf 75' lang='lat' dir='ltr'><strong>faciente</strong></span> <span class='ocrx_word' id='word_1_53' title='bbox 1013 851 1175 907; x_wconf 83' lang='lat' dir='ltr'><strong>fuisse</strong></span> <span class='ocrx_word' id='word_1_54' title='bbox 1222 851 1550 917; x_wconf 89' lang='lat' dir='ltr'><strong>intermissa,</strong></span> <span class='ocrx_word' id='word_1_55' title='bbox 1592 853 1817 922; x_wconf 84' lang='lat' dir='ltr'><strong>ideoque</strong></span> <span class='ocrx_word' id='word_1_56' title='bbox 1845 853 1958 924; x_wconf 88' lang='lat' dir='ltr'><strong>glo-</strong></span> 
     </span>
    </p>
   </div>
   <div class='ocr_carea' id='block_1_10' title="bbox 383 939 1955 1012">
    <p class='ocr_par' dir='ltr' id='par_1_10' title="bbox 383 939 1955 1012">
     <span class='ocr_line' id='line_1_10' title="bbox 383 939 1955 1012; baseline -0.003 -13"><span class='ocrx_word' id='word_1_57' title='bbox 383 944 710 1000; x_wconf 90' lang='lat' dir='ltr'><strong>riosissimus</strong></span> <span class='ocrx_word' id='word_1_58' title='bbox 729 951 890 1012; x_wconf 90' lang='lat' dir='ltr'><strong>atque</strong></span> <span class='ocrx_word' id='word_1_59' title='bbox 919 941 1211 1011; x_wconf 89' lang='lat' dir='ltr'><strong>relegiosus</strong></span> <span class='ocrx_word' id='word_1_60' title='bbox 1250 940 1473 994; x_wconf 89' lang='lat' dir='ltr'><strong>inluster</strong></span> <span class='ocrx_word' id='word_1_61' title='bbox 1498 940 1601 1004; x_wconf 87' lang='lat' dir='ltr'><strong>vir,</strong></span> <span class='ocrx_word' id='word_1_62' title='bbox 1626 939 1955 995; x_wconf 83' lang='lat' dir='ltr'><strong>Francorum</strong></span> 
     </span>
    </p>
   </div>
   <div class='ocr_carea' id='block_1_11' title="bbox 382 1028 1957 1104">
    <p class='ocr_par' dir='ltr' id='par_1_11' title="bbox 382 1028 1957 1104">
     <span class='ocr_line' id='line_1_11' title="bbox 382 1028 1957 1104; baseline -0.003 -14"><span class='ocrx_word' id='word_1_63' title='bbox 382 1050 479 1090; x_wconf 79' lang='lat' dir='ltr'><strong>rex</strong></span> <span class='ocrx_word' id='word_1_64' title='bbox 507 1033 781 1104; x_wconf 88' lang='lat' dir='ltr'><strong>Pippinus,</strong></span> <span class='ocrx_word' id='word_1_65' title='bbox 831 1032 1110 1085; x_wconf 87' lang='lat' dir='ltr'><strong>universos</strong></span> <span class='ocrx_word' id='word_1_66' title='bbox 1139 1044 1308 1099; x_wconf 88' lang='lat' dir='ltr'><strong>paene</strong></span> <span class='ocrx_word' id='word_1_67' title='bbox 1333 1028 1630 1083; x_wconf 82' lang='lat' dir='ltr'><strong>Galliarum</strong></span> <span class='ocrx_word' id='word_1_68' title='bbox 1678 1029 1957 1100; x_wconf 90' lang='lat' dir='ltr'><strong>episcopos</strong></span> 
     </span>
    </p>
   </div>
   <div class='ocr_carea' id='block_1_12' title="bbox 381 1121 1952 1197">
    <p class='ocr_par' dir='ltr' id='par_1_12' title="bbox 381 1121 1952 1197">
     <span class='ocr_line' id='line_1_12' title="bbox 381 1121 1952 1197; baseline -0.003 -18"><span class='ocrx_word' id='word_1_69' title='bbox 381 1125 661 1197; x_wconf 85' lang='lat' dir='ltr'><strong>adgregari</strong></span> <span class='ocrx_word' id='word_1_70' title='bbox 693 1124 819 1178; x_wconf 78' lang='lat' dir='ltr'><strong>fecit</strong></span> <span class='ocrx_word' id='word_1_71' title='bbox 841 1123 907 1178; x_wconf 87' lang='lat' dir='ltr'><strong>ad</strong></span> <span class='ocrx_word' id='word_1_72' title='bbox 932 1121 1216 1176; x_wconf 90' lang='lat' dir='ltr'><strong>concilium</strong></span> <span class='ocrx_word' id='word_1_73' title='bbox 1270 1121 1475 1176; x_wconf 86' lang='lat' dir='ltr'><strong>Vernus</strong></span> <span class='ocrx_word' id='word_1_74' title='bbox 1499 1121 1695 1191; x_wconf 90' lang='lat' dir='ltr'><strong>palatio</strong></span> <span class='ocrx_word' id='word_1_75' title='bbox 1719 1121 1952 1190; x_wconf 83' lang='lat' dir='ltr'><strong>publico,</strong></span> 
     </span>
    </p>
   </div>
   <div class='ocr_carea' id='block_1_13' title="bbox 381 1209 1950 1284">
    <p class='ocr_par' dir='ltr' id='par_1_13' title="bbox 381 1209 1950 1284">
     <span class='ocr_line' id='line_1_13' title="bbox 381 1209 1950 1284; baseline -0.002 -16"><span class='ocrx_word' id='word_1_76' title='bbox 381 1228 703 1284; x_wconf 90' lang='lat' dir='ltr'><strong>recuperare</strong></span> <span class='ocrx_word' id='word_1_77' title='bbox 737 1212 1122 1282; x_wconf 86' lang='lat' dir='ltr'><strong>aliquantisper</strong></span> <span class='ocrx_word' id='word_1_78' title='bbox 1149 1210 1369 1280; x_wconf 87' lang='lat' dir='ltr'><strong>cupiens</strong></span> <span class='ocrx_word' id='word_1_79' title='bbox 1403 1209 1643 1263; x_wconf 83' lang='lat' dir='ltr'><strong>instituta</strong></span> <span class='ocrx_word' id='word_1_80' title='bbox 1673 1211 1950 1265; x_wconf 88' lang='lat' dir='ltr'><strong>canonica.</strong></span> 
     </span>
    </p>
   </div>
   <div class='ocr_carea' id='block_1_14' title="bbox 381 1299 1955 1373">
    <p class='ocr_par' dir='ltr' id='par_1_14' title="bbox 381 1299 1955 1373">
     <span class='ocr_line' id='line_1_14' title="bbox 381 1299 1955 1373; baseline -0.002 -15"><span class='ocrx_word' id='word_1_81' title='bbox 381 1303 448 1358; x_wconf 84' lang='lat' dir='ltr'><strong>Et</strong></span> <span class='ocrx_word' id='word_1_82' title='bbox 469 1304 590 1373; x_wconf 85' lang='lat' dir='ltr'><strong>quia</strong></span> <span class='ocrx_word' id='word_1_83' title='bbox 623 1301 849 1356; x_wconf 78' lang='lat' dir='ltr'><strong>facultas</strong></span> <span class='ocrx_word' id='word_1_84' title='bbox 876 1301 1034 1355; x_wconf 87' lang='lat' dir='ltr'><strong>modo</strong></span> <span class='ocrx_word' id='word_1_85' title='bbox 1061 1316 1164 1354; x_wconf 92' lang='lat' dir='ltr'><strong>non</strong></span> <span class='ocrx_word' id='word_1_86' title='bbox 1188 1299 1423 1370; x_wconf 86' lang='lat' dir='ltr'><strong>subpetit</strong></span> <span class='ocrx_word' id='word_1_87' title='bbox 1449 1301 1515 1354; x_wconf 90' lang='lat' dir='ltr'><strong>ad</strong></span> <span class='ocrx_word' id='word_1_88' title='bbox 1556 1301 1844 1370; x_wconf 89' lang='lat' dir='ltr'><strong>integrum,</strong></span> <span class='ocrx_word' id='word_1_89' title='bbox 1875 1311 1955 1355; x_wconf 88' lang='lat' dir='ltr'><strong>ta-</strong></span> 
     </span>
    </p>
   </div>
   <div class='ocr_carea' id='block_1_15' title="bbox 380 1391 1954 1463">
    <p class='ocr_par' dir='ltr' id='par_1_15' title="bbox 380 1391 1954 1463">
     <span class='ocr_line' id='line_1_15' title="bbox 380 1391 1954 1463; baseline -0.003 -12"><span class='ocrx_word' id='word_1_90' title='bbox 380 1410 501 1451; x_wconf 88' lang='lat' dir='ltr'><strong>men</strong></span> <span class='ocrx_word' id='word_1_91' title='bbox 524 1394 698 1463; x_wconf 88' lang='lat' dir='ltr'><strong>aliqua</strong></span> <span class='ocrx_word' id='word_1_92' title='bbox 729 1408 797 1446; x_wconf 86' lang='lat' dir='ltr'><strong>ex</strong></span> <span class='ocrx_word' id='word_1_93' title='bbox 817 1401 968 1462; x_wconf 90' lang='lat' dir='ltr'><strong>parte</strong></span> <span class='ocrx_word' id='word_1_94' title='bbox 1010 1391 1125 1444; x_wconf 90' lang='lat' dir='ltr'><strong>vult</strong></span> <span class='ocrx_word' id='word_1_95' title='bbox 1148 1405 1267 1444; x_wconf 88' lang='lat' dir='ltr'><strong>esse</strong></span> <span class='ocrx_word' id='word_1_96' title='bbox 1313 1398 1614 1444; x_wconf 91' lang='lat' dir='ltr'><strong>correctum</strong></span> <span class='ocrx_word' id='word_1_97' title='bbox 1660 1392 1802 1461; x_wconf 89' lang='lat' dir='ltr'><strong>quod</strong></span> <span class='ocrx_word' id='word_1_98' title='bbox 1831 1407 1954 1447; x_wconf 76' lang='lat' dir='ltr'><strong>aec-</strong></span> 
     </span>
    </p>
   </div>
   <div class='ocr_carea' id='block_1_16' title="bbox 377 1481 1951 1550">
    <p class='ocr_par' dir='ltr' id='par_1_16' title="bbox 377 1481 1951 1550">
     <span class='ocr_line' id='line_1_16' title="bbox 377 1481 1951 1550; baseline -0.004 -6"><span class='ocrx_word' id='word_1_99' title='bbox 377 1488 575 1544; x_wconf 85' lang='lat' dir='ltr'><strong>clesiao</strong></span> <span class='ocrx_word' id='word_1_100' title='bbox 630 1485 723 1538; x_wconf 90' lang='lat' dir='ltr'><strong>Dei</strong></span> <span class='ocrx_word' id='word_1_101' title='bbox 750 1482 904 1536; x_wconf 63' lang='lat' dir='ltr'><strong>valde</strong></span> <span class='ocrx_word' id='word_1_102' title='bbox 950 1481 1224 1550; x_wconf 87' lang='lat' dir='ltr'><strong>cognoscit</strong></span> <span class='ocrx_word' id='word_1_103' title='bbox 1266 1496 1384 1534; x_wconf 89' lang='lat' dir='ltr'><strong>esse</strong></span> <span class='ocrx_word' id='word_1_104' title='bbox 1414 1482 1766 1536; x_wconf 91' lang='lat' dir='ltr'><strong>contrarium.</strong></span> <span class='ocrx_word' id='word_1_105' title='bbox 1814 1483 1951 1537; x_wconf 88' lang='lat' dir='ltr'><strong>Etsi</strong></span> 
     </span>
    </p>
   </div>
   <div class='ocr_carea' id='block_1_17' title="bbox 377 1571 1952 1646">
    <p class='ocr_par' dir='ltr' id='par_1_17' title="bbox 377 1571 1952 1646">
     <span class='ocr_line' id='line_1_17' title="bbox 377 1571 1952 1646; baseline -0.004 -14"><span class='ocrx_word' id='word_1_106' title='bbox 377 1587 618 1646; x_wconf 83' lang='lat' dir='ltr'><strong>tempora</strong></span> <span class='ocrx_word' id='word_1_107' title='bbox 667 1588 856 1629; x_wconf 91' lang='lat' dir='ltr'><strong>serena</strong></span> <span class='ocrx_word' id='word_1_108' title='bbox 887 1572 1166 1641; x_wconf 87' lang='lat' dir='ltr'><strong>spatiaque</strong></span> <span class='ocrx_word' id='word_1_109' title='bbox 1206 1571 1490 1640; x_wconf 90' lang='lat' dir='ltr'><strong>tranquilla</strong></span> <span class='ocrx_word' id='word_1_110' title='bbox 1537 1572 1792 1626; x_wconf 89' lang='lat' dir='ltr'><strong>divinitus</strong></span> <span class='ocrx_word' id='word_1_111' title='bbox 1837 1572 1952 1626; x_wconf 79' lang='lat' dir='ltr'><strong>fue-</strong></span> 
     </span>
    </p>
   </div>
   <div class='ocr_carea' id='block_1_18' title="bbox 375 1661 1951 1732">
    <p class='ocr_par' dir='ltr' id='par_1_18' title="bbox 375 1661 1951 1732">
     <span class='ocr_line' id='line_1_18' title="bbox 375 1661 1951 1732; baseline -0.003 -10"><span class='ocrx_word' id='word_1_112' title='bbox 375 1670 487 1722; x_wconf 90' lang='lat' dir='ltr'><strong>rint</strong></span> <span class='ocrx_word' id='word_1_113' title='bbox 513 1667 562 1721; x_wconf 91' lang='lat' dir='ltr'><strong>ei</strong></span> <span class='ocrx_word' id='word_1_114' title='bbox 592 1664 823 1729; x_wconf 91' lang='lat' dir='ltr'><strong>conlata,</strong></span> <span class='ocrx_word' id='word_1_115' title='bbox 849 1663 996 1732; x_wconf 89' lang='lat' dir='ltr'><strong>cupit</strong></span> <span class='ocrx_word' id='word_1_116' title='bbox 1043 1662 1109 1716; x_wconf 92' lang='lat' dir='ltr'><strong>ad</strong></span> <span class='ocrx_word' id='word_1_117' title='bbox 1162 1661 1377 1732; x_wconf 90' lang='lat' dir='ltr'><strong>plenum</strong></span> <span class='ocrx_word' id='word_1_118' title='bbox 1407 1664 1696 1716; x_wconf 86' lang='lat' dir='ltr'><strong>secundum</strong></span> <span class='ocrx_word' id='word_1_119' title='bbox 1740 1674 1951 1718; x_wconf 86' lang='lat' dir='ltr'><strong>sancto-</strong></span> 
     </span>
    </p>
   </div>
   <div class='ocr_carea' id='block_1_19' title="bbox 2060 497 3636 580">
    <p class='ocr_par' dir='ltr' id='par_1_19' title="bbox 2060 497 3636 580">
     <span class='ocr_line' id='line_1_19' title="bbox 2060 497 3636 580; baseline 0.009 -34"><span class='ocrx_word' id='word_1_120' title='bbox 2060 501 2260 580; x_wconf 75' lang='lat' dir='ltr'><strong>tuatur,</strong></span> <span class='ocrx_word' id='word_1_121' title='bbox 2284 511 2388 564; x_wconf 89' lang='lat' dir='ltr'><strong>pro</strong></span> <span class='ocrx_word' id='word_1_122' title='bbox 2415 497 2583 549; x_wconf 73' lang='lat' dir='ltr'><strong>verlo</strong></span> <span class='ocrx_word' id='word_1_123' title='bbox 2627 506 2683 550; x_wconf 89' lang='lat' dir='ltr'><strong>et</strong></span> <span class='ocrx_word' id='word_1_124' title='bbox 2711 497 2984 552; x_wconf 80' lang='lat' dir='ltr'><strong>voluntate</strong></span> <span class='ocrx_word' id='word_1_125' title='bbox 3025 500 3219 554; x_wconf 91' lang='lat' dir='ltr'><strong>domno</strong></span> <span class='ocrx_word' id='word_1_126' title='bbox 3247 517 3373 571; x_wconf 84' lang='lat' dir='ltr'><strong>rege</strong></span> <span class='ocrx_word' id='word_1_127' title='bbox 3393 502 3476 557; x_wconf 88' lang='lat' dir='ltr'><strong>vel</strong></span> <span class='ocrx_word' id='word_1_128' title='bbox 3506 520 3636 560; x_wconf 90' lang='lat' dir='ltr'><strong>con-</strong></span> 
     </span>
    </p>
   </div>
   <div class='ocr_carea' id='block_1_20' title="bbox 2057 587 3640 659">
    <p class='ocr_par' dir='ltr' id='par_1_20' title="bbox 2057 587 3640 659">
     <span class='ocr_line' id='line_1_20' title="bbox 2057 587 3640 659; baseline 0.009 -20"><span class='ocrx_word' id='word_1_129' title='bbox 2057 600 2216 640; x_wconf 88' lang='lat' dir='ltr'><strong>senso</strong></span> <span class='ocrx_word' id='word_1_130' title='bbox 2245 603 2526 641; x_wconf 89' lang='lat' dir='ltr'><strong>servorum</strong></span> <span class='ocrx_word' id='word_1_131' title='bbox 2548 587 2666 653; x_wconf 85' lang='lat' dir='ltr'><strong>Dei,</strong></span> <span class='ocrx_word' id='word_1_132' title='bbox 2689 589 2780 659; x_wconf 87' lang='lat' dir='ltr'><strong>qui</strong></span> <span class='ocrx_word' id='word_1_133' title='bbox 2803 591 3095 644; x_wconf 89' lang='lat' dir='ltr'><strong>secundum</strong></span> <span class='ocrx_word' id='word_1_134' title='bbox 3133 590 3376 648; x_wconf 78' lang='lat' dir='ltr'><strong>ordinem</strong></span> <span class='ocrx_word' id='word_1_135' title='bbox 3398 606 3640 652; x_wconf 89' lang='lat' dir='ltr'><strong>sanctam</strong></span> 
     </span>
    </p>
   </div>
   <div class='ocr_carea' id='block_1_21' title="bbox 2057 675 2668 748">
    <p class='ocr_par' dir='ltr' id='par_1_21' title="bbox 2057 675 2668 748">
     <span class='ocr_line' id='line_1_21' title="bbox 2057 675 2668 748; baseline 0.007 -20"><span class='ocrx_word' id='word_1_136' title='bbox 2057 675 2227 745; x_wconf 87' lang='lat' dir='ltr'><strong>ipsam</strong></span> <span class='ocrx_word' id='word_1_137' title='bbox 2249 692 2468 748; x_wconf 79' lang='lat' dir='ltr'><strong>gregem</strong></span> <span class='ocrx_word' id='word_1_138' title='bbox 2499 686 2668 748; x_wconf 85' lang='lat' dir='ltr'><strong>regat.</strong></span> 
     </span>
    </p>
   </div>
   <div class='ocr_carea' id='block_1_22' title="bbox 2127 766 3638 834">
    <p class='ocr_par' dir='ltr' id='par_1_22' title="bbox 2127 766 3638 834">
     <span class='ocr_line' id='line_1_22' title="bbox 2127 766 3638 834; baseline 0.009 -14"><span class='ocrx_word' id='word_1_139' title='bbox 2127 766 2178 821; x_wconf 89' lang='lat'><strong>6.</strong></span> <span class='ocrx_word' id='word_1_140' title='bbox 2202 766 2595 823; x_wconf 90' lang='lat' dir='ltr'><strong>Constituimus</strong></span> <span class='ocrx_word' id='word_1_141' title='bbox 2614 778 2674 824; x_wconf 93' lang='lat' dir='ltr'><strong>ut</strong></span> <span class='ocrx_word' id='word_1_142' title='bbox 2711 770 2855 825; x_wconf 90' lang='lat' dir='ltr'><strong>nulla</strong></span> <span class='ocrx_word' id='word_1_143' title='bbox 2885 771 3156 827; x_wconf 88' lang='lat' dir='ltr'><strong>abbatissa</strong></span> <span class='ocrx_word' id='word_1_144' title='bbox 3186 774 3288 829; x_wconf 89' lang='lat' dir='ltr'><strong>dua</strong></span> <span class='ocrx_word' id='word_1_145' title='bbox 3312 779 3638 834; x_wconf 86' lang='lat' dir='ltr'><strong>monasteria</strong></span> 
     </span>
    </p>
   </div>
   <div class='ocr_carea' id='block_1_23' title="bbox 2055 861 3637 929">
    <p class='ocr_par' dir='ltr' id='par_1_23' title="bbox 2055 861 3637 929">
     <span class='ocr_line' id='line_1_23' title="bbox 2055 861 3637 929; baseline 0.007 -16"><span class='ocrx_word' id='word_1_146' title='bbox 2055 874 2162 913; x_wconf 90' lang='lat' dir='ltr'><strong>non</strong></span> <span class='ocrx_word' id='word_1_147' title='bbox 2191 867 2507 929; x_wconf 89' lang='lat' dir='ltr'><strong>praesumat</strong></span> <span class='ocrx_word' id='word_1_148' title='bbox 2544 861 2764 927; x_wconf 89' lang='lat' dir='ltr'><strong>habere,</strong></span> <span class='ocrx_word' id='word_1_149' title='bbox 2797 877 2897 916; x_wconf 92' lang='lat' dir='ltr'><strong>nec</strong></span> <span class='ocrx_word' id='word_1_150' title='bbox 2939 872 3094 918; x_wconf 90' lang='lat' dir='ltr'><strong>extra</strong></span> <span class='ocrx_word' id='word_1_151' title='bbox 3142 869 3527 923; x_wconf 82' lang='lat' dir='ltr'><strong>monasterium</strong></span> <span class='ocrx_word' id='word_1_152' title='bbox 3574 868 3637 924; x_wconf 81' lang='lat' dir='ltr'><strong>li-</strong></span> 
     </span>
    </p>
   </div>
   <div class='ocr_carea' id='block_1_24' title="bbox 2055 949 3638 1025">
    <p class='ocr_par' dir='ltr' id='par_1_24' title="bbox 2055 949 3638 1025">
     <span class='ocr_line' id='line_1_24' title="bbox 2055 949 3638 1025; baseline 0.008 -23"><span class='ocrx_word' id='word_1_153' title='bbox 2055 949 2286 1003; x_wconf 88' lang='lat' dir='ltr'><strong>centiam</strong></span> <span class='ocrx_word' id='word_1_154' title='bbox 2333 949 2506 1014; x_wconf 82' lang='lat' dir='ltr'><strong>exire,</strong></span> <span class='ocrx_word' id='word_1_155' title='bbox 2534 951 2635 1004; x_wconf 90' lang='lat' dir='ltr'><strong>nisi</strong></span> <span class='ocrx_word' id='word_1_156' title='bbox 2665 952 2958 1007; x_wconf 77' lang='lat' dir='ltr'><strong>hostilitate</strong></span> <span class='ocrx_word' id='word_1_157' title='bbox 3006 964 3248 1025; x_wconf 88' lang='lat' dir='ltr'><strong>cogente.</strong></span> <span class='ocrx_word' id='word_1_158' title='bbox 3275 955 3381 1010; x_wconf 91' lang='lat' dir='ltr'><strong>Sed</strong></span> <span class='ocrx_word' id='word_1_159' title='bbox 3411 959 3638 1016; x_wconf 86' lang='lat' dir='ltr'><strong>domnus</strong></span> 
     </span>
    </p>
   </div>
   <div class='ocr_carea' id='block_1_25' title="bbox 2055 1039 3634 1118">
    <p class='ocr_par' dir='ltr' id='par_1_25' title="bbox 2055 1039 3634 1118">
     <span class='ocr_line' id='line_1_25' title="bbox 2055 1039 3634 1118; baseline 0.01 -28"><span class='ocrx_word' id='word_1_160' title='bbox 2055 1053 2151 1092; x_wconf 82' lang='lat' dir='ltr'><strong>rex</strong></span> <span class='ocrx_word' id='word_1_161' title='bbox 2186 1039 2336 1105; x_wconf 88' lang='lat' dir='ltr'><strong>dicit,</strong></span> <span class='ocrx_word' id='word_1_162' title='bbox 2369 1041 2514 1110; x_wconf 72' lang='grc' dir='ltr'><strong>(ιιιθίι</strong></span> <span class='ocrx_word' id='word_1_163' title='bbox 2538 1040 2688 1095; x_wconf 81' lang='lat' dir='ltr'><strong>vellit</strong></span> <span class='ocrx_word' id='word_1_164' title='bbox 2722 1050 2782 1095; x_wconf 91' lang='lat' dir='ltr'><strong>ut</strong></span> <span class='ocrx_word' id='word_1_165' title='bbox 2806 1045 3023 1112; x_wconf 85' lang='lat' dir='ltr'><strong>quando</strong></span> <span class='ocrx_word' id='word_1_166' title='bbox 3064 1044 3271 1115; x_wconf 90' lang='lat' dir='ltr'><strong>aliquas</strong></span> <span class='ocrx_word' id='word_1_167' title='bbox 3301 1048 3366 1101; x_wconf 90' lang='lat' dir='ltr'><strong>de</strong></span> <span class='ocrx_word' id='word_1_168' title='bbox 3403 1048 3514 1118; x_wconf 89' lang='lat' dir='ltr'><strong>ipsa</strong></span> <span class='ocrx_word' id='word_1_169' title='bbox 3536 1052 3634 1106; x_wconf 84' lang='lat' dir='ltr'><strong>ab-</strong></span> 
     </span>
    </p>
   </div>
   <div class='ocr_carea' id='block_1_26' title="bbox 2053 1128 3638 1205">
    <p class='ocr_par' dir='ltr' id='par_1_26' title="bbox 2053 1128 3638 1205">
     <span class='ocr_line' id='line_1_26' title="bbox 2053 1128 3638 1205; baseline 0.009 -24"><span class='ocrx_word' id='word_1_170' title='bbox 2053 1128 2283 1183; x_wconf 89' lang='lat' dir='ltr'><strong>batissas</strong></span> <span class='ocrx_word' id='word_1_171' title='bbox 2310 1129 2424 1200; x_wconf 91' lang='lat' dir='ltr'><strong>ipse</strong></span> <span class='ocrx_word' id='word_1_172' title='bbox 2451 1130 2680 1185; x_wconf 88' lang='lat' dir='ltr'><strong>domnus</strong></span> <span class='ocrx_word' id='word_1_173' title='bbox 2708 1147 2804 1186; x_wconf 83' lang='lat' dir='ltr'><strong>rex</strong></span> <span class='ocrx_word' id='word_1_174' title='bbox 2834 1133 2900 1188; x_wconf 92' lang='lat' dir='ltr'><strong>ad</strong></span> <span class='ocrx_word' id='word_1_175' title='bbox 2944 1148 3003 1188; x_wconf 91' lang='lat' dir='ltr'><strong>se</strong></span> <span class='ocrx_word' id='word_1_176' title='bbox 3056 1134 3276 1190; x_wconf 87' lang='lat' dir='ltr'><strong>iusserit</strong></span> <span class='ocrx_word' id='word_1_177' title='bbox 3317 1138 3522 1205; x_wconf 87' lang='lat' dir='ltr'><strong>venire,</strong></span> <span class='ocrx_word' id='word_1_178' title='bbox 3552 1155 3638 1196; x_wconf 60' lang='grc' dir='ltr'><strong>εει</strong></span> 
     </span>
    </p>
   </div>
   <div class='ocr_carea' id='block_1_27' title="bbox 2052 1215 3634 1298">
    <p class='ocr_par' dir='ltr' id='par_1_27' title="bbox 2052 1215 3634 1298">
     <span class='ocr_line' id='line_1_27' title="bbox 2052 1215 3634 1298; baseline 0.006 -24"><span class='ocrx_word' id='word_1_179' title='bbox 2052 1219 2159 1274; x_wconf 90' lang='lat' dir='ltr'><strong>mel</strong></span> <span class='ocrx_word' id='word_1_180' title='bbox 2185 1221 2238 1274; x_wconf 92' lang='lat' dir='ltr'><strong>in</strong></span> <span class='ocrx_word' id='word_1_181' title='bbox 2261 1236 2402 1275; x_wconf 92' lang='lat' dir='ltr'><strong>anno</strong></span> <span class='ocrx_word' id='word_1_182' title='bbox 2430 1230 2487 1275; x_wconf 90' lang='lat' dir='ltr'><strong>et</strong></span> <span class='ocrx_word' id='word_1_183' title='bbox 2516 1237 2612 1290; x_wconf 87' lang='lat' dir='ltr'><strong>per</strong></span> <span class='ocrx_word' id='word_1_184' title='bbox 2636 1236 2898 1277; x_wconf 78' lang='lat' dir='ltr'><strong>consensa</strong></span> <span class='ocrx_word' id='word_1_185' title='bbox 2923 1215 3158 1294; x_wconf 88' lang='lat' dir='ltr'><strong>episcopi</strong></span> <span class='ocrx_word' id='word_1_186' title='bbox 3189 1225 3240 1278; x_wconf 92' lang='lat' dir='ltr'><strong>in</strong></span> <span class='ocrx_word' id='word_1_187' title='bbox 3271 1227 3423 1282; x_wconf 91' lang='lat' dir='ltr'><strong>cuius</strong></span> <span class='ocrx_word' id='word_1_188' title='bbox 3442 1244 3634 1298; x_wconf 78' lang='lat' dir='ltr'><strong>parro—</strong></span> 
     </span>
    </p>
   </div>
   <div class='ocr_carea' id='block_1_28' title="bbox 2053 1309 3636 1380">
    <p class='ocr_par' dir='ltr' id='par_1_28' title="bbox 2053 1309 3636 1380">
     <span class='ocr_line' id='line_1_28' title="bbox 2053 1309 3636 1380; baseline 0.007 -18"><span class='ocrx_word' id='word_1_189' title='bbox 2053 1309 2172 1362; x_wconf 90' lang='lat' dir='ltr'><strong>chia</strong></span> <span class='ocrx_word' id='word_1_190' title='bbox 2197 1317 2301 1374; x_wconf 80' lang='lat' dir='ltr'><strong>est,</strong></span> <span class='ocrx_word' id='word_1_191' title='bbox 2334 1318 2393 1363; x_wconf 94' lang='lat' dir='ltr'><strong>ut</strong></span> <span class='ocrx_word' id='word_1_192' title='bbox 2430 1319 2559 1364; x_wconf 91' lang='lat' dir='ltr'><strong>tunc</strong></span> <span class='ocrx_word' id='word_1_193' title='bbox 2586 1311 2652 1364; x_wconf 89' lang='lat' dir='ltr'><strong>ad</strong></span> <span class='ocrx_word' id='word_1_194' title='bbox 2681 1325 2804 1363; x_wconf 90' lang='lat' dir='ltr'><strong>eum</strong></span> <span class='ocrx_word' id='word_1_195' title='bbox 2833 1311 3042 1380; x_wconf 88' lang='lat' dir='ltr'><strong>aliquas</strong></span> <span class='ocrx_word' id='word_1_196' title='bbox 3066 1314 3302 1380; x_wconf 86' lang='lat' dir='ltr'><strong>veniant,</strong></span> <span class='ocrx_word' id='word_1_197' title='bbox 3325 1324 3382 1369; x_wconf 91' lang='lat' dir='ltr'><strong>et</strong></span> <span class='ocrx_word' id='word_1_198' title='bbox 3399 1331 3497 1371; x_wconf 92' lang='lat' dir='ltr'><strong>sua</strong></span> <span class='ocrx_word' id='word_1_199' title='bbox 3530 1318 3636 1374; x_wconf 86' lang='lat' dir='ltr'><strong>ius-</strong></span> 
     </span>
    </p>
   </div>
   <div class='ocr_carea' id='block_1_29' title="bbox 2050 1399 3636 1465">
    <p class='ocr_par' dir='ltr' id='par_1_29' title="bbox 2050 1399 3636 1465">
     <span class='ocr_line' id='line_1_29' title="bbox 2050 1399 3636 1465; baseline 0.008 -13"><span class='ocrx_word' id='word_1_200' title='bbox 2050 1399 2222 1464; x_wconf 86' lang='lat' dir='ltr'><strong>sione,</strong></span> <span class='ocrx_word' id='word_1_201' title='bbox 2254 1400 2296 1454; x_wconf 92' lang='lat' dir='ltr'><strong>si</strong></span> <span class='ocrx_word' id='word_1_202' title='bbox 2322 1401 2618 1454; x_wconf 74' lang='lat' dir='ltr'><strong>necessitas</strong></span> <span class='ocrx_word' id='word_1_203' title='bbox 2665 1399 2846 1465; x_wconf 84' lang='lat' dir='ltr'><strong>fuerit,</strong></span> <span class='ocrx_word' id='word_1_204' title='bbox 2876 1410 2932 1456; x_wconf 92' lang='lat' dir='ltr'><strong>et</strong></span> <span class='ocrx_word' id='word_1_205' title='bbox 2951 1402 3112 1456; x_wconf 87' lang='lat' dir='ltr'><strong>aliubi</strong></span> <span class='ocrx_word' id='word_1_206' title='bbox 3151 1405 3370 1460; x_wconf 91' lang='lat' dir='ltr'><strong>omnino</strong></span> <span class='ocrx_word' id='word_1_207' title='bbox 3393 1423 3498 1463; x_wconf 92' lang='lat' dir='ltr'><strong>non</strong></span> <span class='ocrx_word' id='word_1_208' title='bbox 3538 1411 3636 1464; x_wconf 84' lang='lat' dir='ltr'><strong>de-</strong></span> 
     </span>
    </p>
   </div>
   <div class='ocr_carea' id='block_1_30' title="bbox 2049 1485 3636 1563">
    <p class='ocr_par' dir='ltr' id='par_1_30' title="bbox 2049 1485 3636 1563">
     <span class='ocr_line' id='line_1_30' title="bbox 2049 1485 3636 1563; baseline 0.008 -23"><span class='ocrx_word' id='word_1_209' title='bbox 2049 1485 2178 1543; x_wconf 90' lang='lat' dir='ltr'><strong>beat</strong></span> <span class='ocrx_word' id='word_1_210' title='bbox 2197 1504 2295 1543; x_wconf 90' lang='lat' dir='ltr'><strong>nec</strong></span> <span class='ocrx_word' id='word_1_211' title='bbox 2323 1506 2418 1559; x_wconf 89' lang='lat' dir='ltr'><strong>per</strong></span> <span class='ocrx_word' id='word_1_212' title='bbox 2445 1489 2600 1544; x_wconf 88' lang='lat' dir='ltr'><strong>villas</strong></span> <span class='ocrx_word' id='word_1_213' title='bbox 2628 1488 2750 1560; x_wconf 89' lang='lat' dir='ltr'><strong>[nec</strong></span> <span class='ocrx_word' id='word_1_214' title='bbox 2778 1507 2875 1560; x_wconf 85' lang='lat' dir='ltr'><strong>per</strong></span> <span class='ocrx_word' id='word_1_215' title='bbox 2902 1491 3028 1563; x_wconf 79' lang='lat' dir='ltr'><strong>alia]</strong></span> <span class='ocrx_word' id='word_1_216' title='bbox 3063 1491 3178 1546; x_wconf 91' lang='lat' dir='ltr'><strong>loca</strong></span> <span class='ocrx_word' id='word_1_217' title='bbox 3204 1496 3507 1562; x_wconf 86' lang='lat' dir='ltr'><strong>demorare,</strong></span> <span class='ocrx_word' id='word_1_218' title='bbox 3531 1498 3636 1553; x_wconf 87' lang='lat' dir='ltr'><strong>nisi</strong></span> 
     </span>
    </p>
   </div>
   <div class='ocr_carea' id='block_1_31' title="bbox 2050 1579 3637 1650">
    <p class='ocr_par' dir='ltr' id='par_1_31' title="bbox 2050 1579 3637 1650">
     <span class='ocr_line' id='line_1_31' title="bbox 2050 1579 3637 1650; baseline 0.006 -17"><span class='ocrx_word' id='word_1_219' title='bbox 2050 1587 2255 1634; x_wconf 87' lang='lat' dir='ltr'><strong>tantum</strong></span> <span class='ocrx_word' id='word_1_220' title='bbox 2297 1595 2416 1633; x_wconf 91' lang='lat' dir='ltr'><strong>cum</strong></span> <span class='ocrx_word' id='word_1_221' title='bbox 2447 1579 2676 1634; x_wconf 89' lang='lat' dir='ltr'><strong>celerius</strong></span> <span class='ocrx_word' id='word_1_222' title='bbox 2715 1581 2951 1650; x_wconf 90' lang='lat' dir='ltr'><strong>potuerit</strong></span> <span class='ocrx_word' id='word_1_223' title='bbox 2975 1583 3042 1635; x_wconf 90' lang='lat' dir='ltr'><strong>ad</strong></span> <span class='ocrx_word' id='word_1_224' title='bbox 3071 1583 3447 1639; x_wconf 86' lang='lat' dir='ltr'><strong>ambulandum</strong></span> <span class='ocrx_word' id='word_1_225' title='bbox 3476 1594 3532 1640; x_wconf 88' lang='lat' dir='ltr'><strong>et</strong></span> <span class='ocrx_word' id='word_1_226' title='bbox 3569 1588 3637 1642; x_wconf 91' lang='lat' dir='ltr'><strong>ad</strong></span> 
     </span>
    </p>
   </div>
   <div class='ocr_carea' id='block_1_32' title="bbox 2050 1671 3636 1733">
    <p class='ocr_par' dir='ltr' id='par_1_32' title="bbox 2050 1671 3636 1733">
     <span class='ocr_line' id='line_1_32' title="bbox 2050 1671 3636 1733; baseline 0.006 -10"><span class='ocrx_word' id='word_1_227' title='bbox 2050 1671 2448 1725; x_wconf 85' lang='lat' dir='ltr'><strong>revertendum.</strong></span> <span class='ocrx_word' id='word_1_228' title='bbox 2480 1671 2549 1724; x_wconf 87' lang='lat' dir='ltr'><strong>Et</strong></span> <span class='ocrx_word' id='word_1_229' title='bbox 2575 1680 2701 1724; x_wconf 87' lang='lat' dir='ltr'><strong>ante</strong></span> <span class='ocrx_word' id='word_1_230' title='bbox 2729 1688 2833 1726; x_wconf 92' lang='lat' dir='ltr'><strong>non</strong></span> <span class='ocrx_word' id='word_1_231' title='bbox 2864 1682 3111 1726; x_wconf 86' lang='lat' dir='ltr'><strong>movetur</strong></span> <span class='ocrx_word' id='word_1_232' title='bbox 3134 1675 3200 1729; x_wconf 91' lang='lat' dir='ltr'><strong>de</strong></span> <span class='ocrx_word' id='word_1_233' title='bbox 3228 1691 3326 1730; x_wconf 92' lang='lat' dir='ltr'><strong>suo</strong></span> <span class='ocrx_word' id='word_1_234' title='bbox 3364 1688 3636 1733; x_wconf 81' lang='lat' dir='ltr'><strong>monaste-</strong></span> 
     </span>
    </p>
   </div>
   <div class='ocr_carea' id='block_1_33' title="bbox 376 1751 3635 1834">
    <p class='ocr_par' dir='ltr' id='par_1_33' title="bbox 376 1751 3635 1834">
     <span class='ocr_line' id='line_1_33' title="bbox 376 1751 3635 1834; baseline 0.003 -23"><span class='ocrx_word' id='word_1_235' title='bbox 376 1773 496 1813; x_wconf 89' lang='lat' dir='ltr'><strong>rnm</strong></span> <span class='ocrx_word' id='word_1_236' title='bbox 537 1769 790 1819; x_wconf 87' lang='lat' dir='ltr'><strong>canones,</strong></span> <span class='ocrx_word' id='word_1_237' title='bbox 819 1753 1027 1823; x_wconf 90' lang='lat' dir='ltr'><strong>plenius</strong></span> <span class='ocrx_word' id='word_1_238' title='bbox 1069 1751 1364 1822; x_wconf 87' lang='lat' dir='ltr'><strong>opitulante</strong></span> <span class='ocrx_word' id='word_1_239' title='bbox 1391 1752 1568 1806; x_wconf 88' lang='lat' dir='ltr'><strong>divina</strong></span> <span class='ocrx_word' id='word_1_240' title='bbox 1597 1754 1792 1824; x_wconf 90' lang='lat' dir='ltr'><strong>gratia,</strong></span> <span class='ocrx_word' id='word_1_241' title='bbox 1837 1771 1950 1810; x_wconf 88' lang='lat' dir='ltr'><strong>me-</strong></span> <span class='ocrx_word' id='word_1_242' title='bbox 1981 1755 2025 1816; x_wconf 84' lang='lat' dir='ltr'><strong>B</strong></span> <span class='ocrx_word' id='word_1_243' title='bbox 2055 1760 2134 1812; x_wconf 91' lang='lat' dir='ltr'><strong>rio</strong></span> <span class='ocrx_word' id='word_1_244' title='bbox 2157 1769 2442 1830; x_wconf 88' lang='lat' dir='ltr'><strong>antequam</strong></span> <span class='ocrx_word' id='word_1_245' title='bbox 2473 1776 2628 1814; x_wconf 90' lang='lat' dir='ltr'><strong>suum</strong></span> <span class='ocrx_word' id='word_1_246' title='bbox 2652 1761 2873 1815; x_wconf 90' lang='lat' dir='ltr'><strong>missum</strong></span> <span class='ocrx_word' id='word_1_247' title='bbox 2891 1763 2958 1816; x_wconf 91' lang='lat' dir='ltr'><strong>ad</strong></span> <span class='ocrx_word' id='word_1_248' title='bbox 2977 1762 3232 1817; x_wconf 86' lang='lat' dir='ltr'><strong>domuum</strong></span> <span class='ocrx_word' id='word_1_249' title='bbox 3261 1779 3440 1834; x_wconf 86' lang='lat' dir='ltr'><strong>regem</strong></span> <span class='ocrx_word' id='word_1_250' title='bbox 3465 1775 3635 1822; x_wconf 45' lang='lat' dir='ltr'><strong>trans‘</strong></span> 
     </span>
    </p>
   </div>
   <div class='ocr_carea' id='block_1_34' title="bbox 374 1842 1952 1917">
    <p class='ocr_par' dir='ltr' id='par_1_34' title="bbox 374 1842 1952 1917">
     <span class='ocr_line' id='line_1_34' title="bbox 374 1842 1952 1917; baseline -0.003 -14"><span class='ocrx_word' id='word_1_251' title='bbox 374 1849 498 1910; x_wconf 89' lang='lat' dir='ltr'><strong>lius,</strong></span> <span class='ocrx_word' id='word_1_252' title='bbox 537 1844 849 1917; x_wconf 84' lang='lat' dir='ltr'><strong>perfectius,</strong></span> <span class='ocrx_word' id='word_1_253' title='bbox 880 1843 1230 1913; x_wconf 82' lang='lat' dir='ltr'><strong>integraeque</strong></span> <span class='ocrx_word' id='word_1_254' title='bbox 1271 1842 1487 1897; x_wconf 90' lang='lat' dir='ltr'><strong>inantea</strong></span> <span class='ocrx_word' id='word_1_255' title='bbox 1513 1857 1856 1899; x_wconf 87' lang='lat' dir='ltr'><strong>conservare.</strong></span> <span class='ocrx_word' id='word_1_256' title='bbox 1887 1843 1952 1899; x_wconf 89' lang='lat' dir='ltr'><strong>Et</strong></span> 
     </span>
    </p>
   </div>
   <div class='ocr_carea' id='block_1_35' title="bbox 373 1935 1953 2004">
    <p class='ocr_par' dir='ltr' id='par_1_35' title="bbox 373 1935 1953 2004">
     <span class='ocr_line' id='line_1_35' title="bbox 373 1935 1953 2004; baseline -0.003 -10"><span class='ocrx_word' id='word_1_257' title='bbox 373 1935 599 1995; x_wconf 59' lang='lat' dir='ltr'><strong>cum‘ita</strong></span> <span class='ocrx_word' id='word_1_258' title='bbox 621 1937 820 1990; x_wconf 81' lang='lat' dir='ltr'><strong>factum</strong></span> <span class='ocrx_word' id='word_1_259' title='bbox 847 1935 1030 1999; x_wconf 80' lang='lat' dir='ltr'><strong>fuerit,</strong></span> <span class='ocrx_word' id='word_1_260' title='bbox 1051 1942 1284 1999; x_wconf 87' lang='lat' dir='ltr'><strong>cessent,</strong></span> <span class='ocrx_word' id='word_1_261' title='bbox 1309 1935 1446 1989; x_wconf 89' lang='lat' dir='ltr'><strong>haec</strong></span> <span class='ocrx_word' id='word_1_262' title='bbox 1472 1949 1611 2004; x_wconf 89' lang='lat' dir='ltr'><strong>quae</strong></span> <span class='ocrx_word' id='word_1_263' title='bbox 1635 1935 1953 1990; x_wconf 86' lang='lat' dir='ltr'><strong>necessitate</strong></span> 
     </span>
    </p>
   </div>
   <div class='ocr_carea' id='block_1_36' title="bbox 373 2026 1950 2102">
    <p class='ocr_par' dir='ltr' id='par_1_36' title="bbox 373 2026 1950 2102">
     <span class='ocr_line' id='line_1_36' title="bbox 373 2026 1950 2102; baseline -0.004 -16"><span class='ocrx_word' id='word_1_264' title='bbox 373 2039 597 2102; x_wconf 88' lang='lat' dir='ltr'><strong>cogente</strong></span> <span class='ocrx_word' id='word_1_265' title='bbox 618 2045 685 2084; x_wconf 87' lang='lat' dir='ltr'><strong>ex</strong></span> <span class='ocrx_word' id='word_1_266' title='bbox 707 2028 878 2084; x_wconf 87' lang='lat' dir='ltr'><strong>sacris</strong></span> <span class='ocrx_word' id='word_1_267' title='bbox 898 2026 1194 2081; x_wconf 90' lang='lat' dir='ltr'><strong>canonibns</strong></span> <span class='ocrx_word' id='word_1_268' title='bbox 1220 2026 1497 2080; x_wconf 88' lang='lat' dir='ltr'><strong>remissius</strong></span> <span class='ocrx_word' id='word_1_269' title='bbox 1521 2035 1648 2081; x_wconf 90' lang='lat' dir='ltr'><strong>sunt</strong></span> <span class='ocrx_word' id='word_1_270' title='bbox 1673 2035 1950 2097; x_wconf 79' lang='lat' dir='ltr'><strong>excerpta,</strong></span> 
     </span>
    </p>
   </div>
   <div class='ocr_carea' id='block_1_37' title="bbox 373 2113 1952 2188">
    <p class='ocr_par' dir='ltr' id='par_1_37' title="bbox 373 2113 1952 2188">
     <span class='ocr_line' id='line_1_37' title="bbox 373 2113 1952 2188; baseline -0.004 -13"><span class='ocrx_word' id='word_1_271' title='bbox 373 2127 735 2188; x_wconf 90' lang='lat' dir='ltr'><strong>maneantque</strong></span> <span class='ocrx_word' id='word_1_272' title='bbox 774 2115 1016 2188; x_wconf 82' lang='lat' dir='ltr'><strong>praefata</strong></span> <span class='ocrx_word' id='word_1_273' title='bbox 1043 2115 1159 2169; x_wconf 89' lang='lat' dir='ltr'><strong>iura</strong></span> <span class='ocrx_word' id='word_1_274' title='bbox 1197 2115 1452 2170; x_wconf 92' lang='lat' dir='ltr'><strong>canonica</strong></span> <span class='ocrx_word' id='word_1_275' title='bbox 1482 2113 1789 2168; x_wconf 89' lang='lat' dir='ltr'><strong>ﬁrmissima</strong></span> <span class='ocrx_word' id='word_1_276' title='bbox 1817 2116 1952 2169; x_wconf 87' lang='lat' dir='ltr'><strong>inte-</strong></span> 
     </span>
    </p>
   </div>
   <div class='ocr_carea' id='block_1_38' title="bbox 372 2204 1952 2281">
    <p class='ocr_par' dir='ltr' id='par_1_38' title="bbox 372 2204 1952 2281">
     <span class='ocr_line' id='line_1_38' title="bbox 372 2204 1952 2281; baseline -0.004 -17"><span class='ocrx_word' id='word_1_277' title='bbox 372 2227 467 2281; x_wconf 80' lang='lat' dir='ltr'><strong>gra</strong></span> <span class='ocrx_word' id='word_1_278' title='bbox 499 2217 661 2278; x_wconf 90' lang='lat' dir='ltr'><strong>atque</strong></span> <span class='ocrx_word' id='word_1_279' title='bbox 707 2208 1046 2263; x_wconf 88' lang='lat' dir='ltr'><strong>intemerata.</strong></span> <span class='ocrx_word' id='word_1_280' title='bbox 1085 2205 1286 2258; x_wconf 89' lang='lat' dir='ltr'><strong>Tamen</strong></span> <span class='ocrx_word' id='word_1_281' title='bbox 1333 2204 1551 2258; x_wconf 89' lang='lat' dir='ltr'><strong>interim</strong></span> <span class='ocrx_word' id='word_1_282' title='bbox 1579 2205 1722 2273; x_wconf 88' lang='lat' dir='ltr'><strong>quod</strong></span> <span class='ocrx_word' id='word_1_283' title='bbox 1759 2204 1952 2258; x_wconf 88' lang='lat' dir='ltr'><strong>melius</strong></span> 
     </span>
    </p>
   </div>
   <div class='ocr_carea' id='block_1_39' title="bbox 371 2293 1952 2372">
    <p class='ocr_par' dir='ltr' id='par_1_39' title="bbox 371 2293 1952 2372">
     <span class='ocr_line' id='line_1_39' title="bbox 371 2293 1952 2372; baseline -0.003 -19"><span class='ocrx_word' id='word_1_284' title='bbox 371 2314 676 2372; x_wconf 85' lang='lat' dir='ltr'><strong>possumus,</strong></span> <span class='ocrx_word' id='word_1_285' title='bbox 707 2299 842 2352; x_wconf 91' lang='lat' dir='ltr'><strong>haec</strong></span> <span class='ocrx_word' id='word_1_286' title='bbox 885 2295 1194 2351; x_wconf 89' lang='lat' dir='ltr'><strong>inconvulsa</strong></span> <span class='ocrx_word' id='word_1_287' title='bbox 1235 2304 1398 2364; x_wconf 83' lang='lat' dir='ltr'><strong>atque</strong></span> <span class='ocrx_word' id='word_1_288' title='bbox 1438 2293 1689 2348; x_wconf 89' lang='lat' dir='ltr'><strong>inviolata</strong></span> <span class='ocrx_word' id='word_1_289' title='bbox 1718 2309 1837 2349; x_wconf 89' lang='lat' dir='ltr'><strong>esse</strong></span> <span class='ocrx_word' id='word_1_290' title='bbox 1859 2308 1952 2348; x_wconf 90' lang='lat' dir='ltr'><strong>cu-</strong></span> 
     </span>
    </p>
   </div>
   <div class='ocr_carea' id='block_1_40' title="bbox 371 2389 1950 2462">
    <p class='ocr_par' dir='ltr' id='par_1_40' title="bbox 371 2389 1950 2462">
     <span class='ocr_line' id='line_1_40' title="bbox 371 2389 1950 2462; baseline -0.005 -16"><span class='ocrx_word' id='word_1_291' title='bbox 371 2394 567 2462; x_wconf 86' lang='lat' dir='ltr'><strong>pimus.</strong></span> <span class='ocrx_word' id='word_1_292' title='bbox 590 2391 832 2461; x_wconf 88' lang='lat' dir='ltr'><strong>lpsarum</strong></span> <span class='ocrx_word' id='word_1_293' title='bbox 854 2389 997 2443; x_wconf 89' lang='lat' dir='ltr'><strong>enim</strong></span> <span class='ocrx_word' id='word_1_294' title='bbox 1022 2403 1224 2451; x_wconf 87' lang='lat' dir='ltr'><strong>rerum,</strong></span> <span class='ocrx_word' id='word_1_295' title='bbox 1247 2401 1384 2456; x_wconf 85' lang='lat' dir='ltr'><strong>quae</strong></span> <span class='ocrx_word' id='word_1_296' title='bbox 1407 2402 1506 2456; x_wconf 90' lang='lat' dir='ltr'><strong>pro</strong></span> <span class='ocrx_word' id='word_1_297' title='bbox 1527 2394 1709 2440; x_wconf 89' lang='lat' dir='ltr'><strong>nostra</strong></span> <span class='ocrx_word' id='word_1_298' title='bbox 1733 2401 1950 2440; x_wconf 89' lang='lat' dir='ltr'><strong>aemen-</strong></span> 
     </span>
    </p>
   </div>
   <div class='ocr_carea' id='block_1_41' title="bbox 368 2463 1950 2549">
    <p class='ocr_par' dir='ltr' id='par_1_41' title="bbox 368 2463 1950 2549">
     <span class='ocr_line' id='line_1_41' title="bbox 368 2463 1950 2549; baseline -0.004 -13"><span class='ocrx_word' id='word_1_299' title='bbox 368 2484 584 2537; x_wconf 89' lang='lat' dir='ltr'><strong>datione</strong></span> <span class='ocrx_word' id='word_1_300' title='bbox 612 2463 928 2536; x_wconf 82' lang='lat' dir='ltr'><strong>cemmunae</strong></span> <span class='ocrx_word' id='word_1_301' title='bbox 979 2486 1104 2533; x_wconf 92' lang='lat' dir='ltr'><strong>sunt</strong></span> <span class='ocrx_word' id='word_1_302' title='bbox 1129 2477 1359 2549; x_wconf 80' lang='lat' dir='ltr'><strong>prolata,</strong></span> <span class='ocrx_word' id='word_1_303' title='bbox 1389 2491 1486 2546; x_wconf 90' lang='lat' dir='ltr'><strong>per</strong></span> <span class='ocrx_word' id='word_1_304' title='bbox 1513 2477 1763 2531; x_wconf 91' lang='lat' dir='ltr'><strong>distincta</strong></span> <span class='ocrx_word' id='word_1_305' title='bbox 1803 2477 1950 2545; x_wconf 82' lang='lat' dir='ltr'><strong>capi-</strong></span> 
     </span>
    </p>
   </div>
   <div class='ocr_carea' id='block_1_42' title="bbox 371 2567 1945 2632">
    <p class='ocr_par' dir='ltr' id='par_1_42' title="bbox 371 2567 1945 2632">
     <span class='ocr_line' id='line_1_42' title="bbox 371 2567 1945 2632; baseline -0.004 -6"><span class='ocrx_word' id='word_1_306' title='bbox 371 2571 480 2626; x_wconf 89' lang='lat' dir='ltr'><strong>tula</strong></span> <span class='ocrx_word' id='word_1_307' title='bbox 534 2572 720 2627; x_wconf 83' lang='lat' dir='ltr'><strong>subter</strong></span> <span class='ocrx_word' id='word_1_308' title='bbox 769 2578 1021 2626; x_wconf 90' lang='lat' dir='ltr'><strong>tenuntur</strong></span> <span class='ocrx_word' id='word_1_309' title='bbox 1074 2569 1294 2623; x_wconf 88' lang='lat' dir='ltr'><strong>inserta.</strong></span> <span class='ocrx_word' id='word_1_310' title='bbox 1349 2567 1470 2622; x_wconf 89' lang='lat' dir='ltr'><strong>Dat.</strong></span> <span class='ocrx_word' id='word_1_311' title='bbox 1521 2567 1601 2620; x_wconf 72' lang='lat'><strong>2°.</strong></span> <span class='ocrx_word' id='word_1_312' title='bbox 1642 2567 1765 2621; x_wconf 91' lang='lat' dir='ltr'><strong>ldus</strong></span> <span class='ocrx_word' id='word_1_313' title='bbox 1808 2567 1945 2632; x_wconf 90' lang='lat' dir='ltr'><strong>Iulii,</strong></span> 
     </span>
    </p>
   </div>
   <div class='ocr_carea' id='block_1_43' title="bbox 369 2657 1948 2732">
    <p class='ocr_par' dir='ltr' id='par_1_43' title="bbox 369 2657 1948 2732">
     <span class='ocr_line' id='line_1_43' title="bbox 369 2657 1948 2732; baseline -0.002 -16"><span class='ocrx_word' id='word_1_314' title='bbox 369 2677 510 2717; x_wconf 89' lang='lat' dir='ltr'><strong>anno</strong></span> <span class='ocrx_word' id='word_1_315' title='bbox 536 2671 728 2732; x_wconf 85' lang='lat' dir='ltr'><strong>quarto</strong></span> <span class='ocrx_word' id='word_1_316' title='bbox 751 2670 1007 2732; x_wconf 88' lang='lat' dir='ltr'><strong>regnante</strong></span> <span class='ocrx_word' id='word_1_317' title='bbox 1034 2660 1230 2715; x_wconf 89' lang='lat' dir='ltr'><strong>domno</strong></span> <span class='ocrx_word' id='word_1_318' title='bbox 1271 2667 1455 2714; x_wconf 90' lang='lat' dir='ltr'><strong>nostro</strong></span> <span class='ocrx_word' id='word_1_319' title='bbox 1498 2657 1723 2728; x_wconf 86' lang='lat' dir='ltr'><strong>Pippino</strong></span> <span class='ocrx_word' id='word_1_320' title='bbox 1752 2657 1948 2728; x_wconf 87' lang='lat' dir='ltr'><strong>glorio-</strong></span> 
     </span>
    </p>
   </div>
   <div class='ocr_carea' id='block_1_44' title="bbox 369 2753 757 2822">
    <p class='ocr_par' dir='ltr' id='par_1_44' title="bbox 369 2753 757 2822">
     <span class='ocr_line' id='line_1_44' title="bbox 369 2753 757 2822; baseline -0.008 -14"><span class='ocrx_word' id='word_1_321' title='bbox 369 2753 582 2809; x_wconf 88' lang='lat' dir='ltr'><strong>sissimo</strong></span> <span class='ocrx_word' id='word_1_322' title='bbox 611 2766 757 2822; x_wconf 87' lang='lat' dir='ltr'><strong>rege.</strong></span> 
     </span>
    </p>
   </div>
   <div class='ocr_carea' id='block_1_45' title="bbox 438 2837 1946 2912">
    <p class='ocr_par' dir='ltr' id='par_1_45' title="bbox 438 2837 1946 2912">
     <span class='ocr_line' id='line_1_45' title="bbox 438 2837 1946 2912; baseline -0.003 -15"><span class='ocrx_word' id='word_1_323' title='bbox 438 2845 488 2897; x_wconf 79' lang='lat' dir='ltr'><strong>l.</strong></span> <span class='ocrx_word' id='word_1_324' title='bbox 523 2841 788 2912; x_wconf 87' lang='lat' dir='ltr'><strong>Capitulo.</strong></span> <span class='ocrx_word' id='word_1_325' title='bbox 815 2839 887 2898; x_wconf 98' lang='lat' dir='ltr'><strong>Ut</strong></span> <span class='ocrx_word' id='word_1_326' title='bbox 913 2839 1146 2912; x_wconf 89' lang='lat' dir='ltr'><strong>episcopi</strong></span> <span class='ocrx_word' id='word_1_327' title='bbox 1169 2839 1398 2895; x_wconf 85' lang='lat' dir='ltr'><strong>debeant</strong></span> <span class='ocrx_word' id='word_1_328' title='bbox 1433 2854 1534 2911; x_wconf 90' lang='lat' dir='ltr'><strong>per</strong></span> <span class='ocrx_word' id='word_1_329' title='bbox 1559 2838 1796 2911; x_wconf 89' lang='lat' dir='ltr'><strong>singulas</strong></span> <span class='ocrx_word' id='word_1_330' title='bbox 1816 2837 1946 2894; x_wconf 88' lang='lat' dir='ltr'><strong>civi-</strong></span> 
     </span>
    </p>
   </div>
   <div class='ocr_carea' id='block_1_46' title="bbox 370 2945 666 2992">
    <p class='ocr_par' dir='ltr' id='par_1_46' title="bbox 370 2945 666 2992">
     <span class='ocr_line' id='line_1_46' title="bbox 370 2945 666 2992; baseline -0.003 -2"><span class='ocrx_word' id='word_1_331' title='bbox 370 2945 420 2990; x_wconf 66' lang='grc' dir='ltr'><strong>ιιι</strong></span> <span class='ocrx_word' id='word_1_332' title='bbox 430 2946 508 2992; x_wconf 86' lang='lat' dir='ltr'><strong>tes</strong></span> <span class='ocrx_word' id='word_1_333' title='bbox 528 2950 666 2990; x_wconf 89' lang='lat' dir='ltr'><strong>esse.</strong></span> 
     </span>
    </p>
   </div>
   <div class='ocr_carea' id='block_1_47' title="bbox 365 3013 1942 3098">
    <p class='ocr_par' dir='ltr' id='par_1_47' title="bbox 365 3013 1942 3098">
     <span class='ocr_line' id='line_1_47' title="bbox 365 3013 1942 3098; baseline -0.003 -16"><span class='ocrx_word' id='word_1_334' title='bbox 365 3013 367 3015; x_wconf 51' lang='grc'><strong>’</strong></span> <span class='ocrx_word' id='word_1_335' title='bbox 432 3029 486 3082; x_wconf 74' lang='grc'><strong>2.</strong></span> <span class='ocrx_word' id='word_1_336' title='bbox 511 3027 802 3098; x_wconf 85' lang='lat' dir='ltr'><strong>Episcopos</strong></span> <span class='ocrx_word' id='word_1_337' title='bbox 821 3038 953 3096; x_wconf 88' lang='lat' dir='ltr'><strong>quos</strong></span> <span class='ocrx_word' id='word_1_338' title='bbox 979 3023 1032 3078; x_wconf 91' lang='lat' dir='ltr'><strong>in</strong></span> <span class='ocrx_word' id='word_1_339' title='bbox 1059 3021 1232 3078; x_wconf 88' lang='lat' dir='ltr'><strong>vicem</strong></span> <span class='ocrx_word' id='word_1_340' title='bbox 1256 3021 1788 3094; x_wconf 83' lang='lat' dir='ltr'><strong>metmpolitanorum</strong></span> <span class='ocrx_word' id='word_1_341' title='bbox 1815 3037 1942 3078; x_wconf 90' lang='lat' dir='ltr'><strong>con-</strong></span> 
     </span>
    </p>
   </div>
   <div class='ocr_carea' id='block_1_48' title="bbox 2053 1850 3633 1921">
    <p class='ocr_par' dir='ltr' id='par_1_48' title="bbox 2053 1850 3633 1921">
     <span class='ocr_line' id='line_1_48' title="bbox 2053 1850 3633 1921; baseline 0.004 -18"><span class='ocrx_word' id='word_1_342' title='bbox 2053 1851 2251 1904; x_wconf 90' lang='lat' dir='ltr'><strong>mittat.</strong></span> <span class='ocrx_word' id='word_1_343' title='bbox 2304 1850 2371 1904; x_wconf 87' lang='lat' dir='ltr'><strong>Et</strong></span> <span class='ocrx_word' id='word_1_344' title='bbox 2397 1851 2442 1904; x_wconf 88' lang='lat' dir='ltr'><strong>si</strong></span> <span class='ocrx_word' id='word_1_345' title='bbox 2467 1850 2687 1905; x_wconf 79' lang='lat' dir='ltr'><strong>iusserit</strong></span> <span class='ocrx_word' id='word_1_346' title='bbox 2715 1865 2810 1905; x_wconf 87' lang='lat' dir='ltr'><strong>rex</strong></span> <span class='ocrx_word' id='word_1_347' title='bbox 2832 1852 3040 1917; x_wconf 89' lang='lat' dir='ltr'><strong>venire,</strong></span> <span class='ocrx_word' id='word_1_348' title='bbox 3066 1853 3265 1906; x_wconf 88' lang='lat' dir='ltr'><strong>veniat.</strong></span> <span class='ocrx_word' id='word_1_349' title='bbox 3311 1854 3406 1909; x_wconf 90' lang='lat' dir='ltr'><strong>Sin</strong></span> <span class='ocrx_word' id='word_1_350' title='bbox 3432 1864 3633 1921; x_wconf 85' lang='lat' dir='ltr'><strong>autem,</strong></span> 
     </span>
    </p>
   </div>
   <div class='ocr_carea' id='block_1_49' title="bbox 2052 1938 3637 2014">
    <p class='ocr_par' dir='ltr' id='par_1_49' title="bbox 2052 1938 3637 2014">
     <span class='ocr_line' id='line_1_49' title="bbox 2052 1938 3637 2014; baseline 0.005 -22"><span class='ocrx_word' id='word_1_351' title='bbox 2052 1938 2105 1992; x_wconf 90' lang='lat' dir='ltr'><strong>in</strong></span> <span class='ocrx_word' id='word_1_352' title='bbox 2129 1940 2456 1994; x_wconf 78' lang='lat' dir='ltr'><strong>monasterio</strong></span> <span class='ocrx_word' id='word_1_353' title='bbox 2485 1949 2820 2009; x_wconf 87' lang='lat' dir='ltr'><strong>permaneat,</strong></span> <span class='ocrx_word' id='word_1_354' title='bbox 2847 1940 3065 1995; x_wconf 90' lang='lat' dir='ltr'><strong>interim</strong></span> <span class='ocrx_word' id='word_1_355' title='bbox 3115 1943 3258 2012; x_wconf 90' lang='lat' dir='ltr'><strong>quod</strong></span> <span class='ocrx_word' id='word_1_356' title='bbox 3283 1944 3386 2000; x_wconf 90' lang='lat' dir='ltr'><strong>hoc</strong></span> <span class='ocrx_word' id='word_1_357' title='bbox 3425 1945 3637 2014; x_wconf 89' lang='lat' dir='ltr'><strong>plenius</strong></span> 
     </span>
    </p>
   </div>
   <div class='ocr_carea' id='block_1_50' title="bbox 2049 2027 3637 2089">
    <p class='ocr_par' dir='ltr' id='par_1_50' title="bbox 2049 2027 3637 2089">
     <span class='ocr_line' id='line_1_50' title="bbox 2049 2027 3637 2089; baseline 0.004 -7"><span class='ocrx_word' id='word_1_358' title='bbox 2049 2030 2343 2084; x_wconf 86' lang='lat' dir='ltr'><strong>secundum</strong></span> <span class='ocrx_word' id='word_1_359' title='bbox 2373 2043 2607 2084; x_wconf 86' lang='lat' dir='ltr'><strong>canones</strong></span> <span class='ocrx_word' id='word_1_360' title='bbox 2642 2029 3013 2084; x_wconf 89' lang='lat' dir='ltr'><strong>emendamus.</strong></span> <span class='ocrx_word' id='word_1_361' title='bbox 3073 2027 3334 2084; x_wconf 86' lang='lat' dir='ltr'><strong>Similiter</strong></span> <span class='ocrx_word' id='word_1_362' title='bbox 3377 2047 3478 2088; x_wconf 88' lang='lat' dir='ltr'><strong>nec</strong></span> <span class='ocrx_word' id='word_1_363' title='bbox 3518 2032 3637 2089; x_wconf 85' lang='lat' dir='ltr'><strong>illas</strong></span> 
     </span>
    </p>
   </div>
   <div class='ocr_carea' id='block_1_51' title="bbox 2049 2118 3632 2177">
    <p class='ocr_par' dir='ltr' id='par_1_51' title="bbox 2049 2118 3632 2177">
     <span class='ocr_line' id='line_1_51' title="bbox 2049 2118 3632 2177; baseline 0.003 -5"><span class='ocrx_word' id='word_1_364' title='bbox 2049 2119 2344 2174; x_wconf 89' lang='lat' dir='ltr'><strong>monachas</strong></span> <span class='ocrx_word' id='word_1_365' title='bbox 2382 2127 2538 2172; x_wconf 81' lang='lat' dir='ltr'><strong>extra</strong></span> <span class='ocrx_word' id='word_1_366' title='bbox 2584 2118 2976 2173; x_wconf 87' lang='lat' dir='ltr'><strong>monasterium</strong></span> <span class='ocrx_word' id='word_1_367' title='bbox 3022 2119 3174 2174; x_wconf 84' lang='lat' dir='ltr'><strong>exire</strong></span> <span class='ocrx_word' id='word_1_368' title='bbox 3232 2135 3338 2176; x_wconf 89' lang='lat' dir='ltr'><strong>non</strong></span> <span class='ocrx_word' id='word_1_369' title='bbox 3383 2122 3632 2177; x_wconf 84' lang='lat' dir='ltr'><strong>debeant.</strong></span> 
     </span>
    </p>
   </div>
   <div class='ocr_carea' id='block_1_52' title="bbox 2049 2207 3631 2279">
    <p class='ocr_par' dir='ltr' id='par_1_52' title="bbox 2049 2207 3631 2279">
     <span class='ocr_line' id='line_1_52' title="bbox 2049 2207 3631 2279; baseline 0.003 -17"><span class='ocrx_word' id='word_1_370' title='bbox 2049 2207 2203 2275; x_wconf 87' lang='lat' dir='ltr'><strong>Quod</strong></span> <span class='ocrx_word' id='word_1_371' title='bbox 2231 2210 2277 2264; x_wconf 90' lang='lat' dir='ltr'><strong>si</strong></span> <span class='ocrx_word' id='word_1_372' title='bbox 2296 2209 2475 2279; x_wconf 88' lang='lat' dir='ltr'><strong>aliqua</strong></span> <span class='ocrx_word' id='word_1_373' title='bbox 2503 2209 2556 2262; x_wconf 90' lang='lat' dir='ltr'><strong>in</strong></span> <span class='ocrx_word' id='word_1_374' title='bbox 2577 2208 2757 2279; x_wconf 87' lang='lat' dir='ltr'><strong>aliquo</strong></span> <span class='ocrx_word' id='word_1_375' title='bbox 2781 2209 2936 2279; x_wconf 88' lang='lat' dir='ltr'><strong>lapsu</strong></span> <span class='ocrx_word' id='word_1_376' title='bbox 2963 2209 3242 2273; x_wconf 89' lang='lat' dir='ltr'><strong>ceciderit,</strong></span> <span class='ocrx_word' id='word_1_377' title='bbox 3269 2209 3410 2265; x_wconf 80' lang='lat' dir='ltr'><strong>infra</strong></span> <span class='ocrx_word' id='word_1_378' title='bbox 3439 2226 3631 2267; x_wconf 89' lang='lat' dir='ltr'><strong>mona-</strong></span> 
     </span>
    </p>
   </div>
   <div class='ocr_carea' id='block_1_53' title="bbox 2049 2300 3630 2373">
    <p class='ocr_par' dir='ltr' id='par_1_53' title="bbox 2049 2300 3630 2373">
     <span class='ocr_line' id='line_1_53' title="bbox 2049 2300 3630 2373; baseline 0 -17"><span class='ocrx_word' id='word_1_379' title='bbox 2049 2302 2216 2356; x_wconf 90' lang='lat' dir='ltr'><strong>sterio</strong></span> <span class='ocrx_word' id='word_1_380' title='bbox 2272 2316 2373 2372; x_wconf 92' lang='lat' dir='ltr'><strong>per</strong></span> <span class='ocrx_word' id='word_1_381' title='bbox 2428 2301 2708 2356; x_wconf 90' lang='lat' dir='ltr'><strong>consilium</strong></span> <span class='ocrx_word' id='word_1_382' title='bbox 2771 2300 3007 2370; x_wconf 84' lang='lat' dir='ltr'><strong>episcopi</strong></span> <span class='ocrx_word' id='word_1_383' title='bbox 3071 2301 3424 2371; x_wconf 85' lang='lat' dir='ltr'><strong>penitentiam</strong></span> <span class='ocrx_word' id='word_1_384' title='bbox 3485 2310 3630 2373; x_wconf 88' lang='lat' dir='ltr'><strong>agat.</strong></span> 
     </span>
    </p>
   </div>
   <div class='ocr_carea' id='block_1_54' title="bbox 2048 2390 3633 2447">
    <p class='ocr_par' dir='ltr' id='par_1_54' title="bbox 2048 2390 3633 2447">
     <span class='ocr_line' id='line_1_54' title="bbox 2048 2390 3633 2447; baseline 0.001 -3"><span class='ocrx_word' id='word_1_385' title='bbox 2048 2390 2116 2444; x_wconf 91' lang='lat' dir='ltr'><strong>Et</strong></span> <span class='ocrx_word' id='word_1_386' title='bbox 2145 2391 2190 2445; x_wconf 89' lang='lat' dir='ltr'><strong>si</strong></span> <span class='ocrx_word' id='word_1_387' title='bbox 2231 2405 2450 2444; x_wconf 90' lang='lat' dir='ltr'><strong>necesse</strong></span> <span class='ocrx_word' id='word_1_388' title='bbox 2477 2399 2562 2446; x_wconf 86' lang='lat' dir='ltr'><strong>est</strong></span> <span class='ocrx_word' id='word_1_389' title='bbox 2604 2391 2670 2446; x_wconf 79' lang='lat' dir='ltr'><strong>de</strong></span> <span class='ocrx_word' id='word_1_390' title='bbox 2697 2407 2885 2446; x_wconf 88' lang='lat' dir='ltr'><strong>eorum</strong></span> <span class='ocrx_word' id='word_1_391' title='bbox 2914 2391 3237 2445; x_wconf 86' lang='lat' dir='ltr'><strong>necessitate</strong></span> <span class='ocrx_word' id='word_1_392' title='bbox 3262 2391 3330 2445; x_wconf 89' lang='lat' dir='ltr'><strong>ad</strong></span> <span class='ocrx_word' id='word_1_393' title='bbox 3377 2391 3633 2447; x_wconf 87' lang='lat' dir='ltr'><strong>domuum</strong></span> 
     </span>
    </p>
   </div>
   <div class='ocr_carea' id='block_1_55' title="bbox 2050 2481 3634 2555">
    <p class='ocr_par' dir='ltr' id='par_1_55' title="bbox 2050 2481 3634 2555">
     <span class='ocr_line' id='line_1_55' title="bbox 2050 2481 3634 2555; baseline 0.003 -21"><span class='ocrx_word' id='word_1_394' title='bbox 2050 2497 2232 2552; x_wconf 80' lang='lat' dir='ltr'><strong>regem</strong></span> <span class='ocrx_word' id='word_1_395' title='bbox 2255 2481 2338 2535; x_wconf 88' lang='lat' dir='ltr'><strong>vel</strong></span> <span class='ocrx_word' id='word_1_396' title='bbox 2361 2483 2427 2536; x_wconf 89' lang='lat' dir='ltr'><strong>ad</strong></span> <span class='ocrx_word' id='word_1_397' title='bbox 2457 2483 2717 2552; x_wconf 79' lang='lat' dir='ltr'><strong>synodum</strong></span> <span class='ocrx_word' id='word_1_398' title='bbox 2741 2483 2938 2553; x_wconf 88' lang='lat' dir='ltr'><strong>aliquid</strong></span> <span class='ocrx_word' id='word_1_399' title='bbox 2965 2497 3276 2554; x_wconf 87' lang='lat' dir='ltr'><strong>suggerere,</strong></span> <span class='ocrx_word' id='word_1_400' title='bbox 3301 2498 3486 2538; x_wconf 90' lang='lat' dir='ltr'><strong>eorum</strong></span> <span class='ocrx_word' id='word_1_401' title='bbox 3510 2500 3634 2555; x_wconf 90' lang='lat' dir='ltr'><strong>pro-</strong></span> 
     </span>
    </p>
   </div>
   <div class='ocr_carea' id='block_1_56' title="bbox 2046 2568 3634 2640">
    <p class='ocr_par' dir='ltr' id='par_1_56' title="bbox 2046 2568 3634 2640">
     <span class='ocr_line' id='line_1_56' title="bbox 2046 2568 3634 2640; baseline 0.002 -17"><span class='ocrx_word' id='word_1_402' title='bbox 2046 2570 2204 2639; x_wconf 87' lang='lat' dir='ltr'><strong>positi</strong></span> <span class='ocrx_word' id='word_1_403' title='bbox 2227 2568 2314 2622; x_wconf 86' lang='lat' dir='ltr'><strong>vel</strong></span> <span class='ocrx_word' id='word_1_404' title='bbox 2349 2569 2498 2623; x_wconf 85' lang='lat' dir='ltr'><strong>missi</strong></span> <span class='ocrx_word' id='word_1_405' title='bbox 2519 2569 2622 2622; x_wconf 92' lang='lat' dir='ltr'><strong>hoc</strong></span> <span class='ocrx_word' id='word_1_406' title='bbox 2649 2569 2881 2624; x_wconf 79' lang='lat' dir='ltr'><strong>debeant</strong></span> <span class='ocrx_word' id='word_1_407' title='bbox 2906 2569 3104 2624; x_wconf 85' lang='lat' dir='ltr'><strong>facere.</strong></span> <span class='ocrx_word' id='word_1_408' title='bbox 3133 2569 3202 2624; x_wconf 87' lang='lat' dir='ltr'><strong>Et</strong></span> <span class='ocrx_word' id='word_1_409' title='bbox 3227 2570 3384 2640; x_wconf 88' lang='lat' dir='ltr'><strong>quale</strong></span> <span class='ocrx_word' id='word_1_410' title='bbox 3410 2586 3634 2626; x_wconf 73' lang='lat' dir='ltr'><strong>mumera</strong></span> 
     </span>
    </p>
   </div>
   <div class='ocr_carea' id='block_1_57' title="bbox 2047 2658 3634 2730">
    <p class='ocr_par' dir='ltr' id='par_1_57' title="bbox 2047 2658 3634 2730">
     <span class='ocr_line' id='line_1_57' title="bbox 2047 2658 3634 2730; baseline 0.002 -18"><span class='ocrx_word' id='word_1_411' title='bbox 2047 2660 2113 2712; x_wconf 85' lang='lat' dir='ltr'><strong>ad</strong></span> <span class='ocrx_word' id='word_1_412' title='bbox 2137 2658 2392 2728; x_wconf 87' lang='lat' dir='ltr'><strong>palatium</strong></span> <span class='ocrx_word' id='word_1_413' title='bbox 2419 2660 2548 2712; x_wconf 90' lang='lat' dir='ltr'><strong>dare</strong></span> <span class='ocrx_word' id='word_1_414' title='bbox 2576 2659 2863 2725; x_wconf 91' lang='lat' dir='ltr'><strong>voluerint,</strong></span> <span class='ocrx_word' id='word_1_415' title='bbox 2889 2675 2988 2730; x_wconf 90' lang='lat' dir='ltr'><strong>per</strong></span> <span class='ocrx_word' id='word_1_416' title='bbox 3008 2660 3204 2715; x_wconf 89' lang='lat' dir='ltr'><strong>missos</strong></span> <span class='ocrx_word' id='word_1_417' title='bbox 3222 2675 3349 2715; x_wconf 89' lang='lat' dir='ltr'><strong>suos</strong></span> <span class='ocrx_word' id='word_1_418' title='bbox 3371 2662 3475 2716; x_wconf 88' lang='lat' dir='ltr'><strong>hoc</strong></span> <span class='ocrx_word' id='word_1_419' title='bbox 3499 2663 3634 2715; x_wconf 76' lang='lat' dir='ltr'><strong>diri.-</strong></span> 
     </span>
    </p>
   </div>
   <div class='ocr_carea' id='block_1_58' title="bbox 2046 2749 3636 2823">
    <p class='ocr_par' dir='ltr' id='par_1_58' title="bbox 2046 2749 3636 2823">
     <span class='ocr_line' id='line_1_58' title="bbox 2046 2749 3636 2823; baseline 0.004 -21"><span class='ocrx_word' id='word_1_420' title='bbox 2046 2759 2194 2822; x_wconf 89' lang='lat' dir='ltr'><strong>gant.</strong></span> <span class='ocrx_word' id='word_1_421' title='bbox 2227 2750 2293 2804; x_wconf 85' lang='lat' dir='ltr'><strong>Et</strong></span> <span class='ocrx_word' id='word_1_422' title='bbox 2321 2750 2367 2804; x_wconf 89' lang='lat' dir='ltr'><strong>si</strong></span> <span class='ocrx_word' id='word_1_423' title='bbox 2396 2749 2574 2820; x_wconf 89' lang='lat' dir='ltr'><strong>aliqua</strong></span> <span class='ocrx_word' id='word_1_424' title='bbox 2602 2752 2927 2805; x_wconf 90' lang='lat' dir='ltr'><strong>monasteria</strong></span> <span class='ocrx_word' id='word_1_425' title='bbox 2952 2760 3080 2806; x_wconf 91' lang='lat' dir='ltr'><strong>sunt</strong></span> <span class='ocrx_word' id='word_1_426' title='bbox 3112 2753 3204 2823; x_wconf 89' lang='lat' dir='ltr'><strong>qui</strong></span> <span class='ocrx_word' id='word_1_427' title='bbox 3235 2767 3423 2807; x_wconf 87' lang='lat' dir='ltr'><strong>eorum</strong></span> <span class='ocrx_word' id='word_1_428' title='bbox 3443 2755 3636 2812; x_wconf 86' lang='lat' dir='ltr'><strong>ordine</strong></span> 
     </span>
    </p>
   </div>
   <div class='ocr_carea' id='block_1_59' title="bbox 2045 2840 3636 2912">
    <p class='ocr_par' dir='ltr' id='par_1_59' title="bbox 2045 2840 3636 2912">
     <span class='ocr_line' id='line_1_59' title="bbox 2045 2840 3636 2912; baseline 0.004 -18"><span class='ocrx_word' id='word_1_429' title='bbox 2045 2849 2268 2911; x_wconf 90' lang='lat' dir='ltr'><strong>propter</strong></span> <span class='ocrx_word' id='word_1_430' title='bbox 2308 2848 2684 2911; x_wconf 89' lang='lat' dir='ltr'><strong>paupertatem</strong></span> <span class='ocrx_word' id='word_1_431' title='bbox 2733 2840 3028 2911; x_wconf 88' lang='lat' dir='ltr'><strong>adimplere</strong></span> <span class='ocrx_word' id='word_1_432' title='bbox 3051 2857 3159 2896; x_wconf 92' lang='lat' dir='ltr'><strong>non</strong></span> <span class='ocrx_word' id='word_1_433' title='bbox 3197 2843 3492 2912; x_wconf 89' lang='lat' dir='ltr'><strong>potuerint,</strong></span> <span class='ocrx_word' id='word_1_434' title='bbox 3533 2845 3636 2900; x_wconf 87' lang='lat' dir='ltr'><strong>hoc</strong></span> 
     </span>
    </p>
   </div>
   <div class='ocr_carea' id='block_1_60' title="bbox 2047 2920 3636 3001">
    <p class='ocr_par' dir='ltr' id='par_1_60' title="bbox 2047 2920 3636 3001">
     <span class='ocr_line' id='line_1_60' title="bbox 2047 2920 3636 3001; baseline 0.002 -16"><span class='ocrx_word' id='word_1_435' title='bbox 2047 2930 2135 2985; x_wconf 90' lang='lat' dir='ltr'><strong>ille</strong></span> <span class='ocrx_word' id='word_1_436' title='bbox 2164 2931 2448 3000; x_wconf 86' lang='lat' dir='ltr'><strong>episcopus</strong></span> <span class='ocrx_word' id='word_1_437' title='bbox 2477 2930 2541 2985; x_wconf 91' lang='lat' dir='ltr'><strong>de</strong></span> <span class='ocrx_word' id='word_1_438' title='bbox 2580 2920 2811 2985; x_wconf 71' lang='lat' dir='ltr'><strong>veritate</strong></span> <span class='ocrx_word' id='word_1_439' title='bbox 2838 2930 3172 3001; x_wconf 87' lang='lat' dir='ltr'><strong>praevideat,</strong></span> <span class='ocrx_word' id='word_1_440' title='bbox 3202 2939 3259 2987; x_wconf 91' lang='lat' dir='ltr'><strong>et</strong></span> <span class='ocrx_word' id='word_1_441' title='bbox 3295 2932 3399 2987; x_wconf 91' lang='lat' dir='ltr'><strong>hoe</strong></span> <span class='ocrx_word' id='word_1_442' title='bbox 3437 2933 3636 2989; x_wconf 83' lang='lat' dir='ltr'><strong>domno</strong></span> 
     </span>
    </p>
   </div>
   <div class='ocr_carea' id='block_1_61' title="bbox 2047 3019 3635 3095">
    <p class='ocr_par' dir='ltr' id='par_1_61' title="bbox 2047 3019 3635 3095">
     <span class='ocr_line' id='line_1_61' title="bbox 2047 3019 3635 3095; baseline 0.003 -19"><span class='ocrx_word' id='word_1_443' title='bbox 2047 3019 2174 3094; x_wconf 87' lang='lat' dir='ltr'><strong>rege</strong></span> <span class='ocrx_word' id='word_1_444' title='bbox 2200 3023 2524 3087; x_wconf 89' lang='lat' dir='ltr'><strong>innotescat,</strong></span> <span class='ocrx_word' id='word_1_445' title='bbox 2546 3031 2605 3077; x_wconf 92' lang='lat' dir='ltr'><strong>ut</strong></span> <span class='ocrx_word' id='word_1_446' title='bbox 2631 3024 2686 3078; x_wconf 93' lang='lat' dir='ltr'><strong>in</strong></span> <span class='ocrx_word' id='word_1_447' title='bbox 2731 3037 2828 3078; x_wconf 90' lang='lat' dir='ltr'><strong>sua</strong></span> <span class='ocrx_word' id='word_1_448' title='bbox 2859 3023 3186 3095; x_wconf 81' lang='lat' dir='ltr'><strong>aelymosiua</strong></span> <span class='ocrx_word' id='word_1_449' title='bbox 3214 3025 3318 3079; x_wconf 89' lang='lat' dir='ltr'><strong>hoc</strong></span> <span class='ocrx_word' id='word_1_450' title='bbox 3345 3026 3635 3081; x_wconf 88' lang='lat' dir='ltr'><strong>emendare</strong></span> 
     </span>
    </p>
   </div>
   <div class='ocr_carea' id='block_1_62' title="bbox 367 3094 3632 3184">
    <p class='ocr_par' dir='ltr' id='par_1_62' title="bbox 367 3094 3632 3184">
     <span class='ocr_line' id='line_1_62' title="bbox 367 3094 3632 3184; baseline -0.001 -12"><span class='ocrx_word' id='word_1_451' title='bbox 367 3094 659 3182; x_wconf 81' lang='lat' dir='ltr'><strong>stituimus,</strong></span> <span class='ocrx_word' id='word_1_452' title='bbox 691 3094 752 3170; x_wconf 80' lang='lat' dir='ltr'><strong>ut</strong></span> <span class='ocrx_word' id='word_1_453' title='bbox 775 3094 940 3170; x_wconf 80' lang='lat' dir='ltr'><strong>ceteri</strong></span> <span class='ocrx_word' id='word_1_454' title='bbox 986 3112 1221 3184; x_wconf 90' lang='lat' dir='ltr'><strong>episcopi</strong></span> <span class='ocrx_word' id='word_1_455' title='bbox 1251 3111 1380 3183; x_wconf 87' lang='lat' dir='ltr'><strong>ipsis</strong></span> <span class='ocrx_word' id='word_1_456' title='bbox 1418 3111 1471 3166; x_wconf 93' lang='lat' dir='ltr'><strong>in</strong></span> <span class='ocrx_word' id='word_1_457' title='bbox 1515 3113 1764 3167; x_wconf 90' lang='lat' dir='ltr'><strong>omnibus</strong></span> <span class='ocrx_word' id='word_1_458' title='bbox 1785 3114 1948 3168; x_wconf 89' lang='lat' dir='ltr'><strong>oboe-</strong></span> <span class='ocrx_word' id='word_1_459' title='bbox 1971 3094 2018 3156; x_wconf 72' lang='grc' dir='ltr'>ο</span> <span class='ocrx_word' id='word_1_460' title='bbox 2051 3113 2232 3167; x_wconf 77' lang='lat' dir='ltr'><strong>faciat.</strong></span> <span class='ocrx_word' id='word_1_461' title='bbox 2263 3111 2333 3166; x_wconf 87' lang='lat' dir='ltr'><strong>Et</strong></span> <span class='ocrx_word' id='word_1_462' title='bbox 2359 3112 2403 3166; x_wconf 88' lang='lat' dir='ltr'><strong>si</strong></span> <span class='ocrx_word' id='word_1_463' title='bbox 2437 3111 2571 3167; x_wconf 89' lang='lat' dir='ltr'><strong>tales</strong></span> <span class='ocrx_word' id='word_1_464' title='bbox 2592 3113 2858 3167; x_wconf 78' lang='lat' dir='ltr'><strong>foeminae</strong></span> <span class='ocrx_word' id='word_1_465' title='bbox 2900 3094 3108 3168; x_wconf 82' lang='lat' dir='ltr'><strong>velatae</strong></span> <span class='ocrx_word' id='word_1_466' title='bbox 3141 3114 3210 3167; x_wconf 92' lang='lat' dir='ltr'><strong>ad</strong></span> <span class='ocrx_word' id='word_1_467' title='bbox 3251 3129 3508 3184; x_wconf 86' lang='lat' dir='ltr'><strong>praesens</strong></span> <span class='ocrx_word' id='word_1_468' title='bbox 3529 3116 3632 3170; x_wconf 91' lang='lat' dir='ltr'><strong>ibi-</strong></span> 
     </span>
    </p>
   </div>
   <div class='ocr_carea' id='block_1_63' title="bbox 368 3203 1948 3269">
    <p class='ocr_par' dir='ltr' id='par_1_63' title="bbox 368 3203 1948 3269">
     <span class='ocr_line' id='line_1_63' title="bbox 368 3203 1948 3269; baseline -0.005 -3"><span class='ocrx_word' id='word_1_469' title='bbox 368 3212 518 3266; x_wconf 88' lang='lat' dir='ltr'><strong>diant</strong></span> <span class='ocrx_word' id='word_1_470' title='bbox 569 3209 862 3266; x_wconf 88' lang='lat' dir='ltr'><strong>secundum</strong></span> <span class='ocrx_word' id='word_1_471' title='bbox 906 3206 1220 3262; x_wconf 89' lang='lat' dir='ltr'><strong>canonicam</strong></span> <span class='ocrx_word' id='word_1_472' title='bbox 1274 3203 1688 3269; x_wconf 89' lang='lat' dir='ltr'><strong>institutionem,</strong></span> <span class='ocrx_word' id='word_1_473' title='bbox 1731 3203 1948 3258; x_wconf 86' lang='lat' dir='ltr'><strong>interim</strong></span> 
     </span>
    </p>
   </div>
   <div class='ocr_carea' id='block_1_64' title="bbox 366 3293 1951 3370">
    <p class='ocr_par' dir='ltr' id='par_1_64' title="bbox 366 3293 1951 3370">
     <span class='ocr_line' id='line_1_64' title="bbox 366 3293 1951 3370; baseline -0.003 -17"><span class='ocrx_word' id='word_1_474' title='bbox 366 3301 509 3370; x_wconf 90' lang='lat' dir='ltr'><strong>quod</strong></span> <span class='ocrx_word' id='word_1_475' title='bbox 536 3299 828 3355; x_wconf 87' lang='lat' dir='ltr'><strong>secundum</strong></span> <span class='ocrx_word' id='word_1_476' title='bbox 865 3297 1179 3353; x_wconf 90' lang='lat' dir='ltr'><strong>canonicam</strong></span> <span class='ocrx_word' id='word_1_477' title='bbox 1221 3294 1658 3352; x_wconf 88' lang='lat' dir='ltr'><strong>constitutionem</strong></span> <span class='ocrx_word' id='word_1_478' title='bbox 1697 3293 1801 3349; x_wconf 88' lang='lat' dir='ltr'><strong>hoc</strong></span> <span class='ocrx_word' id='word_1_479' title='bbox 1837 3293 1951 3365; x_wconf 85' lang='lat' dir='ltr'><strong>ple-</strong></span> 
     </span>
    </p>
   </div>
   <div class='ocr_carea' id='block_1_65' title="bbox 367 3388 889 3442">
    <p class='ocr_par' dir='ltr' id='par_1_65' title="bbox 367 3388 889 3442">
     <span class='ocr_line' id='line_1_65' title="bbox 367 3388 889 3442; baseline 0 -1"><span class='ocrx_word' id='word_1_480' title='bbox 367 3389 489 3442; x_wconf 82' lang='lat' dir='ltr'><strong>nius</strong></span> <span class='ocrx_word' id='word_1_481' title='bbox 517 3388 889 3442; x_wconf 89' lang='lat' dir='ltr'><strong>emendamus.</strong></span> 
     </span>
    </p>
   </div>
   <div class='ocr_carea' id='block_1_66' title="bbox 437 3476 1951 3552">
    <p class='ocr_par' dir='ltr' id='par_1_66' title="bbox 437 3476 1951 3552">
     <span class='ocr_line' id='line_1_66' title="bbox 437 3476 1951 3552; baseline -0.005 -15"><span class='ocrx_word' id='word_1_482' title='bbox 437 3483 490 3537; x_wconf 77' lang='lat'><strong>3.</strong></span> <span class='ocrx_word' id='word_1_483' title='bbox 519 3480 589 3537; x_wconf 91' lang='lat' dir='ltr'><strong>Ut</strong></span> <span class='ocrx_word' id='word_1_484' title='bbox 607 3481 972 3552; x_wconf 90' lang='lat' dir='ltr'><strong>unusquisque</strong></span> <span class='ocrx_word' id='word_1_485' title='bbox 1005 3481 1378 3551; x_wconf 88' lang='lat' dir='ltr'><strong>episcoporum</strong></span> <span class='ocrx_word' id='word_1_486' title='bbox 1402 3485 1722 3548; x_wconf 88' lang='lat' dir='ltr'><strong>potestatem</strong></span> <span class='ocrx_word' id='word_1_487' title='bbox 1751 3476 1951 3530; x_wconf 90' lang='lat' dir='ltr'><strong>habeat</strong></span> 
     </span>
    </p>
   </div>
   <div class='ocr_carea' id='block_1_67' title="bbox 366 3567 1950 3642">
    <p class='ocr_par' dir='ltr' id='par_1_67' title="bbox 366 3567 1950 3642">
     <span class='ocr_line' id='line_1_67' title="bbox 366 3567 1950 3642; baseline -0.004 -14"><span class='ocrx_word' id='word_1_488' title='bbox 366 3573 420 3628; x_wconf 90' lang='lat' dir='ltr'><strong>in</strong></span> <span class='ocrx_word' id='word_1_489' title='bbox 453 3589 550 3628; x_wconf 88' lang='lat' dir='ltr'><strong>sua</strong></span> <span class='ocrx_word' id='word_1_490' title='bbox 580 3573 863 3642; x_wconf 88' lang='lat' dir='ltr'><strong>parrochia</strong></span> <span class='ocrx_word' id='word_1_491' title='bbox 897 3581 1004 3624; x_wconf 91' lang='lat' dir='ltr'><strong>tam</strong></span> <span class='ocrx_word' id='word_1_492' title='bbox 1052 3573 1117 3625; x_wconf 92' lang='lat' dir='ltr'><strong>de</strong></span> <span class='ocrx_word' id='word_1_493' title='bbox 1146 3571 1290 3624; x_wconf 88' lang='lat' dir='ltr'><strong>clero</strong></span> <span class='ocrx_word' id='word_1_494' title='bbox 1335 3584 1496 3638; x_wconf 89' lang='lat' dir='ltr'><strong>quam</strong></span> <span class='ocrx_word' id='word_1_495' title='bbox 1527 3568 1592 3622; x_wconf 90' lang='lat' dir='ltr'><strong>de</strong></span> <span class='ocrx_word' id='word_1_496' title='bbox 1614 3567 1950 3638; x_wconf 82' lang='lat' dir='ltr'><strong>regularibus</strong></span> 
     </span>
    </p>
   </div>
   <div class='ocr_carea' id='block_1_68' title="bbox 366 3658 1949 3729">
    <p class='ocr_par' dir='ltr' id='par_1_68' title="bbox 366 3658 1949 3729">
     <span class='ocr_line' id='line_1_68' title="bbox 366 3658 1949 3729; baseline 0 -15"><span class='ocrx_word' id='word_1_497' title='bbox 366 3661 453 3715; x_wconf 90' lang='lat' dir='ltr'><strong>vel</strong></span> <span class='ocrx_word' id='word_1_498' title='bbox 494 3660 881 3723; x_wconf 89' lang='lat' dir='ltr'><strong>saecularibus,</strong></span> <span class='ocrx_word' id='word_1_499' title='bbox 931 3659 997 3712; x_wconf 90' lang='lat' dir='ltr'><strong>ad</strong></span> <span class='ocrx_word' id='word_1_500' title='bbox 1043 3659 1418 3729; x_wconf 81' lang='lat' dir='ltr'><strong>corrigendum</strong></span> <span class='ocrx_word' id='word_1_501' title='bbox 1463 3666 1519 3713; x_wconf 90' lang='lat' dir='ltr'><strong>et</strong></span> <span class='ocrx_word' id='word_1_502' title='bbox 1555 3658 1949 3714; x_wconf 89' lang='lat' dir='ltr'><strong>emendandum</strong></span> 
     </span>
    </p>
   </div>
   <div class='ocr_carea' id='block_1_69' title="bbox 367 3749 1950 3825">
    <p class='ocr_par' dir='ltr' id='par_1_69' title="bbox 367 3749 1950 3825">
     <span class='ocr_line' id='line_1_69' title="bbox 367 3749 1950 3825; baseline 0 -19"><span class='ocrx_word' id='word_1_503' title='bbox 367 3751 659 3806; x_wconf 90' lang='lat' dir='ltr'><strong>secundum</strong></span> <span class='ocrx_word' id='word_1_504' title='bbox 708 3750 950 3804; x_wconf 92' lang='lat' dir='ltr'><strong>ordinem</strong></span> <span class='ocrx_word' id='word_1_505' title='bbox 989 3750 1302 3804; x_wconf 90' lang='lat' dir='ltr'><strong>canonicam</strong></span> <span class='ocrx_word' id='word_1_506' title='bbox 1351 3749 1614 3820; x_wconf 91' lang='lat' dir='ltr'><strong>spiritale,</strong></span> <span class='ocrx_word' id='word_1_507' title='bbox 1644 3759 1703 3805; x_wconf 92' lang='lat' dir='ltr'><strong>ut</strong></span> <span class='ocrx_word' id='word_1_508' title='bbox 1745 3751 1824 3825; x_wconf 87' lang='lat' dir='ltr'><strong>sic</strong></span> <span class='ocrx_word' id='word_1_509' title='bbox 1863 3753 1950 3806; x_wconf 87' lang='lat' dir='ltr'><strong>.vi-</strong></span> 
     </span>
    </p>
   </div>
   <div class='ocr_carea' id='block_1_70' title="bbox 366 3842 1400 3914">
    <p class='ocr_par' dir='ltr' id='par_1_70' title="bbox 366 3842 1400 3914">
     <span class='ocr_line' id='line_1_70' title="bbox 366 3842 1400 3914; baseline -0.003 -16"><span class='ocrx_word' id='word_1_510' title='bbox 366 3853 518 3908; x_wconf 88' lang='lat' dir='ltr'><strong>vant,</strong></span> <span class='ocrx_word' id='word_1_511' title='bbox 549 3843 782 3914; x_wconf 89' lang='lat' dir='ltr'><strong>qualiter</strong></span> <span class='ocrx_word' id='word_1_512' title='bbox 807 3843 920 3897; x_wconf 92' lang='lat' dir='ltr'><strong>Deo</strong></span> <span class='ocrx_word' id='word_1_513' title='bbox 935 3842 1147 3912; x_wconf 89' lang='lat' dir='ltr'><strong>placere</strong></span> <span class='ocrx_word' id='word_1_514' title='bbox 1175 3842 1400 3912; x_wconf 82' lang='lat' dir='ltr'><strong>possint.</strong></span> 
     </span>
    </p>
   </div>
   <div class='ocr_carea' id='block_1_71' title="bbox 439 3932 1950 4005">
    <p class='ocr_par' dir='ltr' id='par_1_71' title="bbox 439 3932 1950 4005">
     <span class='ocr_line' id='line_1_71' title="bbox 439 3932 1950 4005; baseline 0.002 -16"><span class='ocrx_word' id='word_1_515' title='bbox 439 3935 492 3989; x_wconf 70' lang='grc'><strong>4.</strong></span> <span class='ocrx_word' id='word_1_516' title='bbox 538 3934 611 3990; x_wconf 89' lang='lat' dir='ltr'><strong>Ut</strong></span> <span class='ocrx_word' id='word_1_517' title='bbox 655 3935 739 3990; x_wconf 90' lang='lat' dir='ltr'><strong>bis</strong></span> <span class='ocrx_word' id='word_1_518' title='bbox 783 3935 836 3988; x_wconf 92' lang='lat' dir='ltr'><strong>in</strong></span> <span class='ocrx_word' id='word_1_519' title='bbox 888 3947 1028 3988; x_wconf 89' lang='lat' dir='ltr'><strong>anno</strong></span> <span class='ocrx_word' id='word_1_520' title='bbox 1059 3933 1291 4004; x_wconf 81' lang='lat' dir='ltr'><strong>synodus</strong></span> <span class='ocrx_word' id='word_1_521' title='bbox 1337 3932 1448 3986; x_wconf 89' lang='lat' dir='ltr'><strong>ﬁat.</strong></span> <span class='ocrx_word' id='word_1_522' title='bbox 1503 3933 1682 3988; x_wconf 88' lang='lat' dir='ltr'><strong>Prima</strong></span> <span class='ocrx_word' id='word_1_523' title='bbox 1717 3936 1950 4005; x_wconf 86' lang='lat' dir='ltr'><strong>synodus</strong></span> 
     </span>
    </p>
   </div>
   <div class='ocr_carea' id='block_1_72' title="bbox 368 4023 1949 4097">
    <p class='ocr_par' dir='ltr' id='par_1_72' title="bbox 368 4023 1949 4097">
     <span class='ocr_line' id='line_1_72' title="bbox 368 4023 1949 4097; baseline -0.001 -14"><span class='ocrx_word' id='word_1_524' title='bbox 368 4041 554 4084; x_wconf 88' lang='lat' dir='ltr'><strong>mense</strong></span> <span class='ocrx_word' id='word_1_525' title='bbox 579 4026 776 4097; x_wconf 90' lang='lat' dir='ltr'><strong>primo,</strong></span> <span class='ocrx_word' id='word_1_526' title='bbox 802 4025 946 4096; x_wconf 89' lang='lat' dir='ltr'><strong>quod</strong></span> <span class='ocrx_word' id='word_1_527' title='bbox 975 4033 1058 4079; x_wconf 91' lang='lat' dir='ltr'><strong>est</strong></span> <span class='ocrx_word' id='word_1_528' title='bbox 1077 4023 1294 4077; x_wconf 84' lang='lat' dir='ltr'><strong>Martias</strong></span> <span class='ocrx_word' id='word_1_529' title='bbox 1320 4023 1608 4089; x_wconf 80' lang='lat' dir='ltr'><strong>Kalendas,</strong></span> <span class='ocrx_word' id='word_1_530' title='bbox 1639 4026 1730 4079; x_wconf 87' lang='lat' dir='ltr'><strong>ubi</strong></span> <span class='ocrx_word' id='word_1_531' title='bbox 1753 4026 1949 4083; x_wconf 89' lang='lat' dir='ltr'><strong>domno</strong></span> 
     </span>
    </p>
   </div>
   <div class='ocr_carea' id='block_1_73' title="bbox 369 4113 1950 4186">
    <p class='ocr_par' dir='ltr' id='par_1_73' title="bbox 369 4113 1950 4186">
     <span class='ocr_line' id='line_1_73' title="bbox 369 4113 1950 4186; baseline -0.001 -13"><span class='ocrx_word' id='word_1_532' title='bbox 369 4133 468 4173; x_wconf 88' lang='lat' dir='ltr'><strong>rex</strong></span> <span class='ocrx_word' id='word_1_533' title='bbox 497 4117 734 4181; x_wconf 87' lang='lat' dir='ltr'><strong>iusserit,</strong></span> <span class='ocrx_word' id='word_1_534' title='bbox 759 4117 876 4170; x_wconf 91' lang='lat' dir='ltr'><strong>eius</strong></span> <span class='ocrx_word' id='word_1_535' title='bbox 912 4115 1237 4186; x_wconf 87' lang='lat' dir='ltr'><strong>praesentia.</strong></span> <span class='ocrx_word' id='word_1_536' title='bbox 1271 4113 1517 4169; x_wconf 85' lang='lat' dir='ltr'><strong>Secunda</strong></span> <span class='ocrx_word' id='word_1_537' title='bbox 1565 4117 1800 4186; x_wconf 74' lang='lat' dir='ltr'><strong>synodus</strong></span> <span class='ocrx_word' id='word_1_538' title='bbox 1840 4117 1950 4176; x_wconf 80' lang='lat' dir='ltr'><strong>Ka-</strong></span> 
     </span>
    </p>
   </div>
   <div class='ocr_carea' id='block_1_74' title="bbox 369 4204 1948 4272">
    <p class='ocr_par' dir='ltr' id='par_1_74' title="bbox 369 4204 1948 4272">
     <span class='ocr_line' id='line_1_74' title="bbox 369 4204 1948 4272; baseline 0.001 -9"><span class='ocrx_word' id='word_1_539' title='bbox 369 4207 558 4264; x_wconf 89' lang='lat' dir='ltr'><strong>lendas</strong></span> <span class='ocrx_word' id='word_1_540' title='bbox 583 4206 854 4272; x_wconf 91' lang='lat' dir='ltr'><strong>Octubris,</strong></span> <span class='ocrx_word' id='word_1_541' title='bbox 886 4214 980 4260; x_wconf 88' lang='lat' dir='ltr'><strong>aut</strong></span> <span class='ocrx_word' id='word_1_542' title='bbox 1021 4208 1091 4261; x_wconf 90' lang='lat' dir='ltr'><strong>ad</strong></span> <span class='ocrx_word' id='word_1_543' title='bbox 1139 4204 1407 4260; x_wconf 89' lang='lat' dir='ltr'><strong>Sessiouis</strong></span> <span class='ocrx_word' id='word_1_544' title='bbox 1456 4205 1541 4261; x_wconf 91' lang='lat' dir='ltr'><strong>vel</strong></span> <span class='ocrx_word' id='word_1_545' title='bbox 1569 4207 1732 4262; x_wconf 88' lang='lat' dir='ltr'><strong>aliubi</strong></span> <span class='ocrx_word' id='word_1_546' title='bbox 1765 4209 1854 4264; x_wconf 91' lang='lat' dir='ltr'><strong>ubi</strong></span> <span class='ocrx_word' id='word_1_547' title='bbox 1881 4209 1948 4264; x_wconf 86' lang='lat' dir='ltr'><strong>ad</strong></span> 
     </span>
    </p>
   </div>
   <div class='ocr_carea' id='block_1_75' title="bbox 372 4295 1950 4367">
    <p class='ocr_par' dir='ltr' id='par_1_75' title="bbox 372 4295 1950 4367">
     <span class='ocr_line' id='line_1_75' title="bbox 372 4295 1950 4367; baseline -0.001 -13"><span class='ocrx_word' id='word_1_548' title='bbox 372 4299 595 4354; x_wconf 79' lang='lat' dir='ltr'><strong>Martias</strong></span> <span class='ocrx_word' id='word_1_549' title='bbox 622 4297 890 4352; x_wconf 81' lang='lat' dir='ltr'><strong>Kalendas</strong></span> <span class='ocrx_word' id='word_1_550' title='bbox 913 4297 1054 4351; x_wconf 90' lang='lat' dir='ltr'><strong>inter</strong></span> <span class='ocrx_word' id='word_1_551' title='bbox 1094 4296 1238 4366; x_wconf 90' lang='lat' dir='ltr'><strong>ipsos</strong></span> <span class='ocrx_word' id='word_1_552' title='bbox 1270 4295 1550 4367; x_wconf 88' lang='lat' dir='ltr'><strong>episcopos</strong></span> <span class='ocrx_word' id='word_1_553' title='bbox 1587 4299 1855 4354; x_wconf 83' lang='lat' dir='ltr'><strong>convenit.</strong></span> <span class='ocrx_word' id='word_1_554' title='bbox 1880 4299 1950 4354; x_wconf 88' lang='lat' dir='ltr'><strong>Et</strong></span> 
     </span>
    </p>
   </div>
   <div class='ocr_carea' id='block_1_76' title="bbox 370 4389 1949 4465">
    <p class='ocr_par' dir='ltr' id='par_1_76' title="bbox 370 4389 1949 4465">
     <span class='ocr_line' id='line_1_76' title="bbox 370 4389 1949 4465; baseline -0.001 -17"><span class='ocrx_word' id='word_1_555' title='bbox 370 4394 445 4448; x_wconf 90' lang='lat' dir='ltr'><strong>illi</strong></span> <span class='ocrx_word' id='word_1_556' title='bbox 466 4391 702 4465; x_wconf 88' lang='lat' dir='ltr'><strong>episcopi</strong></span> <span class='ocrx_word' id='word_1_557' title='bbox 724 4391 924 4446; x_wconf 91' lang='lat' dir='ltr'><strong>ibidem</strong></span> <span class='ocrx_word' id='word_1_558' title='bbox 945 4389 1284 4464; x_wconf 85' lang='lat' dir='ltr'><strong>conveniant,</strong></span> <span class='ocrx_word' id='word_1_559' title='bbox 1306 4405 1441 4458; x_wconf 92' lang='lat' dir='ltr'><strong>quos</strong></span> <span class='ocrx_word' id='word_1_560' title='bbox 1462 4391 1619 4446; x_wconf 66' lang='lat' dir='ltr'><strong>modo</strong></span> <span class='ocrx_word' id='word_1_561' title='bbox 1643 4391 1815 4446; x_wconf 88' lang='lat' dir='ltr'><strong>vicem</strong></span> <span class='ocrx_word' id='word_1_562' title='bbox 1836 4408 1949 4447; x_wconf 91' lang='lat' dir='ltr'><strong>mc-</strong></span> 
     </span>
    </p>
   </div>
   <div class='ocr_carea' id='block_1_77' title="bbox 373 4478 1947 4552">
    <p class='ocr_par' dir='ltr' id='par_1_77' title="bbox 373 4478 1947 4552">
     <span class='ocr_line' id='line_1_77' title="bbox 373 4478 1947 4552; baseline 0.001 -17"><span class='ocrx_word' id='word_1_563' title='bbox 373 4482 820 4552; x_wconf 88' lang='lat' dir='ltr'><strong>tropolitanorum</strong></span> <span class='ocrx_word' id='word_1_564' title='bbox 871 4479 1266 4534; x_wconf 88' lang='lat' dir='ltr'><strong>constituimus.</strong></span> <span class='ocrx_word' id='word_1_565' title='bbox 1320 4478 1388 4533; x_wconf 87' lang='lat' dir='ltr'><strong>Et</strong></span> <span class='ocrx_word' id='word_1_566' title='bbox 1437 4479 1528 4534; x_wconf 91' lang='lat' dir='ltr'><strong>alii</strong></span> <span class='ocrx_word' id='word_1_567' title='bbox 1577 4481 1813 4552; x_wconf 90' lang='lat' dir='ltr'><strong>episcopi</strong></span> <span class='ocrx_word' id='word_1_568' title='bbox 1861 4483 1947 4539; x_wconf 91' lang='lat' dir='ltr'><strong>vel</strong></span> 
     </span>
    </p>
   </div>
   <div class='ocr_carea' id='block_1_78' title="bbox 369 4569 1949 4644">
    <p class='ocr_par' dir='ltr' id='par_1_78' title="bbox 369 4569 1949 4644">
     <span class='ocr_line' id='line_1_78' title="bbox 369 4569 1949 4644; baseline 0.003 -20"><span class='ocrx_word' id='word_1_569' title='bbox 369 4571 594 4626; x_wconf 88' lang='lat' dir='ltr'><strong>abbates</strong></span> <span class='ocrx_word' id='word_1_570' title='bbox 614 4586 708 4626; x_wconf 88' lang='lat' dir='ltr'><strong>seu</strong></span> <span class='ocrx_word' id='word_1_571' title='bbox 746 4569 1054 4640; x_wconf 87' lang='lat' dir='ltr'><strong>presbiteri,</strong></span> <span class='ocrx_word' id='word_1_572' title='bbox 1081 4585 1216 4639; x_wconf 91' lang='lat' dir='ltr'><strong>quos</strong></span> <span class='ocrx_word' id='word_1_573' title='bbox 1245 4569 1344 4638; x_wconf 91' lang='lat' dir='ltr'><strong>ipsi</strong></span> <span class='ocrx_word' id='word_1_574' title='bbox 1384 4571 1778 4642; x_wconf 85' lang='lat' dir='ltr'><strong>metropolitani</strong></span> <span class='ocrx_word' id='word_1_575' title='bbox 1818 4583 1949 4644; x_wconf 89' lang='lat' dir='ltr'><strong>aput</strong></span> 
     </span>
    </p>
   </div>
   <div class='ocr_carea' id='block_1_79' title="bbox 370 4658 1946 4735">
    <p class='ocr_par' dir='ltr' id='par_1_79' title="bbox 370 4658 1946 4735">
     <span class='ocr_line' id='line_1_79' title="bbox 370 4658 1946 4735; baseline 0.005 -23"><span class='ocrx_word' id='word_1_576' title='bbox 370 4673 429 4712; x_wconf 86' lang='lat' dir='ltr'><strong>se</strong></span> <span class='ocrx_word' id='word_1_577' title='bbox 458 4660 643 4714; x_wconf 89' lang='lat' dir='ltr'><strong>venire</strong></span> <span class='ocrx_word' id='word_1_578' title='bbox 688 4659 960 4726; x_wconf 90' lang='lat' dir='ltr'><strong>iusserint,</strong></span> <span class='ocrx_word' id='word_1_579' title='bbox 990 4659 1188 4714; x_wconf 90' lang='lat' dir='ltr'><strong>ibidem</strong></span> <span class='ocrx_word' id='word_1_580' title='bbox 1230 4658 1284 4712; x_wconf 89' lang='lat' dir='ltr'><strong>in</strong></span> <span class='ocrx_word' id='word_1_581' title='bbox 1314 4659 1427 4730; x_wconf 85' lang='lat' dir='ltr'><strong>ipsa</strong></span> <span class='ocrx_word' id='word_1_582' title='bbox 1467 4663 1700 4716; x_wconf 86' lang='lat' dir='ltr'><strong>secunda</strong></span> <span class='ocrx_word' id='word_1_583' title='bbox 1743 4664 1946 4735; x_wconf 86' lang='lat' dir='ltr'><strong>synodo</strong></span> 
     </span>
    </p>
   </div>
   <div class='ocr_carea' id='block_1_80' title="bbox 371 4744 906 4802">
    <p class='ocr_par' dir='ltr' id='par_1_80' title="bbox 371 4744 906 4802">
     <span class='ocr_line' id='line_1_80' title="bbox 371 4744 906 4802; baseline 0.006 -3"><span class='ocrx_word' id='word_1_584' title='bbox 371 4747 659 4801; x_wconf 90' lang='lat' dir='ltr'><strong>convenire</strong></span> <span class='ocrx_word' id='word_1_585' title='bbox 687 4744 906 4802; x_wconf 80' lang='lat' dir='ltr'><strong>faciant.</strong></span> 
     </span>
    </p>
   </div>
   <div class='ocr_carea' id='block_1_81' title="bbox 440 4837 1943 4912">
    <p class='ocr_par' dir='ltr' id='par_1_81' title="bbox 440 4837 1943 4912">
     <span class='ocr_line' id='line_1_81' title="bbox 440 4837 1943 4912; baseline 0.006 -22"><span class='ocrx_word' id='word_1_586' title='bbox 440 4837 493 4891; x_wconf 82' lang='lat'><strong>5.</strong></span> <span class='ocrx_word' id='word_1_587' title='bbox 527 4837 599 4893; x_wconf 93' lang='lat' dir='ltr'><strong>Ut</strong></span> <span class='ocrx_word' id='word_1_588' title='bbox 623 4839 972 4905; x_wconf 89' lang='lat' dir='ltr'><strong>monasteria,</strong></span> <span class='ocrx_word' id='word_1_589' title='bbox 1003 4847 1113 4892; x_wconf 88' lang='lat' dir='ltr'><strong>tam</strong></span> <span class='ocrx_word' id='word_1_590' title='bbox 1138 4839 1378 4893; x_wconf 88' lang='lat' dir='ltr'><strong>virorum</strong></span> <span class='ocrx_word' id='word_1_591' title='bbox 1407 4855 1571 4910; x_wconf 89' lang='lat' dir='ltr'><strong>quam</strong></span> <span class='ocrx_word' id='word_1_592' title='bbox 1623 4842 1943 4912; x_wconf 90' lang='lat' dir='ltr'><strong>puellarum,</strong></span> 
     </span>
    </p>
   </div>
   <div class='ocr_carea' id='block_1_82' title="bbox 369 4928 1948 5001">
    <p class='ocr_par' dir='ltr' id='par_1_82' title="bbox 369 4928 1948 5001">
     <span class='ocr_line' id='line_1_82' title="bbox 369 4928 1948 5001; baseline 0.004 -19"><span class='ocrx_word' id='word_1_593' title='bbox 369 4928 698 4982; x_wconf 86' lang='lat' dir='ltr'><strong>saecundum</strong></span> <span class='ocrx_word' id='word_1_594' title='bbox 718 4930 962 4984; x_wconf 89' lang='lat' dir='ltr'><strong>ordinem</strong></span> <span class='ocrx_word' id='word_1_595' title='bbox 987 4930 1307 5001; x_wconf 86' lang='lat' dir='ltr'><strong>regulariter</strong></span> <span class='ocrx_word' id='word_1_596' title='bbox 1330 4931 1532 4986; x_wconf 91' lang='lat' dir='ltr'><strong>vivant.</strong></span> <span class='ocrx_word' id='word_1_597' title='bbox 1562 4933 1629 4986; x_wconf 88' lang='lat' dir='ltr'><strong>Et</strong></span> <span class='ocrx_word' id='word_1_598' title='bbox 1657 4933 1702 4987; x_wconf 91' lang='lat' dir='ltr'><strong>si</strong></span> <span class='ocrx_word' id='word_1_599' title='bbox 1732 4935 1835 4990; x_wconf 89' lang='lat' dir='ltr'><strong>hoc</strong></span> <span class='ocrx_word' id='word_1_600' title='bbox 1863 4934 1948 4989; x_wconf 82' lang='lat' dir='ltr'><strong>fa-</strong></span> 
     </span>
    </p>
   </div>
   <div class='ocr_carea' id='block_1_83' title="bbox 369 5021 1948 5094">
    <p class='ocr_par' dir='ltr' id='par_1_83' title="bbox 369 5021 1948 5094">
     <span class='ocr_line' id='line_1_83' title="bbox 369 5021 1948 5094; baseline 0.007 -21"><span class='ocrx_word' id='word_1_601' title='bbox 369 5034 495 5076; x_wconf 90' lang='lat' dir='ltr'><strong>cere</strong></span> <span class='ocrx_word' id='word_1_602' title='bbox 515 5021 1250 5093; x_wconf 89' lang='lat' dir='ltr'><strong>contempserint,episc0pus</strong></span> <span class='ocrx_word' id='word_1_603' title='bbox 1275 5023 1329 5077; x_wconf 93' lang='lat' dir='ltr'><strong>in</strong></span> <span class='ocrx_word' id='word_1_604' title='bbox 1351 5025 1504 5078; x_wconf 91' lang='lat' dir='ltr'><strong>cuius</strong></span> <span class='ocrx_word' id='word_1_605' title='bbox 1521 5027 1806 5094; x_wconf 90' lang='lat' dir='ltr'><strong>parrochia</strong></span> <span class='ocrx_word' id='word_1_606' title='bbox 1827 5043 1948 5083; x_wconf 90' lang='lat' dir='ltr'><strong>esse</strong></span> 
     </span>
    </p>
   </div>
   <div class='ocr_carea' id='block_1_84' title="bbox 368 5111 1946 5185">
    <p class='ocr_par' dir='ltr' id='par_1_84' title="bbox 368 5111 1946 5185">
     <span class='ocr_line' id='line_1_84' title="bbox 368 5111 1946 5185; baseline 0.004 -21"><span class='ocrx_word' id='word_1_607' title='bbox 368 5111 620 5165; x_wconf 90' lang='lat' dir='ltr'><strong>videntur</strong></span> <span class='ocrx_word' id='word_1_608' title='bbox 645 5111 747 5166; x_wconf 87' lang='lat' dir='ltr'><strong>hoc</strong></span> <span class='ocrx_word' id='word_1_609' title='bbox 767 5112 1055 5166; x_wconf 88' lang='lat' dir='ltr'><strong>emendare</strong></span> <span class='ocrx_word' id='word_1_610' title='bbox 1083 5113 1294 5167; x_wconf 87' lang='lat' dir='ltr'><strong>debeat.</strong></span> <span class='ocrx_word' id='word_1_611' title='bbox 1319 5112 1470 5180; x_wconf 85' lang='lat' dir='ltr'><strong>Quod</strong></span> <span class='ocrx_word' id='word_1_612' title='bbox 1496 5116 1540 5168; x_wconf 91' lang='lat' dir='ltr'><strong>si</strong></span> <span class='ocrx_word' id='word_1_613' title='bbox 1564 5131 1669 5168; x_wconf 92' lang='lat' dir='ltr'><strong>non</strong></span> <span class='ocrx_word' id='word_1_614' title='bbox 1692 5117 1946 5185; x_wconf 89' lang='lat' dir='ltr'><strong>potuerit,</strong></span> 
     </span>
    </p>
   </div>
   <div class='ocr_carea' id='block_1_85' title="bbox 370 5201 1945 5272">
    <p class='ocr_par' dir='ltr' id='par_1_85' title="bbox 370 5201 1945 5272">
     <span class='ocr_line' id='line_1_85' title="bbox 370 5201 1945 5272; baseline 0.003 -16"><span class='ocrx_word' id='word_1_615' title='bbox 370 5201 474 5256; x_wconf 91' lang='lat' dir='ltr'><strong>hoc</strong></span> <span class='ocrx_word' id='word_1_616' title='bbox 515 5216 674 5271; x_wconf 89' lang='lat' dir='ltr'><strong>quem</strong></span> <span class='ocrx_word' id='word_1_617' title='bbox 704 5201 1175 5272; x_wconf 75' lang='lat' dir='ltr'><strong>meti-epolitanum</strong></span> <span class='ocrx_word' id='word_1_618' title='bbox 1226 5203 1602 5258; x_wconf 90' lang='lat' dir='ltr'><strong>constituimus</strong></span> <span class='ocrx_word' id='word_1_619' title='bbox 1628 5204 1945 5272; x_wconf 90' lang='lat' dir='ltr'><strong>innotescat,</strong></span> 
     </span>
    </p>
   </div>
   <div class='ocr_carea' id='block_1_86' title="bbox 369 5291 1948 5366">
    <p class='ocr_par' dir='ltr' id='par_1_86' title="bbox 369 5291 1948 5366">
     <span class='ocr_line' id='line_1_86' title="bbox 369 5291 1948 5366; baseline 0.003 -20"><span class='ocrx_word' id='word_1_620' title='bbox 369 5300 426 5346; x_wconf 91' lang='lat' dir='ltr'><strong>et</strong></span> <span class='ocrx_word' id='word_1_621' title='bbox 473 5292 586 5363; x_wconf 89' lang='lat' dir='ltr'><strong>ipse</strong></span> <span class='ocrx_word' id='word_1_622' title='bbox 624 5292 726 5346; x_wconf 91' lang='lat' dir='ltr'><strong>hoc</strong></span> <span class='ocrx_word' id='word_1_623' title='bbox 752 5292 1041 5347; x_wconf 89' lang='lat' dir='ltr'><strong>emendare</strong></span> <span class='ocrx_word' id='word_1_624' title='bbox 1066 5291 1248 5347; x_wconf 86' lang='lat' dir='ltr'><strong>faciat.</strong></span> <span class='ocrx_word' id='word_1_625' title='bbox 1281 5292 1432 5360; x_wconf 85' lang='lat' dir='ltr'><strong>Quod</strong></span> <span class='ocrx_word' id='word_1_626' title='bbox 1460 5293 1504 5348; x_wconf 91' lang='lat' dir='ltr'><strong>si</strong></span> <span class='ocrx_word' id='word_1_627' title='bbox 1544 5295 1646 5349; x_wconf 88' lang='lat' dir='ltr'><strong>hoc</strong></span> <span class='ocrx_word' id='word_1_628' title='bbox 1686 5309 1788 5349; x_wconf 91' lang='lat' dir='ltr'><strong>nec</strong></span> <span class='ocrx_word' id='word_1_629' title='bbox 1835 5295 1948 5366; x_wconf 89' lang='lat' dir='ltr'><strong>ipse</strong></span> 
     </span>
    </p>
   </div>
   <div class='ocr_carea' id='block_1_87' title="bbox 369 5384 1949 5458">
    <p class='ocr_par' dir='ltr' id='par_1_87' title="bbox 369 5384 1949 5458">
     <span class='ocr_line' id='line_1_87' title="bbox 369 5384 1949 5458; baseline 0.002 -18"><span class='ocrx_word' id='word_1_630' title='bbox 369 5385 660 5440; x_wconf 89' lang='lat' dir='ltr'><strong>emendare</strong></span> <span class='ocrx_word' id='word_1_631' title='bbox 680 5384 934 5456; x_wconf 90' lang='lat' dir='ltr'><strong>potuerit,</strong></span> <span class='ocrx_word' id='word_1_632' title='bbox 967 5384 1034 5439; x_wconf 90' lang='lat' dir='ltr'><strong>ad</strong></span> <span class='ocrx_word' id='word_1_633' title='bbox 1063 5387 1322 5457; x_wconf 85' lang='lat' dir='ltr'><strong>synodum</strong></span> <span class='ocrx_word' id='word_1_634' title='bbox 1344 5386 1616 5458; x_wconf 88' lang='lat' dir='ltr'><strong>publicum</strong></span> <span class='ocrx_word' id='word_1_635' title='bbox 1645 5388 1838 5444; x_wconf 86' lang='lat' dir='ltr'><strong>exinde</strong></span> <span class='ocrx_word' id='word_1_636' title='bbox 1858 5405 1949 5444; x_wconf 85' lang='lat' dir='ltr'><strong>ve-</strong></span> 
     </span>
    </p>
   </div>
   <div class='ocr_carea' id='block_1_88' title="bbox 370 5478 1951 5552">
    <p class='ocr_par' dir='ltr' id='par_1_88' title="bbox 370 5478 1951 5552">
     <span class='ocr_line' id='line_1_88' title="bbox 370 5478 1951 5552; baseline 0.003 -20"><span class='ocrx_word' id='word_1_637' title='bbox 370 5478 540 5544; x_wconf 91' lang='lat' dir='ltr'><strong>niant,</strong></span> <span class='ocrx_word' id='word_1_638' title='bbox 567 5487 624 5534; x_wconf 90' lang='lat' dir='ltr'><strong>et</strong></span> <span class='ocrx_word' id='word_1_639' title='bbox 671 5479 870 5533; x_wconf 89' lang='lat' dir='ltr'><strong>ibidem</strong></span> <span class='ocrx_word' id='word_1_640' title='bbox 899 5480 1214 5534; x_wconf 89' lang='lat' dir='ltr'><strong>canonicam</strong></span> <span class='ocrx_word' id='word_1_641' title='bbox 1242 5481 1565 5536; x_wconf 88' lang='lat' dir='ltr'><strong>sententiam</strong></span> <span class='ocrx_word' id='word_1_642' title='bbox 1595 5481 1840 5552; x_wconf 89' lang='lat' dir='ltr'><strong>accipiat.</strong></span> <span class='ocrx_word' id='word_1_643' title='bbox 1883 5482 1951 5537; x_wconf 86' lang='lat' dir='ltr'><strong>Et</strong></span> 
     </span>
    </p>
   </div>
   <div class='ocr_carea' id='block_1_89' title="bbox 370 5569 1950 5642">
    <p class='ocr_par' dir='ltr' id='par_1_89' title="bbox 370 5569 1950 5642">
     <span class='ocr_line' id='line_1_89' title="bbox 370 5569 1950 5642; baseline 0.003 -18"><span class='ocrx_word' id='word_1_644' title='bbox 370 5569 416 5624; x_wconf 87' lang='lat' dir='ltr'><strong>si</strong></span> <span class='ocrx_word' id='word_1_645' title='bbox 472 5569 741 5641; x_wconf 78' lang='lat' dir='ltr'><strong>publicum</strong></span> <span class='ocrx_word' id='word_1_646' title='bbox 789 5571 1048 5641; x_wconf 87' lang='lat' dir='ltr'><strong>synodum</strong></span> <span class='ocrx_word' id='word_1_647' title='bbox 1096 5573 1498 5642; x_wconf 83' lang='lat' dir='ltr'><strong>contempserit,</strong></span> <span class='ocrx_word' id='word_1_648' title='bbox 1547 5580 1641 5626; x_wconf 91' lang='lat' dir='ltr'><strong>aut</strong></span> <span class='ocrx_word' id='word_1_649' title='bbox 1688 5573 1950 5628; x_wconf 89' lang='lat' dir='ltr'><strong>honorem</strong></span> 
     </span>
    </p>
   </div>
   <div class='ocr_carea' id='block_1_90' title="bbox 370 5661 1948 5732">
    <p class='ocr_par' dir='ltr' id='par_1_90' title="bbox 370 5661 1948 5732">
     <span class='ocr_line' id='line_1_90' title="bbox 370 5661 1948 5732; baseline 0.001 -18"><span class='ocrx_word' id='word_1_650' title='bbox 370 5672 526 5714; x_wconf 81' lang='lat' dir='ltr'><strong>suum</strong></span> <span class='ocrx_word' id='word_1_651' title='bbox 555 5661 766 5732; x_wconf 79' lang='lat' dir='ltr'><strong>perdat,</strong></span> <span class='ocrx_word' id='word_1_652' title='bbox 808 5670 902 5716; x_wconf 91' lang='lat' dir='ltr'><strong>aut</strong></span> <span class='ocrx_word' id='word_1_653' title='bbox 927 5669 1437 5717; x_wconf 83' lang='lat' dir='ltr'><strong>excommunecetur</strong></span> <span class='ocrx_word' id='word_1_654' title='bbox 1463 5662 1532 5718; x_wconf 91' lang='lat' dir='ltr'><strong>ab</strong></span> <span class='ocrx_word' id='word_1_655' title='bbox 1559 5662 1808 5718; x_wconf 88' lang='lat' dir='ltr'><strong>omnibus</strong></span> <span class='ocrx_word' id='word_1_656' title='bbox 1832 5661 1948 5732; x_wconf 88' lang='lat' dir='ltr'><strong>epi-</strong></span> 
     </span>
    </p>
   </div>
   <div class='ocr_carea' id='block_1_91' title="bbox 2048 3202 3636 3272">
    <p class='ocr_par' dir='ltr' id='par_1_91' title="bbox 2048 3202 3636 3272">
     <span class='ocr_line' id='line_1_91' title="bbox 2048 3202 3636 3272; baseline 0.002 -15"><span class='ocrx_word' id='word_1_657' title='bbox 2048 3203 2171 3257; x_wconf 88' lang='lat' dir='ltr'><strong>dem</strong></span> <span class='ocrx_word' id='word_1_658' title='bbox 2218 3211 2572 3272; x_wconf 86' lang='lat' dir='ltr'><strong>congregatae</strong></span> <span class='ocrx_word' id='word_1_659' title='bbox 2603 3202 2948 3255; x_wconf 85' lang='lat' dir='ltr'><strong>inveniuntur</strong></span> <span class='ocrx_word' id='word_1_660' title='bbox 2973 3202 3064 3271; x_wconf 90' lang='lat' dir='ltr'><strong>qui</strong></span> <span class='ocrx_word' id='word_1_661' title='bbox 3089 3202 3411 3272; x_wconf 86' lang='lat' dir='ltr'><strong>regulariter</strong></span> <span class='ocrx_word' id='word_1_662' title='bbox 3452 3205 3636 3261; x_wconf 87' lang='lat' dir='ltr'><strong>vivere</strong></span> 
     </span>
    </p>
   </div>
   <div class='ocr_carea' id='block_1_92' title="bbox 2048 3289 3636 3359">
    <p class='ocr_par' dir='ltr' id='par_1_92' title="bbox 2048 3289 3636 3359">
     <span class='ocr_line' id='line_1_92' title="bbox 2048 3289 3636 3359; baseline 0.001 -13"><span class='ocrx_word' id='word_1_663' title='bbox 2048 3307 2154 3346; x_wconf 94' lang='lat' dir='ltr'><strong>non</strong></span> <span class='ocrx_word' id='word_1_664' title='bbox 2182 3291 2401 3355; x_wconf 88' lang='lat' dir='ltr'><strong>vellent,</strong></span> <span class='ocrx_word' id='word_1_665' title='bbox 2429 3306 2528 3344; x_wconf 93' lang='lat' dir='ltr'><strong>nec</strong></span> <span class='ocrx_word' id='word_1_666' title='bbox 2553 3291 2620 3344; x_wconf 90' lang='lat' dir='ltr'><strong>ad</strong></span> <span class='ocrx_word' id='word_1_667' title='bbox 2649 3291 2752 3344; x_wconf 89' lang='lat' dir='ltr'><strong>hoc</strong></span> <span class='ocrx_word' id='word_1_668' title='bbox 2779 3289 2972 3359; x_wconf 89' lang='lat' dir='ltr'><strong>dignae</strong></span> <span class='ocrx_word' id='word_1_669' title='bbox 2995 3298 3122 3345; x_wconf 89' lang='lat' dir='ltr'><strong>sunt</strong></span> <span class='ocrx_word' id='word_1_670' title='bbox 3143 3299 3204 3344; x_wconf 91' lang='lat' dir='ltr'><strong>ut</strong></span> <span class='ocrx_word' id='word_1_671' title='bbox 3224 3304 3348 3345; x_wconf 91' lang='lat' dir='ltr'><strong>cum</strong></span> <span class='ocrx_word' id='word_1_672' title='bbox 3363 3291 3482 3346; x_wconf 88' lang='lat' dir='ltr'><strong>illas</strong></span> <span class='ocrx_word' id='word_1_673' title='bbox 3500 3291 3636 3348; x_wconf 87' lang='lat' dir='ltr'><strong>alias</strong></span> 
     </span>
    </p>
   </div>
   <div class='ocr_carea' id='block_1_93' title="bbox 2048 3379 3635 3451">
    <p class='ocr_par' dir='ltr' id='par_1_93' title="bbox 2048 3379 3635 3451">
     <span class='ocr_line' id='line_1_93' title="bbox 2048 3379 3635 3451; baseline 0.002 -17"><span class='ocrx_word' id='word_1_674' title='bbox 2048 3381 2310 3445; x_wconf 85' lang='lat' dir='ltr'><strong>habitent,</strong></span> <span class='ocrx_word' id='word_1_675' title='bbox 2341 3380 2623 3450; x_wconf 82' lang='lat' dir='ltr'><strong>episcOpus</strong></span> <span class='ocrx_word' id='word_1_676' title='bbox 2651 3379 2736 3434; x_wconf 92' lang='lat' dir='ltr'><strong>vel</strong></span> <span class='ocrx_word' id='word_1_677' title='bbox 2760 3380 3031 3434; x_wconf 89' lang='lat' dir='ltr'><strong>abbatissa</strong></span> <span class='ocrx_word' id='word_1_678' title='bbox 3076 3380 3428 3451; x_wconf 88' lang='lat' dir='ltr'><strong>praevideant</strong></span> <span class='ocrx_word' id='word_1_679' title='bbox 3454 3381 3635 3437; x_wconf 89' lang='lat' dir='ltr'><strong>locum</strong></span> 
     </span>
    </p>
   </div>
   <div class='ocr_carea' id='block_1_94' title="bbox 2048 3470 3634 3543">
    <p class='ocr_par' dir='ltr' id='par_1_94' title="bbox 2048 3470 3634 3543">
     <span class='ocr_line' id='line_1_94' title="bbox 2048 3470 3634 3543; baseline 0.003 -19"><span class='ocrx_word' id='word_1_680' title='bbox 2048 3478 2252 3540; x_wconf 88' lang='lat' dir='ltr'><strong>aptum,</strong></span> <span class='ocrx_word' id='word_1_681' title='bbox 2278 3470 2369 3524; x_wconf 89' lang='lat' dir='ltr'><strong>ubi</strong></span> <span class='ocrx_word' id='word_1_682' title='bbox 2393 3471 2683 3540; x_wconf 90' lang='lat' dir='ltr'><strong>separatim</strong></span> <span class='ocrx_word' id='word_1_683' title='bbox 2715 3484 2837 3524; x_wconf 89' lang='lat' dir='ltr'><strong>cum</strong></span> <span class='ocrx_word' id='word_1_684' title='bbox 2865 3472 3106 3526; x_wconf 88' lang='lat' dir='ltr'><strong>custodia</strong></span> <span class='ocrx_word' id='word_1_685' title='bbox 3130 3472 3184 3526; x_wconf 90' lang='lat' dir='ltr'><strong>in</strong></span> <span class='ocrx_word' id='word_1_686' title='bbox 3221 3471 3526 3543; x_wconf 82' lang='lat' dir='ltr'><strong>pulsaturio</strong></span> <span class='ocrx_word' id='word_1_687' title='bbox 3539 3473 3634 3528; x_wconf 91' lang='lat' dir='ltr'><strong>ha-</strong></span> 
     </span>
    </p>
   </div>
   <div class='ocr_carea' id='block_1_95' title="bbox 2047 3562 3634 3634">
    <p class='ocr_par' dir='ltr' id='par_1_95' title="bbox 2047 3562 3634 3634">
     <span class='ocr_line' id='line_1_95' title="bbox 2047 3562 3634 3634; baseline 0.001 -18"><span class='ocrx_word' id='word_1_688' title='bbox 2047 3562 2224 3616; x_wconf 87' lang='lat' dir='ltr'><strong>bitare</strong></span> <span class='ocrx_word' id='word_1_689' title='bbox 2247 3563 2497 3627; x_wconf 87' lang='lat' dir='ltr'><strong>debeant,</strong></span> <span class='ocrx_word' id='word_1_690' title='bbox 2527 3562 2612 3616; x_wconf 90' lang='lat' dir='ltr'><strong>vel</strong></span> <span class='ocrx_word' id='word_1_691' title='bbox 2633 3576 2860 3632; x_wconf 86' lang='lat' dir='ltr'><strong>cperare</strong></span> <span class='ocrx_word' id='word_1_692' title='bbox 2888 3563 3136 3618; x_wconf 86' lang='lat' dir='ltr'><strong>manibus</strong></span> <span class='ocrx_word' id='word_1_693' title='bbox 3155 3564 3297 3633; x_wconf 90' lang='lat' dir='ltr'><strong>quod</strong></span> <span class='ocrx_word' id='word_1_694' title='bbox 3325 3564 3439 3634; x_wconf 88' lang='lat' dir='ltr'><strong>ipsa</strong></span> <span class='ocrx_word' id='word_1_695' title='bbox 3463 3565 3634 3620; x_wconf 90' lang='lat' dir='ltr'><strong>abba-</strong></span> 
     </span>
    </p>
   </div>
   <div class='ocr_carea' id='block_1_96' title="bbox 2050 3651 3634 3726">
    <p class='ocr_par' dir='ltr' id='par_1_96' title="bbox 2050 3651 3634 3726">
     <span class='ocr_line' id='line_1_96' title="bbox 2050 3651 3634 3726; baseline 0.003 -20"><span class='ocrx_word' id='word_1_696' title='bbox 2050 3652 2182 3706; x_wconf 88' lang='lat' dir='ltr'><strong>tissa</strong></span> <span class='ocrx_word' id='word_1_697' title='bbox 2207 3652 2286 3706; x_wconf 89' lang='lat' dir='ltr'><strong>eis</strong></span> <span class='ocrx_word' id='word_1_698' title='bbox 2327 3653 2564 3717; x_wconf 89' lang='lat' dir='ltr'><strong>iusserit,</strong></span> <span class='ocrx_word' id='word_1_699' title='bbox 2613 3651 2831 3706; x_wconf 89' lang='lat' dir='ltr'><strong>interim</strong></span> <span class='ocrx_word' id='word_1_700' title='bbox 2863 3655 3005 3721; x_wconf 70' lang='lat' dir='ltr'><strong>quod</strong></span> <span class='ocrx_word' id='word_1_701' title='bbox 3051 3655 3323 3719; x_wconf 71' lang='lat' dir='ltr'><strong>probatas,</strong></span> <span class='ocrx_word' id='word_1_702' title='bbox 3353 3656 3399 3708; x_wconf 89' lang='lat' dir='ltr'><strong>si</strong></span> <span class='ocrx_word' id='word_1_703' title='bbox 3440 3655 3634 3726; x_wconf 88' lang='lat' dir='ltr'><strong>dignae</strong></span> 
     </span>
    </p>
   </div>
   <div class='ocr_carea' id='block_1_97' title="bbox 2049 3742 3093 3813">
    <p class='ocr_par' dir='ltr' id='par_1_97' title="bbox 2049 3742 3093 3813">
     <span class='ocr_line' id='line_1_97' title="bbox 2049 3742 3093 3813; baseline -0.004 -16"><span class='ocrx_word' id='word_1_704' title='bbox 2049 3751 2193 3806; x_wconf 90' lang='lat' dir='ltr'><strong>sunt,</strong></span> <span class='ocrx_word' id='word_1_705' title='bbox 2222 3743 2274 3796; x_wconf 93' lang='lat' dir='ltr'><strong>in</strong></span> <span class='ocrx_word' id='word_1_706' title='bbox 2297 3743 2713 3813; x_wconf 87' lang='lat' dir='ltr'><strong>congregatione</strong></span> <span class='ocrx_word' id='word_1_707' title='bbox 2745 3742 3093 3812; x_wconf 85' lang='lat' dir='ltr'><strong>recipiantur.</strong></span> 
     </span>
    </p>
   </div>
   <div class='ocr_carea' id='block_1_98' title="bbox 2121 3831 3633 3906">
    <p class='ocr_par' dir='ltr' id='par_1_98' title="bbox 2121 3831 3633 3906">
     <span class='ocr_line' id='line_1_98' title="bbox 2121 3831 3633 3906; baseline 0.005 -21"><span class='ocrx_word' id='word_1_708' title='bbox 2121 3833 2172 3885; x_wconf 88' lang='lat'><strong>7.</strong></span> <span class='ocrx_word' id='word_1_709' title='bbox 2206 3831 2275 3887; x_wconf 90' lang='lat' dir='ltr'><strong>Ut</strong></span> <span class='ocrx_word' id='word_1_710' title='bbox 2317 3832 2590 3901; x_wconf 69' lang='lat' dir='ltr'><strong>publicum</strong></span> <span class='ocrx_word' id='word_1_711' title='bbox 2636 3831 3013 3902; x_wconf 87' lang='lat' dir='ltr'><strong>baptisterium</strong></span> <span class='ocrx_word' id='word_1_712' title='bbox 3058 3849 3111 3887; x_wconf 79' lang='lat' dir='ltr'><strong>in</strong></span> <span class='ocrx_word' id='word_1_713' title='bbox 3161 3831 3267 3889; x_wconf 90' lang='lat' dir='ltr'><strong>ulla</strong></span> <span class='ocrx_word' id='word_1_714' title='bbox 3314 3836 3633 3906; x_wconf 88' lang='lat' dir='ltr'><strong>parroechia</strong></span> 
     </span>
    </p>
   </div>
   <div class='ocr_carea' id='block_1_99' title="bbox 2042 3922 3636 3995">
    <p class='ocr_par' dir='ltr' id='par_1_99' title="bbox 2042 3922 3636 3995">
     <span class='ocr_line' id='line_1_99' title="bbox 2042 3922 3636 3995; baseline 0.003 -17"><span class='ocrx_word' id='word_1_715' title='bbox 2042 3938 2169 3978; x_wconf 86' lang='lat' dir='ltr'><strong>esse</strong></span> <span class='ocrx_word' id='word_1_716' title='bbox 2207 3938 2314 3977; x_wconf 89' lang='lat' dir='ltr'><strong>non</strong></span> <span class='ocrx_word' id='word_1_717' title='bbox 2339 3923 2550 3989; x_wconf 90' lang='lat' dir='ltr'><strong>debeat,</strong></span> <span class='ocrx_word' id='word_1_718' title='bbox 2599 3923 2704 3978; x_wconf 88' lang='lat' dir='ltr'><strong>nisi</strong></span> <span class='ocrx_word' id='word_1_719' title='bbox 2727 3922 2800 3977; x_wconf 88' lang='lat' dir='ltr'><strong>ibi</strong></span> <span class='ocrx_word' id='word_1_720' title='bbox 2830 3923 2922 3977; x_wconf 89' lang='lat' dir='ltr'><strong>ubi</strong></span> <span class='ocrx_word' id='word_1_721' title='bbox 2967 3924 3250 3995; x_wconf 86' lang='lat' dir='ltr'><strong>episc0pus</strong></span> <span class='ocrx_word' id='word_1_722' title='bbox 3293 3927 3636 3982; x_wconf 85' lang='lat' dir='ltr'><strong>constituerit</strong></span> 
     </span>
    </p>
   </div>
   <div class='ocr_carea' id='block_1_100' title="bbox 2049 4011 3634 4083">
    <p class='ocr_par' dir='ltr' id='par_1_100' title="bbox 2049 4011 3634 4083">
     <span class='ocr_line' id='line_1_100' title="bbox 2049 4011 3634 4083; baseline 0.003 -15"><span class='ocrx_word' id='word_1_723' title='bbox 2049 4013 2201 4068; x_wconf 90' lang='lat' dir='ltr'><strong>cuius</strong></span> <span class='ocrx_word' id='word_1_724' title='bbox 2225 4013 2510 4083; x_wconf 87' lang='lat' dir='ltr'><strong>parrochia</strong></span> <span class='ocrx_word' id='word_1_725' title='bbox 2555 4022 2659 4068; x_wconf 91' lang='lat' dir='ltr'><strong>est.</strong></span> <span class='ocrx_word' id='word_1_726' title='bbox 2709 4011 2824 4067; x_wconf 87' lang='lat' dir='ltr'><strong>Nisi</strong></span> <span class='ocrx_word' id='word_1_727' title='bbox 2854 4021 3060 4067; x_wconf 87' lang='lat' dir='ltr'><strong>tantum</strong></span> <span class='ocrx_word' id='word_1_728' title='bbox 3090 4015 3134 4068; x_wconf 91' lang='lat' dir='ltr'><strong>si</strong></span> <span class='ocrx_word' id='word_1_729' title='bbox 3165 4016 3460 4071; x_wconf 86' lang='lat' dir='ltr'><strong>necessitas</strong></span> <span class='ocrx_word' id='word_1_730' title='bbox 3503 4032 3634 4072; x_wconf 89' lang='lat' dir='ltr'><strong>eve-</strong></span> 
     </span>
    </p>
   </div>
   <div class='ocr_carea' id='block_1_101' title="bbox 2049 4103 3630 4176">
    <p class='ocr_par' dir='ltr' id='par_1_101' title="bbox 2049 4103 3630 4176">
     <span class='ocr_line' id='line_1_101' title="bbox 2049 4103 3630 4176; baseline 0.002 -18"><span class='ocrx_word' id='word_1_731' title='bbox 2049 4105 2191 4158; x_wconf 88' lang='lat' dir='ltr'><strong>nerit</strong></span> <span class='ocrx_word' id='word_1_732' title='bbox 2241 4118 2339 4173; x_wconf 88' lang='lat' dir='ltr'><strong>pro</strong></span> <span class='ocrx_word' id='word_1_733' title='bbox 2393 4103 2725 4168; x_wconf 88' lang='lat' dir='ltr'><strong>inﬁrmitate,</strong></span> <span class='ocrx_word' id='word_1_734' title='bbox 2755 4110 2848 4156; x_wconf 87' lang='lat' dir='ltr'><strong>aut</strong></span> <span class='ocrx_word' id='word_1_735' title='bbox 2877 4117 2976 4173; x_wconf 89' lang='lat' dir='ltr'><strong>pro</strong></span> <span class='ocrx_word' id='word_1_736' title='bbox 3003 4105 3348 4170; x_wconf 88' lang='lat' dir='ltr'><strong>necessitate,</strong></span> <span class='ocrx_word' id='word_1_737' title='bbox 3375 4105 3448 4160; x_wconf 90' lang='lat' dir='ltr'><strong>illi</strong></span> <span class='ocrx_word' id='word_1_738' title='bbox 3474 4121 3630 4176; x_wconf 86' lang='lat' dir='ltr'><strong>pres-</strong></span> 
     </span>
    </p>
   </div>
   <div class='ocr_carea' id='block_1_102' title="bbox 2048 4195 3630 4266">
    <p class='ocr_par' dir='ltr' id='par_1_102' title="bbox 2048 4195 3630 4266">
     <span class='ocr_line' id='line_1_102' title="bbox 2048 4195 3630 4266; baseline 0.001 -16"><span class='ocrx_word' id='word_1_739' title='bbox 2048 4196 2245 4266; x_wconf 83' lang='lat' dir='ltr'><strong>byteri,</strong></span> <span class='ocrx_word' id='word_1_740' title='bbox 2279 4210 2415 4265; x_wconf 89' lang='lat' dir='ltr'><strong>quos</strong></span> <span class='ocrx_word' id='word_1_741' title='bbox 2444 4196 2728 4265; x_wconf 89' lang='lat' dir='ltr'><strong>episc0pus</strong></span> <span class='ocrx_word' id='word_1_742' title='bbox 2749 4195 2802 4249; x_wconf 92' lang='lat' dir='ltr'><strong>in</strong></span> <span class='ocrx_word' id='word_1_743' title='bbox 2824 4195 2937 4264; x_wconf 89' lang='lat' dir='ltr'><strong>ipsa</strong></span> <span class='ocrx_word' id='word_1_744' title='bbox 2962 4195 3247 4264; x_wconf 88' lang='lat' dir='ltr'><strong>parrochia</strong></span> <span class='ocrx_word' id='word_1_745' title='bbox 3268 4198 3630 4265; x_wconf 90' lang='lat' dir='ltr'><strong>constituerit,</strong></span> 
     </span>
    </p>
   </div>
   <div class='ocr_carea' id='block_1_103' title="bbox 2049 4283 3634 4356">
    <p class='ocr_par' dir='ltr' id='par_1_103' title="bbox 2049 4283 3634 4356">
     <span class='ocr_line' id='line_1_103' title="bbox 2049 4283 3634 4356; baseline -0.001 -14"><span class='ocrx_word' id='word_1_746' title='bbox 2049 4287 2104 4342; x_wconf 86' lang='lat' dir='ltr'><strong>in</strong></span> <span class='ocrx_word' id='word_1_747' title='bbox 2150 4286 2540 4356; x_wconf 82' lang='lat' dir='ltr'><strong>qualecumque</strong></span> <span class='ocrx_word' id='word_1_748' title='bbox 2586 4285 2704 4340; x_wconf 88' lang='lat' dir='ltr'><strong>loco</strong></span> <span class='ocrx_word' id='word_1_749' title='bbox 2751 4286 3032 4349; x_wconf 89' lang='lat' dir='ltr'><strong>evenerit,</strong></span> <span class='ocrx_word' id='word_1_750' title='bbox 3077 4283 3350 4339; x_wconf 87' lang='lat' dir='ltr'><strong>licentiam</strong></span> <span class='ocrx_word' id='word_1_751' title='bbox 3397 4285 3634 4340; x_wconf 84' lang='lat' dir='ltr'><strong>habeant</strong></span> 
     </span>
    </p>
   </div>
   <div class='ocr_carea' id='block_1_104' title="bbox 2049 4376 3627 4448">
    <p class='ocr_par' dir='ltr' id='par_1_104' title="bbox 2049 4376 3627 4448">
     <span class='ocr_line' id='line_1_104' title="bbox 2049 4376 3627 4448; baseline -0.002 -15"><span class='ocrx_word' id='word_1_752' title='bbox 2049 4377 2379 4448; x_wconf 87' lang='lat' dir='ltr'><strong>baptizandi,</strong></span> <span class='ocrx_word' id='word_1_753' title='bbox 2407 4387 2467 4430; x_wconf 93' lang='lat' dir='ltr'><strong>ut</strong></span> <span class='ocrx_word' id='word_1_754' title='bbox 2488 4377 2708 4431; x_wconf 91' lang='lat' dir='ltr'><strong>omnino</strong></span> <span class='ocrx_word' id='word_1_755' title='bbox 2737 4376 2852 4430; x_wconf 91' lang='lat' dir='ltr'><strong>sine</strong></span> <span class='ocrx_word' id='word_1_756' title='bbox 2878 4376 3147 4445; x_wconf 88' lang='lat' dir='ltr'><strong>baptismo</strong></span> <span class='ocrx_word' id='word_1_757' title='bbox 3175 4389 3280 4430; x_wconf 91' lang='lat' dir='ltr'><strong>non</strong></span> <span class='ocrx_word' id='word_1_758' title='bbox 3304 4376 3627 4430; x_wconf 89' lang='lat' dir='ltr'><strong>moriantur.</strong></span> 
     </span>
    </p>
   </div>
   <div class='ocr_carea' id='block_1_105' title="bbox 1975 4451 3631 4536">
    <p class='ocr_par' dir='ltr' id='par_1_105' title="bbox 1975 4451 3631 4536">
     <span class='ocr_line' id='line_1_105' title="bbox 1975 4451 3631 4536; baseline -0.001 -16"><span class='ocrx_word' id='word_1_759' title='bbox 1975 4451 2024 4511; x_wconf 79' lang='grc' dir='ltr'><strong>Ι)</strong></span> <span class='ocrx_word' id='word_1_760' title='bbox 2121 4470 2174 4520; x_wconf 81' lang='lat'><strong>8.</strong></span> <span class='ocrx_word' id='word_1_761' title='bbox 2200 4466 2277 4520; x_wconf 93' lang='lat' dir='ltr'><strong>De</strong></span> <span class='ocrx_word' id='word_1_762' title='bbox 2303 4465 2652 4536; x_wconf 86' lang='lat' dir='ltr'><strong>presbyteris.</strong></span> <span class='ocrx_word' id='word_1_763' title='bbox 2684 4464 2754 4519; x_wconf 90' lang='lat' dir='ltr'><strong>Ut</strong></span> <span class='ocrx_word' id='word_1_764' title='bbox 2771 4479 2960 4518; x_wconf 84' lang='lat' dir='ltr'><strong>omnes</strong></span> <span class='ocrx_word' id='word_1_765' title='bbox 2979 4463 3280 4534; x_wconf 87' lang='lat' dir='ltr'><strong>presbyteri</strong></span> <span class='ocrx_word' id='word_1_766' title='bbox 3305 4463 3397 4533; x_wconf 90' lang='lat' dir='ltr'><strong>qui</strong></span> <span class='ocrx_word' id='word_1_767' title='bbox 3425 4463 3480 4518; x_wconf 93' lang='lat' dir='ltr'><strong>in</strong></span> <span class='ocrx_word' id='word_1_768' title='bbox 3501 4479 3631 4534; x_wconf 86' lang='lat' dir='ltr'><strong>par-</strong></span> 
     </span>
    </p>
   </div>
   <div class='ocr_carea' id='block_1_106' title="bbox 2047 4555 3634 4626">
    <p class='ocr_par' dir='ltr' id='par_1_106' title="bbox 2047 4555 3634 4626">
     <span class='ocr_line' id='line_1_106' title="bbox 2047 4555 3634 4626; baseline -0.001 -13"><span class='ocrx_word' id='word_1_769' title='bbox 2047 4558 2236 4613; x_wconf 86' lang='lat' dir='ltr'><strong>rochia</strong></span> <span class='ocrx_word' id='word_1_770' title='bbox 2262 4565 2408 4621; x_wconf 89' lang='lat' dir='ltr'><strong>sunt,</strong></span> <span class='ocrx_word' id='word_1_771' title='bbox 2435 4558 2534 4612; x_wconf 90' lang='lat' dir='ltr'><strong>sub</strong></span> <span class='ocrx_word' id='word_1_772' title='bbox 2559 4563 2826 4625; x_wconf 90' lang='lat' dir='ltr'><strong>potestate</strong></span> <span class='ocrx_word' id='word_1_773' title='bbox 2853 4555 3090 4626; x_wconf 88' lang='lat' dir='ltr'><strong>episcopi</strong></span> <span class='ocrx_word' id='word_1_774' title='bbox 3132 4571 3253 4611; x_wconf 88' lang='lat' dir='ltr'><strong>esse</strong></span> <span class='ocrx_word' id='word_1_775' title='bbox 3291 4556 3524 4611; x_wconf 87' lang='lat' dir='ltr'><strong>debeant</strong></span> <span class='ocrx_word' id='word_1_776' title='bbox 3565 4557 3634 4612; x_wconf 87' lang='lat' dir='ltr'><strong>de</strong></span> 
     </span>
    </p>
   </div>
   <div class='ocr_carea' id='block_1_107' title="bbox 2046 4647 3632 4718">
    <p class='ocr_par' dir='ltr' id='par_1_107' title="bbox 2046 4647 3632 4718">
     <span class='ocr_line' id='line_1_107' title="bbox 2046 4647 3632 4718; baseline -0.001 -12"><span class='ocrx_word' id='word_1_777' title='bbox 2046 4666 2236 4706; x_wconf 89' lang='lat' dir='ltr'><strong>eorum</strong></span> <span class='ocrx_word' id='word_1_778' title='bbox 2278 4649 2488 4713; x_wconf 85' lang='lat' dir='ltr'><strong>ordine,</strong></span> <span class='ocrx_word' id='word_1_779' title='bbox 2517 4656 2574 4702; x_wconf 90' lang='lat' dir='ltr'><strong>et</strong></span> <span class='ocrx_word' id='word_1_780' title='bbox 2613 4647 2754 4702; x_wconf 87' lang='lat' dir='ltr'><strong>nullo</strong></span> <span class='ocrx_word' id='word_1_781' title='bbox 2800 4647 3067 4717; x_wconf 79' lang='lat' dir='ltr'><strong>presbiter</strong></span> <span class='ocrx_word' id='word_1_782' title='bbox 3095 4662 3201 4702; x_wconf 88' lang='lat' dir='ltr'><strong>non</strong></span> <span class='ocrx_word' id='word_1_783' title='bbox 3226 4657 3542 4718; x_wconf 89' lang='lat' dir='ltr'><strong>praesumat</strong></span> <span class='ocrx_word' id='word_1_784' title='bbox 3575 4649 3632 4705; x_wconf 93' lang='lat' dir='ltr'><strong>in</strong></span> 
     </span>
    </p>
   </div>
   <div class='ocr_carea' id='block_1_108' title="bbox 2048 4738 3633 4811">
    <p class='ocr_par' dir='ltr' id='par_1_108' title="bbox 2048 4738 3633 4811">
     <span class='ocr_line' id='line_1_108' title="bbox 2048 4738 3633 4811; baseline 0.001 -16"><span class='ocrx_word' id='word_1_785' title='bbox 2048 4741 2138 4796; x_wconf 80' lang='lat' dir='ltr'><strong>illa</strong></span> <span class='ocrx_word' id='word_1_786' title='bbox 2163 4739 2447 4811; x_wconf 88' lang='lat' dir='ltr'><strong>parrochia</strong></span> <span class='ocrx_word' id='word_1_787' title='bbox 2477 4753 2577 4793; x_wconf 90' lang='lat' dir='ltr'><strong>nec</strong></span> <span class='ocrx_word' id='word_1_788' title='bbox 2612 4738 2910 4808; x_wconf 84' lang='lat' dir='ltr'><strong>baptizare,</strong></span> <span class='ocrx_word' id='word_1_789' title='bbox 2954 4752 3055 4792; x_wconf 91' lang='lat' dir='ltr'><strong>nec</strong></span> <span class='ocrx_word' id='word_1_790' title='bbox 3098 4739 3294 4793; x_wconf 86' lang='lat' dir='ltr'><strong>missas</strong></span> <span class='ocrx_word' id='word_1_791' title='bbox 3319 4738 3633 4796; x_wconf 85' lang='lat' dir='ltr'><strong>caelebrare</strong></span> 
     </span>
    </p>
   </div>
   <div class='ocr_carea' id='block_1_109' title="bbox 2049 4827 3632 4898">
    <p class='ocr_par' dir='ltr' id='par_1_109' title="bbox 2049 4827 3632 4898">
     <span class='ocr_line' id='line_1_109' title="bbox 2049 4827 3632 4898; baseline -0.002 -12"><span class='ocrx_word' id='word_1_792' title='bbox 2049 4831 2166 4886; x_wconf 88' lang='lat' dir='ltr'><strong>sine</strong></span> <span class='ocrx_word' id='word_1_793' title='bbox 2194 4829 2430 4885; x_wconf 87' lang='lat' dir='ltr'><strong>iussione</strong></span> <span class='ocrx_word' id='word_1_794' title='bbox 2448 4828 2684 4898; x_wconf 89' lang='lat' dir='ltr'><strong>episc0pi</strong></span> <span class='ocrx_word' id='word_1_795' title='bbox 2705 4827 2760 4880; x_wconf 91' lang='lat' dir='ltr'><strong>in</strong></span> <span class='ocrx_word' id='word_1_796' title='bbox 2798 4827 2953 4882; x_wconf 90' lang='lat' dir='ltr'><strong>cuius</strong></span> <span class='ocrx_word' id='word_1_797' title='bbox 2972 4828 3261 4898; x_wconf 90' lang='lat' dir='ltr'><strong>parrochia</strong></span> <span class='ocrx_word' id='word_1_798' title='bbox 3290 4837 3394 4884; x_wconf 89' lang='lat' dir='ltr'><strong>est.</strong></span> <span class='ocrx_word' id='word_1_799' title='bbox 3417 4829 3486 4884; x_wconf 82' lang='lat' dir='ltr'><strong>Et</strong></span> <span class='ocrx_word' id='word_1_800' title='bbox 3507 4844 3632 4886; x_wconf 85' lang='lat' dir='ltr'><strong>om-</strong></span> 
     </span>
    </p>
   </div>
   <div class='ocr_carea' id='block_1_110' title="bbox 2047 4919 3633 4994">
    <p class='ocr_par' dir='ltr' id='par_1_110' title="bbox 2047 4919 3633 4994">
     <span class='ocr_line' id='line_1_110' title="bbox 2047 4919 3633 4994; baseline 0.001 -16"><span class='ocrx_word' id='word_1_801' title='bbox 2047 4939 2147 4980; x_wconf 89' lang='lat' dir='ltr'><strong>nes</strong></span> <span class='ocrx_word' id='word_1_802' title='bbox 2182 4922 2469 4994; x_wconf 90' lang='lat' dir='ltr'><strong>presbiteri</strong></span> <span class='ocrx_word' id='word_1_803' title='bbox 2499 4921 2567 4976; x_wconf 87' lang='lat' dir='ltr'><strong>ad</strong></span> <span class='ocrx_word' id='word_1_804' title='bbox 2610 4919 2897 4976; x_wconf 89' lang='lat' dir='ltr'><strong>concilium</strong></span> <span class='ocrx_word' id='word_1_805' title='bbox 2925 4921 3162 4992; x_wconf 88' lang='lat' dir='ltr'><strong>episcopi</strong></span> <span class='ocrx_word' id='word_1_806' title='bbox 3201 4922 3541 4978; x_wconf 89' lang='lat' dir='ltr'><strong>conveniant.</strong></span> <span class='ocrx_word' id='word_1_807' title='bbox 3564 4922 3633 4980; x_wconf 83' lang='lat' dir='ltr'><strong>Et</strong></span> 
     </span>
    </p>
   </div>
   <div class='ocr_carea' id='block_1_111' title="bbox 2047 5012 3631 5086">
    <p class='ocr_par' dir='ltr' id='par_1_111' title="bbox 2047 5012 3631 5086">
     <span class='ocr_line' id='line_1_111' title="bbox 2047 5012 3631 5086; baseline -0.003 -14"><span class='ocrx_word' id='word_1_808' title='bbox 2047 5017 2094 5072; x_wconf 91' lang='lat' dir='ltr'><strong>si</strong></span> <span class='ocrx_word' id='word_1_809' title='bbox 2123 5018 2225 5071; x_wconf 93' lang='lat' dir='ltr'><strong>hoc</strong></span> <span class='ocrx_word' id='word_1_810' title='bbox 2252 5015 2394 5086; x_wconf 92' lang='lat' dir='ltr'><strong>quod</strong></span> <span class='ocrx_word' id='word_1_811' title='bbox 2422 5014 2671 5084; x_wconf 88' lang='lat' dir='ltr'><strong>superius</strong></span> <span class='ocrx_word' id='word_1_812' title='bbox 2695 5013 3161 5084; x_wconf 87' lang='lat' dir='ltr'><strong>conpraehensum</strong></span> <span class='ocrx_word' id='word_1_813' title='bbox 3182 5022 3269 5070; x_wconf 73' lang='lat' dir='ltr'><strong>est</strong></span> <span class='ocrx_word' id='word_1_814' title='bbox 3299 5012 3480 5068; x_wconf 74' lang='lat' dir='ltr'><strong>facere</strong></span> <span class='ocrx_word' id='word_1_815' title='bbox 3500 5028 3631 5069; x_wconf 88' lang='lat' dir='ltr'><strong>con-</strong></span> 
     </span>
    </p>
   </div>
   <div class='ocr_carea' id='block_1_112' title="bbox 2049 5105 3626 5180">
    <p class='ocr_par' dir='ltr' id='par_1_112' title="bbox 2049 5105 3626 5180">
     <span class='ocr_line' id='line_1_112' title="bbox 2049 5105 3626 5180; baseline -0.002 -17"><span class='ocrx_word' id='word_1_816' title='bbox 2049 5108 2385 5180; x_wconf 88' lang='lat' dir='ltr'><strong>tempserint,</strong></span> <span class='ocrx_word' id='word_1_817' title='bbox 2409 5107 2703 5163; x_wconf 87' lang='lat' dir='ltr'><strong>secundum</strong></span> <span class='ocrx_word' id='word_1_818' title='bbox 2730 5107 3043 5163; x_wconf 90' lang='lat' dir='ltr'><strong>canonicam</strong></span> <span class='ocrx_word' id='word_1_819' title='bbox 3069 5105 3458 5161; x_wconf 87' lang='lat' dir='ltr'><strong>institutionem</strong></span> <span class='ocrx_word' id='word_1_820' title='bbox 3489 5105 3626 5161; x_wconf 87' lang='lat' dir='ltr'><strong>iudi-</strong></span> 
     </span>
    </p>
   </div>
   <div class='ocr_carea' id='block_1_113' title="bbox 2048 5199 3273 5271">
    <p class='ocr_par' dir='ltr' id='par_1_113' title="bbox 2048 5199 3273 5271">
     <span class='ocr_line' id='line_1_113' title="bbox 2048 5199 3273 5271; baseline -0.006 -14"><span class='ocrx_word' id='word_1_821' title='bbox 2048 5211 2260 5266; x_wconf 89' lang='lat' dir='ltr'><strong>centur,</strong></span> <span class='ocrx_word' id='word_1_822' title='bbox 2289 5209 2397 5254; x_wconf 90' lang='lat' dir='ltr'><strong>tam</strong></span> <span class='ocrx_word' id='word_1_823' title='bbox 2421 5200 2522 5271; x_wconf 88' lang='lat' dir='ltr'><strong>ipsi</strong></span> <span class='ocrx_word' id='word_1_824' title='bbox 2549 5215 2710 5270; x_wconf 90' lang='lat' dir='ltr'><strong>quam</strong></span> <span class='ocrx_word' id='word_1_825' title='bbox 2733 5199 3044 5255; x_wconf 81' lang='lat' dir='ltr'><strong>defensores</strong></span> <span class='ocrx_word' id='word_1_826' title='bbox 3065 5213 3273 5253; x_wconf 88' lang='lat' dir='ltr'><strong>eorum.</strong></span> 
     </span>
    </p>
   </div>
   <div class='ocr_carea' id='block_1_114' title="bbox 2124 5291 3631 5356">
    <p class='ocr_par' dir='ltr' id='par_1_114' title="bbox 2124 5291 3631 5356">
     <span class='ocr_line' id='line_1_114' title="bbox 2124 5291 3631 5356; baseline -0.003 -6"><span class='ocrx_word' id='word_1_827' title='bbox 2124 5296 2177 5351; x_wconf 91' lang='lat'><strong>9.</strong></span> <span class='ocrx_word' id='word_1_828' title='bbox 2211 5295 2285 5349; x_wconf 90' lang='lat' dir='ltr'><strong>De</strong></span> <span class='ocrx_word' id='word_1_829' title='bbox 2332 5293 2505 5349; x_wconf 90' lang='lat' dir='ltr'><strong>modis</strong></span> <span class='ocrx_word' id='word_1_830' title='bbox 2550 5292 3139 5356; x_wconf 83' lang='lat' dir='ltr'><strong>excommonicationis,</strong></span> <span class='ocrx_word' id='word_1_831' title='bbox 3170 5298 3277 5345; x_wconf 89' lang='lat' dir='ltr'><strong>tam</strong></span> <span class='ocrx_word' id='word_1_832' title='bbox 3308 5291 3375 5346; x_wconf 91' lang='lat' dir='ltr'><strong>de</strong></span> <span class='ocrx_word' id='word_1_833' title='bbox 3419 5291 3631 5346; x_wconf 85' lang='lat' dir='ltr'><strong>clericis</strong></span> 
     </span>
    </p>
   </div>
   <div class='ocr_carea' id='block_1_115' title="bbox 2055 5383 3632 5458">
    <p class='ocr_par' dir='ltr' id='par_1_115' title="bbox 2055 5383 3632 5458">
     <span class='ocr_line' id='line_1_115' title="bbox 2055 5383 3632 5458; baseline -0.003 -16"><span class='ocrx_word' id='word_1_834' title='bbox 2055 5403 2218 5458; x_wconf 89' lang='lat' dir='ltr'><strong>quam</strong></span> <span class='ocrx_word' id='word_1_835' title='bbox 2264 5384 2436 5441; x_wconf 88' lang='lat' dir='ltr'><strong>laicis.</strong></span> <span class='ocrx_word' id='word_1_836' title='bbox 2471 5385 2527 5440; x_wconf 90' lang='lat' dir='ltr'><strong>Si</strong></span> <span class='ocrx_word' id='word_1_837' title='bbox 2559 5385 2680 5455; x_wconf 90' lang='lat' dir='ltr'><strong>quis</strong></span> <span class='ocrx_word' id='word_1_838' title='bbox 2707 5385 2994 5456; x_wconf 86' lang='lat' dir='ltr'><strong>presbyter</strong></span> <span class='ocrx_word' id='word_1_839' title='bbox 3033 5385 3101 5440; x_wconf 90' lang='lat' dir='ltr'><strong>ab</strong></span> <span class='ocrx_word' id='word_1_840' title='bbox 3131 5383 3385 5453; x_wconf 88' lang='lat' dir='ltr'><strong>episcopo</strong></span> <span class='ocrx_word' id='word_1_841' title='bbox 3415 5398 3512 5439; x_wconf 89' lang='lat' dir='ltr'><strong>suo</strong></span> <span class='ocrx_word' id='word_1_842' title='bbox 3539 5383 3632 5438; x_wconf 85' lang='lat' dir='ltr'><strong>de-</strong></span> 
     </span>
    </p>
   </div>
   <div class='ocr_carea' id='block_1_116' title="bbox 2057 5471 3631 5550">
    <p class='ocr_par' dir='ltr' id='par_1_116' title="bbox 2057 5471 3631 5550">
     <span class='ocr_line' id='line_1_116' title="bbox 2057 5471 3631 5550; baseline -0.004 -18"><span class='ocrx_word' id='word_1_843' title='bbox 2057 5479 2312 5550; x_wconf 79' lang='lat' dir='ltr'><strong>gradatns</strong></span> <span class='ocrx_word' id='word_1_844' title='bbox 2341 5474 2523 5541; x_wconf 83' lang='lat' dir='ltr'><strong>fuerit,</strong></span> <span class='ocrx_word' id='word_1_845' title='bbox 2553 5483 2608 5530; x_wconf 90' lang='lat' dir='ltr'><strong>et</strong></span> <span class='ocrx_word' id='word_1_846' title='bbox 2649 5477 2763 5545; x_wconf 87' lang='lat' dir='ltr'><strong>ipse</strong></span> <span class='ocrx_word' id='word_1_847' title='bbox 2788 5489 2882 5544; x_wconf 88' lang='lat' dir='ltr'><strong>per</strong></span> <span class='ocrx_word' id='word_1_848' title='bbox 2908 5483 3272 5544; x_wconf 91' lang='lat' dir='ltr'><strong>contemptum</strong></span> <span class='ocrx_word' id='word_1_849' title='bbox 3307 5482 3492 5543; x_wconf 91' lang='lat' dir='ltr'><strong>postea</strong></span> <span class='ocrx_word' id='word_1_850' title='bbox 3528 5471 3631 5526; x_wconf 84' lang='lat' dir='ltr'><strong>ali-</strong></span> 
     </span>
    </p>
   </div>
   <div class='ocr_carea' id='block_1_117' title="bbox 2057 5565 3634 5641">
    <p class='ocr_par' dir='ltr' id='par_1_117' title="bbox 2057 5565 3634 5641">
     <span class='ocr_line' id='line_1_117' title="bbox 2057 5565 3634 5641; baseline -0.004 -17"><span class='ocrx_word' id='word_1_851' title='bbox 2057 5571 2187 5641; x_wconf 91' lang='lat' dir='ltr'><strong>quid</strong></span> <span class='ocrx_word' id='word_1_852' title='bbox 2209 5571 2274 5626; x_wconf 91' lang='lat' dir='ltr'><strong>de</strong></span> <span class='ocrx_word' id='word_1_853' title='bbox 2296 5584 2392 5625; x_wconf 91' lang='lat' dir='ltr'><strong>suo</strong></span> <span class='ocrx_word' id='word_1_854' title='bbox 2412 5567 2584 5623; x_wconf 80' lang='lat' dir='ltr'><strong>ofﬁcio</strong></span> <span class='ocrx_word' id='word_1_855' title='bbox 2602 5567 2716 5622; x_wconf 89' lang='lat' dir='ltr'><strong>sine</strong></span> <span class='ocrx_word' id='word_1_856' title='bbox 2731 5575 3035 5622; x_wconf 90' lang='lat' dir='ltr'><strong>commeatu</strong></span> <span class='ocrx_word' id='word_1_857' title='bbox 3057 5565 3237 5621; x_wconf 82' lang='lat' dir='ltr'><strong>facere</strong></span> <span class='ocrx_word' id='word_1_858' title='bbox 3260 5578 3634 5635; x_wconf 85' lang='lat' dir='ltr'><strong>praesumpse—</strong></span> 
     </span>
    </p>
   </div>
   <div class='ocr_carea' id='block_1_118' title="bbox 2063 5655 3633 5731">
    <p class='ocr_par' dir='ltr' id='par_1_118' title="bbox 2063 5655 3633 5731">
     <span class='ocr_line' id='line_1_118' title="bbox 2063 5655 3633 5731; baseline -0.003 -15"><span class='ocrx_word' id='word_1_859' title='bbox 2063 5662 2154 5718; x_wconf 91' lang='lat' dir='ltr'><strong>rit.</strong></span> <span class='ocrx_word' id='word_1_860' title='bbox 2177 5669 2230 5715; x_wconf 91' lang='lat' dir='ltr'><strong>ct</strong></span> <span class='ocrx_word' id='word_1_861' title='bbox 2251 5669 2432 5731; x_wconf 84' lang='lat' dir='ltr'><strong>postea</strong></span> <span class='ocrx_word' id='word_1_862' title='bbox 2462 5660 2527 5716; x_wconf 91' lang='lat' dir='ltr'><strong>ab</strong></span> <span class='ocrx_word' id='word_1_863' title='bbox 2546 5658 2796 5729; x_wconf 79' lang='lat' dir='ltr'><strong>episcopo</strong></span> <span class='ocrx_word' id='word_1_864' title='bbox 2817 5667 3095 5728; x_wconf 87' lang='lat' dir='ltr'><strong>correptus</strong></span> <span class='ocrx_word' id='word_1_865' title='bbox 3119 5667 3175 5713; x_wconf 92' lang='lat' dir='ltr'><strong>ct</strong></span> <span class='ocrx_word' id='word_1_866' title='bbox 3201 5655 3633 5713; x_wconf 85' lang='lat' dir='ltr'><strong>excommunica-</strong></span> 
     </span>
    </p>
   </div>
  </div>
