4046 6172
524 267 655 323 1511

1550 253 1820 311 ὃᾸΞΟΠΙᾹ
1860 249 1969 308 VIII
2011 248 2450 307 MONUMENTA
2490 247 2820 305 SELECTA.

3636 248 3763 301 15⁸9.

525 387 614 434 tus
663 373 844 438 fuerit,
872 370 963 443 qui
995 385 1118 427 cum
1167 369 1284 438 ipso
1319 365 1797 423 communicaverit
1842 363 2100 426 scienter,
2127 363 2179 424 Α
2205 361 2566 430 suspendatur
2593 358 2809 413 interim
2836 356 2977 426 quod
3004 355 3072 410 ad
3097 354 3299 427 synodo
3336 357 3528 412 exinde
3548 360 3767 425 venerit,

524 467 661 523 sciat
679 480 737 520 se
760 478 880 520 esse
899 459 1443 517 cxcommunicatum.
1482 456 1743 511 Similiter
1777 455 2101 524 quicumque

527 555 755 611 clericus
777 552 863 606 vel
884 551 1054 606 laicus
1070 556 1163 603 aut
1184 547 1402 610 femina,
1446 546 1712 600 incestum
1738 543 2035 606 comiserit,
2050 547 2104 596 et

526 646 595 699 ab
611 645 862 714 episcopo
886 656 985 696 suo
1008 646 1287 708 correptus
1313 652 1370 692 se
1391 635 1680 690 emendare
1701 633 1953 696 noluerit,
1968 632 2104 687 etab

526 736 644 805 ipso
670 731 1166 789 excommunicatus
1193 727 1375 790 fuerit,
1400 726 1489 794 qui
1518 740 1641 780 cum
1664 724 1779 794 ipso
1800 720 2103 778 communi-

525 835 615 882 cat
638 825 885 881 similiter
901 819 1415 877 excommunicetur.
1432 816 1499 870 Et
1524 825 1582 869 ut
1607 814 1811 877 sciatis,
1836 812 2012 882 qualis
2036 811 2104 865 sit

526 913 717 969 modus
739 913 893 968 istius
916 906 1508 970 excommunicationis,
1527 906 1581 959 in
1602 904 1863 959 accelesia
1885 918 1989 958 non
2016 904 2108 955 de-

523 1004 853 1062 betintrare,
872 1016 970 1056 nec
983 1014 1105 1055 cum
1129 997 1273 1053 nullo
1292 996 1588 1052 christiano
1601 996 1793 1067 cybum
1823 993 1905 1049 vel
1922 1001 2108 1062 potum

424 1093 433 1111 ‘
525 1108 741 1149 sumere
758 1110 772 1159 ;
787 1106 888 1147 nec
910 1092 1029 1146 eius
1045 1105 1270 1145 munera
1296 1088 1542 1157 accipere
1556 1086 1737 1143 debet.
1753 1084 1836 1140 vel
1863 1084 2107 1140 osculum

524 1183 821 1254 porrigere,
854 1197 954 1236 nec
980 1181 1034 1235 in
1061 1180 1306 1237 oratione
1331 1179 1572 1249 iungere,
1607 1192 1708 1231 nec
1734 1176 1990 1238 salutare,
2015 1189 2113 1228 an-

528 1282 741 1343 tequam
770 1272 837 1327 ab
860 1271 1111 1341 episcopo
1134 1285 1232 1325 suo
1255 1270 1327 1324 sit
1352 1268 1747 1323 reconciliatus.
1775 1266 1928 1333 Quod
1952 1265 1996 1320 si
2019 1264 2113 1319 ali-

524 1367 646 1436 quis
673 1381 732 1422 se
762 1364 1136 1421 reclamaverit
1158 1362 1301 1432 quod
1344 1361 1545 1416 iniuste
1578 1361 1648 1416 sit
1677 1357 2113 1414 excommunica-

526 1467 637 1524 tus,
667 1458 940 1515 licentiam
966 1457 1165 1512 habeat
1194 1453 1263 1509 ad
1286 1453 1757 1524 metropolitanum
1801 1450 2114 1520 episcopum

524 1548 728 1613 venire,
757 1556 813 1603 et
833 1547 1032 1603 ibidem
1060 1544 1354 1600 secundum
1381 1542 1696 1598 canonicam
1719 1539 2116 1595 institutionem

2206 460 2261 506 et
2284 451 2483 506 ibidem
2526 449 2822 505 secundum
2872 446 3189 502 canonicam
3218 446 3604 501 institutionem
3636 452 3768 504 accio

2205 544 2318 615 piat
2336 542 2696 605 sententiam;
2723 540 2826 595 nisi
2850 548 3057 593 tantum
3082 553 3183 608 pro
3206 538 3411 593 itineris
3431 542 3622 594 causa.
3655 540 3766 596 Etsi

2205 631 2346 686 ullus
2370 631 2600 686 clericus
2624 639 2719 685 aut
2751 628 2922 684 laicus
2960 628 3122 683 talem
3144 628 3447 698 episcopum
3474 629 3770 686 defensave-

2209 722 2280 778 rit
2314 722 2397 776 vel
2423 722 2799 791 presbyterum
2847 719 2963 774 sine
3000 727 3300 773 commeatu
3352 719 3587 789 episcopi
3636 722 3774 776 cuius

2208 811 2493 883 parrochia
2535 820 2642 876 est,
2689 810 3191 864 excommunicetur
3220 822 3389 879 usque
3441 809 3512 863 ad
3540 812 3769 866 emenda-

2210 900 2433 955 tionem.
3049 920 3052 924 λ

2282 988 2370 1044 14.
2395 989 2473 1044 De
2498 988 2584 1043 die
2613 987 2884 1043 dominico
2925 988 3053 1056 quia
3082 1001 3402 1055 persuasum
3438 995 3523 1041 est
3565 986 3775 1057 populis.

2212 1084 2278 1139 de
2301 1082 2389 1137 die
2409 1080 2681 1137 dominico
2706 1080 2794 1148 agi
2822 1094 2947 1134 cum
2993 1078 3214 1134 caballis
3248 1079 3388 1133 sicut
3410 1079 3584 1133 bobus
3611 1089 3664 1132 et
3684 1081 3780 1133 vei-

2212 1173 2349 1229 culis
2371 1172 2570 1226 itinera
2596 1186 2712 1240 notr
2734 1170 2955 1234 debere,
2981 1183 3155 1236 neque
3178 1167 3341 1221 ullam
3363 1183 3477 1222 rem
3505 1170 3575 1222 ad
3598 1169 3777 1223 victum

2210 1277 2557 1336 praeparare,
2584 1260 2671 1315 vel
2692 1260 2762 1314 ad
2786 1260 3016 1314 nitorem
3038 1260 3228 1312 domus
3252 1257 3336 1312 vel
3382 1258 3618 1312 hominis
3635 1260 3783 1328 perti-

2213 1362 2430 1408 nentem
2476 1351 2746 1406 ullatenus
2792 1364 3069 1414 exercere,
3117 1363 3257 1417 quae
3295 1363 3384 1403 res
3410 1350 3479 1403 ad
3534 1349 3781 1404 iudaicam

2214 1445 2656 1518 superstitionem
2685 1443 2857 1515 magis
2879 1456 3041 1513 quam
3063 1442 3132 1496 ad
3164 1441 3520 1496 christianam
3549 1443 3783 1496 observa-

2215 1536 2415 1590 tionem
2460 1534 2731 1604 pertinere
2760 1533 3039 1603 probatur,
3070 1530 3124 1585 id
3150 1531 3456 1595 statuimus,
3491 1539 3554 1584 ut
3581 1530 3665 1585 die
3703 1533 3786 1586 do-

528 1638 891 1703 deiudicetur;
941 1644 997 1691 et
1045 1634 1259 1690 interim
1294 1648 1448 1688 suam
1497 1629 2111 1688 excommunicationem
2218 1623 2418 1679 mioico
2444 1622 2588 1693 quod
2630 1630 2790 1676 antea
2813 1620 2933 1676 fieri
2967 1620 3139 1685 licuit,
3168 1619 3348 1675 liceat.
3381 1620 3456 1674 De
3509 1636 3672 1690 opera
3711 1632 3782 1675 ta-

526 1729 816 1786 custodiat.
844 1729 998 1796 Quod
1024 1727 1071 1783 si
1114 1727 1309 1795 aliquis
1338 1727 1439 1781 ista
1466 1723 1651 1780 omnia
1695 1720 2104 1790 contempserit,
2138 1710 2183 1771 Β
2213 1729 2334 1769 men
2364 1713 2562 1779 ruralc,
2602 1720 2777 1776 arata,
2828 1718 2925 1766 aut
2966 1711 3125 1765 vinea
3180 1710 3498 1776 sectionem,
3526 1712 3784 1766 excussio-

527 1828 582 1875 et
612 1820 895 1889 episcopus
920 1819 1024 1874 hoc
1070 1817 1292 1872 minime
1345 1814 1634 1870 emendare
1661 1811 1919 1883 potuerit,
1969 1810 2114 1881 regis

528 1909 731 1965 iudicio
759 1909 922 1964 exilio
951 1908 1364 1963 condemnetur.

597 2000 683 2054 10.
717 1999 786 2056 Ut
832 1998 1080 2054 monachi
1110 1998 1202 2068 qui
1247 1997 1516 2052 veraciter
1558 1995 1880 2066 regulariter
1908 1994 2112 2059 vivunt,

528 2091 598 2146 ad
621 2090 848 2145 Romam
875 2087 959 2144 vel
988 2088 1150 2144 aliubi
1180 2088 1409 2155 vagandi
1439 2103 1545 2142 non
1580 2087 1985 2157 permittantur,
2009 2085 2115 2140 nisi

529 2181 925 2249 oboedientiam
950 2180 1164 2237 abbatis
1186 2180 1268 2235 sui
1297 2189 1609 2235 exerceant.
1643 2178 1712 2233 Et
1734 2179 1781 2234 si
1805 2179 1927 2234 talis
1952 2194 2116 2234 causa

528 2271 791 2335 evenerit,
840 2270 981 2340 quod
1014 2269 1178 2335 absit,
1200 2269 1344 2339 quod
1392 2268 1480 2324 ille
1528 2271 1698 2325 abbas
1745 2269 2006 2325 remissus
2034 2268 2118 2323 vel

529 2363 819 2436 neglegens
862 2361 1169 2418 inveniatur
1198 2369 1292 2416 aut
1336 2360 1390 2415 in
1434 2376 1629 2415 atauus
1654 2359 2116 2429 laicorumipsum

531 2451 921 2511 monasterium
946 2451 1148 2516 veniat,
1169 2459 1226 2506 et
1257 2450 1362 2507 hbc
1388 2451 1673 2521 episcopus
1699 2450 1989 2505 emendare
2012 2464 2118 2504 non

530 2542 748 2616 poterit,
778 2549 834 2598 et
878 2541 1043 2612 aliqui
1093 2541 1229 2596 tales
1264 2541 1513 2595 monachi
1564 2539 1764 2595 ibidem
1800 2538 2002 2594 fuerint
2026 2539 2119 2608 qui

531 2641 755 2705 propter
783 2633 952 2688 Deum
981 2631 1050 2688 de
1068 2632 1187 2702 ipso
1234 2631 1626 2687 monasterium
1672 2630 1728 2684 in
1753 2630 1983 2685 alterum
2014 2630 2118 2684 mi-

531 2739 694 2797 grare
713 2724 910 2780 vellent
952 2731 1175 2794 propter
1198 2737 1388 2777 eorum
1432 2722 1643 2776 animas
1683 2721 1989 2787 salvandas,
2016 2720 2122 2776 hoc

531 2830 631 2884 per
653 2827 974 2869 consensum
1002 2812 1240 2883 episcopi
1268 2811 1352 2867 sui
1383 2809 1658 2865 licentiam
1707 2809 1961 2873 habeant,
1994 2824 2122 2879 qua-

534 2907 659 2962 liter
676 2920 864 2961 eorum
892 2904 1101 2958 animas
1128 2902 1337 2972 possint
1354 2901 1585 2956 salvare.

606 2998 694 3052 11.
723 2997 799 3051 De
828 2994 931 3050 illis
953 2994 1260 3050 hominibus
1288 2993 1380 3062 qui
1408 3004 1465 3048 se
1495 2992 1681 3048 dicunt
1703 3000 1927 3062 propter
1950 2992 2119 3047 Deum

535 3090 678 3161 quod
704 3103 763 3145 se
792 3086 1177 3151 tunsorassint,
1194 3093 1250 3140 et
1271 3086 1430 3140 modo
1456 3100 1544 3140 res
1572 3100 1760 3140 eorum
1781 3084 1866 3138 vel
1895 3084 2121 3155 pecunia
2147 3070 2192 3131 C

539 3180 761 3244 habent,
788 3187 844 3233 et
871 3191 972 3232 nec
994 3176 1095 3231 sub
1122 3191 1283 3230 manu
1313 3173 1551 3244 episcopi
1597 3181 1741 3237 sunt,
1788 3188 1888 3227 nec
1918 3170 1970 3224 in
2003 3185 2122 3224 mo—

538 3270 833 3326 nasterium
859 3267 1105 3338 regulare
1130 3266 1338 3330 vivunt,
1382 3263 1587 3333 placuit
1612 3273 1675 3318 ut
1713 3263 1767 3317 in
1793 3258 2123 3316 monasterio

537 3364 647 3418 sint
676 3362 777 3417 sub
804 3361 994 3416 ordine
1022 3357 1276 3429 regulari,
1303 3364 1398 3411 aut
1425 3358 1525 3411 sub
1567 3370 1731 3409 manu
1757 3351 1995 3424 episcopi
2023 3350 2123 3405 sub

538 3454 728 3511 ordhte
752 3451 1033 3509 canonica.
1058 3451 1125 3504 Et
1148 3449 1194 3505 si
1229 3449 1386 3504 aliter
1418 3448 1665 3511 fecerint,
1693 3456 1749 3502 et
1786 3444 2014 3500 correcti
2055 3444 2124 3498 ab

536 3545 791 3615 episcopo
840 3559 939 3599 suo
991 3558 1049 3598 se
1092 3541 1381 3597 emendare
1424 3541 1716 3605 noluerint,
1756 3537 2125 3595 excommuni-

541 3643 746 3691 wntur.
782 3634 850 3689 Et
893 3634 959 3690 de
1005 3633 1215 3689 ancillis
1244 3633 1339 3688 Dei
1368 3632 1560 3688 velatis
1585 3633 1775 3688 eadem
1801 3631 1973 3686 forma
2003 3646 2122 3686 ser-

542 3736 718 3782 \'6llll'.
1074 3764 1079 3771 .

610 3816 699 3870 12.
725 3815 782 3869 In
824 3830 1029 3871 canone
1075 3814 1465 3871 Calcidonense
1511 3815 1747 3887 capitulo
1775 3815 1865 3869 ΞΟ.
1912 3814 1987 3869 De
2017 3831 2125 3868 tum

539 3907 895 3976 suscipiendis
919 3906 1139 3960 alterius
1167 3906 1459 3961 aecclesiae
1486 3906 1714 3961 clericos
1741 3914 1796 3960 et
1823 3907 1891 3960 de
1908 3921 2126 3975 suscep—

542 3998 753 4052 toribus
787 4004 977 4052 eorum
1011 3997 1215 4065 absque
1261 3996 1458 4051 litteris
1485 3996 1967 4051 commendaticiis.
1999 3994 2126 4051 Cle-

542 4087 686 4144 ricos
714 4088 768 4143 in
806 4086 1065 4143 aecclesia
1100 4087 1412 4151 militantes,
1456 4087 1596 4143 sicut
1643 4088 1749 4142 iam
1774 4088 2127 4142 constitutum

541 4186 646 4244 cst,
676 4193 787 4234 non
814 4177 979 4233 licere
998 4178 1052 4232 in
1085 4177 1310 4233 alterius
1338 4176 1572 4233 civitatis
1596 4175 1823 4233 ecclesia
1846 4176 1930 4231 vel
1958 4177 2011 4231 in
2032 4191 2128 4245 po-

542 4277 740 4325 testate
768 4268 1027 4324 laicorum
1063 4268 1307 4335 militari,
1359 4269 1455 4324 sed
1483 4268 1682 4324 ibidem
1728 4283 2047 4338 permanere
2070 4268 2125 4323 in

543 4374 652 4431 qua
685 4359 1008 4430 principium
1056 4359 1367 4414 ministrare
1410 4358 1640 4424 meruit;
1678 4366 1832 4412 extra
1885 4373 1980 4413 eos
2006 4357 2123 4428 qui,

545 4421 744 4508 amissa
773 4421 967 4521 patria,
1012 4451 1083 4506 ad
1113 4450 1274 4505 aliam
1320 4449 1606 4505 ecclesiam
1628 4421 1635 4424 ⁷
1659 4463 1757 4519 pro
1807 4421 2128 4503 necessitate
2154 4421 2203 4484 θ

544 4549 830 4600 venerunt.
862 4540 965 4608 Qui
997 4556 1127 4597 vero
1160 4541 1537 4612 episcoporum
1581 4549 1676 4595 aut
1700 4539 1957 4595 laicorum
2006 4546 2129 4608 post

546 4631 650 4686 hoc
675 4629 833 4687 alteri
858 4630 1122 4685 ecclesiae
1141 4630 1398 4685 clericum
1421 4630 1727 4700 susciperit,
1753 4628 1858 4684 nisi
1877 4628 1945 4683 ad
1964 4641 2129 4682 excu-

546 4720 774 4777 sandum
821 4720 1239 4787 rationabiliter,
1273 4720 1475 4790 placuit
1507 4735 1540 4774 a
1589 4720 1966 4775 communione
2008 4734 2129 4775 sus-

545 4811 727 4881 pendi,
757 4819 812 4867 et
852 4826 977 4866 eum
1008 4811 1100 4881 qui
1161 4811 1404 4881 suscipit,
1455 4819 1512 4866 et
1549 4811 1643 4880 qui
1691 4819 1975 4879 susceptus
2020 4818 2125 4875 est,

545 4917 826 4976 quousque
840 4903 1097 4959 clericum
1120 4904 1212 4974 qui
1229 4903 1521 4959 translatus
1539 4911 1642 4969 est,
1660 4902 1869 4969 fecerit,
1886 4902 1954 4958 ad
1970 4918 2126 4958 suam

548 4998 749 5054 reverti
770 4996 1111 5053 aecclesiam.

879 5108 1047 5165 Codd.
1073 5107 1111 5163 2
1132 5117 1181 5163 et
1203 5110 1238 5166 5
1271 5109 1345 5163 ita
1368 5117 1751 5180 prosequuntur
1778 5123 1800 5164 :

621 5223 708 5277 15.
738 5221 816 5279 De
842 5221 1113 5293 episcopis
1161 5222 1499 5288 vacantibus,
1529 5221 1620 5291 qui
1661 5221 1977 5293 parrochias
2020 5237 2127 5278 non

550 5314 772 5380 habent,
794 5329 896 5370 nec
915 5313 1116 5370 scimus
1133 5312 1525 5369 ordinationem
1547 5327 1735 5368 eorum
1752 5313 1986 5383 qualiter
2005 5312 2127 5379 fuit,

553 5404 754 5473 placuit
778 5406 924 5460 iuxta
960 5404 1207 5460 instituta
1245 5412 1554 5459 sanctorum
1598 5412 1838 5474 patrum,
1865 5413 1927 5458 ut
1960 5403 2014 5458 in
2056 5402 2132 5458 al-

557 5493 724 5548 terius
742 5493 1028 5564 parrochia
1057 5494 1366 5549 ministrare
1395 5507 1495 5548 nec
1538 5491 1646 5547 ulla
1689 5492 2027 5548 ordinatione
2053 5490 2129 5547 fa-

2216 1820 2360 1870 nem,
2411 1812 2682 1869 exartum,
2714 1803 2797 1859 vel
2828 1817 2957 1873 sepe
2985 1800 3293 1858 censuimus
3320 1803 3663 1867 abstinenda,
3693 1818 3786 1872 quo

2216 1898 2433 1955 facilius
2475 1899 2542 1954 ad
2565 1899 2850 1954 ecclesiam
2881 1899 3162 1954 venientes
3207 1899 3467 1955 orationis
3515 1900 3687 1970 gratia
3710 1916 3789 1952 va-

2215 1998 2359 2044 cent.
2391 1989 2546 2056 Quod
2594 1989 2639 2043 si
2670 1976 2936 2045 ‘inventus
2963 1987 3127 2044 fuerit
3150 1989 3273 2058 quis
3322 1990 3376 2043 in
3409 1991 3670 2058 operibus
3713 2007 3789 2044 su-

2218 2082 2537 2151 prascriptis
2584 2095 2724 2151 quae
2769 2081 3055 2136 interdicta
3084 2089 3212 2136 sunt
3257 2097 3543 2146 exercere,
3580 2082 3790 2152 qualiter

2216 2172 2509 2227 emendare
2538 2172 2749 2238 debeat,
2772 2185 2881 2226 non
2910 2171 2964 2226 in
2988 2171 3248 2227 laicorum
3274 2172 3615 2231 districiione
3641 2172 3727 2227 scd
3745 2172 3788 2225 in

2217 2264 2587 2320 sacerdotibus
2608 2264 2963 2334 castigatione
2984 2265 3267 2335 consistat.

2290 2374 2375 2429 15.
2410 2374 2481 2430 Ut
2510 2388 2699 2430 omnes
2735 2374 2983 2429 homines
3025 2373 3147 2428 laici
3191 2374 3436 2444 publicas
3484 2374 3701 2444 nuptias
3723 2371 3787 2427 fa-

2218 2465 2382 2530 ciant,
2414 2472 2525 2520 tam
2557 2465 2768 2521 nobiles
2793 2480 2957 2536 quam
2997 2466 3279 2534 ignobiles.

2291 2556 2376 2611 16.
2407 2557 2486 2611 Ex
2507 2573 2716 2613 canone
2741 2557 3128 2615 Calcidonense
3152 2574 3273 2628 cap.
3303 2561 3357 2613 5.
3389 2568 3448 2614 at
3468 2560 3654 2615 clerici
3679 2574 3787 2614 eon-

2219 2648 2471 2705 ductores
2497 2665 2601 2704 non
2630 2650 2759 2715 sint,
2791 2651 2895 2705 hoc
2920 2660 3024 2714 est,
3070 2658 3127 2705 ut
3177 2666 3284 2705 non
3316 2652 3560 2707 habeant
3587 2650 3789 2705 actionis

2220 2738 2499 2802 sccularis,
2548 2739 2651 2793 nisi
2696 2753 2794 2809 pro
2829 2754 3024 2794 causas
3061 2739 3412 2795 ecclesiarum
3440 2742 3786 2809 orplianonnn

2220 2831 2307 2886 vel
2333 2830 2639 2897 viduarum,
2676 2830 2964 2886 ordinante
2988 2831 3238 2901 episeopo
3266 2847 3363 2886 suo
3395 2831 3507 2902 [vel
3537 2831 3758 2901 abbate].

2292 2943 2377 2996 17.
2406 2942 2485 2996 Ex
2511 2957 2714 2997 canone
2740 2941 3126 2999 Calcidoncnse
3169 2959 3287 3014 cap.
3317 2945 3408 2999 25.
3431 2954 3490 2999 ιιι
3512 2932 3635 3015 post
3659 2963 3784 3000 mor-

2226 3042 2331 3088 tem
2356 3032 2594 3103 episcOpi
2617 3048 2721 3086 non
2751 3031 2913 3087 liceat
2936 3034 3304 3103 episcopatum
3335 3051 3456 3090 esse
3480 3036 3603 3090 sine
3629 3046 3786 3105 pasto-

2226 3137 2286 3176 re
2313 3137 2474 3192 super
2527 3137 2741 3177 menses
2775 3131 2918 3188 tres;
2965 3122 3067 3177 nisi
3120 3123 3243 3177 talis
3272 3125 3573 3179 necessitas
3599 3124 3788 3193 grandis

2223 3214 2486 3278 evenerit,
2514 3221 2574 3268 ut
2618 3214 2720 3268 hoc
2748 3213 2895 3269 nullo
2924 3215 3085 3270 modo
3126 3213 3246 3269 fieri
3281 3231 3390 3269 non
3425 3218 3617 3287 possit.
3650 3217 3787 3269 Prae-

2222 3305 2378 3374 cipue
2415 3302 2724 3374 proximum
2750 3305 3033 3376 synodum,
3060 3321 3183 3361 cum
3223 3308 3491 3373 evenerit,
3531 3309 3786 3379 episcopus

2221 3396 2525 3451 ordinetur.

2295 3488 2380 3543 18.
2418 3486 2488 3543 Ut
2516 3485 2695 3542 nullus
2719 3486 2950 3543 clericus
2976 3488 3043 3543 ad
3084 3487 3280 3543 iudicia
3306 3488 3557 3543 laicorum
3591 3487 3786 3558 publica

2223 3595 2329 3634 non
2360 3579 2646 3633 conveniat
2672 3579 2788 3634 sine
2817 3580 3053 3636 iussione
3079 3581 3314 3651 episcopi
3341 3582 3423 3636 sui
3462 3580 3547 3633 vel
3575 3580 3784 3641 abbatis,

2225 3670 2372 3724 iuxta
2417 3669 2639 3724 canonis
2663 3665 3081 3740 Cartaginensis,
3118 3671 3354 3741 capitulo
3382 3672 3436 3727 8.
3480 3680 3543 3725 ut
3584 3669 3651 3724 ili
3673 3668 3786 3722 scri-

2223 3768 2374 3831 ptum
2400 3766 2484 3814 est
2515 3776 2526 3812 :
2560 3777 2579 3810 ι
2614 3756 2715 3824 Qui
2744 3759 2933 3815 relicto
2960 3760 3331 3816 ecclesiastico
3358 3761 3558 3816 iudicio
3586 3758 3784 3831 publicis

2227 3850 2438 3906 iudiciis
2466 3864 2526 3906 se
2566 3865 2799 3921 purgare
2823 3850 3078 3917 voluerit,
3120 3852 3331 3907 etiamsi
3361 3867 3459 3923 pro
3489 3852 3583 3906 illo
3603 3848 3782 3921 prolata

2226 3940 2390 3996 fuerit
2427 3942 2713 4006 sententia,
2751 3941 2929 3996 locum
2952 3958 3106 3997 suum
3138 3943 3371 3997 amittat.
3394 3944 3509 3998 [loc
3552 3945 3605 3997 in
3630 3940 3784 3995 erimi-

2228 4033 2335 4088 nali
2359 4032 2575 4089 iudicio.
2602 4031 2660 4086 In
2690 4033 2832 4088 civili
2884 4049 3013 4089 vero
3040 4035 3228 4105 perdat
3256 4034 3397 4103 quod
3444 4035 3623 4097 evicit,
3649 4032 3687 4086 si
3714 4028 3782 4080 lo-

2228 4144 2350 4184 cum
2378 4141 2532 4182 suum
2579 4126 2825 4180 obtinere
2849 4125 3097 4180 voluerit.
3127 4125 3224 4179 Cui
3268 4125 3412 4179 enim
3442 4126 3509 4179 ad
3538 4121 3781 4193 eligendos

2227 4217 2434 4271 iudices
2483 4214 2719 4284 undique
2763 4214 3024 4270 ecclesiae
3070 4224 3220 4285 patet
3266 4217 3583 4280 auctoritas,
3612 4216 3779 4285 ipsese

2228 4306 2506 4375 indignum
2533 4303 2772 4358 fraterno
2807 4306 3078 4360 consortio
3107 4305 3307 4360 iudicat
3328 4306 3419 4376 qui
3458 4306 3525 4360 de
3560 4306 3777 4361 universa

2228 4393 2455 4453 ecclesia
2484 4394 2625 4450 male
2665 4394 2963 4462 sentiendo,
2991 4395 3058 4451 de
3104 4396 3336 4451 seculari
3390 4396 3590 4451 iudicio
3634 4392 3780 4464 poscit

2231 4487 2512 4553 auxilium,
2531 4501 2653 4542 cum
2676 4487 3011 4556 privatorum
3029 4486 3449 4542 christianorum
3468 4501 3655 4541 causas
3675 4497 3778 4551 apo-

2229 4580 2399 4637 stolus
2424 4580 2490 4635 ad
2514 4579 2797 4635 ecclesiam
2836 4577 3055 4635 differre
3088 4586 3251 4649 atque
3295 4579 3489 4634 ibidem
3520 4577 3779 4633 terminare

2228 4671 2545 4744 praecipiat.
2577 4690 2594 4722 l
2620 4668 2689 4724 Et
2710 4669 2963 4736 maxime,
2984 4671 3126 4725 ne'in
3148 4670 3346 4726 talibus
3382 4670 3560 4724 causis
3596 4667 3776 4738 inquie-

2230 4763 2414 4819 tudine
2447 4763 2643 4818 domno
2669 4777 2793 4832 rege
2827 4760 3008 4816 faciat.

2301 4853 2388 4909 19.
2430 4852 2506 4908 De
2529 4850 2963 4919 inmunitatibus,
3003 4860 3064 4906 ut
3105 4866 3297 4909 omnes
3339 4853 3683 4908 inmunitates
3701 4862 3777 4920 per

2228 4945 2510 5000 universas
2530 4943 2786 4999 ecclesias
2808 4952 3158 4999 conservatae
3179 4944 3308 4999 sint.

2298 5035 2389 5090 20.
2427 5034 2489 5090 In
2510 5034 2613 5090 alio
2641 5035 2846 5105 synodo
2888 5034 3046 5090 nobis
3070 5035 3411 5105 perdonastis
3433 5076 3449 5102 ,
3487 5044 3550 5090 ut
3576 5036 3657 5090 illa
3682 5047 3776 5087 mo-

2229 5127 2469 5183 nasteria
2496 5126 2588 5181 ubi
2617 5122 2939 5196 regulariter
2983 5126 3235 5180 monachi
3265 5133 3357 5180 aut
3404 5126 3689 5180 monachas
3714 5121 3774 5173 vi-

2232 5230 2446 5287 xerant,
2475 5219 2653 5275 uthoc
2670 5217 2813 5289 quod
2838 5217 2921 5272 eis
2940 5219 3005 5273 de
3026 5217 3145 5273 illas
3173 5234 3262 5274 res
3286 5218 3642 5273 demittebatis
3658 5212 3773 5269 unde

2230 5313 2414 5368 vivere
2439 5310 2762 5382 potuissent,
2790 5317 2852 5364 ut
2863 5310 3078 5375 exinde,
3107 5310 3152 5365 si
3183 5310 3380 5382 regalis
3402 5320 3539 5376 erat,
3563 5311 3627 5364 ad
3649 5310 3771 5363 dom-

2233 5417 2360 5458 num
2392 5415 2573 5472 regem
2601 5397 2819 5454 fecisset
2844 5399 3070 5454 rationis
3093 5398 3261 5460 abbas
3284 5398 3366 5453 vel
3389 5401 3700 5456 abbatissas:
3726 5398 3771 5445 et

2232 5494 2278 5549 si
2299 5491 2638 5563 episcopalis,
2656 5490 2725 5546 ad
2738 5489 2885 5545 illum
2898 5489 3229 5561 episcopum.
3252 5489 3515 5546 Similiter
3528 5500 3581 5545 et
3596 5491 3655 5544 de
3672 5484 3769 5539 illos

557 5596 681 5639 cere
704 5584 935 5639 debeant
957 5599 1061 5638 non
1094 5584 1210 5638 sine
1236 5584 1473 5639 iussione
1496 5582 1734 5653 episcopi
1764 5583 1918 5637 cuius
1945 5597 2134 5652 parro-
2234 5587 2402 5641 vicos.

556 5674 678 5731 chia
703 5683 806 5729 cst.
834 5675 901 5726 Et
942 5675 988 5727 si
1038 5676 1141 5728 hoc
1178 5674 1357 5728 facere
1386 5674 1827 5744 praesumpserit,
1863 5674 1928 5728 ab
1950 5673 2131 5730 officio

2305 5676 2394 5730 2|.
2439 5674 2517 5754 Ut
2536 5672 2654 5730 illos
2690 5674 3097 5744 presbyteratus
3125 5673 3216 5744 qui
3260 5673 3327 5728 ad
3356 5672 3502 5728 illum
3529 5672 3768 5741 apiscitu-
