4046 6172
338 238 477 294 1513

1095 240 1359 311 PIPPINI,
1396 244 1890 304 CAROLOMANNI
1927 248 2014 303 ET
2052 246 2364 303 ALIORUM
2402 248 2813 303 DIPLOMATA.

3446 255 3587 312 15M

280 386 283 389 λ
333 363 447 408 tum
476 352 683 423 legibus
711 352 1020 425 obtingunt,
1075 364 1138 409 ut
1164 356 1240 410 illi
1279 357 1516 428 episcopi
1550 359 1694 428 ipsos
1748 360 1909 415 debe-
1937 369 1985 423 Α
2014 371 2133 420 suo,
2159 364 2214 411 et
2239 357 2392 411 duxit
2432 373 2615 412 secum
2660 373 2814 412 suum
2849 360 3160 428 vassallum,
3188 373 3245 418 et
3281 374 3465 434 postea
3490 368 3591 424 fuit

334 450 455 498 rent
479 442 701 510 habere,
729 445 871 500 sicut
897 453 1056 500 antea
1077 447 1132 500 in
1156 446 1263 502 alio
1281 450 1486 520 synodo
1505 449 1738 506 dixistis.

401 532 491 587 22.
517 533 593 588 De
612 535 915 605 peregrinis
927 535 1020 605 qui
1038 544 1261 606 propter
1279 537 1449 594 Deum
1467 542 1689 609 vadunt,
1711 549 1770 599 ut
1783 542 1914 612 ipsis

334 622 574 679 teloneos
619 638 725 679 non
752 623 972 690 tollant;
1030 635 1087 680 et
1125 627 1192 681 de
1219 627 1353 684 alios
1392 629 1627 687 teloneos
1652 632 1793 688 sicut
1818 648 1914 687 vos

330 719 692 790 perdonastis,
724 720 801 773 ita
827 719 944 785 ﬁat,
976 727 1038 774 ut
1063 719 1154 774 ubi
1190 720 1429 792 legitimo
1457 724 1640 780 donati
1669 741 1776 780 non
1800 724 1913 781 fue-

332 805 465 871 rint,
496 814 805 861 transeant.

402 895 492 951 25.
538 895 605 951 Ut
650 899 876 951 comites
926 897 1009 952 vel
1063 899 1268 956 iudices
1319 901 1390 955 ad
1441 917 1631 957 eorum
1685 904 1913 974 placitus

332 986 582 1056 primitus
617 987 898 1042 viduarum
928 1028 944 1053 ,
991 990 1390 1058 orphanorum,
1429 993 1514 1048 vel
1558 994 1911 1050 ecclesiarum

335 1090 529 1130 causas
564 1077 786 1131 audiant
824 1077 910 1131 vel
953 1078 1216 1134 deﬁniant
1262 1081 1315 1134 in
1343 1081 1683 1153 eleemosyna
1714 1085 1912 1142 domno

333 1181 478 1237 rege,
500 1175 555 1221 et
572 1176 758 1236 postea
776 1167 911 1224 alias
930 1183 1119 1225 causas
1144 1184 1244 1241 per
1290 1171 1492 1228 iustitia
1521 1174 1912 1233 rationabiliter

332 1256 654 1311 iudicentur.

400 1346 490 1401 24.
528 1344 603 1403 Ut
627 1363 723 1418 per
742 1350 1005 1419 pecunias
1032 1351 1212 1408 nullus
1234 1353 1304 1407 ad
1328 1355 1555 1425 gradum
1583 1358 1912 1415 ecclesiasti-

331 1452 456 1492 cum
476 1438 560 1493 vel
585 1440 654 1493 ad
680 1440 942 1495 honorem
968 1443 1225 1499 accedere
1250 1459 1360 1499 non
1388 1446 1606 1517 debeat,
1635 1451 1761 1520 quia
1780 1452 1911 1507 hae-

332 1527 472 1580 resis
506 1527 801 1582 simoniaca
825 1544 945 1584 esse
967 1531 1200 1586 videtur.

398 1616 486 1669 25.
532 1617 603 1672 Ut
628 1618 806 1673 nullus
855 1620 1140 1691 episcopus
1178 1640 1277 1679 nec
1328 1627 1529 1693 abbas,
1561 1645 1662 1686 nec
1712 1631 1903 1700 laicus,

2014 443 2088 497 ibi
2115 453 2360 499 mortuus
2382 446 2496 514 ipse
2526 446 2737 510 senior,
2764 455 2819 501 et
2844 448 3048 502 dimisit
3075 451 3147 504 ibi
3189 453 3365 522 ipsum
3390 458 3592 510 vassal-

2014 533 2153 613 lum;
2200 544 2404 613 etpost
2448 538 2550 591 hoc
2600 538 2809 606 accepit
2833 539 2969 595 alius
2995 541 3156 596 homo
3188 543 3362 613 ipsum
3391 545 3592 601 beneﬁ-

2013 607 2176 692 cium,
2205 636 2261 682 et
2286 608 2386 698 pro
2432 629 2536 683 hoc
2583 616 2645 683 ut
2666 630 2857 684 melius
2880 632 3142 700 potuisset
3191 607 3393 690 habere
3444 636 3592 692 illum

2012 717 2321 780 vassallum,
2352 718 2497 772 dedit
2523 719 2574 773 ei
2622 718 2904 775 mulierem
2949 721 3016 775 de
3065 722 3180 792 ipso
3229 722 3512 791 beneﬁcio,
3536 735 3594 782 et

2013 809 2203 863 habuit
2221 809 2391 878 ipsam
2407 809 2583 885 aliquo
2598 819 2838 880 tempore
2856 828 2870 878 ;
2895 821 2950 866 et
2969 813 3191 868 dimissa
3202 814 3313 880 illa,
3342 831 3593 873 reversus

2010 907 2095 953 est
2121 898 2189 952 ad
2224 908 2478 968 parentes
2522 902 2751 981 senioris
2799 903 2882 957 sui
2923 905 3143 979 mortui,
3198 915 3254 960 et
3282 908 3490 985 accepit
3517 909 3591 964 ibi

2010 1006 2257 1057 uxorem,
2290 999 2346 1047 et
2368 994 2525 1047 modo
2547 994 2711 1049 habet
2734 1011 2875 1050 eam.
2903 995 3193 1053 Diﬁinitum
3220 1010 3322 1065 est,
3348 1002 3509 1071 quod
3529 1002 3592 1056 il-

2010 1078 2119 1132 lam
2143 1095 2304 1150 quam
2324 1094 2513 1152 postea
2544 1084 2771 1154 accepit,
2800 1085 2973 1154 ipsam
3000 1086 3214 1162 habeat.
3570 1074 3575 1081 ’

2083 1167 2170 1221 10.
2211 1168 2267 1223 Si
2296 1170 2436 1239 quis,
2468 1186 2635 1227 uxore
2676 1184 2916 1243 accepta,
2963 1176 3169 1230 invenit
3193 1193 3314 1232 eam
3344 1193 3375 1232 a
3420 1179 3592 1235 fratre

2011 1273 2109 1313 suo
2155 1261 2596 1328 contaminatam,
2646 1264 2817 1333 ipsam
2860 1266 3137 1322 dimittens
3162 1269 3373 1340 accepit
3396 1270 3623 1335 aliam,’

2011 1347 2291 1421 ipsamque
2309 1351 2735 1405 contaminatam
2764 1353 2987 1419 invenit,
3014 1371 3152 1431 uxor
3172 1357 3313 1411 illius
3328 1357 3591 1429 legittima

2009 1450 2113 1505 est,
2136 1451 2425 1513 pr0pterea
2452 1443 2580 1513 quia
2602 1460 2703 1499 nec
2730 1445 2845 1515 ipse
2881 1446 3033 1516 virgo
3076 1446 3174 1501 fuit
3208 1449 3297 1502 illo
3328 1458 3588 1521 tempore.

2009 1530 2162 1598 Quod
2190 1534 2236 1589 si
2260 1534 2477 1589 tertiam
2524 1545 2710 1604 postea
2758 1538 3066 1606 acceperit,
3117 1548 3355 1594 revertat
3381 1543 3450 1595 ad
3479 1556 3591 1596 mc-

2009 1621 2257 1690 dianam;
2285 1626 2468 1696 etipsa
2489 1628 2756 1696 posterior
2780 1637 3103 1699 potestatem
3128 1631 3327 1685 habeat
3350 1630 3454 1685 alio
3474 1632 3592 1688 viro

329 1716 554 1778 propter
615 1708 848 1764 iustitias
911 1709 1217 1767 faciendum
1275 1716 1513 1785 sportolo
1572 1722 1909 1777 contradicto

2014 1727 2070 1767 se
2092 1715 2436 1787 coniungere.

274 1853 284 1861 _
330 1811 437 1850 non
462 1798 692 1867 accipiat
716 1815 731 1865 ;
751 1801 876 1869 quia
908 1801 999 1857 ubi
1029 1802 1147 1874 ipsa
1173 1793 1312 1861 dona
1340 1807 1728 1875 intercurrunt,
1759 1812 1912 1867 iusti-

331 1886 404 1941 tia
432 1896 744 1943 evacuatur.

1077 1985 1165 2041 VI.

877 2093 1139 2183 ΡΙΡΡΙΝῘ⁷
1159 2098 1361 2155 REGIS

473 2183 906 2241 CAPITULARE
934 2185 1461 2246 COMPENDIENSE
1484 2191 1597 2246 AN.
1640 2193 1763 2248 757.

404 2274 649 2352 Capitula
672 2278 793 2352 haec
840 2278 1137 2352 in__codice,
1168 2280 1219 2334 1.
1254 2282 1402 2352 regio
1448 2281 1740 2339 Parisiensi
1768 2285 1909 2339 inter

335 2343 519 2425 §1Ipp|.
564 2345 772 2425 I.ati_na_
795 2362 849 2425 n_.
882 2346 951 2401 75
979 2349 1190 2425 signato
1237 2343 1480 2425 pro'xime
1509 2361 1633 2425 post
1669 2355 1908 2425 capitula

333 2415 730 2493 Yermeriensia
759 2415 1053 2493 habentur,
1065 2419 1210 2493 unde
1228 2415 1285 2475 et
1305 2422 1481 2491 capita
1505 2415 1624 2492 ejus
1648 2415 1854 2493 aliquot
1874 2440 1907 2479 a

334 2485 609 2554 lteginone
653 2484 796 2539 inter
837 2486 1233 2544 Vermeriensia
1270 2484 1638 2547 recensentur.
1679 2484 1911 2549 Eistant

333 2566 409 2617 et,
426 2553 566 2632 inin
593 2555 776 2632 codice
796 2556 943 2632 regio
972 2556 1277 2632 Monacensi
1304 2559 1431 2632 olim
1449 2560 1780 2632 Augustano.
1798 2563 1909 2618 An-

333 2638 460 2699 num
495 2622 832 2699 Sirmondus,
855 2622 1062 2699 primus
1073 2644 1140 2683 ex
1161 2629 1346 2699 codice
1371 2622 1594 2687 Memnsi
1614 2632 1811 2699 editor,
1839 2648 1907 2688 ex

334 2692 591 2747 Einhardi
610 2692 907 2750 Annalibus
933 2697 1247 2768 assignavit.

334 2797 535 2837 INCIPIT
569 2798 849 2839 υεοιικτυκ
876 2801 1014 2848 QUOD
1054 2802 1264 2842 Ἑλίξτυί
1302 2804 1427 2844 FUIT
1461 2806 1530 2844 AD
1566 2805 1909 2849 COIPENDIUI

838 2871 1107 2911 PALATIUI
1136 2873 1417 2913 ειυβιιεωί.

334 3049 441 3089 non
462 3050 793 3106 separamus.

405 3126 460 3180 2.
500 3127 558 3182 In
585 3129 754 3184 tercia
781 3145 911 3186 vero
939 3132 985 3187 si
1014 3135 1213 3203 reperti
1239 3133 1459 3204 fuerint,
1496 3148 1836 3209 separentur.

403 3217 456 3270 ὅ.
496 3216 565 3273 Ει
587 3232 682 3273 eos
728 3219 821 3289 qui
865 3236 1004 3276 unus
1055 3222 1110 3275 in
1148 3232 1340 3293 quarta
1369 3263 1387 3292 ,
1446 3225 1585 3283 alius
1636 3228 1693 3282 in
1738 3230 1909 3285 tercia

334 3304 438 3360 sibi
501 3309 802 3377 pertinent,
865 3319 923 3366 et
977 3313 1247 3370 coniuncti
1304 3315 1652 3375 inveniuntur
1672 3358 1689 3385 ,
1756 3335 1911 3395 sepa-

337 3407 541 3451 ramus.

403 3485 458 3540 4.
500 3485 559 3543 Si
584 3488 690 3545 duo
719 3490 774 3545 in
817 3493 986 3548 tercia
1025 3492 1144 3549 loco
1179 3494 1283 3550 sibi
1312 3495 1625 3564 pertinent,
1665 3496 1778 3550 sive
1802 3496 1907 3560 vir,

335 3576 447 3631 sive
484 3575 685 3633 femina
709 3619 723 3644 ,
764 3589 859 3633 aut
887 3597 1026 3635 unus
1072 3582 1126 3635 in
1157 3583 1324 3636 tercio
1349 3592 1406 3636 et
1431 3583 1567 3638 alter
1599 3584 1654 3638 in
1681 3594 1907 3654 quarto;

333 3678 443 3717 uno
463 3674 698 3730 mortuo,
722 3682 829 3721 non
851 3668 978 3723 licet
995 3667 1226 3722 alterum
1254 3671 1500 3740 accipere
1520 3686 1745 3728 uxorem
1771 3676 1907 3732 eius.

333 3751 404 3806 Et
427 3751 472 3807 si
499 3752 700 3807 inventi
727 3753 949 3822 fuerint,
978 3766 1315 3827 separentur.
1336 3759 1454 3816 Una
1474 3760 1561 3816 lex
1587 3772 1672 3818 est
1691 3764 1758 3819 de
1778 3766 1910 3820 viris

333 3848 391 3895 et
417 3841 484 3897 de
512 3841 747 3899 feminis.

403 3930 456 3985 5.
498 3931 689 3987 Mulier
715 3934 759 3988 si
794 3934 911 3990 sine
936 3944 1241 3992 commeatu
1268 3937 1372 3992 viri
1412 3940 1494 3994 sui
1518 3940 1694 3996 velum
1735 3943 1790 3998 in
1819 3959 1911 4015 ca-

332 4021 675 4090 putmiserit,
698 4022 744 4078 si
768 4023 888 4079 viro
913 4023 1199 4094 placuerit,
1228 4026 1454 4098 recipiat
1472 4044 1594 4085 eam
1622 4031 1820 4087 iterum
1840 4033 1910 4088 ad

334 4112 660 4183 mniugium.

405 4203 458 4256 6.
496 4203 566 4258 Et
585 4204 630 4258 si
659 4205 784 4277 quis
810 4205 1076 4264 Francam
1104 4209 1385 4266 ﬁliastram
1411 4227 1563 4269 suam
1604 4222 1793 4269 contra
1821 4229 1909 4268 vo-

2084 1803 2171 1856 Il.
2210 1803 2268 1858 Si
2320 1807 2442 1875 quis
2490 1808 2651 1863 homo
2698 1809 2862 1865 habet
2903 1812 3182 1869 mulierem
3242 1808 3589 1897 legittimam,

2011 1902 2069 1949 et
2104 1893 2275 1950 frater
2322 1897 2440 1952 eius
2483 1898 2805 1955 adulteravit
2828 1917 2953 1957 cum
2998 1918 3097 1970 ea,
3146 1905 3235 1960 ille
3277 1905 3450 1960 frater
3508 1893 3595 1962 vel

2011 1983 2100 2039 illa
2127 1984 2328 2040 femina
2353 1987 2446 2057 qui
2488 1988 2810 2045 adulterium
2860 1984 3339 2064 perpetraverunt,
3375 1995 3591 2073 interim

2010 2090 2119 2144 quo
2177 2077 2364 2131 vivunt
2433 2095 2727 2150 numquam
2805 2084 3043 2140 habeant
3106 2086 3435 2157 coniugium.
3498 2086 3591 2141 Ille

2010 2168 2165 2223 cuius
2190 2183 2328 2223 uxor
2364 2168 2504 2235 fuit,
2545 2172 2590 2225 si
2620 2171 2764 2238 vult,
2803 2182 3124 2243 potestatem
3147 2177 3310 2231 habet
3345 2178 3591 2246 accipere

2009 2259 2196 2314 aliam.

2078 2348 2166 2402 12.
2208 2347 2266 2404 Si
2300 2350 2423 2419 quis
2442 2349 2746 2421 baptizatus
2764 2363 2851 2409 est
2877 2370 2909 2408 a
2942 2356 3258 2428 presbytero
3281 2373 3387 2413 non
3416 2357 3594 2428 bapti-

2008 2446 2149 2503 zato,
2190 2448 2246 2493 et
2289 2449 2474 2495 sancta
2504 2441 2742 2498 Trinitas
2783 2444 2839 2498 in
2887 2445 3001 2516 ipso
3032 2447 3296 2518 baptismo
3339 2450 3589 2504 invocata

2007 2524 2194 2593 fuerit,
2234 2527 2544 2600 baptizatus
2568 2528 2672 2598 est,
2705 2533 2846 2589 sicut
2874 2533 3099 2607 Sergius
3126 2553 3263 2608 papa
3292 2540 3446 2594 dixit.
3486 2541 3591 2595 Im-

2007 2615 2271 2686 positione
2299 2626 2479 2673 tamen
2501 2635 2758 2676 manuum
2778 2624 3016 2696 episcopi
3044 2628 3279 2698 indiget:
3306 2629 3592 2702 [Georgius

2008 2711 2293 2780 episcopus
2333 2710 2608 2768 Romanus
2636 2723 2693 2769 et
2716 2713 2981 2772 lohannes
3024 2719 3338 2778 sacellarius
3363 2722 3441 2777 sic
3468 2738 3592 2777 scn-

2010 2800 2255 2872 serunt.]

2082 2891 2171 2947 15.
2212 2891 2269 2947 Si
2286 2903 2440 2964 pater
2458 2911 2710 2966 sponsam
2736 2898 2831 2954 ﬁlii
2855 2902 2938 2956 sui
2956 2906 3306 2974 oppresserit,
3327 2915 3382 2962 et
3402 2917 3590 2977 postea

2015 2977 2157 3035 ﬁlius
2179 2980 2353 3051 ipsam
2383 2988 2681 3055 acceperit,
2710 2998 2868 3059 pater
2892 2990 3011 3046 eius
3046 3003 3232 3062 postea
3260 3011 3366 3050 non
3395 2997 3592 3054 habeat

2200 3041 2218 3051 .
2512 3041 2531 3055 ι
2612 3041 2623 3042 κ
2667 3041 2680 3053 1
2710 3041 2855 3059 τίκ-υ
2898 3041 3007 3046 ~-—-
3047 3041 3232 3062 ιντ--νκ
3260 3041 3366 3050 --ν-·
3395 3041 3588 3054 κυεην-ι·

1938 3041 1984 3104 C
2015 3082 2261 3136 uxorem,
2285 3081 2341 3126 et
2368 3072 2482 3142 ipsa
2505 3073 2704 3129 femina
2728 3091 2834 3131 non
2880 3078 3080 3133 habeat
3107 3082 3304 3149 virum,
3329 3086 3456 3153 quia
3482 3103 3588 3142 non

2011 3155 2147 3211 dixit
2197 3159 2340 3228 quod
2388 3169 2544 3229 pater
2596 3163 2712 3216 eius
2755 3178 2880 3217 cum
2925 3166 3043 3235 ipsa
3089 3171 3404 3236 mansisset;
3447 3174 3591 3231 ﬁlius

2009 3264 2140 3305 vero
2160 3251 2278 3307 eius
2304 3253 2396 3322 qui
2422 3256 2668 3311 nesciens
2694 3254 2842 3321 fecit,
2874 3259 3106 3328 accipiat
3130 3261 3413 3319 mulierem
3434 3265 3590 3338 legit-

2011 3339 2221 3394 timam.

2081 3446 2166 3500 M.
2201 3448 2259 3503 In
2295 3451 2674 3524 qualicumque
2711 3455 2872 3512 modo
2907 3457 3100 3513 mulier
3134 3460 3311 3517 velum
3346 3475 3590 3521 sanctum

2010 3540 2281 3608 acceperit
2300 3552 2509 3611 sponte,
2534 3545 2588 3598 in
2608 3560 2672 3600 eo
2689 3558 3026 3617 permaneat,
3052 3568 3151 3607 nec
3179 3553 3434 3610 dimittat.
3448 3555 3590 3611 Con-

2009 3620 2294 3683 senserunt
2339 3630 2604 3704 Georgius
2642 3638 2926 3708 episcopus
2970 3640 3280 3708 Romanus,
3326 3645 3592 3703 lohannes

2010 3721 2342 3777 sacellarius.

2081 3832 2168 3887 15.
2211 3833 2267 3889 Si
2297 3837 2419 3905 quis
2454 3836 2738 3895 ﬁliastrum
2768 3850 2860 3896 aut
2887 3842 3168 3900 ﬁliastram
3219 3855 3344 3902 ante
3381 3848 3590 3918 episco-

2007 3938 2133 3993 pum
2150 3925 2217 3979 ad
2241 3925 2703 3984 confirmationem
2733 3933 2984 3999 tenuerit,
3015 3942 3299 4004 separetur
3326 3938 3395 3992 ab
3420 3953 3589 3993 uxore

2009 4033 2126 4083 sua,
2142 4027 2197 4072 et
2217 4018 2443 4074 alteram
2467 4037 2573 4076 non
2600 4023 2847 4094 accipiat.
2883 4023 3143 4081 Similiter
3160 4034 3217 4080 et
3236 4026 3435 4083 femina
3455 4028 3591 4085 alte-

1936 4178 1941 4183 _
2009 4120 2131 4159 rum
2158 4122 2266 4163 non
2286 4108 2533 4180 accipiat.
2568 4108 2855 4183 [Georgius
2883 4112 3202 4187 consensit.]

2080 4215 2168 4271 16.
2209 4215 2267 4272 Si
2292 4220 2413 4288 quis
2438 4220 2523 4274 vir
2549 4222 2829 4277 mulierem
2860 4239 3012 4277 suam
3034 4225 3319 4290 dimiserit,
3355 4234 3412 4280 et
3429 4227 3590 4284 dedc-

335 4292 593 4350 Iuntatem
640 4295 808 4366 ipsius
834 4304 891 4352 et
917 4301 1110 4356 matris
1150 4310 1207 4356 et
1239 4311 1525 4372 parentum
1553 4303 1763 4359 dederit
1793 4305 1912 4359 viro
1939 4372 1979 4380 η
2012 4304 2085 4360 rit
2109 4315 2470 4361 commeatum
2498 4323 2596 4378 pro
2634 4310 2908 4380 religionis
2944 4327 3107 4366 causa
3149 4311 3287 4367 infra
3319 4325 3590 4369 monaste-

335 4383 588 4458 ingenuo,
628 4393 721 4441 aut
745 4401 904 4443 servo
928 4388 1013 4444 vel
1038 4391 1422 4459 ecclesiastico,
1451 4403 1506 4449 et
1545 4395 1635 4449 illa
1677 4396 1909 4452 noluerit
1939 4372 1987 4431 ί)
2014 4395 2155 4449 rium
2202 4395 2313 4451 Deo
2340 4398 2581 4463 servire,
2621 4408 2715 4452 aut
2766 4399 2912 4453 fora.
2958 4403 3342 4457 monasterium
3383 4404 3590 4459 dederit

334 4474 535 4532 habere
562 4478 758 4548 ipsum,
800 4489 858 4536 et
884 4481 1164 4554 reliquerit
1185 4500 1332 4552 eum,
1360 4497 1678 4557 potestatem
1708 4491 1911 4547 habent
2010 4481 2286 4539 licentiam
2315 4485 2517 4551 velare,
2548 4488 2689 4543 sicut
2718 4489 2972 4555 diximus,
3021 4501 3242 4561 propter
3283 4492 3475 4560 Deum,
3504 4496 3589 4548 vir

335 4576 589 4632 parentes
642 4568 811 4639 ipsius
875 4570 1004 4626 dare
1062 4573 1113 4627 ei
1171 4573 1334 4629 alium
1398 4578 1670 4633 maritum.
1732 4580 1803 4635 Et
1862 4582 1906 4636 si

337 4654 452 4723 ipsa
489 4658 652 4714 alium
680 4662 863 4727 habet,
902 4678 1066 4733 quem
1098 4674 1285 4734 postea
1325 4668 1567 4737 accepit,
1609 4685 1715 4725 non
1756 4688 1909 4742 sepa-

338 4753 541 4800 rentur.

411 4834 462 4889 7.
504 4835 563 4892 Si
591 4837 833 4896 Francus
852 4841 1015 4899 homo
1034 4845 1305 4914 acceperit
1325 4846 1626 4915 mulierem,
1649 4858 1706 4904 et
1730 4860 1916 4920 sperat

339 4926 480 4994 quod
507 4927 740 5009 ingenua
756 4930 846 4995 sit,
863 4937 920 4984 et
942 4940 1130 5003 postea
1157 4933 1362 4988 invenit
1379 4937 1522 5005 quod
1542 4952 1648 4992 non
1663 4946 1747 4992 est
1768 4939 1915 5009 inge-

339 5032 468 5084 nua,
499 5018 735 5073 dimittat
750 5035 872 5074 eam
892 5021 938 5076 si
961 5022 1097 5087 vult,
1125 5031 1183 5078 et
1202 5024 1430 5094 accipiat
1457 5025 1636 5080 aliam.
1657 5026 1916 5083 Similiter

340 5116 396 5165 ct
422 5108 618 5164 femina
646 5108 897 5180 ingenua.

407 5200 462 5254 8.
503 5197 561 5254 Si
607 5197 808 5254 femina
862 5201 1093 5271 ingenua
1136 5204 1346 5274 accepit
1381 5220 1597 5261 servum
1623 5248 1639 5273 ,
1678 5217 1733 5263 et
1778 5210 1913 5265 scie-

339 5288 434 5342 bat
471 5296 600 5343 tunc
634 5290 778 5359 quod
814 5304 1003 5345 servus
1038 5299 1189 5356 erat,
1230 5293 1428 5348 habeat
1457 5294 1671 5351 interim
1698 5313 1804 5368 quo
1834 5300 1914 5353 vi-

340 5377 435 5432 vit.
464 5377 576 5434 Una
600 5377 684 5433 lex
713 5386 797 5434 est
820 5380 886 5434 de
909 5380 1043 5436 viris
1068 5392 1124 5436 et
1157 5381 1391 5439 feminis.

411 5469 465 5526 9.
504 5468 676 5525 Homo
699 5469 941 5526 Francus
967 5474 1176 5543 accepit
1223 5474 1542 5531 beneficium
1589 5478 1656 5533 de
1697 5482 1910 5538 seniore

412 5617 436 5645 ιι
475 5602 664 5675 Capita
689 5576 793 5658 tria
813 5604 994 5674 priora
1022 5606 1419 5680 coniunguntur
1442 5610 1495 5664 in
1517 5611 1692 5668 editis.

660 5700 935 5764 Ps'rnOL.
981 5702 1202 5767 XCVI.

2015 4572 2156 4628 illius
2185 4575 2418 4645 accipiat
2434 4576 2713 4632 mulierem
2738 4578 3072 4650 legittimam.
3106 4582 3366 4640 Similiter
3391 4594 3449 4641 et
3473 4602 3590 4641 mu-

2013 4660 2114 4717 lier
2134 4660 2316 4718 faciat.
2347 4663 2610 4736 Georgius
2639 4671 2930 4724 consensit.

2087 4773 2173 4827 17.
2217 4773 2275 4828 Si
2298 4775 2421 4845 quis
2440 4792 2564 4831 cum
2587 4787 2759 4834 matre
2780 4789 2835 4834 et
2862 4780 2971 4835 lilia
2993 4782 3044 4836 in
3075 4783 3337 4840 adulterio
3363 4787 3584 4851 mansit,

2011 4864 2282 4920 nesciente
2303 4873 2475 4921 matre
2501 4869 2645 4937 quod
2662 4884 2783 4923 cum
2811 4870 2917 4924 ﬁlia
2942 4888 3039 4926 sua
3069 4875 3372 4941 mansisset,
3401 4877 3589 4931 simili-

2014 4963 2096 5008 ter
2117 4963 2173 5008 et
2201 4953 2308 5008 ﬁlia
2338 4957 2562 5011 nescivit
2583 4960 2726 5027 quod
2749 4975 2869 5014 cum
2896 4970 3071 5016 matre
3095 4980 3191 5018 sua
3213 4974 3374 5029 esset,
3401 4975 3589 5037 postea

2013 5042 2101 5097 ille
2130 5044 2214 5098 vir
2231 5044 2274 5098 si
2298 5048 2570 5115 acceperit
2593 5048 2893 5115 mulierem,
2914 5052 3166 5118 dimittat,
3188 5071 3356 5124 usque
3372 5057 3424 5109 in
3444 5058 3585 5111 diem

2015 5138 2203 5189 mortis
2227 5152 2355 5191 suae
2385 5153 2489 5190 non
2521 5140 2721 5194 habeat
2742 5157 2986 5209 uxorem,
3017 5154 3073 5198 et
3092 5144 3180 5199 illa
3207 5147 3399 5202 mulier
3422 5165 3586 5219 quam

2015 5226 2312 5296 reliquerit,
2339 5229 2571 5299 accipiat
2592 5232 2797 5298 virum;
2835 5242 2891 5288 et
2912 5234 3000 5289 illa
3022 5244 3195 5291 mater
3217 5246 3272 5291 et
3300 5236 3427 5304 ﬁlia,
3462 5254 3587 5294 cum

2012 5317 2209 5386 quibus
2259 5320 2311 5372 in
2359 5320 2622 5376 adulterio
2666 5326 2886 5390 mansit,
2932 5327 3193 5384 ambabus
3223 5330 3587 5389 nescientibus

2011 5408 2154 5477 quod
2195 5426 2318 5463 cum
2349 5420 2520 5466 matre
2548 5421 2604 5468 et
2655 5414 2763 5469 ﬁlia
2807 5418 3112 5483 mansisset,
3155 5421 3388 5476 habeant
3414 5424 3585 5480 viros.

2011 5496 2143 5552 Nam
2174 5499 2216 5555 si
2242 5499 2295 5554 in
2316 5502 2563 5558 notitiam
2590 5504 2802 5561 illarum
2825 5509 3035 5563 venerit
3055 5509 3155 5565 hoc
3184 5512 3378 5578 scelus,
3403 5514 3583 5570 dimit-

3032 5730 3109 5794 58
