4046 6172
629 223 764 276 1515
1615 228 1881 284 διεαυω
1917 230 2025 283 Vlll
2066 228 2493 285 MONUMENTA
2532 231 2860 290 SELECTA.
3023 187 3068 214 Ἴ
3652 247 3753 305 1516

622 340 739 388 tant
764 332 1009 396 maritos,
1024 342 1078 385 et
1091 342 1250 400 agant
1269 335 1673 402 poenitentiam,
1694 346 1748 390 et
1769 338 1977 391 illorum
2004 339 2181 391 mariti
2208 345 2256 401 Α
2286 341 2464 416 tiniaci
2493 343 3074 416 habitointerfuerant.
3146 349 3428 406 Eddiderat
3446 368 3502 407 ea
3520 369 3576 409 ex
3597 358 3755 416 scbedis

619 421 944 491 posteriores
967 423 1231 492 accipiant
1249 423 1518 479 mulieres.

694 510 756 531 no
819 509 1075 531 m4...”
1122 523 1165 531 ,-
1223 515 1264 531 ._
1329 515 1344 531 .
1419 515 1436 531 ι
1503 530 1506 531 ν
1717 517 1754 531 ..
1995 519 2008 531 .

2289 407 2542 465 Holstenii
2562 412 2809 468 Labbeus
2831 414 3030 472 Concil.
3057 427 3095 471 t.
3115 418 3220 482 vr,
3247 435 3298 488 p.
3339 421 3491 486 nos;
3523 407 3756 486 sua;

2284 477 2401 531 dice
2438 482 2594 531 unico
2616 483 2809 531 iterum
2829 485 3094 531 descrinla
3119 489 3374 531 sistimus,

691 510 777 565 l8.
818 485 1169 567 Similiter'et
1205 515 1272 568 de
1311 515 1520 571 duabus
1559 517 1866 583 sororibus,
1920 519 2010 588 qui
2057 535 2181 574 cum
2284 485 2401 533 (“ce
2438 485 2810 538 uniwmmm
2829 485 3096 557 descripta
3119 485 3376 544 SiStil—nus'

619 614 725 692 una
755 600 809 655 iu
834 600 1097 692 adulterio
1116 603 1335 692 mansit,
1377 612 1434 658 et
1459 605 1686 660 alteram
1711 606 1765 660 in
1794 605 2004 676 publico
2029 623 2185 663 acce—
2351 608 2576 664 Nomina
2601 613 2971 684 episcoporum
3000 632 3094 671 seu
3121 617 3374 674 abbatum
3391 622 3475 690 qui
3498 633 3608 692 aput
3627 627 3759 684 villa

616 688 717 780 pit,
740 703 847 744 non
875 689 1070 744 habeat
1095 690 1375 747 mulierem
1404 709 1575 762 usque
1604 693 1658 748 in
1685 694 1828 748 diem
1852 695 2061 750 mortis.
2115 696 2184 751 Et
2280 699 2546 769 publicam
2573 703 2898 759 Attiniacum
2925 722 3024 776 pro
3064 723 3226 763 causa
3259 688 3543 780 relegi—onis
3565 729 3617 768 ac
3638 717 3760 773 salute

619 779 738 836 illae
784 780 920 836 duae
946 795 1180 847 sorores,
1228 782 1274 836 si
1293 783 1621 849 nescierunt,
1677 783 1910 838 habeant
1935 785 2175 840 maritos.
2279 787 2577 842 animarum
2606 793 2935 862 congregati,
2983 795 3224 864 synodali
3262 779 3514 851 conventu
3555 800 3668 855 inter
3698 818 3762 857 ce-

617 867 686 922 Et
723 868 768 924 si
813 869 867 923 in
921 870 1166 925 notitiam
1217 871 1297 926 eis
1341 872 1506 937 venit,
1570 873 1904 943 superiorem
1948 871 2177 928 formam
2278 884 2394 932 tera
2435 879 2724 934 salubriter
2760 881 3132 951 sapienterque
3183 883 3400 939 deﬁnita
3427 925 3442 949 ,
3485 886 3574 942 hoc
3602 904 3761 960 quoque

620 966 855 1049 servent.
2275 973 2540 1026 commoni
2564 980 2881 1027 cunctorum
2907 973 3125 1029 decreto
3135 984 3454 1041 statuerunt,
3469 988 3527 1032 ut
3545 981 3764 1049 unusquis-

688 1049 775 1106 f9.
815 1047 875 1105 Si
910 1050 997 1105 vir
1046 1050 1289 1121 leprosus
1332 1052 1610 1108 mulierem
1659 1053 1855 1108 habeat
1877 1069 2084 1121 sanam,
2130 1058 2177 1111 si
2274 1074 2378 1129 que
2403 1059 2613 1115 illorum
2647 1053 2875 1129 quorum
2915 1063 3172 1116 nominaul
3195 1065 3249 1117 in
3270 1064 3372 1120 hoc
3399 1065 3605 1121 indimlo
3627 1047 3766 1122 subter

617 1137 731 1193 vult
754 1139 803 1194 ei
833 1139 1034 1194 donare
1068 1148 1426 1194 commeatum
1463 1149 1523 1194 ut
1551 1142 1777 1212 accipiat
1818 1143 2014 1208 virum,
2062 1144 2176 1214 ipsa
2273 1150 2471 1220 scripta
2507 1150 2867 1220 reperiuntur,
2903 1152 3118 1221 quando
3142 1153 3582 1222 quislibetdehoc
3604 1157 3764 1209 saeculo

615 1227 835 1293 femina,
857 1228 902 1282 si
931 1227 1063 1292 vult,
1094 1228 1338 1298 accipiat.
1392 1227 1649 1284 Similiter
1670 1240 1726 1286 et
1747 1231 1850 1285 vir.
2273 1240 2600 1311 migraverit,
2633 1250 2849 1296 centum
2876 1241 3131 1313 psalteria
3157 1253 3214 1297 et
3252 1244 3528 1314 presbiteri
3551 1247 3648 1300 eius
3680 1262 3766 1314 spe.

681 1320 770 1375 Ἃ).
810 1318 868 1374 Si
895 1320 1015 1389 quis
1040 1319 1124 1373 vir
1149 1321 1356 1389 accepit
1377 1320 1676 1386 mulierem,
1719 1331 1774 1376 et
1800 1323 1985 1378 habuit
2005 1323 2173 1392 ipsam
2270 1328 2436 1383 ciales
2462 1329 2626 1383 misas
2671 1338 2886 1384 centum
2931 1339 3168 1385 cantent.
3208 1331 3325 1401 Ipse
3357 1341 3526 1386 autem
3549 1334 3766 1403 episcopus

613 1411 790 1481 aliquo
817 1420 1075 1482 tempore,
1127 1422 1184 1467 et
1210 1414 1323 1484 ipsa
1345 1413 1544 1468 femina
1571 1415 1700 1470 dicit
1725 1416 1866 1486 quod
1896 1431 2000 1471 non
2024 1431 2173 1470 man-
2270 1431 2369 1488 per
2391 1433 2450 1472 se
2475 1417 2544 1473 30
2567 1419 2731 1474 misas
2771 1419 3018 1489 impleat;
3059 1421 3164 1475 nisi
3192 1421 3499 1477 inﬁmitate
3521 1433 3600 1477 aut
3635 1424 3770 1492 aliqua

612 1503 770 1558 sisset
795 1518 917 1559 cum
943 1519 1028 1569 ea,
1057 1512 1112 1558 et
1139 1503 1226 1558 ille
1244 1505 1328 1557 vir
1349 1504 1480 1559 dicit
1520 1504 1662 1573 quod
1689 1504 1766 1560 sic
1789 1504 1936 1570 fecit,
1959 1507 2012 1559 in
2033 1505 2173 1559 veri-
2271 1508 2631 1577 inpedimento
2659 1510 3031 1578 prohibeatur.
3109 1510 3260 1565 Tunc
3288 1521 3442 1582 roget
3472 1512 3666 1566 alterum
3687 1514 3768 1581 epi-

611 1605 720 1653 tate
747 1598 849 1652 viri
885 1598 1164 1662 consistat,
1195 1597 1319 1666 quia
1344 1605 1508 1666 caput
1525 1605 1608 1666 est
1634 1597 1890 1652 mulieris.
1954 1597 2029 1652 De
2058 1613 2173 1651 mu-
2271 1611 2490 1666 scopum
2513 1613 2611 1668 pro
2635 1613 2692 1652 se
2717 1607 2968 1662 cantare;
3029 1599 3251 1656 abbates
3287 1615 3416 1655 vero
3444 1603 3526 1671 qui
3551 1617 3638 1655 non
3680 1611 3771 1655 sunt

610 1685 742 1740 liere
763 1700 899 1755 quae
919 1685 1070 1748 dicit,
1091 1685 1232 1754 quod
1260 1684 1343 1738 vir
1363 1700 1491 1738 suus
1511 1685 1560 1738 ei
1588 1685 1969 1740 commercium
2010 1685 2172 1738 mari-
2201 1675 2248 1735 B
2275 1686 2529 1756 episcopi,
2576 1695 2763 1756 rogent
2790 1687 3067 1756 episcopos
3100 1695 3163 1740 ut
3200 1688 3316 1743 vice
3362 1688 3561 1743 illorum
3590 1690 3704 1758 ipsas
3721 1689 3770 1742 30

609 1773 715 1829 tale
739 1788 844 1828 non
867 1773 1114 1837 reddidit,
1144 1771 1405 1842 Georgius
1423 1774 1711 1828 consensit.
1887 1831 1896 1844 ,
2272 1775 2435 1829 misas
2459 1775 2722 1844 expleant,
2745 1783 2801 1829 et
2818 1774 3312 1844 presbiter'reorum
3339 1786 3549 1832 centum
3566 1778 3702 1832 misas
3733 1787 3773 1831 et

675 1862 766 1916 21.
806 1861 864 1917 Si
891 1863 982 1932 qui
1028 1870 1248 1932 propter
1285 1861 1481 1918 faidam
1526 1862 1733 1934 fugiunt
1783 1864 1837 1918 in
1890 1865 2048 1919 aliam
2077 1881 2170 1935 pa-
2271 1863 2518 1917 monachi
2571 1871 2788 1918 centum
2841 1863 3096 1933 psalteria
3162 1865 3391 1935 psallere
3458 1868 3770 1920 meminerunt.

610 1951 790 2017 triam,
827 1961 882 2006 et
920 1952 1197 2006 dimittunt
1224 1967 1419 2007 uxores
1447 1967 1592 2016 suas,
1647 1969 1742 2008 nec
1796 1952 1869 2007 illi
1920 1953 2021 2006 viri
2073 1967 2172 2007 nec
2273 1951 2653 2024 Hrodegangus
2675 1954 2958 2026 episcopus
2982 1957 3172 2012 civitas
3199 1957 3396 2012 Mettis.
3466 1959 3599 2014 Eddo
3617 1961 3775 2028 episco

609 2041 730 2097 illae
774 2040 1002 2096 feminae
1047 2040 1313 2110 accipiant
1362 2042 1684 2109 coniugium.
1736 2040 2020 2113 [Georgius
2043 2056 2169 2095 con-
2270 2058 2370 2111 pus
2389 2043 2578 2099 civitas
2607 2043 2959 2117 Stradburgo.
3023 2047 3175 2102 Lullo
3201 2049 3486 2119 episcopus
3511 2051 3676 2103 civitas
3697 2049 3774 2102 lla-

609 2129 820 2202 seusit.]
2270 2131 2524 2200 guntiaci.
2590 2131 2770 2203 Lupus
2813 2135 3096 2205 episcopus
3133 2137 3323 2192 civitas
3351 2135 3586 2192 Seuonis.
3634 2137 3776 2191 Baldo-

676 2225 767 2280 22.
807 2225 883 2281 De
917 2226 1153 2280 incestis.
1221 2223 1281 2277 Si
1322 2223 1482 2278 homo
1534 2223 1796 2278 incestum
1840 2224 2170 2278 commiserit
2269 2221 2492 2276 berhtus
2517 2221 2799 2292 episcopus
2825 2223 3015 2278 civitas
3060 2224 3296 2280 Baselae.
3362 2225 3677 2281 Uulframnus
3697 2228 3778 2296 epi-

610 2321 673 2377 de
695 2329 866 2376 matre
887 2334 1004 2383 sua,
1052 2327 1144 2373 aut
1169 2331 1292 2373 cum
1323 2317 1552 2371 matrina
1581 2332 1675 2372 sua
1714 2318 1778 2373 de
1798 2317 1943 2372 fonte
1963 2327 2019 2372 et
2041 2333 2168 2373 con-
2271 2325 2465 2380 ωοριιε
2490 2310 2680 2365 Civitas
2709 2310 2916 2368 Meldis.
2981 2313 3270 2370 Remedius
3303 2324 3526 2370 vocatus
3551 2317 3777 2386 episcopus

609 2410 906 2465 firmatione
932 2423 1048 2472 sua,
1096 2416 1326 2464 autcum
1348 2415 1519 2461 matre
1546 2416 1602 2462 et
1623 2407 1748 2472 lilia,
1778 2416 2010 2462 autcum
2038 2409 2168 2463 dua-
2269 2401 2458 2455 Civitas
2485 2399 2746 2456 Bodoma.
2796 2403 3071 2459 Maurinus
3111 2407 3398 2476 episcopus
3427 2409 3603 2462 civitas
3623 2407 3779 2461 Ebora-

607 2501 707 2556 bus
733 2499 1028 2563 sororibus,
1070 2506 1306 2554 autcum
1355 2495 1538 2552 fratris
1564 2497 1646 2552 vel
1675 2498 1876 2552 sororis
1903 2497 2030 2562 illia,
2079 2505 2168 2550 aut
2268 2502 2362 2543 cas
2385 2489 2432 2540 δι
2473 2487 2796 2544 Genbaudus
2823 2491 3103 2562 episcopus
3126 2493 3315 2548 civitas
3344 2495 3609 2550 Laudumo
3631 2505 3669 2547 ο.
3695 2493 3776 2547 Hil-

604 2599 784 2659 uepta,
803 2598 1033 2644 autcum
1054 2587 1372 2643 consobrina
1390 2586 1472 2642 vel
1499 2587 1738 2651 subrina,
1762 2595 1984 2641 autcum
2005 2586 2166 2640 amita
2269 2578 2528 2649 digangus
2555 2580 2838 2650 episcopus
2863 2581 3055 2637 civitas
3081 2581 3372 2639 Suaseonis
3411 2584 3461 2636 δ.
3503 2584 3776 2638 Athalfridus

610 2675 689 2731 vel
742 2685 1059 2740 matertera,
1099 2676 1164 2730 de
1201 2675 1284 2729 his
1328 2675 1644 2730 criminibus
1681 2676 1962 2745 pecuniam
2016 2688 2166 2729 suam
2267 2670 2550 2740 episc0pus
2570 2671 2762 2725 civitas
2789 2670 3045 2727 Noviouis
3081 2685 3134 2726 ε.
3197 2674 3535 2746 Megingozus
3556 2677 3779 2745 episcopus

608 2764 812 2834 perdat,
842 2766 886 2818 si
913 2764 1090 2819 habet.
1155 2764 1221 2818 Et
1245 2765 1286 2819 si
1313 2779 1370 2818 se
1396 2765 1684 2819 emendare
1711 2765 1960 2829 noluerit,
1992 2765 2166 2820 nulius
2266 2763 2457 2818 civitas
2489 2761 2878 2833 Wirziaburgo.
2934 2763 3268 2820 Williharius
3312 2767 3590 2836 episcopus
3619 2767 3675 2820 de
3699 2779 3781 2817 mo-

600 2870 726 2911 eum
757 2855 999 2924 recipiat,
1055 2867 1154 2908 nec
1195 2853 1375 2908 cibum
1395 2853 1444 2906 ei
1470 2853 1649 2908 donet.
1689 2853 1820 2908 Etsi
1850 2853 2057 2917 fecerit,
2097 2853 2164 2907 60
2268 2853 2503 2908 nasterio
2529 2855 2696 2908 sancti
2724 2854 2964 2910 Maurici.
3037 2855 3310 2912 Folcricus
3347 2860 3618 2928 episcopus
3637 2857 3781 2912 civitas

603 2944 800 3000 solidos
843 2944 1038 2999 domno
1091 2943 1204 3012 regi
1242 2951 1548 3010 componat,
1600 2957 1770 3011 usque
1815 2943 1939 2997 dum
1966 2957 2022 2997 se
2050 2944 2161 3012 ipse
2202 3009 2236 3015 _
2269 2942 2514 3012 Tungris.
2555 2941 2882 2999 Theodulfus
2907 2945 3188 3015 episcopus
3208 2947 3273 3000 de
3297 2947 3613 3001 monasterio
3630 2943 3783 3000 Laubi-

605 3037 765 3092 ltomo
789 3035 1105 3092 correxerit.
1145 3009 1211 3087 Et
1234 3033 1278 3087 si
1301 3009 1583 3103 pecuniam
1609 3009 1713 3088 non
1740 3035 1925 3100 habet,
1967 3034 2010 3088 si
2032 3009 2166 3088 liber
2189 3009 2237 3074 ε
2267 3033 2366 3088 cis.
2394 3009 2586 3114 'Hiddo
2607 3033 2889 3104 episcopus
2908 3009 3110 3090 civitas
3155 3036 3522 3106 Agustoduno.
3565 3036 3782 3107 l'ppolitus

605 3139 704 3195 est,
734 3129 976 3183 mittatur
1004 3128 1057 3181 in
1102 3139 1375 3182 carcerem
1418 3140 1588 3195 usque
1616 3127 1680 3180 ad
1729 3125 2160 3181 satisfactionem.
2267 3124 2549 3193 episcopus
2581 3123 2646 3178 de
2699 3125 3024 3179 monasterio
3048 3125 3301 3196 Eogeudi.
3357 3127 3517 3183 Iacob
3558 3128 3784 3198 episcopus

605 3218 663 3274 Si
689 3233 876 3275 servus
914 3226 1006 3272 aut
1052 3216 1274 3271 libertus
1298 3223 1401 3281 est,
1441 3216 1718 3286 vapuletur
1745 3215 1912 3287 plagis
1965 3216 2162 3271 multis.
2267 3215 2332 3269 de
2389 3214 2716 3268 monasterio
2765 3213 3108 3268 Gamundias.
3177 3215 3508 3272 Gaucilenus
3557 3218 3785 3286 episcopus

607 3311 671 3366 Et
696 3311 742 3366 si
781 3309 1026 3365 dominus
1051 3322 1180 3362 suus
1216 3306 1519 3376 permiserit
1567 3305 1792 3375 amplius
1828 3306 1880 3359 in
1911 3305 2014 3359 tale
2053 3319 2168 3360 sce-
2265 3304 2453 3357 civitas
2517 3301 2788 3356 Celmanis
2848 3301 2890 3355 τ.
2973 3302 3234 3358 Iohannes
3307 3307 3583 3375 episcopus
3636 3304 3786 3359 civitas

605 3403 686 3458 lus
737 3401 932 3457 cadere
959 3439 973 3463 ,
1038 3399 1150 3468 ipse
1201 3397 1447 3452 dominus
1512 3396 1621 3466 regi
1667 3396 1736 3449 60
1780 3395 1976 3450 solidos
2021 3409 2167 3450 com-
2265 3392 2596 3449 Constantia.
2661 3392 2995 3448 Willibaldus
3062 3395 3350 3464 episcopus
3405 3397 3469 3451 de
3515 3394 3784 3450 monasterio

607 3502 787 3566 ponat.
2265 3483 2538 3538 Achistadi
2572 3485 2616 3534 ⁸.
2685 3481 2976 3537 Madalfeus
2999 3484 3284 3553 episcopus
3309 3485 3498 3540 civitas
3534 3481 3786 3538 Wtrdunis.

671 3584 760 3639 25.
799 3581 876 3636 De
896 3579 1278 3636 ecclesiasticis
1299 3592 1450 3642 vero,
1489 3577 1533 3630 si
1561 3573 1700 3630 bona
1726 3589 1953 3645 persona
1982 3573 2164 3638 fuerit,
2266 3573 2515 3629 Harifeus
2537 3575 2823 3643 episcopus
2851 3574 3046 3629 civitas
3073 3574 3424 3631 Bisentionis.
3468 3574 3787 3642 Leodeningus

604 3677 792 3747 perdat
809 3675 1067 3729 honorem
1095 3685 1268 3725 suum.
1311 3669 1539 3722 Minores
1573 3681 1703 3720 vero
1739 3665 2075 3734 vapulentur,
2115 3673 2171 3718 et
2267 3665 2548 3735 episc0pus
2569 3664 2760 3719 civitas
2805 3664 3100 3735 Baiogasb.
3158 3665 3428 3722 Eusebius
3451 3668 3701 3736 episcopus
3729 3661 3786 3716 ci-

604 3768 657 3821 in
682 3777 956 3821 carcerem
987 3762 1286 3816 mittantur.
2267 3756 2407 3809 vitas
2459 3753 2704 3807 Toronis.
2752 3753 2901 3808 Tcllo
2930 3753 3215 3823 episcopus
3262 3755 3457 3810 civitas
3482 3751 3783 3810 Goeradiddo.

673 3853 761 3908 24.
801 3851 877 3906 De
916 3849 1243 3920 presbyteris
1284 3855 1340 3901 ct
1384 3846 1594 3902 clericis
1621 3846 1697 3900 sic
1726 3845 2057 3909 ordinamus,
2113 3854 2172 3897 ut
2269 3841 2557 3896 Mauricius
2585 3841 2866 3911 episcopus
2932 3842 3126 3896 civitas
3151 3841 3476 3898 Andecavis.
3503 3844 3542 3913 -ξ
3575 3839 3786 3896 Fulradus

605 3940 1013 3998 archidiaconus
1057 3937 1291 4006 episc0pi
1333 3950 1426 3989 eos
1453 3935 1518 3989 ad
1543 3935 1787 3988 sinodum
1835 3943 2172 3988 commoneat
2270 3931 2434 3987 abbas
2452 3931 2516 3986 de
2539 3931 2864 3984 monasterio
2891 3931 3060 3985 sancti
3095 3931 3351 3986 Dionisio.
3411 3931 3698 3987 Lantfridus
3719 3927 3789 3981 ab-

603 4047 707 4087 una
729 4028 1077 4085 cumeomite.
1108 4027 1175 4082 Et
1197 4026 1242 4081 si
1269 4025 1390 4094 quis
1408 4026 1809 4093 contempserit,
1848 4040 2027 4080 comes
2047 4040 2168 4082 eum
2269 4022 2366 4076 bas
2389 4021 2456 4075 de
2478 4028 2664 4075 sancto
2691 4017 2978 4075 Germano.
3047 4019 3300 4076 Iohannis
3334 4021 3507 4077 abbas
3552 4022 3612 4076 de
3643 4024 3788 4073 sancto

602 4123 922 4192 distringere
938 4119 1119 4183 faciat,
1148 4119 1325 4187 etipse
1357 4115 1638 4186 presbyter
1656 4126 1749 4170 aut
1775 4115 2024 4172 defensor
2044 4101 2171 4170 suus
2269 4111 2574 4167 Flodoaldo.
2626 4109 3002 4180 Druhtgangus
3027 4109 3193 4164 abbas
3220 4112 3284 4166 de
3309 4109 3614 4167 Gemedico.
3656 4107 3789 4161 With-

599 4215 671 4270 40
690 4213 884 4272 solidos
911 4217 1214 4280 componat,
1245 4218 1300 4262 et
1327 4207 1393 4261 ad
1422 4205 1666 4261 sinodum
1704 4207 1899 4260 veniat.
1969 4206 2036 4261 Et
2060 4207 2169 4276 epi-
2270 4201 2417 4256 locus
2431 4201 2599 4256 abbas
2613 4200 2679 4254 de
2697 4197 3058 4254 Fuutanellas.
3111 4199 3412 4255 Witmarus
3437 4197 3788 4255 abbasdeCen-

602 4319 798 4376 scapus
825 4303 996 4373 ipsum
1015 4298 1389 4372 presbyterum
1435 4305 1530 4350 aut
1548 4295 1804 4350 clericum
1832 4295 1979 4349 iuxta
2007 4310 2168 4350 cano-
2202 4353 2247 4376 η
2273 4293 2400 4348 tula.
2443 4293 2778 4348 Leodharius
2826 4292 2990 4347 abbas
3014 4293 3081 4347 de
3111 4291 3358 4346 Corbeia.
3421 4292 3631 4346 Manase
3664 4286 3791 4342 abbas

602 4353 1197 4454 nieamta’uctoriiatem‘
1234 4388 1515 4444 diiudicari
1565 4386 1754 4453 faciat;
1793 4387 1990 4443 solidos
2040 4403 2168 4442 vero
2199 4353 2247 4412 θ
2271 4387 2336 4441 de
2362 4385 2688 4440 Flaviniaco.
2737 4383 3018 4438 Asinarius
3035 4382 3201 4438 abbas
3227 4384 3292 4437 de
3311 4383 3603 4439 Novalicio.
3640 4377 3789 4432 Waldo

599 4489 668 4544 40
689 4491 995 4556 componat.
1059 4481 1128 4535 Et
1153 4481 1197 4535 si
1225 4479 1419 4548 aliquis
1439 4494 1537 4549 per
1564 4477 1865 4533 violentiam
1895 4479 2170 4549 presbyte-
2269 4477 2437 4531 abbas
2458 4476 2525 4530 de
2544 4482 2730 4530 sancto
2752 4473 3007 4528 Iohanne.
3067 4472 3408 4543 Fabigaudus
3427 4472 3593 4527 abbas
3615 4471 3672 4526 de
3689 4466 3791 4521 Bus-

603 4595 742 4644 rum,
783 4586 877 4632 aut
900 4576 1178 4638 clericum,
1211 4581 1304 4627 aut
1352 4572 1714 4626 incestuosum
1760 4570 2168 4634 contradixerit,
2267 4569 2496 4622 brunno.
2545 4565 2883 4621 Godobertus
2926 4565 3091 4619 abbas
3139 4565 3204 4618 de
3229 4563 3516 4620 Ras‘sacis.
3559 4559 3789 4616 Athalben

603 4682 727 4726 tunc
751 4683 932 4725 comes
955 4668 1127 4737 ipsam
1149 4677 1432 4734 personam
1451 4677 1545 4732 per
1573 4660 1911 4716 ﬁdeiussores
1938 4661 2170 4731 positum
2270 4667 2356 4713 tus
2382 4658 2550 4712 abbas
2575 4657 2642 4712 de
2667 4655 2944 4711 Fabarias.
3015 4655 3302 4710 Widradus
3349 4656 3522 4709 abbas
3547 4653 3610 4709 de
3648 4658 3790 4706 sancti

600 4772 724 4816 ante
753 4773 932 4830 regem
957 4757 1142 4812 venire
1162 4753 1323 4809 faciat
1351 4769 1455 4807 una
1475 4767 1597 4806 cum
1617 4752 1781 4806 misso
1805 4751 2075 4821 episcOpi;
2115 4759 2171 4807 et
2269 4747 2544 4803 Columba-
2592 4747 2924 4801 EbarSinduS
2951 4746 3116 4801 abbas
3136 4748 3202 4801 de
3227 4747 3457 4802 Aldaha-
3510 4745 3703 4802 Genus
3723 4737 3790 4792 θ’

599 4861 655 4906 et
678 4851 905 4906 domnus
927 4863 1020 4903 rex
1049 4845 1350 4916 distringat,
1389 4853 1450 4898 ut
1471 4843 1635 4898 ceteri
1660 4844 2027 4899 emendentur.
2269 4838 2366 4894 bas
2393 4838 2460 4892 de
2477 4837 2716 4892 Niviella.
2776 4836 3128 4982 Bagingalxiltlis
3153 4838 3324 4893 abbas
3350 4837 3418 4892 de
3449 4835 3621 4894 Utica.

1333 4955 1418 4982 ιτ..
3098 4965 3111 4979 .

742 5050 1152 5113 CONVENTUS
1200 4955 1714 5102 ΑτΤῖιὲὶλεΕΝδιδ
1750 5045 1863 5101 AN.
1903 5045 2023 5099 765.
2808 5013 3040 5068 PlPPlNl
3078 5013 3283 5069 REGIS

671 5148 728 5204 lu
747 5144 1067 5203 codicebibl.
1111 5141 1376 5198 Vaticana;
1399 5137 1664 5201 Palatino,
1707 5153 1761 5190 n.
1784 5135 1887 5189 577
1915 5153 2037 5192 saec.
2069 5153 2166 5193 vm
2579 5123 3008 5180 ΟΑΡΙΤυΙιΑῘὶΕ
3035 5124 3307 5180 INCERTI
3333 5124 3520 5179 ANNl.

601 5218 865 5284 exeuntis,
896 5215 989 5270 fol.
1031 5213 1084 5280 6,
1122 5211 1340 5287 nomina
1366 5217 1572 5287 tantum
1605 5207 1976 5287 episcoporum
2005 5207 2169 5287 abba-
2270 5213 2744 5287 wCapitulauhaec
2771 5230 2817 5287 _a
2864 5213 3036 5287 Petro
3060 5214 3270 5272 Pithoeo
3297 5231 3377 5287 ex
3430 5215 3621 5287 codice
3663 5211 3792 5287 saqu

603 5300 819 5358 tumque
839 5276 1079 5351 exstant,
1113 5283 1205 5354 qui
1227 5280 1510 5337 conventui
1551 5276 1743 5348 magno
1764 5294 1792 5332 a
1815 5276 2037 5348 Pippino
2074 5277 2166 5331 At-

2269 5276 2532 5339 V’incéntii
2563 5282 2834 5352 Metensis,
2860 5294 2921 5340 ut
2953 5285 3184 5352 videtur,
3227 5285 3465 5356 primum
3493 5285 3714 5356 vulgata,
3737 5277 3793 5331 in-

673 5435 699 5464 ι
737 5421 869 5478 Cod.
889 5461 904 5486 ,
930 5423 986 5476 in
1005 5417 1256 5476 diluculo.
2343 5431 2364 5456 ο
2405 5415 2606 5485 Noyon.

673 5493 703 5532 δ
737 5493 972 5547 Evreux.
2344 5487 2362 5524 τ
2404 5487 2569 5539 Mans.

679 5574 698 5598 ε
740 5563 904 5614 Laon.
2343 5563 2366 5596 ὅ
2405 5556 2696 5610 Eicltstadt.

676 5631 702 5672 δ
738 5627 1002 5684 Soissons.
2338 5630 2362 5666 ιι
2402 5627 2634 5696 Bayeux.
