4046 6172
261 338 390 393 1517

991 328 1246 392 PlPPlNl,
1288 320 1776 381 CAROLOMANNI
1813 320 1900 373 ET
1936 317 2244 374 ALIORUM
2283 315 2692 371 DIPLOMATA.

3362 315 3502 373 1513

259 449 425 516 deque
453 460 482 500 a
513 442 787 516 Goldasto,
813 434 1560 516 Lindeiibrogio,”Si'rmondo
1586 442 1642 513 et
1850 437 1897 492 Α
1924 438 1983 482 ut
2024 429 2169 498 ipsos
2213 443 2308 496 per
2355 426 2556 481 nullam
2598 426 2936 482 occasionem
2983 427 3050 480 ad
3104 438 3296 497 pontes
3335 436 3391 482 et
3435 429 3504 484 ad

259 501 356 575 in;
365 515 612 584 repetita,
652 526 752 584 ope
774 501 1102 584 '_codicis,__l_.
1124 501 1279 576 'regii
1321 503 1640 558 Parisiensis
1662 501 1825 582 .inter

259 571 652 653 supplementa
686 571 872 653 Latina
922 594 976 631 n.
1005 577 1092 653 75,
1137 571 1260 653 smc.
1294 571 1819 653 x,__recognovimus.

257 639 309 710 ἑ.
332 639 610 716 Capitibus
626 650 718 704 4-7
732 649 990 703 lectiones
1008 639 1247 716 ejusdem
1272 644 1472 716 codicis
1488 639 1548 716 in
1576 639 1826 716 capitulis

257 710 729 796 synodoVernensi
751 710 1282 796 perperam'adjectis
1302 713 1644 796 subjecimus.
1659 710 1826 796 ‘Tem-

295 781 355 848 us
371 802 426 848 et
451 793 600 846 locus
623 781 1022 857 constitutionis
1044 781 1566 857 promulgatzefum
1601 781 1821 857 lateant,

295 812 355 848 US
371 812 426 848 Cl
451 812 600 846 locus
623 812 1022 844 CUllsutuuuuls
1045 812 1394 857 prumuqsawc
1441 812 1566 835 cum
1601 812 1821 843 tawauo,

257 812 540 918 Eoldastus
566 868 621 913 et
639 859 906 918 Baluzius,
937 855 1053 910 loco
1081 869 1186 924 quo
1213 851 1726 924 icodex_Pith(e_anus
1746 850 1826 902 in-

257 942 447 986 ventus
473 937 557 986 est
593 937 648 983 et
688 927 974 982 Annalium
1003 919 1319 979 Metensium
1345 922 1412 975 ad
1440 937 1526 975 an.
1572 919 1677 973 756
1705 935 1825 972 sen-

258 1003 423 1056 tentia
449 1001 682 1060 quadam
710 997 888 1060 ducti,
931 995 1224 1049 Metensem
1266 992 1457 1045 urbem
1502 999 1558 1044 et
1601 1003 1823 1051 annum,

257 1072 390 1127 alter
410 1060 532 1134 753,
555 1069 692 1123 alter
712 1067 834 1130 756,
859 1065 1294 1134 assignaverunt;
1338 1060 1656 1134 Sirmondus
1684 1074 1826 1134 anno

257 1139 359 1195 753
407 1128 688 1208 ascripsit.
709 1128 1058 1190 Sed'cum'ne
1085 1135 1149 1188 de
1174 1140 1450 1208 conventu
1478 1130 1694 1199 quidem
1734 1128 1828 1208 ali-

295 1227 362 1264 ιιο
392 1201 754 1264 Μειίείιιειιιίιο
776 1213 1006 1269 constet,
1035 1219 1120 1259 res
1137 1202 1294 1272 plane
1323 1202 1377 1255 in
1397 1201 1602 1272 incerto
1623 1207 1823 1272 manet.
1889 1214 1894 1220 ·

256 1269 505 1404 Fortasse
562 1279 618 1331 in
665 1283 932 1332 conventu
990 1269 1344 1329 Attiniacensi
1397 1269 1634 1340 capitula
1681 1270 1824 1324 edita

281 1357 491 1404 uerunt.
1767 1368 1773 1374 -

281 1357 491 1404 uerunt.

256 1455 524 1495 INCIPIUNT
572 1453 836 1492 εΑΡιτυιΑ
875 1451 940 1489 DE
978 1450 1100 1488 ALIA
1137 1447 1325 1487 δικουο
1362 1445 1455 1486 SUB
1497 1446 1608 1485 IPSO
1643 1445 1821 1484 DOMNO

741 1521 874 1560 ιιεοε
903 1518 1109 1558 PIPPI‘NO
1142 1518 1330 1557 FACTA.

321 1597 564 1668 Capitqu
598 1597 793 1668 primo.
849 1594 924 1648 De
967 1592 1205 1647 incestis.
1259 1590 1316 1645 Si
1361 1591 1521 1645 homo
1560 1590 1826 1643 incestum

253 1687 582 1745 commiserit
608 1688 672 1741 de
694 1687 811 1740 istis
837 1685 1036 1749 causis,
1069 1682 1134 1738 de
1167 1681 1278 1736 Deo
1303 1689 1537 1743 sacrata,
1569 1688 1826 1733 autcom-

1925 520 2174 575 exclusus
2202 529 2297 574 aut
2322 519 2537 590 navigio
2559 533 2662 572 non
2692 519 2942 584 teneatis,
2974 534 3072 574 nec
3092 529 3312 590 pr0pter
3332 521 3507 576 schir-

1924 628 2048 683 pam
2073 612 2100 652 ιι
2125 627 2278 668 suam
2303 612 2409 666 ullo
2438 611 2724 682 peregrino
2761 610 3117 681 calumpniam
3146 610 3378 678 faciatis,
3407 628 3508 668 nec

1924 700 2090 755 ullum
2140 699 2446 755 theloneum
2491 701 2572 754 eis
2611 699 2828 754 tollatis.
2874 700 2942 754 Et
2969 700 3013 754 si
3053 700 3245 769 aliquis
3281 701 3384 756 hoc
3429 700 3509 756 fe-

1925 793 2080 857 cerit,
2133 792 2538 862 qualiscumque
2576 794 2736 847 homo
2785 794 2887 847 hoc
2943 795 3397 863 comprobaverit,
3441 795 3510 851 de

1926 882 1994 938 60
2019 883 2202 940 solidis
2228 884 2447 955 triginta
2475 883 2550 937 illi
2590 883 2965 947 concedimus,
2992 891 3046 938 et
3084 883 3158 936 illi
3200 885 3289 938 alii
3331 885 3383 939 in
3423 901 3510 940 sa-

1926 971 2121 1026 cellum
2143 973 2286 1043 regis
2304 973 2539 1026 veniant.

1997 1063 2050 1118 5.
2091 1063 2166 1118 De
2214 1073 2426 1118 moneta
2463 1064 2872 1127 constituimus,
2902 1073 2963 1118 ut
3004 1063 3232 1134 amplius
3270 1080 3376 1119 non
3415 1066 3511 1120 ha-

1927 1155 2054 1210 beat
2095 1155 2147 1208 in
2194 1153 2327 1208 libra
2377 1163 2639 1224 pensante
2684 1154 2788 1209 nisi
2825 1154 2896 1207 22
2938 1155 3158 1221 solidos,
3187 1141 3354 1211 etde
3380 1157 3512 1226 ipsis

1925 1240 1997 1294 2‘2
2044 1241 2228 1296 solidis
2271 1243 2602 1298 monetarius
2650 1244 2882 1313 accipiat
2929 1243 3161 1299 solidum
3189 1245 3244 1310 l,
3290 1254 3347 1300 et
3394 1247 3514 1301 illos

1929 1332 2063 1386 alios
2091 1332 2306 1387 domino
2334 1333 2487 1388 cuius
2515 1340 2638 1386 sunt
2667 1333 2879 1388 reddat.

2000 1422 2053 1475 6.
2093 1422 2164 1477 Ut
2188 1423 2512 1477 emunitates
2538 1433 2890 1479 conservatae
2916 1425 3043 1481 sint.
3138 1466 3141 1468 -

2002 1513 2053 1566 7.
2094 1513 2169 1566 De
2200 1513 2424 1568 'iusticia
2477 1512 2741 1577 facienda,
2773 1523 2834 1568 ut
2876 1527 3064 1569 omnes
3112 1514 3380 1568 iusticiam
3435 1513 3515 1568 fa-

1929 1603 2093 1668 ciant,
2123 1611 2233 1657 tam
2260 1602 2459 1673 publici
2500 1618 2663 1672 quam
2705 1603 3080 1659 ecclesiastici.
3121 1603 3190 1658 Et
3230 1604 3273 1659 si
3318 1604 3516 1673 aliquis

1931 1691 2093 1747 homo
2122 1691 2190 1745 ad
2223 1691 2492 1761 palacium
2531 1691 2743 1745 venerit
2782 1706 2880 1760 pro
2913 1707 3075 1746 causa
3116 1707 3232 1756 sua,
3259 1700 3315 1745 et
3354 1699 3516 1745 antea

254 1791 425 1836 matre
472 1795 601 1843 sua,
645 1788 738 1833 aut
787 1792 911 1832 cum
968 1776 1199 1830 matrina
1230 1773 1458 1844 spiritali
1503 1775 1568 1828 de
1597 1771 1742 1826 fonte
1771 1779 1828 1826 et

1932 1786 1997 1840 ad
2024 1783 2171 1838 illum
2201 1784 2452 1838 comitem
2489 1797 2596 1836 non
2626 1782 2918 1835 innotuerit
2953 1782 3007 1835 in
3049 1781 3208 1836 mallo
3257 1792 3383 1835 ante
3427 1796 3515 1834 ra-

253 1870 656 1926 conﬁrmatione
685 1867 952 1938 episcopi,
983 1875 1218 1920 autcum
1263 1874 1435 1919 matre
1477 1873 1532 1918 ct
1577 1861 1705 1926 filia,
1736 1869 1826 1915 aut

254 1959 458 2015 duabus
486 1959 782 2022 sororibus,
813 1967 907 2011 aut
947 1971 1070 2011 cum
1120 1955 1301 2009 fratris
1330 1955 1459 2018 ﬁlia,
1506 1961 1600 2007 aut
1625 1952 1827 2007 sororis

178 2117 182 2121 ,
257 2053 380 2118 tilia,
410 2060 503 2106 aut
526 2059 705 2122 nepta,
733 2058 824 2104 aut
857 2065 978 2103 cum
1007 2048 1330 2103 consobrina
1353 2053 1447 2100 aut
1471 2044 1712 2108 subrina,
1736 2052 1829 2096 aut

256 2159 374 2197 cum
394 2143 556 2198 amita
568 2141 653 2196 vel
666 2148 982 2203 matertera,
1010 2138 1182 2193 dehis
1202 2136 1518 2192 criminibus
1545 2132 1827 2203 pecuniam

256 2249 405 2289 suam
435 2234 643 2304 perdat,
675 2231 717 2285 si
747 2231 948 2294 habet;
993 2237 1048 2282 et
1072 2228 1115 2282 si
1149 2227 1437 2281 emendare
1488 2239 1546 2278 sc
1574 2222 1826 2285 noluerit,

258 2324 430 2384 nullus
457 2338 581 2377 eum
612 2323 858 2391 recipiat,
883 2335 986 2374 nec
1015 2318 1194 2373 cibum
1221 2317 1271 2370 ei
1294 2316 1474 2371 donet.
1502 2314 1570 2368 Et
1607 2313 1652 2368 si
1678 2310 1824 2384 [-hoc]

259 2412 464 2476 fecerit,
485 2410 554 2464 60
581 2410 780 2465 solidos
807 2410 1002 2465 domno
1026 2407 1138 2477 regi
1161 2411 1467 2474 componat,
1505 2415 1675 2472 usque
1701 2400 1829 2454 dum

258 2517 313 2557 se
333 2503 446 2572 ipse
475 2503 634 2554 homo
662 2499 978 2555 correxerit.
1010 2497 1076 2551 Et
1107 2497 1153 2551 si
1180 2495 1464 2567 pecuniam
1509 2508 1615 2547 non
1643 2491 1825 2556 habet,

213 2604 222 2612 ·
256 2593 300 2648 si
325 2591 458 2646 liber
485 2599 586 2656 est,
616 2590 860 2644 mittatur
889 2589 942 2642 in
964 2601 1243 2642 carcerem
1271 2599 1442 2655 usque
1470 2583 1538 2638 ad
1581 2580 1831 2637 satisfac-

257 2684 473 2739 tionem.
505 2681 563 2737 Si
589 2696 777 2737 servus
804 2688 899 2734 aut
941 2678 1165 2733 libertus
1210 2685 1315 2738 est,
1347 2674 1633 2745 vapuletur
1657 2672 1827 2743 plagis

257 2773 456 2830 multis.
487 2773 554 2827 Et
581 2773 625 2827 si
662 2771 910 2827 dominus
930 2786 1059 2824 suus
1083 2767 1386 2838 permiserit
1407 2781 1531 2822 eum
1556 2762 1830 2836 [amplius]

258 2865 311 2920 in
354 2865 456 2920 tale
493 2865 667 2919 scelus
695 2865 910 2926 cadere,
942 2861 1129 2934 [ipsos]
1169 2860 1238 2915 60
1264 2859 1464 2914 solidos
1489 2859 1685 2914 domno
1717 2857 1830 2927 regi

258 2961 562 3024 compdnat.

324 3044 378 3097 2.
419 3044 492 3098 De
534 3042 914 3099 ecclesiasticis
948 3057 1078 3097 vero
1106 3043 1196 3112 qui
1243 3040 1548 3110 supradicta
1587 3038 1833 3094 facinora

1931 1874 2295 1944 chemburgis,
2315 1881 2410 1928 aut
2437 1873 2482 1928 si
2510 1887 2674 1928 causa
2703 1887 2800 1926 sua
2831 1879 2958 1926 ante
2985 1871 3238 1926 comitem
3268 1871 3321 1924 in
3353 1870 3516 1925 mallo

1931 1963 2034 2018 fuit
2079 1971 2202 2018 ante
2249 1963 2678 2033 racbemburgis,
2725 1971 2782 2016 et
2825 1964 2927 2017 hoc
2968 1962 3238 2016 sustinere
3283 1961 3519 2016 noluerit

1931 2053 2073 2125 quod
2102 2053 2203 2123 ipsi
2228 2054 2278 2107 ei
2300 2052 2537 2123 legitime
2562 2052 2951 2115 iudicaverint;
2985 2051 3030 2104 si
3060 2066 3159 2120 pro
3186 2051 3317 2120 ipsis
3338 2052 3518 2105 causis

1932 2146 2000 2200 ad
2029 2145 2292 2215 palacium
2319 2143 2548 2208 venerit,
2579 2143 2880 2212 vapuletur.
2911 2142 2979 2196 Et
3003 2143 3046 2197 si
3075 2143 3249 2196 maior
3284 2157 3515 2212 persona

1932 2239 2135 2302 fuerit,
2175 2238 2229 2290 in
2278 2236 2421 2305 regis
2473 2235 2701 2289 arbitrio
2745 2235 2868 2290 erit.
2933 2234 3002 2287 Et
3047 2234 3093 2288 si
3142 2233 3514 2288 reclamaverit

1931 2330 2076 2400 quod
2105 2329 2277 2399 legem
2309 2327 2360 2380 ei
2386 2341 2494 2380 non
2531 2325 2879 2388 iudicassent,
2929 2333 3055 2378 tunc
3094 2323 3378 2378 licenciam
3427 2323 3520 2376 ha-

1933 2419 2060 2474 beat
2085 2417 2154 2471 ad
2180 2415 2448 2486 palacium
2474 2413 2658 2467 venire
2686 2426 2784 2482 pro
2819 2411 2933 2480 ipsa
2967 2424 3152 2465 causa.
3205 2410 3274 2464 Et
3305 2410 3352 2464 si
3383 2411 3514 2480 ipsis

1933 2509 2252 2565 convincere
2278 2503 2516 2574 potuerit
2542 2503 2686 2572 quod
2717 2501 2891 2572 legem
2922 2501 2972 2554 ei
3012 2515 3117 2555 non
3162 2500 3516 2563 iudicassent,

1902 2639 1904 2641 ›
1933 2598 2228 2655 secundum
2265 2595 2439 2665 legem
2482 2599 2673 2648 contra
2712 2591 2886 2660 ipsum
2915 2591 3206 2645 emendare
3234 2588 3417 2644 faciat.
3451 2590 3521 2643 Et

1933 2689 1979 2745 si
2002 2700 2186 2743 comes
2211 2684 2296 2740 vel
2324 2681 2724 2752 racbemburgii
2747 2694 2870 2736 eum
2897 2680 3220 2736 convincere
3245 2681 3522 2750 potuerint

1934 2775 2077 2846 quod
2117 2774 2288 2845 legem
2316 2772 2367 2827 ei
2405 2771 2756 2834 iudicassent,
2788 2777 2844 2824 et
2869 2770 2986 2840 ipse
3015 2771 3117 2825 hoc
3153 2771 3396 2840 recipere
3424 2787 3523 2826 no-

1932 2868 2112 2933 luerit,
2137 2868 2240 2922 hoc
2279 2871 2467 2919 contra
2507 2863 2653 2933 ipsos
2697 2863 2988 2917 emendare
3029 2861 3210 2918 faciat.
3263 2862 3524 2918 Similiter

1933 2960 2003 3016 de
2028 2957 2429 3020 ecclesiasticis,
2460 2955 2506 3010 si
2547 2953 2616 3008 ad
2655 2953 2920 3024 palacium
2960 2954 3210 3008 venerint
3239 2954 3306 3009 de
3332 2969 3521 3010 eorum

1933 3064 2099 3106 causa
2121 3065 2180 3105 se
2200 3048 2495 3104 reclamare
2517 3060 2680 3116 super
2701 3059 2889 3099 eorum
2917 3044 3149 3108 seniore,
3174 3045 3518 3113 vapulentur,

260 3134 643 3198 commiserint.
675 3133 720 3188 Si
765 3135 903 3189 bona
951 3148 1178 3204 persona
1218 3131 1397 3196 fuerit,
1427 3130 1620 3200 Pel'dat
1663 3130 1908 3225 Ῐιοηο-ὀ
1934 3139 2036 3194 nisi
2066 3139 2248 3195 senior
2272 3153 2400 3192 suus
2420 3151 2518 3206 pro
2545 3150 2641 3189 sua
2663 3148 2825 3188 causa
2847 3133 3229 3186 transmiserit.

262 3239 372 3278 rem
411 3240 597 3290 suum;
636 3225 872 3279 minores
907 3239 1037 3279 vero
1071 3222 1420 3293 vapulentur,
1448 3229 1539 3275 aut
1567 3221 1619 3275 in
1646 3235 1831 3276 carce-

262 3331 374 3370 rem
404 3315 768 3370 recludantur.

334 3412 388 3466 5.
429 3409 506 3464 De
548 3409 876 3481 presbyteris
922 3417 979 3463 et
1015 3407 1227 3463 clericis
1273 3407 1352 3462 sic
1389 3405 1721 3467 ordinamus,
1774 3412 1835 3456 ut

261 3505 669 3560 archidiaconus
704 3501 939 3572 episcopi
970 3514 1064 3554 eos
1097 3499 1164 3552 ad
1191 3497 1452 3568 synodum
1492 3502 1832 3547 commoneat

262 3609 364 3648 una
388 3609 509 3648 cum
535 3592 751 3646 comite.
779 3590 846 3643 Et
869 3589 915 3642 si
935 3589 1055 3656 quis
1070 3584 1473 3653 contempserit,
1503 3596 1685 3636 comes
1708 3597 1831 3636 eum

261 3683 581 3750 distringere
636 3678 819 3740 faciat,
859 3685 920 3729 ut
965 3675 1079 3744 ipse
1129 3674 1410 3744 presbyter
1452 3679 1544 3726 aut
1584 3671 1835 3726 defensor

261 3789 389 3829 suus
436 3769 503 3825 60
546 3766 743 3823 solidos
789 3771 1094 3833 componat,
1121 3770 1177 3818 et
1210 3763 1280 3816 ad
1323 3761 1584 3831 synodum
1626 3769 1733 3815 eat.
1764 3761 1834 3814 Et

263 3865 543 3935 episcopus
592 3859 764 3929 ipsum
815 3856 1188 3926 presbyterum
1237 3852 1322 3907 vel
1383 3852 1639 3906 clericum
1685 3851 1834 3905 iuxta

263 3954 575 4011 canonicam
637 3947 1013 4003 auctoritatem
1078 3945 1360 3999 diiudicari
1426 3943 1605 3998 faciat.
1665 3942 1833 3997 Solidi

265 4041 440 4116 [vem]
477 4041 545 4095 60
577 4039 643 4093 de
683 4037 798 4107 ipsa
839 4041 1002 4089 causa
1039 4034 1092 4088 in
1132 4032 1384 4088 sacellum
1419 4032 1564 4102 regis
1595 4031 1831 4085 veniant.

265 4138 333 4192 Et
359 4137 403 4191 si
440 4133 632 4202 aliquis
663 4145 761 4200 per
795 4127 1103 4182 violentiam
1142 4125 1516 4196 presbyterum
1553 4131 1646 4177 aut
1679 4122 1836 4178 cleri-

263 4243 389 4284 cum
440 4232 532 4278 aut
589 4223 951 4276 incestuosum
999 4215 1388 4272 contradixerit
1412 4255 1427 4280 ,
1480 4223 1605 4270 tunc
1657 4229 1839 4270 comes

265 4325 436 4392 ipsam
472 4329 756 4389 personam
801 4328 898 4383 per
933 4309 1274 4366 fideiussores
1316 4310 1546 4379 positam
1586 4317 1711 4364 ante
1755 4325 1839 4363 re-

265 4427 390 4486 gem
432 4409 596 4465 faciat
630 4423 735 4460 una
762 4419 886 4460 cum
914 4403 1080 4457 misso
1107 4401 1343 4472 episcopi
1374 4401 1590 4467 venire;
1615 4408 1670 4454 et
1690 4400 1840 4455 dom-

267 4519 371 4558 nus
399 4516 495 4556 rex
524 4498 831 4568 distringat,
853 4503 913 4550 ut
938 4494 1106 4549 ceteri
1136 4493 1491 4548 emendentur
1519 4505 1568 4547 α.

340 4591 394 4646 4.
435 4592 510 4647 De
539 4589 800 4646 theloneis
831 4600 960 4643 vero
1000 4585 1078 4640 sic
1107 4584 1438 4650 ordinamus,
1469 4593 1530 4639 ut
1566 4584 1741 4640 nullus
1776 4584 1843 4639 de

267 4681 522 4739 victualia
565 4689 658 4735 aut
703 4677 928 4734 carralia
959 4717 974 4743 ,
1014 4675 1155 4745 quod
1206 4675 1410 4745 absque
1455 4677 1671 4747 negotio
1721 4684 1803 4730 est
1826 4717 1841 4741 ,

271 4773 578 4829 theloneum
625 4769 976 4840 praehendat.
1044 4768 1120 4823 De
1165 4767 1370 4823 saumis
1415 4768 1681 4832 similiter,
1729 4769 1848 4823 ubi-

269 4878 503 4934 cumque
528 4863 750 4927 vadunt,
779 4870 836 4916 et
859 4861 1172 4932 peregrinos
1200 4860 1445 4915 similiter
1472 4861 1845 4916 constituimus

271 4959 365 5030 qui
408 4963 630 5028 propter
669 4953 837 5008 Deum
877 4954 943 5008 ad
980 4953 1208 5008 Romam
1245 4952 1331 5007 vel
1382 4952 1575 5029 alicubi
1621 4955 1843 5022 vadunt,

346 5101 374 5130 ι
415 5085 518 5140 Hic
567 5083 881 5140 Sirmondus
922 5098 1100 5154 eoque
1128 5081 1262 5154 duce
1312 5080 1566 5136 Baluzins
1615 5085 1846 5154 capitula

271 5156 542 5216 Benedicti
572 5154 663 5208 lib.
690 5169 728 5217 ι,
761 5170 877 5223 cap.
913 5152 980 5206 15
1007 5161 1054 5204 et
1081 5151 1167 5214 14,
1198 5152 1547 5223 inseruerunt,
1577 5151 1694 5223 qua}
1727 5172 1846 5208 cum

273 5231 334 5283 in
377 5227 552 5282 codice
595 5221 886 5277 Parisiensi
928 5237 1072 5291 wquc
1107 5239 1168 5274 ac
1201 5222 1258 5275 in
1307 5221 1532 5275 editione
1574 5221 1847 5278 Pithmana

273 5298 468 5360 desint,
503 5297 559 5350 in
593 5302 735 5348 textu
786 5291 1081 5362 recipienda
1128 5308 1230 5362 non
1281 5302 1448 5345 erant.
1501 5291 1631 5357 Qua:
1671 5293 1743 5346 ibi
1784 5293 1850 5348 de

273 5367 642 5422 constitutione
689 5363 757 5416 ad
818 5360 1043 5415 Veritum
1097 5360 1431 5432 referuntur,
1473 5362 1528 5414 in
1571 5362 1850 5432 capitulari

271 5438 404 5492 mi
445 5434 548 5490 755
583 5434 781 5503 frustra
825 5447 1066 5503 quccrgts.
1107 5429 1240 5503 sunt
1269 5447 1386 5486 vero
1410 5432 1521 5485 haec
1545 5449 1564 5486 :
1591 5451 1609 5482 ι
1635 5429 1730 5486 Ν.
1781 5433 1853 5488 Ut

271 5505 353 5562 illi
375 5500 621 5560 homines
645 5503 734 5573 qui
757 5500 846 5556 res
877 5500 1269 5573 ecclesiasticas
1290 5516 1388 5571 per
1414 5503 1637 5573 verbum
1668 5503 1849 5573 domni

274 5577 423 5648 regis
471 5571 794 5648 tenent,_si_c__
830 5572 1137 5648 ordinatum
1182 5579 1294 5648 est,
1327 5579 1385 5648 ut
1431 5571 1548 5648 illas
1595 5572 1852 5648 ecclesias

274 5640 422 5700 un'de
449 5653 594 5710 sunt,
623 5643 709 5698 vel
745 5642 862 5697 illas
897 5641 1084 5696 domos
1116 5640 1370 5711 episcopii
1410 5641 1493 5695 vel
1542 5643 1852 5697 monasterii

273 5715 435 5774 cuius
467 5729 587 5772 esse
610 5721 931 5776 noscuntur,
971 5712 1118 5766 iuxta
1160 5712 1304 5778 quod
1330 5711 1396 5766 de
1433 5712 1564 5782 ipsis
1591 5713 1750 5768 rebus
1775 5721 1853 5766 te-

1914 5252 1922 5264 σ
1949 5224 2028 5278 eis
2055 5219 2120 5275 ad
2150 5221 2387 5276 Vernum
2414 5219 2798 5273 ordinavimus.

2074 3247 2455 3304 ENCYCLICA
2494 3245 2582 3298 DE
2623 3243 2934 3298 LETANIIS
2985 3244 3366 3303 FACIENDIS.

2003 3320 2237 3373 Litteras
2296 3332 2362 3370 ex
2425 3316 2613 3370 codice
2673 3314 2801 3368 bibl.
2862 3315 3293 3372 Vindobonensis
3353 3327 3516 3374 catal.

1934 3388 2332 3458 Theologiaen.
2362 3384 2761 3458 _259_membr.
2790 3398 2912 3458 sec.
2963 3401 3016 3438 ix
3066 3385 3210 3458 inter
3264 3389 3521 3458 epistolas

1934 3458 2108 3513 sancti
2135 3452 2394 3511 Bonifacii
2433 3454 2632 3523 publici
2655 3454 2794 3523 juris
2832 3452 3027 3520 factas,
3055 3452 3347 3513 Goldastus
3379 3476 3521 3514 anno

1935 3527 2038 3580 764
2093 3526 2379 3595 aseripsit,
2420 3524 2670 3595 Baluzius
2707 3524 2965 3595 servavit,
3013 3534 3070 3579 et
3131 3526 3257 3581 licet
3313 3530 3515 3583 nullum

1934 3597 2154 3652 evidens
2179 3594 2332 3649 ineis
2360 3595 2476 3665 ejus
2503 3594 2627 3665 anni
2650 3594 3123 3665 indiciumgexstet,
3147 3597 3293 3651 circa
3317 3599 3368 3651 id
3385 3609 3522 3652 tem-

1934 3682 2054 3738 pus
2080 3675 2262 3738 tamen
2290 3662 2678 3738 promulgatas
2732 3678 2854 3718 esse
2899 3662 3058 3738 facile
3113 3667 3305 3738 credas
3330 3707 3345 3731 ,
3396 3686 3521 3723 cum

1935 3732 2062 3790 anni
2107 3734 2209 3789 764
2250 3732 2424 3806 hiems
2471 3732 2761 3788 durissima
2805 3740 2862 3806 et
2907 3732 3156 3806 Waifarii
3194 3737 3523 3806 irruptiones

1935 3806 1990 3860 in
2037 3820 2260 3876 regnum
2290 3803 2624 3876 Francorum
2647 3804 2935 3876 praecipue
2971 3819 3059 3859 an.
3099 3804 3194 3858 76l
3232 3803 3380 3862 recte
3427 3809 3523 3862 tri-

1935 3823 1990 3860 1n
2037 3820 2260 3876 regnum
2290 3819 2624 3858 r'rancorum
2667 3819 2826 3873 praecl
2869 3819 2935 3858 ue
2971 3819 3059 3859 an.
3101 3819 3194 3858 'th
3232 3819 3380 3862 recte
3427 3819 3522 3862 tri-

1935 3876 2236 3930 bulationes
2293 3874 2397 3928 diei
2451 3874 2740 3945 potuerint.
2778 3819 2989 3945 fﬁeme
3041 3884 3261 3945 peracta
3321 3875 3522 3932 famem

1937 3953 2173 4016 secutam
2204 3959 2343 4016 esse,
2371 3960 2440 3999 ex
2469 3943 2749 4016 annalibus
2777 3943 3245 4016 Moissiacensibus
3275 3948 3364 4016 qui
3401 3963 3522 4003 eam

1893 4061 1898 4066 .
1938 4031 2024 4070 an.
2069 4014 2173 4069 762
2216 4015 2515 4086 assignant,
2557 4013 2844 4080 discimus;
2891 4015 3056 4086 igitur
3083 4013 3524 4073 constitutionem

1937 4086 2007 4140 ad
2037 4101 2239 4140 annum
2266 4083 2500 4140 fortasse
2529 4092 2844 4153 sequentem
2868 4083 3210 4140 reTerendam
3247 4102 3366 4142 esse
3393 4103 3524 4144 con-

1931 4155 2102 4227 jicere
2126 4156 2304 4212 liceat.
2329 4154 2558 4210 Textum
2583 4154 2650 4208 ad
2681 4153 2840 4209 fidem
2869 4155 3074 4210 codicis
3095 4156 3524 4214 Vindobonensis
3594 4202 3603 4206 .

1938 4227 2292 4281 restituimus.

2010 4315 2267 4386 Pippinus
2312 4314 2486 4384 gratia
2525 4312 2619 4366 Dei
2663 4328 2758 4366 rex
2796 4311 3131 4366 Francorum
3161 4313 3245 4366 vir
3275 4313 3520 4379 inluster,

1941 4408 2158 4464 domino
2203 4413 2390 4460 sancto
2436 4404 2577 4474 patri
2633 4403 2782 4458 Lullo
2831 4414 2853 4442 ο
2907 4403 3178 4473 episcopo.
3238 4404 3523 4474 Cognitum

1868 4494 1920 4556 Ι)
1944 4499 2144 4554 scimus
2171 4495 2444 4550 sanctitati
2485 4502 2696 4548 vestrae
2715 4533 2729 4558 ,
2760 4491 2971 4562 qualem
3008 4493 3261 4563 pietatem
3289 4504 3344 4549 et
3369 4497 3524 4552 mise-

1947 4587 2234 4643 ricordiam
2279 4585 2421 4640 Deus
2462 4583 2590 4639 fecit
2625 4584 2895 4654 praesenti
2935 4599 3076 4638 anno
3104 4585 3157 4639 in
3209 4594 3350 4640 terra
3397 4587 3520 4642 ista.

1944 4679 2102 4734 Dedit
2126 4675 2523 4732 tribulationem
2546 4688 2644 4744 pro
2668 4672 2877 4728 delictis
2901 4673 3119 4738 nostris,
3151 4683 3274 4745 post
3301 4675 3525 4729 tribula-

1945 4769 2146 4824 tionem
2186 4773 2367 4821 autem
2403 4779 2652 4835 magnam
2687 4772 2850 4834 atque
2873 4763 3173 4818 mirabilem
3202 4765 3524 4820 consolatio.

1945 4875 2070 4915 nem
2113 4857 2226 4913 sive
2259 4855 2674 4911 habundantiam
2720 4853 2930 4909 fructus
2957 4862 3156 4920 terrae,
3196 4870 3335 4925 quae
3363 4856 3524 4910 modo

1949 4949 2229 5004 habemus.
2269 4945 2337 5002 Et
2371 4945 2438 5000 ab
2470 4945 2572 4999 hoc
2602 4953 2762 5013 atque
2788 4959 2886 5015 pro
2915 4943 3049 5000 alias
3077 4960 3269 5000 causas
3308 4954 3523 5001 nostras

1948 5089 2096 5146 nent,
2135 5079 2422 5134 emendare
2469 5079 2719 5142 debeant,
2761 5087 2816 5133 et
2860 5077 2980 5131 illos
3020 5091 3214 5134 census
3268 5077 3353 5133 vel
3404 5077 3524 5135 illas

1949 5152 2186 5208 decimas
2213 5165 2276 5204 ac
2298 5164 2467 5204 nonas
2488 5150 2684 5204 ibidem
2705 5149 2836 5202 dare
2857 5147 3085 5212 pleniter
3111 5148 3364 5212 debeant,
3385 5150 3526 5204 sicut

2879 5218 3013 5288 tqui
3043 5217 3144 5272 hoc
3168 5233 3272 5272 non
3312 5217 3524 5288 fecerit,

1950 5293 2095 5363 ipsas
2127 5305 2226 5363 res
2262 5288 2627 5363 perdat.‘-_—_—V.
2661 5288 2732 5344 Ut
2759 5288 2813 5342 hi
2843 5286 3080 5363 qui_'il_l_os
3115 5288 3264 5342 vicos
3293 5288 3377 5342 vel
3405 5287 3526 5345 illas

1948 5356 2203 5418 ecclesias
2231 5356 2443 5423 tenent,
2475 5359 2592 5414 illos
2633 5374 2827 5415 census
2862 5356 2949 5411 vel
2991 5357 3135 5428 illam
3162 5372 3344 5412 ceram
3385 5372 3524 5428 quae

1948 5433 2108 5502 longo
2132 5439 2372 5502 tempore
2388 5429 2454 5483 ad
2477 5429 2604 5502 illud
2618 5428 2952 5502 episcopium
2977 5427 3341 5502 reddiderunt,
3365 5427 3526 5502 modo

1951 5503 2029 5558 sic
2042 5496 2418 5556 ordinavimus
2436 5509 2496 5552 ut
2511 5500 2590 5554 sic
2611 5496 2830 5552 faciant.
2855 5497 2924 5553 Et
2947 5496 3038 5566 qui
3057 5497 3160 5554 hoc
3184 5512 3292 5554 non
3312 5497 3523 5567 fecerit,

1953 5570 2230 5640 sexaginta
2258 5568 2455 5623 solidos
2479 5569 2763 5640 persolvat.
2791 5587 2809 5620 ι

2027 5642 2054 5681 b
2081 5640 2135 5693 Id
2161 5647 2262 5700 est,
2287 5653 2491 5708 peram.

2027 5722 2047 5751 ε
2081 5709 2196 5763 Lul.
2223 5709 2388 5779 episc.
2417 5709 2606 5765 codex.
