4046 6172
557 328 694 381 I519
1539 321 1809 376 SxECULI
1845 321 1953 375 VIII
1993 318 2148 374 MONl

2254 317 2419 371 ENTA
2460 313 2784 369 SELECTA.
3641 312 3762 366 I520

547 453 682 508 opus
716 443 798 489 est
836 438 988 488 nobis
1026 432 1096 486 illi
1125 440 1327 502 gratias
1363 444 1556 499 agere,
1582 431 1707 499 quia
1749 429 2000 500 dignatus
2029 438 2114 481 est
2141 432 2192 491 Α
2287 425 2371 477 12.
2412 425 2483 479 Ut
2507 422 2759 491 quicquid
2795 411 2944 476 missi
2982 421 3154 476 nostri
3188 435 3312 475 eum
3350 421 3452 477 illis
3483 425 3771 478 senioribus

549 527 719 582 servis
766 524 877 578 suis
913 521 1190 576 consolare
1234 535 1330 590 per
1371 520 1487 573 eius
1531 519 1977 574 miscricordiam.
2027 517 2117 571 Sic
2217 515 2421 586 patriae
2447 512 2514 567 ad
2549 521 2793 566 nostrum
2825 509 3128 580 profectum
3152 510 3236 564 vel
3263 520 3484 566 sanctae
3525 513 3770 569 ecclesiae

553 615 705 670 nobis
736 613 967 675 videtur,
994 621 1054 664 ut
1075 611 1278 678 absque
1306 609 1502 663 ieiunio
1532 608 1731 662 indicto
1755 607 2122 676 unusquisque
2219 603 2410 657 melius
2442 599 2831 665 consenserint,
2861 599 3036 656 nullus
3065 599 3391 655 contendere
3429 601 3532 655 hoc
3571 616 3773 670 praesu-

551 705 833 775 episc0pus
854 703 907 755 in
934 716 1028 754 sua
1060 699 1345 770 parrochia
1380 698 1608 753 letanias
1647 697 1834 762 faciat,
1859 712 1965 751 non
1998 711 2122 751 cum
2221 698 2355 742 mal.

555 795 774 858 ieiunio,
813 791 914 846 nisi
961 797 1168 845 tantum
1209 790 1260 843 in
1295 787 1452 842 laude
1487 786 1615 853 Dei,
1653 787 1744 856 qui
1780 787 1940 841 talem
1971 787 2125 840 nobis

555 883 973 941 habundantiam
1016 881 1192 947 dedit;
1237 889 1293 934 et
1343 878 1506 935 faciat
1546 878 1910 946 unusquisque
1963 877 2125 930 homo

556 991 652 1029 sua
680 973 1083 1039 aelimosina,et
1098 986 1363 1042 pauperes
1383 977 1587 1039 pascat.
1613 969 1680 1022 Et
1706 969 1784 1023 sic
1811 967 2124 1037 praevidere

560 1061 768 1116 faciatis
795 1070 852 1116 et
877 1059 1129 1115 ordinare
1155 1058 1222 1113 de
1258 1057 1423 1112 verbo
1446 1064 1650 1120 nostro,
1677 1063 1736 1109 ut
1762 1054 2126 1123 unusquisque

503 1159 516 1167 ·
559 1153 740 1217 homo,
776 1159 870 1208 aut
895 1149 1057 1206 vellet
1083 1159 1177 1205 aut
1212 1149 1396 1213 nollet,
1433 1162 1586 1201 suam
1631 1147 1895 1201 decimam
1941 1145 2122 1199 donet.

563 1237 748 1292 Valete
776 1238 828 1291 in
848 1235 1084 1292 Christo.

1303 1325 1393 1379 IX.

1103 1415 1340 1470 PIPPINI
1376 1411 1580 1469 REGIS

724 1505 1154 1564 CAPITULARE
1193 1501 1662 1570 AQUITANICUM
1701 1499 1814 1555 AN.
1843 1500 1966 1557 768.

634 1600 820 1653 Prodit
852 1599 938 1653 hic
967 1598 1138 1666 prima
1165 1597 1282 1649 vice
1306 1611 1379 1666 ea
1400 1595 1582 1666 codice
1610 1592 1868 1666 Vossiano
1893 1605 2016 1666 sape.
2049 1604 2126 1666 rx,

567 1671 658 1723 fol.
709 1668 829 1722 l28.
887 1659 1276 1722 Ascribendum
1329 1664 1458 1717 illud
1511 1663 1638 1716 duxi
1686 1661 1876 1715 ultimo
1920 1659 2129 1729 Pippini

568 1753 726 1792 anno.
768 1737 996 1791 Ratione
1030 1735 1173 1788 enim
1200 1733 1381 1787 habita
1410 1732 1644 1801 capitum
1668 1731 1719 1795 I,
1749 1730 1887 1801 5,9,
1921 1727 2128 1792 10,712,

2361 777 2586 848 Explicit
2614 776 2840 847 capitula
2867 776 3044 848 Pipini
3067 776 3289 832 condam
3311 776 3646 850 [quondam].

2977 872 3046 927 Χ.

2225 962 2432 1085 Ρὶἰρῦηἱ
2474 964 2607 1031 regis
2650 961 2930 1031 placitum,
2979 977 3082 1032 quo
3137 961 3455 1015 Abaciacum
3502 960 3624 1014 villa
3667 961 3780 1030 pagi

2335 1033 2624 1084 enomaniri
2662 1041 2711 1084 et
2751 1030 2976 1084 Silm'aci
3011 1031 3182 1085 portio
3206 1032 3259 1082 in
3289 1029 3625 1083 Matriacensi
3666 1031 3780 1083 Dio-

2296 1047 2624 1085 benomanm
2662 1047 2711 1084 et
2751 1047 2976 1084 monac:
3011 1047 3182 1100 paruo
3206 1047 3259 1082 ιη
3289 1047 3624 1083 ammacenst
3666 1047 3782 1083 wo-

2296 1101 2524 1169 nysiam‘s
2561 1100 2825 1153 monachis
2847 1100 3140 1152 vindicatur
3165 1098 3324 1159 (anno
3351 1099 3498 1167 759.).

2454 1188 2615 1250 (Apud
2632 1187 2908 1249 nabill.,de
2930 1187 3006 1237 Re
3030 1187 3254 1249 diplom.,
3279 1200 3389 1249 pag.
3417 1187 3550 1247 491.)

2298 1270 2555 1340 Pippinus
2583 1285 2676 1324 rex
2701 1269 3030 1324 Francorum
3055 1270 3138 1324 vir
3175 1269 3418 1324 inluster.
3452 1270 3583 1324 Cum
3615 1285 3704 1322 nos
3735 1271 3786 1323 in

2231 1360 2323 1415 Dei
2350 1359 2565 1412 nomine
2593 1359 2622 1398 ι)
2652 1358 2928 1412 Vermeria
2971 1358 3024 1412 in
3062 1357 3260 1428 palatio
3306 1367 3488 1412 nostro
3527 1373 3629 1411 una
3671 1373 3786 1411 cum

2232 1447 2541 1519 proceribus
2569 1446 2766 1501 nostris
2791 1445 2876 1501 vel
2906 1444 3152 1501 ﬁdelibus
3182 1447 3250 1501 ad
3273 1447 3641 1501 universorum
3664 1462 3787 1500 cau-

2233 1554 2321 1594 sas
2353 1537 2644 1593 audiendas
2687 1537 2772 1592 vel
2809 1546 2958 1592 recto
2979 1537 3180 1607 judicio
3210 1537 3573 1593 terminandas
3599 1540 3792 1592 reside-

2233 1644 2442 1695 remus;
2477 1628 2550 1683 ibi
2574 1628 2792 1683 veniens
2814 1628 3136 1683 venerabilis
3155 1629 3239 1682 vir
3258 1628 3521 1684 Fulradus
3543 1631 3706 1684 abbas
3729 1630 3794 1682 de

2234 1718 2454 1774 basilica
2499 1717 2787 1788 peculiaris
2833 1718 3049 1788 patroni
3102 1717 3271 1772 nostri
3316 1717 3499 1772 domni
3542 1719 3792 1790 Dionysii,

569 1778 1158 1881 ﬁilév'aﬁaﬁ'i'éniqm
1188 1802 1452 1881 ρςεεοίριιθ
1475 1778 1733 1881 ἓρςαιθτέ
1776 1778 2046 1881 ς’,ίάδηπξὶιῖν
2164 1778 2210 1838 Β
2236 1809 2327 1864 ubi
2358 1809 2473 1878 ipse
2499 1808 2765 1878 pretiosus
2793 1807 3021 1862 domnus
3047 1807 3099 1861 in
3121 1821 3344 1877 corpore
3370 1778 3796 1876 requiescit,'ho-

569 1866 898 1950 capitularis:
953 1871 1132 1950 Caroli
1183 1866 1408 1950 plagni,
1469 1866 1610 1949 unde
1669 1870 1891 1950 ‘capita_
1919 1866 2134 1950 ‘Dippini

563 1936 686 2006 1-7,
736 1943 790 2005 9,
835 1943 930 2004 I2,
984 1941 1123 2010 apud
1168 1936 1466 2010 Aquitanos
1509 1939 1616 1991 vim
1649 1936 1819 2010 legis
1843 1936 2138 2010 obtinuisse

563 2003 800 2075 constat,
829 2003 1266 2066 constitutionem
1310 2008 1466 2062 istam
1502 2003 2012 2075 nonnisi'Waifario
2060 2005 2140 2057 in-

573 2073 818 2143 terfecto,
853 2094 972 2134 cum
1009 2078 1295 2146 Aquitania
1332 2077 1542 2146 penitus
1591 2077 1812 2146 subacta
1843 2073 2137 2137 videretur,

571 2149 961 2220 promulgatam
989 2145 1174 2211 fuiSse,
1206 2145 1522 2216 persuasum
1560 2145 1752 2199 habeo.

571 2252 841 2292 INCIPIUNT
901 2250 1160 2290 εΛΡιτυιΑ
1217 2247 1348 2296 QUAS
1403 2247 1533 2287 BONE
1588 2246 1858 2286 MESIORIAE
1910 2245 2139 2284 GENITOR

643 2320 848 2360 PIPINUB
879 2318 1250 2368 SINODALITEB,
1275 2317 1346 2356 ET
1374 2317 1471 2356 NOS
1507 2314 1572 2354 ΑΒ
1606 2316 1890 2356 HOIIINIBUS
1919 2314 2145 2354 CONSER-

649 2391 785 2429 νΑιιε
822 2389 1086 2429 νοιωιυε.

645 2464 700 2517 I.
739 2462 812 2518 Ut
846 2461 961 2516 illas
1000 2460 1225 2517 eclesias
1271 2459 1364 2514 Dei
1405 2460 1497 2528 qui
1539 2459 1738 2514 deserti
1769 2469 1911 2522 sunt,
1942 2467 2146 2514 restau-

575 2563 764 2610 rentur
790 2564 900 2609 tam
923 2553 1156 2624 epiSCOpi
1186 2567 1348 2620 quam
1377 2551 1584 2616 abates,
1617 2551 1698 2605 vel
1729 2551 1801 2604 illi
1828 2550 1947 2605 laici
1975 2551 2147 2605 homi-

565 2660 673 2699 nes
709 2645 800 2713 qui
827 2644 1018 2699 exinde
1051 2642 1359 2697 benefitium
1381 2643 1600 2697 habent.
1866 2627 1873 2632 ’

637 2733 699 2785 2.
744 2732 814 2788 Ut
861 2732 933 2786 illi
981 2731 1236 2800 episcopi,
1288 2732 1526 2794 abbates,
1571 2732 1890 2797 abbatissas,
1921 2733 2020 2787 sub
2061 2747 2147 2786 or-

567 2822 704 2876 .diue
733 2829 918 2876 sancto
948 2821 1148 2873 vivant.

646 2914 700 2967 5.
743 2911 815 2966 Ut
852 2910 1102 2980 quicquid
1148 2911 1404 2981 episcopi,
1446 2913 1666 2966 abbatcs
1706 2911 1788 2965 vel
1828 2911 2147 2978 abbatissas,

572 3003 663 3056 vel
691 3001 879 3070 reliqui
909 3001 1248 3064 sacerdotes,
1275 3001 1340 3055 de
1380 3001 1539 3055 rebus
1575 3001 1926 3056 ecclesiarum
1961 3002 2029 3056 ad
2061 3016 2152 3056 eo-

2237 1898 2436 1953 minem
2474 1899 2724 1966 aliquem,
2761 1898 2977 1952 nomine
3001 1896 3378 1963 Gislemarum,
3405 1897 3798 1967 interpellabat,

2242 1995 2488 2056 repetens
2508 1989 2575 2043 ab
2597 2002 2662 2041 eo
2684 1987 2973 2056 quamdam
2993 1970 3173 2041 villam
3199 1986 3370 2041 sancti
3400 1986 3660 2057 Dionysii,
3685 2003 3802 2056 qua:

2241 2077 2440 2131 dicitur
2474 2077 2794 2141 Abaciacus,
2830 2074 2885 2131 in
2915 2092 3051 2148 pago
3077 2075 3450 2141 Cenomanico,
3483 2093 3578 2132 seu
3605 2088 3659 2133 et
3685 2078 3806 2134 Oxi-

2241 2167 2432 2232 mensi,
2466 2167 2626 2220 etiam
2655 2175 2709 2221 et
2740 2166 2886 2221 illam
2922 2166 3231 2236 porcionem
3257 2166 3314 2220 in
3349 2166 3594 2222 Sibriaeo
3621 2167 3677 2221 in
3705 2167 3809 2221 Ma-

2243 2257 2516 2324 triacensi,
2559 2273 2718 2326 quam
2763 2257 2962 2312 femina
3003 2257 3197 2327 aliqua,
3231 2257 3446 2314 nomine
3479 2257 3637 2324 Joba,
3669 2261 3810 2330 geni-

2245 2345 2352 2399 trix
2396 2345 2563 2415 ipsius
2615 2345 2929 2410 Gislemari,
2983 2361 3081 2415 per
3116 2361 3272 2401 suum
3324 2354 3704 2402 testamentum
3752 2351 3813 2403 ad

2244 2448 2425 2488 casam
2472 2433 2750 2502 praefatam
2797 2435 2968 2489 sancti
3016 2435 3252 2506 Dionysii
3298 2436 3362 2490 de
3398 2437 3513 2506 ipsa
3540 2437 3668 2490 villa
3696 2448 3815 2491 ante

2245 2518 2602 2591 Chilpericum
2649 2535 2829 2590 regem
2868 2523 3076 2577 auctrix
3117 2523 3360 2589 all'uerat,
3400 2525 3540 2595 ipsas
3577 2541 3667 2581 res
3707 2527 3817 2596 ipse

2247 2611 2574 2668 Gislemarus
2616 2613 2756 2668 malo
2803 2615 2991 2669 ordine
3037 2615 3302 2670 retinebat
3342 2626 3398 2671 et
3442 2618 3664 2686 injuste.
3707 2619 3819 2688 Ipse

2249 2719 2375 2760 vero
2413 2702 2740 2760 Gislemarus
2769 2705 2823 2759 in
2851 2707 3101 2776 praesenti
3122 2706 3388 2774 adstabat,
3415 2710 3558 2765 unde
3592 2712 3822 2767 nullate-

2250 2811 2352 2849 nus
2398 2796 2570 2864 potuit
2618 2797 2882 2866 denegare
2919 2811 2934 2849 :
2969 2797 3061 2852 sed
3109 2799 3160 2852 in
3207 2801 3458 2868 praesenti
3510 2804 3825 2874 recognovit

2252 2884 2392 2952 quod
2417 2885 2647 2954 genitrix
2679 2901 2772 2940 sua
2801 2886 2932 2942 Joba
2961 2887 3132 2958 ipsam
3161 2889 3342 2943 villam
3370 2893 3624 2960 superius
3652 2895 3826 2948 nomi-

2253 2981 2434 3027 natam
2478 2973 2801 3030 Abaciacum
2851 2992 2975 3031 cum
3021 2979 3167 3034 omni
3218 2979 3526 3050 integritate
3584 2983 3642 3038 in
3696 3000 3831 3054 pago

580 3110 700 3148 rum
727 3108 859 3162 Opus
887 3092 1116 3154 habent,
1145 3091 1326 3159 quieto
1351 3090 1539 3145 ordine
1566 3090 1894 3161 possideant,
1931 3090 2069 3144 sicut
2096 3090 2148 3144 in

2256 3060 2593 3117 Matriacensi
2623 3064 2687 3118 ad
2709 3079 2889 3119 casam
2915 3067 3086 3122 sancti
3123 3068 3360 3139 Dionysii
3395 3087 3564 3126 manu
3590 3083 3833 3143 potesta-

2255 3151 2360 3176 εἶ-νΑ
2391 3152 2739 3176 ,ιη-...ΙΛ-...ιλλλι
2770 3167 2784 3176 .
2810 3154 2947 3176 --.ιλιι
2980 3164 3023 3176 ,Α
3061 3157 3112 3176 ,1-
3145 3174 3223 3176 μή.
3262 3172 3307 3176 ν-
3332 3168 3395 3176 ..κ
3439 3161 3450 3171 ι
3643 3163 3686 3176 n
3731 3165 3746 3176 u

580 3191 762 3237 nostra
809 3180 996 3237 sinodo
1027 3193 1052 3220 α
1100 3180 1204 3234 iam
1247 3181 1597 3235 constitutum
1642 3179 1772 3245 fuit;
1831 3189 1886 3235 et
1933 3182 1977 3236 si
2029 3182 2151 3250 quis

575 3278 778 3336 exinde
807 3285 992 3350 postea
1043 3275 1239 3347 aliquid
1273 3274 1541 3345 abtrzntit,
1570 3276 1669 3334 sub
1699 3276 2004 3349 integritate
2033 3276 2151 3334 red-

583 3373 696 3426 dat.

655 3461 708 3515 4.
751 3458 822 3514 Ut
843 3459 907 3513 ad
931 3457 1048 3513 illos
1068 3473 1337 3528 pauperes
1361 3459 1604 3512 homines
1630 3460 1798 3530 magis
1818 3474 1920 3513 non
1945 3459 2150 3522 tollant,

581 3549 689 3604 nisi
715 3556 974 3619 quantum
1007 3547 1245 3618 legitime
1274 3547 1499 3606 reddere
1525 3547 1738 3602 debent.

658 3639 712 3693 5.
753 3637 1086 3707 Quicumque
1129 3647 1372 3692 nostrum
1416 3637 1735 3692 beneficium
1781 3639 1972 3704 habet,
2021 3639 2157 3696 bene

583 3732 664 3786 ibi
712 3730 897 3787 labore
944 3728 1252 3800 condirgat;
1279 3737 1335 3783 et
1377 3728 1467 3798 qui
1512 3729 1616 3784 hoc
1659 3728 1837 3784 facere
1880 3745 1984 3783 non
2023 3729 2154 3790 vult,

593 3819 828 3874 dimittat
868 3817 1040 3887 ipsum
1067 3817 1406 3884 beneficium,
1433 3825 1489 3872 et
1524 3827 1742 3874 teneant
1763 3834 1888 3874 suas
1925 3835 2010 3874 res
2038 3835 2159 3888 pro—

587 3922 1084 4042 prasbuicumque
1112 3973 1166 4026 in
1196 3973 1386 4028 itinere
1418 3976 1622 4044 pergit,
1652 3984 1744 4028 aut
1783 3975 2047 4030 hostiliter
2078 3976 2160 4030 vel

590 4064 661 4119 ad
694 4063 970 4134 placitum,
991 4061 1134 4116 nulla
1162 4076 1324 4132 super
1367 4077 1524 4116 suum
1563 4078 1694 4132 pare
1733 4065 2014 4133 praendat,
2059 4067 2163 4120 nisi

591 4168 776 4209 emere
823 4159 914 4206 aut
951 4164 1209 4222 praecare
1251 4151 1508 4220 potuerit,
1532 4162 1754 4222 excepto
1801 4154 1967 4208 herba
2026 4171 2163 4224 aqua

593 4250 650 4296 et
699 4240 874 4310 ligna;
916 4240 960 4294 si
1010 4253 1139 4293 vero
1180 4238 1302 4293 talis
1352 4247 1559 4309 tempus
1607 4239 1786 4306 fuerit,
1831 4243 2159 4298 mansionem

595 4330 770 4385 nullus
791 4335 954 4384 vetet.

663 4422 714 4474 '7.
753 4419 1083 4488 Quicumque
1131 4419 1292 4473 homo
1333 4433 1494 4489 super
1530 4435 1685 4474 suum
1725 4435 1910 4491 parem
1940 4423 2065 4476 dum
2094 4425 2162 4478 ad

594 4527 694 4566 nos
734 4510 896 4564 fuerit
938 4479 1136 4578 aliquid
1176 4479 1498 4565 abstraxerit
1539 4519 1630 4565 aut
1658 4479 2047 4579 exfortiaverit,
2079 4529 2162 4570 se-
2193 4479 2242 4538 θ

595 4601 826 4656 cundum
850 4614 1002 4654 suam
1031 4598 1205 4670 legem
1231 4599 1518 4669 ‘tripliciter
1559 4609 1842 4671 conponat.

666 4693 719 4748 8.
761 4689 819 4745 Si
858 4689 1048 4757 aliquis
1091 4689 1252 4742 homo
1287 4697 1413 4744 ante
1448 4705 1548 4745 nos
1583 4705 1641 4746 se
1678 4692 2071 4759 reclamaverit,
2103 4695 2166 4749 li-

594 4782 838 4839 cenciam
875 4780 1073 4834 habeat
1105 4778 1171 4832 ad
1220 4793 1316 4833 nos
1355 4778 1561 4844 venire,
1589 4789 1646 4835 et
1687 4781 1861 4836 nullus
1903 4798 2026 4837 eum
2070 4799 2168 4853 per

596 4873 756 4927 fortia
780 4870 1046 4925 deteneat.
1241 4878 1243 4880 ·

667 4964 720 5019 9.
757 4961 834 5017 De
861 4961 965 5016 illis
992 4960 1266 5015 beneﬁciis
1291 4963 1432 5016 unde
1460 4961 1685 5017 intentio
1713 4972 1816 5029 est,
1845 4965 2088 5021 volumus
2112 4975 2172 5021 ut

598 5052 698 5123 ipsi
721 5067 816 5107 eos
836 5051 1089 5114 habeant,
1119 5049 1314 5117 quibus
1341 5057 1496 5104 antea
1527 5049 1788 5106 dedimus.

669 5142 756 5197 IO.
799 5141 872 5197 Ut
901 5156 1087 5196 omnes
1110 5140 1355 5194 homines
1381 5155 1567 5194 eorum
1606 5139 1739 5211 legis
1775 5142 2029 5207 habeant,
2061 5151 2172 5198 tam

601 5231 830 5287 Romani
870 5245 1031 5300 quam
1059 5237 1115 5285 et
1140 5227 1301 5283 Salici
1321 5269 1334 5293 ,
1365 5237 1420 5284 et
1446 5230 1490 5283 si
1519 5229 1585 5283 de
1631 5229 1735 5283 alia
1769 5231 2043 5300 provincia
2080 5233 2174 5286 ad-

602 5322 831 5384 venerit.
861 5321 1152 5376 secundum
1179 5319 1351 5389 legem
1377 5319 1546 5388 ipsius
1571 5319 1778 5390 patriae
1809 5322 1971 5376 vivat.

674 5414 761 5468 II.
803 5411 876 5470 Ut
900 5427 1087 5467 omnes
1114 5411 1234 5466 laici
1271 5419 1328 5466 et
1359 5411 1630 5466 seculares
1669 5412 1761 5480 qui
1791 5428 1878 5468 res
1913 5415 2174 5471 ecclesiae

603 5511 814 5566 tenent,
845 5503 1120 5570 precarias
1145 5501 1268 5556 inde
1297 5501 1577 5571 accipiant.

681 5623 707 5649 ι
735 5609 1054 5664 Bituricensi
1084 5625 1170 5668 an.
1202 5611 1324 5663 767.

684 5677 712 5716 δ
739 5677 1208 5747 Yermeria,vulgo
1254 5677 1507 5742 Verberie,
1536 5695 1698 5748 prope
1727 5679 1920 5735 ﬂumen
1950 5682 2164 5744 Isaram,

2255 3151 2364 3205 tiva
2387 3152 2744 3207 condonasset
2770 3167 2784 3206 :
2810 3154 2950 3208 unde
2974 3164 3028 3209 et
3053 3157 3117 3211 de
3144 3168 3406 3227 praesente
3436 3161 3615 3230 ipsum
3641 3163 3836 3217 Fulra-

2254 3240 2380 3294 dum
2431 3241 2486 3294 in
2529 3256 2692 3296 causa
2731 3243 2902 3298 sancti
2927 3243 3167 3316 Dionysii
3191 3262 3287 3316 per
3315 3264 3469 3303 suum
3494 3252 3742 3306 wadium
3771 3255 3838 3308 ὼ

2253 3329 2384 3404 ipsis
2410 3331 2550 3384 villis
2575 3347 2736 3401 supra
2771 3335 3060 3390 nominatis
3088 3335 3354 3393 Abaciaco
3381 3348 3435 3393 et
3465 3338 3728 3398 Sibriaeo
3755 3345 3839 3398 vi-

2255 3440 2346 3480 sus
2375 3421 2473 3480 fuit
2506 3424 2909 3492 revestisse,-de
2935 3427 3182 3485 omnibus
3223 3429 3437 3492 scilicet.
3467 3446 3836 3509 quartumque

2249 3517 2364 3586 jam
2390 3518 2531 3572 dicta
2552 3515 2684 3573 Joba
2713 3520 2943 3590 genitrix
2978 3537 3073 3576 sua
3098 3523 3164 3577 ad
3188 3539 3363 3579 casam
3400 3527 3571 3579 sancti
3614 3528 3832 3600 Diony—

2256 3609 2321 3663 sii
2345 3609 2755 3674 condonaverat,
2785 3609 2869 3664 vel
2910 3611 2964 3665 in
3003 3613 3132 3683 ipsis
3166 3614 3304 3668 villis
3333 3623 3613 3682 tenuerat;
3641 3631 3843 3688 postea

2257 3713 2354 3769 per
2393 3714 2544 3754 suam
2587 3699 2850 3754 festucam
2902 3716 2959 3756 se
3007 3703 3199 3758 exinde
3246 3705 3300 3758 in
3345 3707 3596 3762 omnibus
3647 3723 3846 3764 contra

2258 3789 2433 3858 ipsum
2478 3790 2724 3844 abbatem
2767 3789 3051 3846 Fulradum
3079 3793 3132 3846 in
3159 3809 3320 3849 causa
3365 3798 3540 3850 sancti
3592 3797 3851 3870 Dionysii

2261 3880 2396 3934 dixit
2417 3895 2535 3934 esse
2561 3881 2783 3934 exitum.
2823 3880 3051 3938 Proinde
3085 3899 3182 3938 nos
3217 3900 3322 3938 una
3360 3901 3481 3939 cum
3514 3890 3855 3955 proceribus
3954 3931 3955 3955 η

2261 3971 2344 4024 vel
2375 3971 2618 4026 fidelibus
2654 3972 2872 4037 nostris,
2917 3971 2971 4027 id
3019 3982 3102 4028 est
3147 3973 3358 4038 Milone,
3396 3974 3693 4045 Rotgario,
3727 3979 3857 4032 HeL

2265 4061 2597 4132 mengando,
2661 4062 3001 4118 Chrothardo
3028 4105 3042 4129 ,
3087 4064 3446 4119 Charichardo
3471 4105 3487 4130 ,
3542 4067 3860 4138 Autgario,

2264 4159 2318 4204 et
2370 4151 2646 4206 Wicberto
2707 4154 2904 4208 comite
2967 4154 3152 4223 palatii
3199 4163 3422 4222 nostro,
3469 4157 3560 4211 vel
3612 4159 3865 4228 reliquis

2264 4239 2670 4308 quamplurimis
2719 4243 2818 4296 visi
2865 4241 3061 4298 fuimus
3093 4243 3388 4314 judicasse;
3438 4253 3498 4298 ut
3539 4247 3681 4314 quia
3751 4249 3867 4317 ipse

2266 4328 2594 4384 Gislemarus
2641 4331 2693 4384 in
2738 4334 2989 4402 praesenti
3037 4335 3268 4400 astabat,
3317 4345 3372 4390 et
3411 4337 3626 4391 nullam
3680 4341 3870 4408 potuit

2269 4420 2488 4475 reddere
2518 4421 2810 4488 rationem;
2849 4432 3128 4492 propterea
3159 4423 3410 4492 jubemus
3441 4434 3523 4491 ut,
3571 4428 3720 4495 quia
3750 4430 3872 4483 haec.

2265 4523 2425 4564 causa
2466 4509 2544 4564 sic
2587 4517 2705 4565 acta
2746 4511 2829 4566 vel
2868 4522 3172 4582 perpetrata
3217 4513 3348 4580 fuit,
3400 4515 3519 4583 ipse
3569 4516 3869 4572 Fulradus

2266 4599 2402 4654 abba
2435 4599 2520 4652 vel
2559 4614 2898 4656 successores
2929 4602 3010 4656 sui
3037 4602 3179 4672 ipsas
3205 4603 3357 4657 villas
3384 4606 3654 4673 superius
3681 4609 3869 4662 nomi-

2266 4698 2441 4754 natas,
2471 4687 2795 4744 Abaciacum
2823 4707 2943 4747 cum
2973 4695 3118 4748 omni
3159 4695 3464 4766 integritate
3489 4706 3548 4752 et
3573 4714 3727 4754 cum
3756 4715 3870 4754 om-

2266 4776 2422 4832 nibus
2465 4775 2776 4845 adjacentiis
2814 4779 2925 4834 suis
2963 4781 3046 4835 vel
3091 4785 3436 4853 appendiciis,
3489 4795 3688 4841 totum
3721 4799 3781 4843 et
3806 4790 3870 4843 ad

2269 4865 2556 4936 integrum,
2604 4883 2719 4922 rem
2765 4869 3170 4938 inquuisitam;
3219 4888 3314 4928 seu
3359 4882 3414 4928 et
3453 4874 3867 4933 Sibriacumia

2270 4969 2407 5026 pago
2418 4954 2775 5021 Matriacensi,
2801 4957 2855 5012 id
2881 4966 2963 5012 est
2987 4974 3092 5012 una
3114 4975 3234 5014 cum
3260 4962 3434 5027 terris,
3469 4965 3752 5021 domibus
3777 4982 3866 5021 sn-

2272 5047 2574 5116 perpositis,
2601 5048 2901 5112 accolabus,
2946 5052 3248 5120 mancipiis,
3274 5053 3464 5119 vineis,
3494 5055 3696 5121 silvis,
3728 5073 3870 5112 cam-

2271 5135 2372 5205 pis,
2403 5136 2592 5204 pratis,
2627 5137 2864 5205 pascuis,
2912 5141 3065 5207 aquis
3106 5155 3430 5208 aquarumve
3484 5145 3871 5206 decursibus;

2273 5228 2469 5281 vinetis
2494 5227 2574 5281 vel
2615 5228 2925 5292 subvinetis,
2973 5228 3242 5295 farinaris,
3283 5233 3536 5302 gregibus
3589 5252 3734 5292 cum
3783 5253 3878 5307 pa-

2273 5318 2509 5373 storibus
2536 5320 2815 5388 utriusque
2841 5321 3050 5389 generis
3087 5330 3142 5376 et
3176 5337 3354 5386 sexus,
3397 5332 3454 5379 et
3492 5340 3886 5398 qummqne

2271 5409 2406 5465 Joba
2437 5426 2532 5478 per
2551 5426 2704 5464 suum
2735 5417 3111 5467 testamentum
3140 5415 3208 5469 ad
3235 5430 3414 5469 casam
3446 5419 3640 5472 sancti
3673 5420 3884 5488 Diony-

2275 5503 2342 5557 sii
2386 5501 2727 5567 condonavit,
2795 5503 2880 5557 vel
2931 5503 3044 5574 jam
3099 5514 3224 5561 ante
3259 5505 3639 5577 Chilpericurn
3690 5525 3888 5580 regem

2281 5628 2382 5682 qua
2409 5611 2710 5667 Ottcnetam
2759 5613 2948 5681 recipit
2985 5616 3304 5672 amniculum
3346 5616 3678 5677 Silvanecto
3718 5622 3894 5677 Com-

2279 5683 2526 5750 pendium
2551 5683 2852 5753 petentibus
2874 5683 3048 5738 obvia.
