4046 6172
448 267 573 321 1321
1214 275 1472 345 PlPPlNl,
1505 280 1961 338 CAROLOMANN

2061 283 2115 339 ιτ
2151 255 2458 343 ALIORUM
2495 288 2907 345 DlPLOMATA.
3541 295 3679 354 1522

434 385 829 435 antecessorcm
874 389 1136 447 nostrum,
1180 393 1234 437 ct
1280 384 1554 457 Hugonem
1603 399 1998 448 antecessorem
2026 409 2072 466 Α
2819 403 2931 458 XII.

437 466 605 582 ipsius
638 466 854 582 milia?
897 468 1077 582 ‘fl’bafi
1125 473 1352 582 “0‘2".
1381 475 1552 543 δπυίιν
1589 477 1843 582 ίιξδνξθιξθ
1871 481 1999 582 ip?“
2103 504 2294 578 Regale
2336 488 2651 582 praceptum'
2697 508 2909 582 Pippini
2950 511 3045 566 sub
3068 511 3368 582 ΔΒοηὶῙαεὶο
3413 516 3477 571 de
3524 523 3675 579 rebus

435 557 771 611 testamentis
798 566 985 611 contra
1025 558 1200 628 ipsum
1241 559 1595 621 Gislemarum
1630 568 1824 623 habeat
1853 570 2001 624 evin-

434 644 638 699 dicatas
670 654 830 715 atque
864 646 1145 718 elidigatas
1171 664 1186 702 :
1213 658 1269 705 et
1295 652 1367 707 sit
1388 652 1531 709 inter
1561 670 1654 711 eos
1681 657 1736 712 in
1763 667 2000 728 postmo-

432 732 557 787 dum
584 749 651 787 ex
678 733 780 788 hac
801 750 860 789 re
881 736 1028 790 omni
1055 743 1295 808 tempore
1322 742 1493 810 sopita
1519 745 1782 801 causatio.

499 846 618 901 Dat.
644 859 669 887 ι
693 846 811 901 Kal.
840 847 1059 905 Martias
1084 864 1227 906 anno
1256 852 1432 922 primo
1454 855 1605 925 regni
1631 856 1822 923 nostri,
1864 858 1999 913 Ver-

429 935 597 991 meria
624 932 872 993 feliciter.

935 1021 947 1030 ’
1172 1028 1261 1085 XI.

664 1175 751 1234 um
776 1158 991 1234 Pippini
1015 1162 1150 1234 regis
1176 1163 1504 1234 impetratum
1529 1183 1562 1220 a
1587 1165 1877 1234 Sigobaldo,
1899 1169 1993 1223 ab-

428 1156 751 1228 Prazceptum
776 1158 988 1230 Pippini
1015 1162 1150 1231 regis
1176 1163 1504 1234 impetratum
1529 1183 1562 1220 a
1587 1165 1649 1221 Si
1683 1167 1745 1221 ob

668 1228 784 1283 bate
810 1229 1131 1285 Anisoleusis
1168 1233 1384 1287 cumabii
1415 1234 1575 1306 (anno
1601 1184 1745 1309 Ἱὲἓ).

620 1355 778 1418 (Apud
803 1356 1113 1419 Martenium,
1133 1365 1249 1408 tom.
1274 1360 1525 1423 lampliss.
1548 1362 1777 1425 Collect.)

490 1476 709 1531 Domnis
747 1478 946 1532 sanctis
971 1487 1025 1532 ct
1049 1479 1358 1548 apostolicis
1396 1496 1458 1536 ac
1496 1483 1890 1538 venerabilihus
1933 1484 1987 1538 in

419 1564 633 1620 Christo
682 1566 935 1621 Patribus
981 1569 1230 1623 omnibus
1269 1570 1533 1640 episcopis
1579 1579 1634 1626 et
1674 1573 1984 1639 abbatibus,

418 1654 722 1719 comitibus,
768 1654 1095 1721 domesticis,
1130 1657 1367 1722 vicariis,
1395 1660 1734 1726 centenariis,
1764 1662 1848 1717 vel
1872 1676 1988 1716 om-

2376 578 2609 633 ecclésiw
2629 578 2806 634 sancti
2818 579 3035 635 Martini
3057 579 3217 651 (anno
3229 578 3388 656 ⁷755).

2462 668 2481 729 (
2506 668 2644 730 Apud
2668 668 2728 719 D.
2748 668 2998 733 Bonquet,
3027 682 3091 720 ex
3125 671 3317 735 Beda.)

2165 745 2421 818 Pippinus
2439 763 2533 804 rex
2560 748 2908 805 Francorum.
2938 751 3134 807 Notum
3153 753 3226 808 sit
3243 755 3492 812 omnibus
3513 772 3670 830 agen-

2096 838 2238 894 tibus
2281 840 2481 894 nostris
2529 849 2640 895 tam
2687 845 3063 911 prtesentibus,
3110 860 3272 918 quam
3319 855 3375 903 et
3426 847 3665 907 futuris:

2095 926 2381 999 Principali
2405 931 2620 1001 quidem
2655 933 2951 990 clementia:
2993 945 3217 993 cunctos
3254 939 3411 995 decet
3453 956 3666 997 accom-

2094 1020 2314 1076 modare
2363 1036 2549 1076 aurem
2602 1022 2887 1094 benignam
2912 1065 2928 1091 ,
2977 1028 3249 1097 praecipue
3305 1031 3519 1098 quando
3568 1047 3669 1101 per

2092 1110 2467 1179 compendium
2498 1111 2801 1166 animarum
2829 1129 2861 1167 a
2898 1115 3323 1183 praecedentibus
3362 1118 3577 1187 regibus
3608 1128 3666 1175 et

2091 1198 2421 1267 principibus
2457 1201 2772 1269 parentibus
2805 1203 3003 1258 nostris
3043 1205 3114 1260 ad
3158 1204 3276 1261 loca
3312 1206 3664 1261 ecclesiarum

2090 1288 2379 1356 probamus
2413 1303 2532 1344 esse
2560 1290 2784 1357 indulta,
2830 1292 3021 1347 devota
3058 1293 3316 1350 debemus
3340 1303 3519 1350 mente
3540 1311 3663 1366 per-

2088 1378 2343 1445 pendere,
2391 1386 2446 1433 et
2494 1394 2729 1451 congrua
2787 1382 3073 1450 beneﬁcia,
3128 1392 3191 1440 ut
3239 1401 3546 1441 mereamur
3594 1387 3662 1441 ad

2088 1468 2391 1522 mercedem
2416 1483 2536 1523 esse
2560 1470 2872 1541 participes,
2900 1487 3007 1527 non
3035 1488 3257 1543 negare,
3281 1475 3375 1530 sed
3400 1475 3663 1530 robustis-

2091 1557 2228 1612 simo
2243 1559 2365 1629 jure
2392 1561 2593 1615 nostris
2620 1562 2854 1618 oraculis
2879 1565 3219 1620 conﬁrmare.
3247 1566 3418 1636 Igitur
3448 1576 3662 1635 aposto—

2088 1647 2224 1702 licus
2250 1649 2409 1703 viret
2436 1648 2490 1703 in
2516 1649 2733 1705 Christo
2782 1652 2947 1707 Pater
2990 1653 3295 1711 Bonifacius
3333 1657 3484 1711 urbis
3529 1656 3663 1710 Tra-

415 1745 575 1800 nibus
604 1746 834 1816 ’agentis
887 1748 1106 1811 nostris,
1149 1756 1257 1801 tam
1308 1751 1590 1817 praesentis
1634 1766 1796 1820 quam
1840 1752 1958 1808 futu

2080 1735 2336 1805 jectensis
2360 1740 2642 1810 episcopus
2678 1741 2841 1812 regia:
2883 1750 3081 1797 nostrae
3118 1745 3413 1801 clementiae
3440 1761 3661 1816 sugges—

415 1834 511 1899 ris,
560 1834 785 1891 inluster
825 1836 908 1890 vir
949 1837 1205 1908 Pippinus
1246 1854 1340 1894 rex
1369 1839 1696 1897 Francorum
1727 1844 1864 1899 bene
1891 1861 1984 1900 cu-

411 1924 565 1994 piens
588 1933 787 1980 vester.

484 2032 791 2103 Comperiat
819 2035 1057 2089 charitas
1083 2049 1176 2091 seu
1207 2036 1470 2091 industria
1511 2046 1705 2104 vestra,
1738 2040 1865 2111 quia
1892 2041 1981 2097 Si-

407 2122 665 2192 gobaldus
701 2123 869 2177 abbas
909 2124 973 2179 de
1019 2127 1344 2182 monasterio
1388 2126 1631 2194 Anisola,
1670 2131 1768 2199 qui
1804 2140 1887 2187 est
1923 2133 1979 2187 lu

406 2213 611 2268 honore
664 2214 836 2268 sancti
882 2213 1096 2269 Carileﬁ
1144 2215 1470 2275 confessoris
1524 2230 1866 2278 constructus
1922 2225 1978 2279 in

404 2313 540 2369 pago
585 2300 941 2356 Cenomanieo
965 2342 980 2367 ,
1034 2304 1091 2357 in
1117 2306 1329 2361 condita
1374 2306 1719 2375 Labrocinse,
1768 2311 1837 2366 ad
1879 2326 1978 2369 nos

404 2389 569 2454 venit,
617 2398 672 2443 et
720 2390 786 2445 de
828 2406 925 2445 sua
958 2393 1175 2462 propria
1215 2401 1482 2462 potestate
1524 2397 1890 2467 semetipsum,
1922 2409 1979 2456 et

401 2477 546 2532 illam
589 2480 1058 2550 congregationem
1105 2491 1368 2550 sanctam,
1418 2500 1579 2554 quam
1627 2486 1682 2540 in
1733 2489 1973 2560 regimen

400 2568 582 2643 habet,
612 2577 667 2624 et
696 2585 884 2625 omnes
920 2586 1005 2625 res
1030 2585 1216 2627 eorum
1246 2573 1300 2626 in
1334 2589 1496 2629 manu
1536 2584 1720 2631 nostra
1760 2578 1971 2648 plenius

397 2658 823 2725 commendavit;
865 2667 921 2715 et
960 2675 1061 2716 nos
1089 2663 1321 2732 gratanti
1350 2665 1529 2719 animo
1558 2666 1733 2736 ipsum
1760 2676 1816 2723 et
1842 2684 1971 2725 con-

394 2748 759 2817 gregationem
789 2747 903 2816 ejus
928 2749 983 2802 in
1008 2758 1193 2804 nostro
1230 2752 1601 2809 mundeburdo
1634 2756 1967 2826 suscepimus

394 2841 448 2887 et
472 2834 804 2890 retinemus:
832 2843 889 2889 et
928 2836 1032 2891 hoc
1074 2838 1249 2907 petiit,
1274 2839 1418 2908 quod
1452 2841 1744 2898 humanum
1771 2852 1876 2912 est,
1906 2856 1966 2902 ut

393 2923 606 2991 quando
642 2923 754 2992 ipse
794 2925 958 2980 abbas
982 2926 1049 2980 de
1077 2927 1177 2981 hac
1212 2927 1331 2982 luce
1358 2929 1686 2998 discesserit,
1726 2932 1812 2988 vel
1841 2948 1964 2989 suc-

390 3028 633 3068 cessores
658 3014 774 3084 ejus
806 3016 896 3084 qui
923 3025 1044 3085 post
1068 3030 1190 3071 eum
1217 3018 1390 3075 bonus
1416 3020 1643 3078 abbatia:
1672 3023 1955 3093 recipiunt,

2086 1825 2187 1889 sit,
2235 1842 2331 1892 eo,
2381 1830 2524 1897 quod
2569 1838 2941 1886 antecessores
2991 1833 3194 1899 nostri,
3243 1833 3328 1888 vel
3373 1843 3657 1903 parentes.

2084 1915 2387 1974 Clotharius
2421 1923 2692 1990 quondam
2734 1937 2853 1987 rex,
2882 1930 2939 1976 et
2965 1922 3363 1979 Theodebertus
3386 1925 3658 1993 quondam

2081 2019 2181 2075 per
2210 2010 2565 2066 authoritates
2602 2026 2792 2066 eorum
2836 2027 3000 2067 manu
3040 2014 3391 2083 subscriptas,
3423 2015 3490 2070 de
3516 2014 3655 2091 villis

2081 2097 2323 2153 ecclesiae
2352 2100 2524 2154 sancti
2551 2099 2771 2155 Martini
2796 2115 2934 2170 quas
2962 2102 3031 2157 ad
3063 2117 3304 2172 praesens
3326 2103 3651 2173 possidebat,

2079 2184 2164 2240 vel
2192 2187 2260 2242 de
2284 2202 2350 2241 eo
2374 2187 2516 2256 quod
2542 2202 2573 2241 a
2604 2187 2715 2244 Deo
2743 2189 3061 2246 timentibus
3098 2191 3407 2248 hominibus
3452 2191 3652 2249 ibidem

2077 2274 2293 2331 inantea
2336 2276 2694 2347 delegaretur,
2753 2278 2963 2350 integra
3007 2287 3063 2334 et
3100 2280 3380 2335 imminuta
3433 2296 3654 2351 conces-

2075 2356 2289 2432 sissent,
2322 2375 2382 2422 ut
2405 2368 2589 2424 nullux
2617 2367 2784 2438 judex
2822 2370 3071 2440 publicus
3109 2371 3177 2427 ad
3212 2386 3404 2427 causas
3429 2371 3651 2427 audien-

2074 2456 2227 2522 dum,
2251 2456 2335 2512 vel
2362 2455 2513 2513 {reda
2542 2459 2888 2529 exigendum,
2917 2475 3019 2517 nec
3047 2460 3355 2516 mansiones
3379 2460 3464 2515 vel
3492 2476 3650 2530 para-

2073 2552 2156 2599 tas
2179 2544 2500 2613 faciendum,
2534 2563 2634 2603 nec
2667 2548 3009 2619 ﬁdeiussores
3046 2551 3360 2617 tollendum,
3414 2566 3515 2605 nec
3551 2552 3649 2606 ho-

2072 2626 2247 2689 mines
2285 2634 2453 2705 ipsius
2490 2637 2733 2693 ecclesiae
2765 2639 2830 2695 de
2870 2641 3113 2711 qualibet
3141 2657 3302 2698 causa
3323 2641 3648 2713 distringen-

2069 2723 2216 2790 dum,
2263 2738 2367 2779 nec
2419 2725 2526 2781 ulla
2580 2726 2942 2786 redhibitione
2990 2732 3390 2802 requirendum,
3439 2731 3643 2803 ingredi

2066 2814 2265 2870 ibidem
2285 2832 2392 2872 non
2418 2817 2684 2885 debeant;
2710 2820 2855 2876 unde
2871 2830 2926 2877 et
2955 2822 3099 2893 ipsas
3126 2824 3511 2894 prmceptiones
3526 2822 3642 2893 jam

2067 2904 2332 2961 dictorum
2365 2906 2691 2978 principum,
2732 2925 2826 2965 seu
2854 2917 2910 2966 et
2948 2911 3382 2969 conﬁrmationes
3427 2910 3640 2968 illdrum

2067 3010 2277 3065 regum,
2305 3010 2494 3051 eorum
2530 2998 2778 3057 manibus
2802 2999 3103 3067 roboratas,
3136 3003 3440 3058 antedictos
3464 3002 3642 3072 ponti-

388 3110 447 3154 ut
469 3102 605 3157 alius
632 3083 770 3158 abba
800 3083 853 3157 in
883 3083 998 3175 ipsa
1028 3120 1154 3161 casa
1196 3107 1366 3162 sancti
1398 3108 1611 3164 Carileﬁ
1648 3127 1755 3167 non
1781 3083 1960 3184 ingre;
1987 3083 2033 3146 δ
2064 3086 2152 3184 ἴθι
2189 3087 2496 3184 I§°Pimh§3
2539 3089 2693 3144 “oms
2712 3092 2972 3184 ,θδιθθῶξ
3009 3092 3349 3184 τέιθθθηάδδτ
3380 3093 3639 3184 εξιίίυευω

389 3191 585 3255 diatur,
614 3191 719 3247 nisi
749 3193 891 3261 quod
932 3194 1048 3263 ipsa
1089 3203 1272 3249 sancta
1299 3199 1645 3269 congregatio
1672 3200 1738 3255 de
1768 3210 1964 3256 semet-

385 3277 519 3349 ipsis
548 3279 770 3351 eligunt,
802 3282 976 3352 ipsum
1003 3282 1235 3339 habeant
1255 3284 1523 3341 abbatem.
1552 3287 1843 3359 Propterea
1869 3290 1961 3344 lit-

384 3380 528 3423 teras
564 3378 778 3426 nostras
820 3387 983 3428 manu
1010 3382 1195 3430 nostra
1229 3374 1469 3430 ﬁrmatas
1494 3376 1669 3431 eidem
1692 3379 1957 3444 dedimus,

375 3467 477 3526 per
511 3475 671 3529 quem
715 3460 893 3535 [quas]
934 3465 1152 3518 omnino
1175 3464 1328 3519 vobis
1353 3478 1603 3532 rogamus
1633 3473 1794 3534 atque
1820 3481 1957 3534 prai-

379 3549 606 3616 cipimus
626 3557 685 3603 ut
711 3566 880 3618 neque
908 3567 1024 3615 vos,
1067 3568 1240 3620 neque
1278 3551 1523 3619 iuniores
1551 3562 1642 3608 aut
1663 3570 1938 3611 successo-

382 3652 466 3691 res
492 3638 654 3691 vestri
682 3637 962 3694 abbatibus
1002 3641 1170 3709 Ipsius
1202 3641 1324 3705 loci,
1354 3656 1453 3697 nec
1493 3642 1647 3698 mitio
1674 3645 1955 3712 potestatis

379 3728 613 3796 illorum,
654 3745 755 3784 nec
798 3731 1103 3787 hominibus
1139 3733 1231 3801 qui
1266 3748 1363 3803 per
1396 3734 1541 3804 ipsos
1583 3734 1789 3804 legibus
1827 3750 1952 3805 spe-

382 3836 504 3875 rare
552 3819 821 3886 videntur,
864 3820 1165 3890 inquietare
1206 3821 1291 3876 vel
1333 3824 1710 3889 condemnare,
1753 3839 1855 3878 nec
1888 3824 1952 3879 de

377 3917 536 3969 rebus
562 3914 674 3969 suis
693 3914 1007 3968 abstrahere
1030 3929 1129 3969 nec
1160 3914 1403 3970 minuere
1429 3914 1788 3984 przesumatis,
1821 3914 1944 3979 nisi,

377 4013 436 4059 ut
463 4004 715 4070 diximus,
762 4003 922 4058 liceat
965 4003 1045 4058 eis
1089 4004 1189 4059 sub
1225 4011 1411 4058 nostro
1456 4003 1826 4059 mundeburde
1862 4004 1948 4059 vel

373 4095 682 4150 defensione
710 4094 920 4165 plenius
947 4094 1129 4164 quieto
1157 4095 1347 4150 ordine
1372 4096 1552 4150 vivere
1575 4094 1658 4150 vel
1683 4095 1942 4162 residere,

372 4192 428 4237 et
449 4198 545 4252 pro
572 4184 725 4238 nobis
756 4183 965 4238 Domini
995 4184 1419 4239 misericordiam
1455 4184 1715 4241 attentius
1743 4185 1945 4256 jugiter

371 4273 659 4342 deprecare
683 4285 699 4323 :
726 4278 782 4325 et
806 4272 851 4325 si
883 4270 1015 4325 tales
1044 4286 1219 4327 causze
1251 4272 1506 4329 adversus
1529 4274 1752 4329 abhatcs
1776 4274 1943 4343 ipsius

2063 3177 2381 3234 beneﬁcium
2411 3178 2554 3233 circa
2591 3180 2816 3234 eandem
2862 3180 3146 3235 ecclesiam
3186 3183 3356 3237 sancti
3400 3182 3632 3246 Martini,

2061 3266 2202 3321 sicut
2251 3282 2284 3321 a
2330 3266 2649 3335 supradictis
2677 3267 3007 3338 principibus
3054 3268 3155 3323 fuit
3209 3269 3474 3325 indultum
3520 3284 3635 3324 mo-

2060 3356 2228 3411 derno
2271 3364 2509 3425 tempore
2550 3357 2741 3413 asserit
2782 3372 2901 3414 esse
2945 3368 3337 3416 conservatum.
3390 3359 3496 3416 Sed
3535 3376 3634 3431 pro

2058 3444 2331 3502 ﬁrmitatis
2373 3447 2550 3502 studio
2589 3449 2742 3517 petiit
2768 3448 3137 3506 celsitudinem
3175 3460 3416 3508 nostram
3444 3465 3505 3507 ut
3528 3453 3632 3507 hoc

2056 3537 2231 3592 denuo
2260 3536 2404 3592 circa
2443 3538 2668 3593 eandem
2698 3553 2857 3608 supra
2886 3548 3239 3596 memoratam
3277 3543 3450 3597 sancti
3489 3540 3629 3595 Mar—

2054 3625 2153 3680 tini
2181 3626 2462 3681 ecclesiam
2493 3636 2677 3682 nostra
2700 3627 2946 3683 debuerit
2972 3629 3278 3684 authoritas
3303 3630 3626 3700 generaliter

2053 3716 2391 3772 conﬁrmare.
2421 3717 2585 3786 Cujus
2623 3719 2939 3789 petitionem
2979 3736 3078 3790 pro
3115 3722 3416 3775 reverentia
3459 3722 3627 3792 ipsius

2051 3808 2221 3863 sancti
2250 3808 2374 3875 loci,
2403 3818 2463 3863 ut
2485 3824 2789 3865 mereamur
2816 3812 2882 3866 ad
2908 3810 3209 3868 mercedem
3247 3812 3464 3878 sociari,
3513 3811 3617 3882 ple-

2050 3901 2328 3957 nissimam
2355 3901 2682 3958 voluntatem
2717 3904 2817 3958 visi
2847 3919 3033 3959 sumus
3059 3904 3397 3973 prmstitisse,
3441 3903 3525 3960 vel
3566 3902 3621 3956 in

2046 3993 2294 4049 omnibus
2337 3994 2678 4060 conﬁrmare,
2724 3996 3050 4067 cognoscite.
3092 3996 3470 4066 Przecipientes
3491 4010 3622 4066 ergo

2039 4084 2311 4156 jubemus,
2347 4094 2409 4140 ut
2435 4085 2576 4141 sicut
2607 4094 2816 4143 constat
2840 4087 2908 4143 ab
2963 4088 3249 4144 antedictis
3286 4088 3617 4160 principibus

2044 4176 2109 4232 de
2130 4176 2271 4231 villis
2292 4176 2527 4244 praefata
2549 4178 2790 4233 ecclesiae
2811 4180 2873 4232 D.
2900 4178 3111 4233 Martini
3139 4180 3403 4250 integram
3429 4180 3612 4233 immu-

2042 4264 2267 4318 nitatem
2309 4262 2513 4333 absque
2548 4264 2770 4319 introitu
2796 4265 3036 4334 judicum
3064 4264 3228 4319 fuisse
3261 4279 3607 4324 concessum;

371 4358 681 4413 monasterii
718 4359 785 4413 ab
811 4358 964 4413 hoste
1006 4358 1221 4425 fuerint,
1272 4369 1364 4415 aut
1411 4361 1476 4416 de
1527 4361 1773 4416 homines
1814 4376 1940 4417 suos

2066 4362 2115 4407 ta
2149 4360 2209 4407 ut
2258 4353 2469 4407 inantea
2498 4352 2789 4408 auxiliante
2817 4354 3063 4418 Domino,
3096 4354 3350 4423 inspecta:
3372 4353 3613 4422 priorum

369 4449 723 4514 surrexerint,
747 4464 883 4518 quas
912 4448 965 4504 in
988 4465 1126 4520 pago
1153 4415 1354 4520 absque
1377 4466 1475 4506 suo
1512 4451 1761 4520 dipeudio
1787 4459 1934 4508 recte
1969 4415 2016 4474 υ
2037 4441 2340 4511 Prii“!in
2381 4442 2733 4498 aucwrimes
2775 4443 3084 4498 οωῐιίῐηοάο
3121 4451 3526 4510 conserventur.
3555 4452 3612 4499 θι

367 4547 422 4593 et
446 4540 831 4595 rationabiliter
856 4541 1102 4596 deﬁnitas
1124 4557 1228 4597 non
1258 4541 1475 4609 fuerint,
1497 4558 1590 4598 eas
1612 4559 1781 4613 usque
1806 4552 1933 4599 ante

366 4642 467 4682 nos
487 4629 808 4685 omnimodis
835 4631 942 4684 sint
969 4646 1256 4701 suspensas
1273 4631 1357 4684 vel
1385 4641 1685 4697 reseratas;
1713 4641 1770 4687 et
1791 4641 1934 4701 post-

362 4728 428 4768 ea
456 4725 580 4768 ante
610 4730 707 4768 nos
734 4730 831 4784 per
857 4718 1029 4786 legem
1055 4726 1109 4773 et
1129 4719 1393 4789 justitiam
1421 4719 1685 4788 accipiant
1717 4729 1932 4775 senten-

364 4803 535 4870 tiam;
576 4814 629 4857 et
659 4815 719 4859 ut
746 4809 948 4863 certius
982 4810 1233 4875 credatis,
1278 4825 1438 4863 manu
1480 4810 1694 4878 propria
1720 4811 1930 4865 subter-

363 4891 715 4959 ﬁrmavimus,
741 4905 795 4949 et
820 4896 885 4951 de
912 4899 1071 4954 anulo
1100 4907 1284 4954 nostro
1304 4899 1673 4969 sigillavimus.

434 4980 655 5052 Signum
680 4983 887 5055 Pippini
913 4989 1056 5055 regis
1079 4988 1430 5043 Francorum.

429 5071 766 5145 Cbrodingus
787 5074 969 5143 jussus
990 5078 1318 5146 recognovit.

431 5163 564 5217 Data
594 5181 765 5221 mens.
799 5166 967 5236 April.
998 5166 1086 5221 die
1105 5166 1176 5221 25
1206 5167 1261 5222 in
1283 5184 1424 5225 anno
1456 5169 1628 5238 primo
1669 5175 1927 5240 regnante

358 5252 585 5327 Pippino
606 5273 747 5329 rege.
775 5257 967 5311 Actum
997 5258 1064 5312 ad
1084 5258 1349 5314 Arestalio
1373 5260 1571 5331 palatio
1595 5260 1828 5331 publico.

2036 4547 2211 4603 neque
2230 4549 2348 4600 vos,
2374 4548 2547 4605 neque
2573 4535 2818 4606 juniores
2841 4550 3286 4606 successoresque
3311 4535 3496 4601 vestri,
3522 4534 3608 4589 vel

2010 4624 2173 4678 Oullus
2197 4623 2423 4692 quilibet
2466 4625 2532 4680 de
2569 4624 2852 4694 iudiciaria
2898 4634 3161 4695 potestate
3190 4628 3244 4682 in
3278 4628 3432 4682 villas
3452 4635 3606 4682 ante-

2035 4712 2191 4769 dictat
2217 4713 2478 4781 ecclesiae,
2505 4730 2641 4784 quas
2668 4716 2927 4771 moderno
2953 4725 3191 4788 tempore
3216 4719 3518 4789 ubicunque
3546 4718 3603 4775 iu

2035 4816 2201 4872 regno
2264 4811 2450 4859 nostro
2511 4814 2809 4859 noscuntur
2849 4806 3125 4874 possidere
3176 4806 3260 4862 vel
3304 4807 3516 4862 inantea
3570 4823 3602 4861 a

2029 4890 2198 4946 Deum
2240 4892 2554 4948 timentibus
2600 4893 2903 4949 hominibus
2931 4895 3129 4951 ibidem
3167 4896 3366 4952 fuerint
3391 4897 3599 4953 collatae

2029 4990 2122 5036 aut
2160 4983 2449 5050 collaturae,
2491 4993 2602 5039 tam
2636 4985 2705 5041 de
2743 4987 2987 5057 ingenuis
3014 5004 3174 5058 quam
3223 4990 3292 5045 de
3318 4991 3599 5045 servienti-

2028 5071 2149 5136 bus,
2176 5072 2262 5127 vel
2291 5074 2357 5128 de
2384 5074 2621 5143 qualibet
2659 5076 2875 5132 natione
2912 5077 3190 5133 hominum
3229 5079 3283 5132 in
3326 5080 3597 5149 praedictis

2028 5161 2195 5232 ipsius
2224 5163 2465 5218 ecclesiae
2498 5164 2639 5219 villis
2683 5166 3160 5231 commanentibus,
3193 5168 3333 5237 quod
3361 5168 3597 5239 legitime

2035 5252 2104 5306 ad
2136 5251 2309 5322 ipsum
2353 5253 2717 5323 episcopatum
2759 5256 2842 5310 vel
2889 5256 3060 5326 ipsam
3098 5257 3379 5312 ecclesiam
3425 5258 3595 5312 sancti

2033 5338 2245 5394 Martini
2266 5339 2503 5410 legitimo
2532 5342 2725 5397 redibit
2754 5344 2928 5410 initio,
2955 5360 3055 5400 nec
3073 5347 3139 5400 ad
3170 5361 3359 5401 causas
3382 5344 3595 5401 audien-

2031 5426 2157 5483 dum
2181 5470 2196 5495 ,
2243 5442 2343 5483 nec
2388 5427 2558 5484 freda-
2587 5431 2928 5502 exigendum,
2969 5448 3068 5488 nec
3112 5432 3448 5504 ﬁdejussores
3486 5432 3589 5488 tol-

427 5564 456 5595 ι
485 5551 544 5607 Si
569 5560 706 5642 lpost
746 5552 1013 5612 Kalendas
1049 5556 1265 5614 Martias
1308 5558 1432 5613 anni
1482 5557 1585 5613 752
1636 5566 1920 5615 coronatus
1957 5568 2037 5614 cst
2100 5562 2373 5632 Pippinus,
2422 5565 2523 5621 hoc
2571 5565 2824 5634 placitum
2862 5568 2914 5622 in
2959 5583 3154 5625 annum
3185 5568 3286 5626 753
3344 5568 3587 5642 rejicicn-

360 5621 487 5678 dum
506 5621 606 5679 est.
