4018 6174
445 281 586 338 1525

1437 276 1704 335 ειῐουιι
1740 279 1848 334 VIII
1890 277 2320 336 MONUMENTA
2360 277 2691 336 SELECTA.

3570 275 3717 329 1524

441 389 680 453 Iendum,
718 401 817 440 nec
845 385 1151 440 mansiones
1182 391 1275 436 aut
1299 392 1517 452 paratas
1554 384 1882 452 faciendum,
1916 401 2016 440 nec
2046 391 2092 449 Α
2120 395 2180 440 ut
2213 386 2314 441 hoc
2356 387 2531 441 denuo
2575 385 2722 441 circa
2773 383 2951 455 ipsum
2998 381 3387 438 monasterium
3433 380 3519 434 vel
3562 380 3718 451 ipsos

441 479 688 536 homines
719 475 886 546 ipsius
922 474 1163 529 ecclesia:
1205 473 1271 528 de
1310 474 1553 542 qualibet
1600 490 1765 530 causa
1803 476 2023 531 distrin-

439 569 694 639 gendum,
725 580 827 620 nec
859 563 968 636 ulla
1003 563 1362 618 redhibitione
1401 564 1779 635 requirendum
1815 566 2022 635 ingredi

442 674 548 712 non
589 655 943 726 praasumatis,
994 653 1085 707 sed
1133 653 1272 707 sicut
1315 653 1428 723 ipsa
1481 653 1739 709 beneﬁcia
1793 656 1861 709 ab
1909 657 2021 726 jam

439 751 598 805 dictis
639 747 972 817 principibus
1028 745 1096 799 ad
1145 761 1304 814 supra
1350 747 1683 800 nominatam
1737 748 2019 803 ecclesiam

436 838 656 894 fuerunt
711 837 932 899 indulta,
977 844 1033 890 et
1070 851 1238 906 usque
1289 851 1432 889 nunc
1471 845 1809 901 conservata,
1852 838 1924 892 ita
1967 851 2023 896 et

436 928 690 997 deinceps
737 935 1165 991 conserventur,
1224 933 1278 979 et
1322 926 1708 996 qualiscunque
1753 927 2018 998 superﬂua

398 1036 598 1089 super
639 1020 776 1073 hanc
821 1026 1058 1071 nostram
1102 1017 1505 1082 authoritatem,
1550 1017 1782 1088 generali
1825 1019 2020 1074 conﬁr-

435 1111 671 1166 matione
720 1112 774 1166 in
821 1111 916 1167 Dei
958 1112 1174 1166 nomine
1216 1111 1525 1179 perenniter
1555 1112 2017 1168 maneantincon-

433 1201 604 1258 vulsa.
649 1211 705 1257 et
746 1203 1001 1272 quicquid
1038 1203 1232 1258 exinde
1261 1203 1422 1256 ﬁscus
1449 1211 1635 1258 noster
1655 1211 1868 1272 poterat
1894 1219 2016 1272 spe-

436 1308 557 1347 rare
580 1293 634 1346 in
657 1293 1014 1350 luminaribus
1047 1293 1290 1349 ecclesia:
1323 1294 1375 1348 in
1420 1303 1736 1363 perpetuum
1769 1295 2016 1364 proﬁciat

432 1381 486 1435 in
527 1385 846 1454 augmentis,
886 1392 941 1438 et
969 1392 1026 1436 ut
1055 1385 1170 1438 htec
1195 1383 1497 1438 authoritas
1525 1393 1631 1438 tam
1664 1385 2016 1454 praesentibus

433 1489 594 1550 quam
633 1483 688 1530 et
725 1475 918 1533 futuris
967 1475 1323 1545 temporibus,
1375 1476 1485 1529 Deo
1533 1476 1804 1545 adiutore,
1846 1477 2016 1546 possit

431 1571 700 1627 constare,
752 1566 938 1619 subter
977 1578 1096 1618 earn
1143 1580 1304 1619 manu
1329 1566 1544 1635 prepria
1577 1566 1914 1620 decrevimus
1936 1582 2017 1622 ro-

429 1651 647 1713 borare.

509 1740 731 1812 Signum
757 1744 972 1813 gloriosi
1004 1743 1177 1813 Pipini
1208 1744 1352 1815 regis
1383 1730 1737 1798 Francorum.

509 1832 854 1896 Wineramus
885 1836 1194 1905 recognovi.

1153 1949 1290 2003 XIII.

430 2034 754 2105 Prwccptum
778 2037 988 2108 Pippim'
1018 2040 1150 2109 regis
1183 2056 1276 2108 pro
1325 2038 1656 2098 MorbaCensi
1698 2046 2013 2098 monasterio

1053 2111 1214 2179 (anno
1245 2109 1389 2172 755).

552 2214 712 2276 (Apud
736 2215 794 2264 D.
822 2216 1064 2278 Bouquet.
1097 2217 1289 2273 Recueil
1327 2226 1413 2273 des
1439 2222 1564 2274 Hist.
1588 2223 1652 2274 de
1672 2223 1906 2288 France.)

499 2314 755 2387 Pippinus
792 2334 903 2395 rex
951 2319 1284 2379 Francorum
1333 2325 1416 2379 vir
1444 2326 1684 2380 illustris.
1723 2326 2008 2396 Principali

425 2403 641 2474 quidem
703 2407 1004 2468 clementize
1049 2423 1364 2472 cunctorum
1406 2416 1560 2470 decet
1601 2418 2010 2477 accommodare

426 2513 611 2552 aurem
657 2502 968 2576 benignam,
1013 2507 1385 2577 praecipueque
1425 2521 1525 2575 pro
1553 2507 1870 2576 compendio
1895 2509 2011 2562 ani-

426 2605 636 2648 marum
679 2611 708 2648 a
739 2597 1164 2666 praecedentibus
1202 2597 1417 2667 regibus
1447 2597 1879 2652 antecessoribus
1915 2613 2011 2651 no-

426 2682 554 2736 stris
580 2683 647 2737 ad
681 2683 798 2738 loca
837 2684 1188 2738 ecclesiarum
1229 2686 1520 2754 probamus
1561 2699 1680 2740 esse
1721 2685 2005 2750 indultum,

423 2772 613 2826 devota
649 2774 904 2829 debemus
934 2783 1113 2830 mente
1139 2777 1498 2845 perpendere,
1532 2785 1588 2830 et
1622 2785 1815 2831 cuncta
1840 2777 2006 2831 bene-

426 2863 576 2927 ﬁcia,
645 2873 704 2918 ut
744 2881 1048 2922 mereamur
1090 2867 1157 2919 ad
1201 2865 1503 2920 mercedem
1544 2881 1665 2920 esse
1691 2867 2003 2936 participes,

422 2971 528 3009 non
562 2971 788 3026 negare;
831 2959 924 3011 sed
957 2957 1334 3012 robustissimo
1366 2956 1490 3024 jure
1531 2973 1628 3028 pro
1655 2959 1854 3013 nostris
1883 2973 2007 3014 ora-

425 3047 560 3102 culis
583 3047 926 3102 conllrmare.
967 3047 1134 3119 Igitur
1166 3061 1191 3088 ι
1224 3047 1576 3103 Baldebertus
1622 3048 1704 3102 vir
1726 3050 2006 3104 venerabi-

422 3137 490 3198 lis
515 3138 655 3193 dono
678 3138 774 3194 Dei
798 3139 966 3193 abbas
993 3139 1060 3194 de
1088 3140 1414 3193 monasterio
1440 3139 2004 3210 “vario-Peregrino-

423 3244 574 3293 rum,
614 3230 704 3299 qui
737 3229 952 3300 ponitur
994 3230 1046 3285 in
1081 3246 1218 3301 pago
1262 3230 1547 3286 Alsasense
1585 3246 1747 3301 super
1785 3232 2005 3286 ﬂuvium

421 3315 663 3384 Morbac,
697 3319 787 3388 qui
827 3328 911 3374 est
953 3329 1295 3375 constructus
1344 3321 1396 3374 in
1441 3321 1645 3375 honore
1675 3321 1846 3375 sancti
1877 3320 2008 3376 Leo-

417 3406 625 3478 degarii
654 3418 708 3463 et
741 3412 910 3464 sancti
940 3409 1083 3464 Petri
1124 3411 1349 3481 apostoli
1380 3419 1433 3466 et
1461 3420 1659 3466 sancta:
1689 3411 1869 3467 Maria:
1904 3427 2005 3467 ca!-

419 3507 766 3567 terorumque
797 3508 1136 3566 sanctorum,
1169 3501 1258 3554 ubi
1287 3501 1400 3572 ipse
1436 3517 1557 3555 cum
1587 3502 1741 3556 turba
1772 3502 2004 3572 plurima

423 3588 806 3642 monachorum
831 3588 1106 3644 deservire
1121 3591 1380 3655 noscitur,
1407 3589 1705 3648 clementiae
1729 3592 1878 3662 regni
1907 3607 2018 3645 κιο--

417 3679 514 3730 stri
548 3680 810 3748 suggessit
848 3696 913 3735 eo
954 3681 1095 3750 quod
1136 3681 1306 3735 nostri
1331 3689 1699 3736 antecessores
1733 3682 2002 3750 quondam

419 3783 512 3842 per
541 3785 726 3822 eorum
751 3770 1106 3825 authoritatcs
1150 3771 1360 3824 illorum
1401 3773 1650 3827 manibus
1672 3773 2003 3843 subscriptas

418 3856 484 3909 de
512 3857 651 3910 villis
683 3859 847 3926 ipsius
875 3868 1073 3914 sanetre
1102 3859 1373 3923 ecclesiae,
1403 3861 1546 3929 quod
1574 3861 1752 3933 [quas]
1781 3863 1846 3917 ad
1866 3879 2003 3933 pra:-

417 3960 542 3998 seus
566 3947 899 4014 possidebat,
940 3956 1047 4001 tam
1085 3965 1151 4004 ex
1192 3951 1510 4006 muneribus
1545 3953 1876 4021 principum,
1907 3967 2001 4006 seu

418 4039 713 4093 Eberhardi
752 4041 841 4109 qui
870 4041 1044 4110 ipsum
1084 4044 1473 4097 monasterium
1509 4045 1561 4098 in
1590 4060 1683 4098 sua
1709 4043 1999 4099 elemosina

417 4129 696 4196 fundavit,
751 4148 911 4200 quam
958 4148 1022 4186 ex
1069 4135 1380 4204 pagensium
1427 4133 1706 4205 largitate,
1743 4135 1826 4189 vel
1858 4137 1999 4204 quod

415 4216 631 4272 inantea
660 4234 687 4271 a
730 4219 896 4272 Deum
931 4220 1242 4280 timentibus
1269 4223 1575 4277 hominilms
1607 4223 1804 4278 ibidem
1847 4224 2000 4279 dele-

413 4317 597 4381 gatum
623 4309 738 4376 fuit,
762 4312 972 4384 integra
1001 4313 1295 4370 emunitate
1320 4315 1805 4380 concessissent,ut
1821 4315 1998 4371 nullus

407 4396 571 4469 iudex
594 4401 840 4471 publicus
871 4403 924 4456 in
948 4403 1089 4457 villis
1114 4403 1196 4458 vel
1224 4405 1386 4459 rebus
1407 4405 1574 4474 ipsius
1597 4405 1838 4461 ecclesiae
1860 4422 1990 4470 sum,

413 4507 514 4546 nec
556 4492 623 4546 ad
663 4507 856 4548 causas
888 4493 1211 4559 audiendas,
1244 4511 1343 4550 nec
1390 4495 1539 4551 freda
1582 4496 1863 4567 exigenda,
1894 4511 1993 4552 nec

412 4583 721 4639 mansiones
768 4593 860 4640 aut
907 4596 1125 4656 paratas
1157 4586 1449 4652 faciendas,
1503 4605 1603 4644 nec
1649 4587 1990 4658 ﬁdeiussores

411 4673 734 4738 tollendum,
768 4690 867 4730 nec
893 4676 1138 4732 homines
1163 4679 1331 4748 ipsius
1365 4679 1606 4735 ecclesim
1635 4681 1700 4734 de
1734 4682 1993 4750 quibusli-

408 4764 500 4818 bet
523 4766 701 4821 causis
739 4765 1161 4838 distringendum
1187 4810 1200 4833 ,
1240 4785 1340 4824 nec
1375 4770 1538 4824 ullam
1581 4772 1989 4828 retributionem

409 4855 792 4925 requirendum
817 4899 832 4924 ,
880 4858 1074 4912 ibidem
1123 4861 1402 4931 ingredere
1443 4878 1549 4916 non
1583 4864 1795 4918 audeat.
1838 4864 1992 4920 Unde

407 4943 578 5016 ipsam
605 4947 1018 5017 prmeeptionem
1053 4951 1483 5006 antecessoribus
1521 4953 1721 5008 nostris
1761 4952 1872 5021 jam
1915 4955 1995 5010 di~

406 5037 512 5099 etis
533 5037 1046 5110 [antecessorum....
1077 5041 1366 5114 dictorum]
1385 5083 1398 5106 ,
1444 5057 1538 5098 seu
1568 5053 1621 5097 et
1651 5061 1840 5099 eorum
1865 5061 1992 5100 con-

408 5128 768 5186 ﬁrmationem
812 5132 1115 5187 antedictus
1161 5133 1297 5188 abba
1334 5133 1686 5190 Baldebertus
1716 5144 1894 5190 rector
1927 5137 1992 5191 de

407 5218 524 5288 ipso
558 5224 884 5278 monasterio
933 5224 1088 5278 nobis
1132 5226 1366 5280 ostendit
1409 5227 1474 5280 ad
1512 5227 1854 5298 relegendum
1881 5269 1895 5292 ,
1936 5239 1989 5282 et

405 5307 579 5379 ipsum
604 5313 937 5370 beneﬁcium
968 5317 1112 5371 circa
1152 5317 1396 5372 eamdem
1439 5329 1791 5374 memoratam
1819 5319 1990 5376 eccle-

406 5397 544 5451 siam
590 5402 759 5471 ipsius
799 5421 969 5476 usque
1016 5424 1158 5462 nunc
1195 5409 1390 5463 asserit
1433 5424 1551 5463 esse
1589 5419 1984 5464 conservatum.

406 5482 514 5546 Sed
535 5505 631 5558 pro
661 5494 932 5553 ﬁrmitatis
957 5500 1134 5554 studio
1162 5501 1318 5571 petiit
1348 5500 1717 5557 celsitudinem
1745 5511 1986 5556 nostram

2123 475 2417 530 monachos
2448 484 2630 529 nostra
2661 475 2882 530 deberet
2902 473 3204 528 authoritas
3237 474 3562 542 generaliter
3581 485 3717 526 oon-

2122 564 2359 619 ﬁrmare.
2398 563 2564 633 Cujus
2591 565 2907 634 petitionem
2937 578 3036 634 pro
3066 562 3367 618 reverentia
3391 562 3564 631 ipsius
3582 560 3715 624 loci.

2121 663 2182 708 ut
2207 669 2513 709 mereamur
2541 655 2608 710 ad
2656 655 2959 709 mercedem
2991 654 3185 710 sociari
3207 695 3223 720 ,
3271 653 3592 723 plenissima
3617 667 3716 709 vo-

2120 743 2323 799 luntate
2359 744 2459 799 visi
2489 739 2691 798 fuimus
2718 745 3033 814 praestitisse
3046 762 3066 810 ',
3107 744 3191 798 vel
3215 744 3270 798 in
3295 745 3549 799 omnibus
3572 758 3713 800 con-

2120 834 2366 890 ﬁrmasse
2404 835 2732 902 cognoscite.
2786 834 3168 904 Praecipientes
3208 850 3336 905 ergo
3366 833 3626 902 iubemus
3650 846 3717 889 ut

2119 925 2296 980 nullus
2315 925 2480 994 judex
2509 926 2755 997 publicus
2791 929 2845 982 in
2882 943 2971 983 res
3000 927 3082 982 vel
3112 927 3394 983 facultates
3423 930 3599 997 ipsius
3627 944 3716 984 ec-

2118 1017 2314 1083 clesire,
2348 1032 2448 1073 nec
2484 1016 2551 1072 ad
2582 1033 2775 1072 causas
2804 1017 3130 1084 audiendas,
3165 1027 3219 1073 et
3244 1017 3395 1073 freda
3420 1020 3713 1090 exigenda,

2118 1124 2217 1162 nec
2241 1108 2548 1163 mansiones
2573 1117 2666 1162 aut
2681 1117 2901 1178 paratas
2913 1107 3208 1173 faciendas,
3238 1124 3338 1164 nec
3361 1108 3718 1177 ﬁdeiussores

2117 1197 2432 1262 tollendum,
2456 1212 2558 1252 nec
2573 1199 2823 1253 homines
2835 1199 3008 1269 ipsius
3031 1199 3283 1254 Ecclesia:
3307 1209 3418 1254 tam
3441 1201 3715 1270 ingenuos

2115 1306 2278 1360 quam
2303 1307 2509 1358 servos,
2531 1293 2625 1362 qui
2650 1308 2813 1362 super
2834 1308 3022 1349 eorum
3045 1302 3222 1349 terras
3248 1295 3331 1348 vel
3362 1295 3516 1348 initio
3549 1310 3712 1349 com-

2115 1397 2335 1436 manere
2353 1382 2620 1447 videntur,
2655 1384 2747 1453 qui
2770 1384 2970 1439 ibidem
2991 1385 3283 1454 aspiciunt,
3307 1384 3374 1438 de
3401 1382 3561 1456 [ejus]
3586 1383 3713 1452 qui-

2114 1471 2347 1526 buslibet
2375 1472 2552 1527 causis
2578 1473 3010 1543 distringendum
3029 1514 3044 1540 ,
3079 1490 3179 1530 nec
3221 1474 3361 1529 ullas
3391 1473 3709 1528 retributio—

2115 1575 2210 1614 nes
2235 1562 2638 1631 requirendum,
2669 1563 2866 1618 ibidem
2894 1564 3173 1635 ingredere
3197 1580 3305 1619 non
3333 1565 3543 1619 debeat.
3588 1561 3706 1618 Sed

2115 1652 2257 1708 sicut
2280 1653 2449 1723 ipsius
2489 1653 2806 1709 beneﬁcium
2851 1669 2882 1707 a
2915 1653 3029 1724 jam
3073 1654 3231 1709 dictis
3265 1653 3711 1708 antecessoribus

2048 1752 2092 1814 Β
2121 1744 2321 1799 nostris
2346 1744 2606 1800 indultum
2627 1785 2641 1810 ,
2678 1744 2922 1814 priorum
2946 1744 3250 1815 principum
3281 1744 3608 1798 authoritate
3630 1743 3709 1798 ad

2106 1831 2219 1900 jam
2253 1834 2451 1888 dictam
2493 1835 2778 1890 ecclesiam
2808 1849 2977 1904 usque
3004 1849 3147 1904 nunc
3176 1834 3274 1889 fuit
3299 1843 3707 1898 conservatum,

2114 1923 2186 1977 ita
2217 1931 2272 1977 et
2300 1923 2553 1993 deinceps
2582 1940 2679 1994 per
2698 1901 2940 1979 nostram
2961 1901 3340 1980 auctoritatem
3371 1924 3712 1994 generaliter

2113 2021 2329 2068 maneat
2360 2013 2755 2069 ineonvulsum.
2795 2014 2862 2069 Et
2897 2013 3158 2085 quidquid
3181 2014 3376 2069 exinde
3405 2013 3570 2068 ﬁscus
3597 2028 3707 2068 no-

2112 2112 2226 2160 ster
2256 2114 2468 2174 poterat
2490 2121 2706 2176 sperare
2725 2147 2739 2170 ,
2775 2107 2828 2160 in
2857 2107 3028 2176 ipsius
3055 2107 3257 2162 domini
3283 2103 3605 2177 Leodegarii
3644 2116 3709 2161 et

2114 2195 2284 2248 sancti
2308 2194 2450 2248 Petri
2484 2194 2842 2251 luminaribus
2884 2196 2969 2252 vel
2991 2206 3193 2251 sancta:
3223 2196 3425 2261 Marize,
3461 2213 3564 2268 pro
3591 2207 3708 2252 sta-

2109 2284 2316 2338 bilitate
2359 2285 2510 2355 regni
2558 2286 2728 2340 nostri
2756 2286 3007 2355 proﬁciat
3049 2286 3103 2340 in
3131 2295 3502 2357 augmentum.
3553 2286 3620 2342 Et
3639 2297 3709 2342 ut

2111 2373 2226 2426 haec
2253 2375 2556 2428 authoritas
2583 2385 2688 2428 tam
2717 2375 3075 2444 praesentibus
3103 2391 3263 2445 quam
3285 2385 3338 2430 et
3354 2376 3706 2432 futuristem-

2109 2462 2329 2531 poribus
2357 2465 2527 2532 possit
2561 2474 2833 2529 constare,
2861 2481 3024 2520 manu
3051 2475 3231 2521 nostra
3260 2468 3447 2521 subter
3467 2468 3703 2523 robora-

2109 2552 2302 2617 vimus,
2337 2563 2392 2607 et
2422 2555 2622 2610 annulo
2653 2565 2836 2610 nostro
2865 2556 3102 2624 sigillare
3126 2555 3403 2626 iussimus.

2832 2644 2970 2700 XIV.
3419 2694 3424 2701 .

2105 2732 2352 2803 Diploma
2398 2732 2607 2804 Pippini
2651 2737 2785 2864 reg(is
2824 2734 3215 2867 ργοἸέιὲιίιάἱηὶε
3258 2735 3430 2788 sancti
3454 2733 3705 2806 Dionysii

2743 2820 2881 2858 anno
3051 2844 3064 2857 .

2743 2820 2881 2858 anno
2920 2820 2946 2857 il
2954 2820 3064 2858 ω).

2107 2893 2271 2956 (Αρυὰ
2297 2893 2622 2954 Felibianum,
2649 2895 2708 2961 in
2725 2895 2922 2961 Probat.
2948 2895 3074 2961 ωδε.
3100 2896 3392 2961 ιδδηςθιιοιὶ
3414 2895 3642 2960 Dimysil
3662 2937 3683 2961 ,

2556 2969 2666 3020 pag.
2685 2957 2768 3018 24,
2795 2970 2858 3007 ex
2881 2956 2939 3005 D.
2967 2956 3239 3020 Bouqnet.)

2180 3036 2442 3110 Pippinus
2467 3053 2558 3093 rex
2587 3038 2918 3094 Francorum
2939 3039 3022 3092 vir
3043 3038 3271 3094 illuster.
3312 3037 3578 3097 Omnibus
3596 3041 3668 3096 du
3689 3071 3694 3076 -

2107 3127 2280 3190 cibus,
2313 3130 2620 3195 comitibus,
2675 3128 3043 3199 graﬁionibus,
3087 3130 3416 3193 domesticis,
3451 3132 3691 3200 vicariis,

2105 3218 2432 3272 eentenariis
2460 3257 2475 3283 ,
2529 3219 2612 3272 vel
2660 3233 2849 3274 omnes
2900 3226 3124 3290 agentes
3175 3228 3282 3273 tam
3333 3221 3692 3289 praesentibus

2105 3321 2265 3376 quam
2295 3317 2350 3360 et
2376 3306 2590 3369 futuris,
2623 3321 2718 3362 seu
2741 3315 2797 3362 et
2816 3322 3005 3363 omnes
3028 3309 3226 3363 missus
3259 3318 3471 3363 nostros
3496 3311 3564 3363 de
3590 3323 3690 3376 pa-

2107 3396 2243 3451 Iacio
2291 3397 2490 3466 ubique
2537 3397 2891 3457 discurentes.
2948 3397 3118 3468 Igitur
3157 3408 3442 3470 cognoscat
3485 3400 3692 3454 utilitas

2104 3500 2198 3540 seu
2237 3487 2547 3556 magnitudo
2577 3496 2789 3554 vestra,
2823 3489 2963 3558 quod
2997 3491 3318 3546 venerabilis
3350 3491 3426 3544 vir
3451 3489 3685 3545 Folera-

2103 3573 2204 3628 dus
2240 3575 2376 3630 abba
2407 3577 2472 3630 de
2497 3576 2718 3632 basilica
2744 3578 3034 3646 peculiaris
3060 3581 3274 3649 patroni
3314 3581 3476 3637 nostri
3504 3581 3682 3638 sancti

2103 3660 2366 3732 Dionysii,
2404 3665 2494 3718 ubi
2531 3665 2643 3735 ipse
2680 3665 2950 3736 pretiosus
2976 3668 3206 3724 domnus
3234 3685 3356 3723 cum
3382 3671 3546 3726 sociis
3572 3673 3685 3728 suis

2102 3769 2326 3823 corpore
2354 3758 2693 3826 requiescere
2721 3759 2951 3824 videtur,
2988 3760 3071 3814 vel
3114 3761 3229 3832 ipse
3260 3762 3396 3817 abba
3425 3779 3530 3817 una
3562 3780 3682 3818 cum

2103 3854 2279 3900 turma
2314 3846 2542 3916 plurima
2571 3851 2956 3906 monachorum
2983 3853 3034 3906 in
3065 3853 3183 3922 ipso
3207 3855 3460 3909 ctenubio
3496 3857 3686 3927 degere

2101 3938 2370 4003 videntur,
2414 3942 2498 3996 vel
2533 3943 2753 4000 domino
2791 3945 3021 4000 militare
3056 3957 3373 4011 noscuntur,
3405 3951 3567 4004 missa
3591 3965 3683 4022 pe-

2101 4030 2289 4086 titione
2315 4033 2471 4088 nobis
2509 4046 2892 4106 suggesserunt
2926 4053 2992 4094 eo
3019 4041 3164 4110 quod
3197 4056 3229 4094 a
3256 4041 3418 4112 longo
3448 4052 3683 4114 tempore

2099 4120 2398 4176 anteriores
2425 4137 2581 4193 reges
2612 4125 2842 4180 domnus
2871 4125 3204 4197 Dagohertus
3247 4139 3303 4184 et
3337 4131 3675 4198 Chlodovius,

2099 4225 2194 4266 seu
2219 4221 2274 4266 et
2296 4221 2481 4283 postea
2509 4214 2810 4273 Hildericus
2835 4227 2890 4272 et
2911 4219 3298 4287 Theudericus,
3337 4231 3392 4277 et
3417 4223 3678 4279 Clotarius

2097 4302 2365 4369 quondam
2411 4319 2565 4375 reges
2587 4346 2601 4370 ,
2637 4307 2801 4361 etiam
2829 4317 2884 4363 et
2917 4307 3246 4375 Hiltbertus,
3291 4320 3349 4366 et
3385 4313 3672 4368 avunculus

2098 4403 2281 4448 noster
2308 4395 2649 4452 Grimoaldus
2675 4398 2922 4467 majorim
2945 4401 3155 4468 domus,
3181 4403 3392 4476 ipsique
3414 4405 3675 4475 quondam

2098 4501 2287 4541 omnes
2315 4487 2573 4543 telloneos
2616 4488 2754 4544 infra
2790 4507 2924 4562 pago
2953 4492 3230 4552 Parisiaco
3261 4493 3330 4550 de
3373 4511 3560 4551 omnes
3584 4509 3681 4555 ne-

2098 4578 2374 4633 cuciantes
2425 4587 2536 4634 tam
2578 4579 2840 4646 Saxones,
2884 4599 3044 4652 quam
3071 4583 3372 4652 Frisiones,
3424 4586 3504 4640 vel
3541 4585 3682 4644 alia

2097 4671 2350 4726 naciones
2383 4673 2717 4741 pnomiscuas
2753 4675 2822 4730 de
2861 4692 3103 4746 quasque
3150 4693 3320 4748 pagos
3351 4679 3433 4733 vel
3459 4681 3680 4750 provino

2097 4763 2210 4818 cias
2237 4764 2304 4818 ad
2333 4763 2623 4821 festivitate
2660 4768 2831 4822 sancti
2856 4769 3095 4839 Dionysii
3123 4771 3385 4840 martyris
3407 4811 3421 4832 ,
3469 4779 3579 4826 tam
3624 4772 3681 4825 in

2097 4857 2213 4928 ipso
2239 4860 2494 4914 marcado
2536 4875 2697 4929 quam
2742 4869 2796 4914 et
2841 4861 2892 4914 in
2933 4861 3046 4930 ipsa
3089 4861 3308 4916 civitate
3337 4861 3578 4917 Parisios
3615 4864 3682 4918 de

2094 4948 2208 5018 ipsa
2231 4949 2368 5013 vice,
2397 4965 2490 5006 seu
2518 4957 2572 5003 et
2605 4965 2702 5019 per
2723 4949 2976 5014 villabus,
3019 4949 3101 5004 vel
3131 4965 3228 5020 per
3258 4965 3415 5020 agros
3443 4959 3553 5004 tam
3580 4951 3680 5005 ibi-

2094 5039 2214 5092 dem
2263 5055 2423 5109 quam
2451 5049 2506 5094 et
2549 5040 2712 5095 aliubi
2748 5042 2817 5095 ad
2861 5040 3273 5107 necuciandum,
3323 5042 3405 5097 vel
3452 5041 3675 5096 necocia

2091 5135 2321 5206 plurima
2351 5137 2710 5190 exercendum
2729 5177 2744 5199 ,
2784 5145 2840 5191 et
2866 5137 2989 5191 vina
3011 5138 3431 5207 comparandum
3468 5139 3520 5192 in
3551 5151 3678 5206 por—

2093 5232 2180 5279 tus
2203 5266 2216 5290 ,
2266 5233 2322 5279 et
2359 5240 2458 5294 per
2487 5225 2696 5279 diversa
2731 5225 2949 5279 ﬁumina
2977 5227 3070 5296 qui
3117 5227 3187 5282 ad
3233 5227 3347 5296 ipsa
3383 5226 3697 5292 festivitate,

2093 5319 2436 5380 advenerint,
2470 5327 2530 5372 ut
2569 5319 2686 5387 ipso
2731 5318 2992 5374 telloneus
3035 5320 3090 5374 in
3124 5321 3436 5392 integritate
3464 5321 3530 5375 de
3558 5321 3675 5391 ipsa

2091 5408 2208 5464 vice
2238 5409 2304 5464 ad
2337 5425 2460 5464 casa
2505 5411 2679 5464 sancti
2718 5409 2959 5480 Dionysii
2990 5413 3399 5476 concessissent,
3431 5412 3517 5468 vel
3545 5428 3672 5468 con-

2044 5552 2046 5555 .
2093 5500 2434 5557 ﬁrmassent:
2481 5505 2622 5558 unde
2666 5511 2720 5557 et
2767 5503 2913 5572 ipsas
2940 5504 3324 5572 praeceptiones
3352 5504 3438 5556 vel
3473 5503 3674 5560 contin-

477 5622 583 5708 fls
619 5626 924 5708 ex_abba_t.e
955 5630 1295 5708 illorbaecnsi
1344 5636 1628 5708 episcopus
1698 5634 2018 5691 Basileensis
2084 5635 2437 5694 Attiniaceusi
2491 5641 2780 5696 eonventui
2833 5639 3078 5697 interluit
3131 5653 3274 5702 anno
3321 5636 3447 5692 765.
3513 5637 3662 5708 Apud

404 5693 677 5760 Labbeum
706 5704 832 5750 tom.
859 5699 923 5754 VI
949 5699 1177 5769 Concil.,
1207 5703 1309 5758 col.
1345 5693 1500 5764 1702.
