4046 6172
385 351 517 408 1595

1148 353 1410 422 ΡιΡΡιΜ,
1450 353 1946 412 CAROLOMANNI
1981 353 2069 408 ET
2105 353 2412 409 ALIORUM
2452 353 2856 409 DIPLOMATA.

3467 361 3612 414 15:16

377 464 649 519 maciones
673 464 1002 520 anteriorum
1027 480 1210 536 regum
1235 468 1391 522 nobis
1419 467 1472 520 in
1498 473 1762 536 prtesente
1788 465 1942 520 obtu-
1969 465 2023 524 Α
2046 463 2198 530 cado,
2216 479 2316 518 nec
2335 479 2430 534 per
2444 481 2630 521 eorum
2651 481 2831 537 agros,
2861 479 2959 521 nec
2979 475 3191 536 portus,
3227 471 3326 524 nec
3352 471 3418 525 de
3441 473 3609 527 bouui-

375 551 554 608 lerunt
581 553 910 624 relegendas.
960 552 1208 608 Delectas
1239 563 1294 609 et
1323 568 1606 624 percursas
1633 552 1778 622 ipsas
1803 566 1943 621 pra:-

376 642 682 712 ceptiones,
732 656 827 696 seu
877 649 930 698 et
982 641 1442 708 conﬁrmaciones,
1490 641 1575 698 vel
1620 642 1710 696 illo
1743 639 1946 708 judicio

376 730 677 784 evindicato
707 731 904 786 domno
936 731 1198 786 Hiltberto
1226 747 1352 802 rege
1384 741 1438 787 et
1460 731 1722 786 avunculo
1762 740 1946 784 nostro

374 817 683 874 Grimoaldo
712 819 958 888 majorim
985 821 1162 886 domo,
1199 836 1358 889 quem
1383 831 1603 894 agentes
1627 821 1799 876 sancti
1819 819 1947 875 Dio-
1989 812 1991 815 ’

376 907 515 976 nysii
545 923 707 978 super
733 907 944 962 inlustri
987 911 1103 962 viro
1148 908 1456 965 Grimoaldo
1503 909 1748 979 majorim
1789 911 1947 964 domo

376 998 844 1063 evindicaverunt,
873 999 1046 1068 ipsum
1074 999 1230 1054 nobis
1261 1000 1570 1054 obtulerunt
1602 1001 1670 1053 ad
1704 998 1946 1069 relegen-

376 1089 522 1142 dum.
560 1089 626 1143 Et
649 1097 832 1159 postea
866 1091 1184 1160 suggerebat
1218 1090 1331 1161 ipse
1364 1089 1626 1145 Folradus
1653 1090 1822 1154 abba,
1862 1087 1948 1142 vel

376 1179 622 1233 monachi
651 1179 819 1234 sancti
842 1178 1102 1249 Dionysii,
1145 1188 1201 1234 et
1241 1181 1346 1235 hoc
1377 1181 1626 1236 dicebant
1654 1187 1713 1233 ut
1737 1179 1826 1233 ille
1852 1177 1949 1232 tel-

287 1332 291 1336 _
374 1267 560 1324 loneus
588 1271 652 1324 de
682 1269 770 1324 illo
813 1269 1066 1326 marcado
1109 1272 1163 1325 in
1200 1272 1430 1327 villabus
1466 1271 1550 1326 vel
1580 1286 1736 1342 agros
1761 1285 1946 1326 eorum

376 1369 517 1414 totus
544 1361 747 1429 absque
784 1358 984 1427 judicis
1021 1360 1298 1415 introitum
1340 1362 1408 1416 ad
1437 1376 1562 1416 casa
1607 1361 1780 1415 sancti
1824 1359 1949 1414 Dio-

374 1452 511 1521 nysii
545 1451 732 1505 adesse
762 1451 1024 1515 debebat,
1049 1459 1103 1504 et
1131 1451 1232 1506 hoc
1251 1451 1500 1506 dicebant
1527 1451 1668 1520 quod
1704 1458 1827 1504 ante
1851 1464 1948 1504 nos

373 1558 543 1597 annos
572 1541 782 1610 quando
812 1539 1000 1595 Carlus
1041 1540 1139 1594 fuit
1178 1541 1381 1611 ejectus
1405 1553 1430 1581 α
1453 1557 1548 1610 per
1593 1538 1948 1594 Soanachilde

373 1631 696 1701 cupiditate,
723 1638 778 1685 et
812 1629 1128 1686 Gairefredo
1152 1631 1392 1685 Parisius
1416 1629 1944 1692 comite'insidiante,

373 1735 470 1790 per
499 1735 684 1774 eorum
724 1735 989 1774 consensu
1034 1720 1101 1773 ad
1146 1719 1267 1774 illos
1304 1721 1647 1774 necuciantes
1681 1719 1764 1773 vel
1801 1734 1946 1772 mar-

374 1813 629 1865 cadantes
674 1825 771 1880 per
810 1811 1241 1880 deprecationem
1289 1825 1725 1880 unumquemque
1767 1810 1943 1864 bomi-
1975 1795 2022 1855 Β

374 1914 496 1952 nem
528 1898 814 1968 ingenuum
859 1897 1099 1953 dinarius
1139 1906 1370 1968 quatuor
1403 1899 1532 1954 dare
1574 1898 1858 1962 fecissent,
1895 1906 1950 1952 et

375 1991 477 2044 hoc
504 1989 583 2044 eis
611 1988 752 2042 malo
793 1989 983 2043 ordine
1021 1989 1276 2042 tulerunt.
1317 1989 1385 2042 Et
1419 1996 1606 2057 postea
1662 1987 1951 2044 Gairebar—

373 2079 476 2132 dus
499 2077 670 2132 comis
698 2077 912 2144 Parisii,
945 2077 1026 2130 vel
1049 2084 1269 2148 agentes
1298 2077 1380 2146 sui
1407 2077 1577 2145 ipsam
1612 2076 1950 2144 deprecatio-

375 2182 496 2220 nem
523 2168 791 2236 quomodo
821 2167 1021 2221 ibidem
1045 2167 1363 2221 invenerunt
1389 2181 1485 2235 per
1513 2165 1951 2221 consuetudinem

373 2256 442 2309 ad
473 2257 616 2325 ipsos
641 2256 886 2310 homines
907 2257 1010 2310 hoc
1037 2257 1379 2320 exactabant,
1409 2263 1464 2309 et
1483 2255 1551 2309 ad
1575 2269 1953 2324 unoquemque

373 2348 590 2402 homine
617 2349 848 2418 ingenuo
878 2351 943 2402 de
985 2363 1324 2419 quacumque
1343 2347 1590 2412 natione,
1635 2347 1726 2416 qui
1766 2346 1832 2401 ad
1861 2346 1952 2400 illo

375 2439 627 2492 marcado
661 2438 1054 2503 adveniebant,
1104 2438 1346 2492 dinarius
1391 2445 1622 2506 quatuor
1666 2436 1736 2518 de
1764 2450 1951 2490 eorum

373 2530 550 2598 capite
594 2529 952 2593 exactabant,
1001 2529 1045 2583 si
1093 2528 1354 2598 ingenuus
1398 2535 1572 2593 esset;
1618 2534 1673 2581 et
1699 2527 1744 2581 si
1768 2539 1956 2582 servus

373 2629 510 2684 erat,
543 2629 668 2674 tunc
693 2617 976 2687 conjurare
1007 2618 1238 2673 debebat
1264 2617 1406 2687 quod
1437 2632 1622 2672 servus
1651 2615 1870 2679 fuisset,
1901 2623 1957 2668 et

375 2711 477 2781 ipsi
539 2712 821 2776 homines,
887 2712 1101 2780 quando
1144 2711 1261 2780 ipso
1304 2720 1641 2766 sacramento
1675 2709 1952 2779 iurabant,

373 2802 612 2872 quinque
643 2802 884 2856 dinarius
909 2815 1006 2870 pro
1033 2802 1134 2856 hoc
1158 2801 1448 2855 donabant.
1515 2801 1582 2854 Et
1604 2801 1707 2855 hoc
1736 2808 1956 2870 agentes

375 2891 543 2946 sancti
568 2890 838 2960 Dionysii,
878 2890 961 2943 vel
1006 2889 1266 2945 Folradus
1291 2890 1448 2956 abba,
1486 2905 1579 2944 seu
1608 2890 1684 2944 illi
1706 2889 1954 2944 monachi

375 2983 625 3038 dicebant
657 2981 800 3051 quod
831 2997 927 3051 per
957 2980 1117 3035 talem
1148 2982 1592 3038 consuetudinem
1627 2983 1713 3038 ille
1746 2997 1956 3038 marca-

374 3076 474 3130 dus
499 3073 686 3129 fuisset
706 3073 977 3128 eminutus
1003 3072 1086 3128 vel
1113 3073 1457 3140 abstractus,
1489 3083 1544 3128 ct
1569 3074 1642 3128 illi
1669 3074 1955 3129 nccucian-

2045 567 2140 606 nes
2165 569 2371 619 eorum,
2396 570 2495 610 nec
2515 570 2701 610 eorum
2725 556 3086 621 necuciantes,
3113 572 3209 612 nec
3229 559 3296 612 de
3317 575 3506 616 omnes
3519 576 3614 617 na-

2045 643 2228 698 ciones
2256 660 2600 714 quascunque
2630 647 2722 716 qui
2753 648 2821 702 ad
2847 645 2962 714 jam
3007 648 3150 703 dicto
3173 651 3423 705 marcado
3448 652 3614 706 adve-

2045 733 2221 800 niunt,
2239 750 2336 790 nec
2347 749 2444 804 per
2454 736 2609 791 villas
2629 751 2835 804 eorum,
2851 753 2949 792 nec
2960 738 3024 793 de
3041 739 3274 810 navigia,
3288 755 3387 796 nec
3409 742 3474 796 de
3499 759 3621 812 por-

2047 832 2152 887 tus,
2181 840 2280 880 nec
2309 828 2374 881 de
2399 842 2572 894 carra,
2600 845 2698 884 nec
2725 830 2792 885 de
2817 846 3050 895 saumas,
3079 832 3224 887 nullo
3244 833 3490 899 telloneo,
3520 851 3619 890 nec

2046 911 2289 978 foratico,
2329 930 2428 968 nec
2462 917 2708 980 rotatico,
2739 932 2836 972 nec
2865 919 3156 986 pontatico,
3198 935 3297 975 nec
3328 922 3617 990 portatico,

2047 1014 2146 1056 nec
2165 1002 2467 1070 salutatico,
2493 1020 2592 1059 nec
2615 1007 2930 1076 cispitatioo,
2949 1024 3048 1064 nec
3074 1013 3332 1066 mutatico
3351 1052 3366 1077 ,
3393 1029 3495 1068 nec
3515 1013 3621 1067 ulla

2046 1102 2256 1160 exacta,
2281 1111 2379 1150 nec
2402 1099 2834 1155 consuetudines.
2863 1114 2963 1155 nec
2996 1100 3114 1156 illos
3143 1101 3381 1156 dinarios
3401 1110 3619 1171 quatur,

2048 1184 2114 1238 de
2132 1201 2319 1239 omnes
2347 1186 2600 1242 naciones
2620 1189 2712 1257 qui
2735 1188 2928 1243 ibidem
2950 1188 3018 1242 ad
3039 1190 3154 1259 ipso
3175 1188 3428 1245 marcado
3461 1191 3621 1246 adve-

2049 1277 2223 1340 niunt,
2258 1290 2418 1346 quem
2466 1277 2838 1333 Soanachildis
2875 1288 2930 1334 et
2965 1279 3329 1344 Gairefredus,
3370 1290 3430 1335 ut
3459 1297 3621 1352 supra

2049 1367 2464 1440 memoravimus
2492 1369 2879 1424 consuetudine
2903 1370 3166 1426 miserunt
3191 1372 3257 1426 ad
3279 1373 3425 1443 ipsos
3457 1388 3622 1428 necu-

2049 1457 2252 1512 ciantes
2275 1497 2289 1521 ,
2338 1472 2437 1512 nec
2483 1457 2621 1512 infra
2653 1459 2768 1528 ipso
2803 1475 2941 1530 pago
2983 1461 3276 1533 Parisiago,
3303 1478 3402 1518 nec
3425 1464 3478 1518 in
3508 1464 3624 1532 ipsa

2049 1547 2285 1612 civitate,
2317 1548 2383 1602 de
2429 1548 2542 1617 ipsa
2567 1549 2684 1604 vice
2727 1564 2826 1603 nec
2866 1549 3029 1603 aliubi
3075 1550 3166 1620 qui
3207 1552 3274 1605 ad
3296 1551 3409 1621 ipsa
3440 1559 3626 1606 sancta

2049 1637 2340 1693 festivitate
2362 1639 2670 1705 adveniunt,
2703 1640 2845 1694 nulla
2877 1649 3067 1696 exacta
3093 1657 3193 1696 nec
3221 1642 3624 1707 contrarietate,

2049 1744 2220 1799 neque
2255 1745 2351 1785 vos
2372 1771 2387 1795 ,
2436 1745 2612 1799 neque
2649 1729 2892 1799 juniores
2945 1748 3039 1787 seu
3084 1748 3424 1788 successores
3460 1734 3630 1790 vestri

2051 1823 2268 1891 exigere
2307 1837 2407 1876 nec
2449 1831 2702 1877 exactare
2739 1838 2846 1877 non
2871 1825 3229 1892 praesumatis,
3259 1827 3385 1890 nisi,
3410 1835 3471 1881 ut
3493 1828 3631 1884 dixi-

2051 1929 2190 1976 mus,
2227 1909 2480 1982 quicquid
2503 1913 2697 1968 exinde
2726 1913 2886 1969 ﬁscus
2915 1923 3100 1968 noster
3125 1914 3351 1971 forsitan
3379 1917 3447 1971 ad
3475 1926 3630 1986 parte

2052 2010 2233 2056 nostra
2257 2041 2271 2064 ,
2319 2017 2414 2057 seu
2450 2010 2504 2056 et
2547 2002 2614 2056 ad
2658 2017 2847 2057 omnes
2894 2011 3114 2070 agentes
3137 2013 3352 2060 nostros
3384 2014 3634 2074 potuerat

2053 2110 2290 2164 sperare,
2316 2095 2497 2150 omnia
2522 2103 2577 2149 et
2617 2111 2680 2151 ex
2707 2095 2959 2150 omnibus
2983 2095 3097 2166 ipse
3130 2097 3392 2154 telloneus
3426 2099 3493 2152 ad
3519 2100 3633 2169 ipsa

2054 2199 2177 2237 casa
2200 2183 2294 2238 Dei
2333 2184 2387 2238 in
2416 2183 2683 2254 integrum
2723 2183 2795 2238 sit
2824 2199 3132 2250 concessus,
3164 2185 3338 2255 adque
3377 2187 3632 2253 indultus,
3689 2217 3698 2225 ε

2053 2272 2137 2326 vel
2162 2272 2520 2336 evindicatus,
2567 2273 2641 2327 ita
2666 2281 2725 2326 ut
2748 2272 2941 2328 futuris
2965 2274 3298 2346 temporibus
3327 2291 3423 2346 per
3449 2285 3635 2332 nostra

2054 2360 2374 2414 auctoritate
2398 2401 2412 2425 ,
2464 2359 2550 2414 vel
2578 2361 2911 2416 anteriorum
2939 2377 3127 2433 regum
3169 2363 3402 2418 habeant
3431 2365 3630 2420 conﬁr-

2055 2456 2290 2511 matum,
2344 2447 2428 2502 vel
2469 2448 2848 2504 evindicatum.
2904 2448 3039 2516 Quia
3080 2465 3178 2504 nos
3213 2461 3437 2521 propter
3467 2451 3635 2508 Deum

2055 2545 2110 2590 et
2132 2537 2432 2590 reverentia
2482 2534 2692 2606 prrefati
2742 2537 2924 2593 sancti.
2955 2537 3195 2608 Dionysii
3232 2539 3508 2609 martyris,
3541 2556 3636 2595 seu

2054 2641 2154 2696 pro
2179 2626 2370 2680 anima:
2411 2635 2611 2681 nostra:
2659 2626 2956 2682 remedium
2979 2667 2994 2692 ,
3043 2627 3128 2682 vel
3157 2627 3450 2682 stabilitate
3486 2630 3636 2700 regni

2056 2711 2420 2775 Francorum,
2468 2721 2525 2766 et
2561 2712 2687 2782 ﬁliis
2724 2715 2946 2781 nostris,
2973 2715 3060 2769 vel
3081 2715 3398 2784 posteritate
3423 2730 3636 2779 eorum,

2057 2804 2159 2857 hoc
2188 2802 2241 2856 in
2269 2802 2626 2858 luminaribus
2652 2804 2718 2858 ad
2746 2805 2861 2873 ipsa
2907 2821 3032 2860 casa
3059 2806 3229 2861 sancti
3253 2805 3525 2877 Dionysii,
3553 2805 3641 2864 vel

2057 2892 2125 2946 ad
2170 2892 2316 2962 ipsos
2364 2893 2676 2954 monachos,
2727 2910 2819 2948 seu
2851 2911 3115 2966 pauperes
3142 2905 3195 2953 et
3228 2900 3542 2971 peregrinos
3584 2899 3636 2953 in

2057 2991 2239 3038 nostra
2263 2984 2600 3056 eleemosyna
2638 2985 2742 3063 hoc
2772 2987 2824 3040 in
2854 2989 3105 3044 omnibus
3132 2991 3526 3054 concessimus,
3555 2989 3640 3043 vel

2058 3073 2518 3134 confirmavimus.
2544 3081 2604 3127 ut
2633 3075 2713 3128 eis
2738 3075 2930 3130 melius
2960 3076 3190 3130 delectet
3214 3093 3314 3147 pro
3343 3077 3638 3131 stabilitate

377 3174 459 3218 tes
489 3163 570 3216 vel
611 3178 799 3216 omnes
837 3162 1091 3216 naciones
1132 3164 1223 3231 qui
1270 3164 1337 3218 ad
1366 3163 1482 3232 ipso
1515 3164 1769 3218 marcado
1797 3164 1957 3218 adve-
1977 3136 2028 3200 ο
2060 3161 2211 3231 regni
2237 3161 2439 3226 nostri,
2470 3162 2554 3215 vel
2585 3177 2682 3231 pro
2711 3163 2920 3217 cunctis
2949 3164 3121 3218 leudis
3145 3165 3342 3219 nostris
3365 3206 3380 3228 ,
3427 3165 3636 3219 Domini

374 3256 492 3309 nire
518 3254 795 3318 solebant,
845 3268 943 3322 pro
976 3255 1077 3308 hac
1100 3270 1264 3308 causa
1291 3255 1407 3323 ipso
1430 3255 1686 3309 marcado
1725 3253 1958 3325 defugie-

375 3345 522 3406 bant,
551 3351 609 3397 ct
643 3343 730 3397 ille
766 3343 1027 3398 telloneus
1055 3344 1120 3399 de
1154 3345 1268 3414 ipsa
1300 3360 1422 3400 casa
1452 3344 1547 3400 Dei
1571 3355 1691 3399 erat
1720 3345 1958 3400 minutus

376 3432 456 3487 vel
512 3433 833 3488 abstractus.
902 3433 968 3487 Et
1006 3435 1120 3504 ipse
1167 3433 1531 3490 Gairehardus
1578 3435 1680 3488 hoc
1747 3434 1960 3489 dicebat

375 3524 517 3592 quod
544 3522 648 3576 alia
689 3523 1072 3578 consuetudine
1101 3524 1156 3576 in
1196 3524 1312 3592 ipso
1347 3523 1601 3576 marcado
1639 3537 1743 3576 non
1784 3523 1960 3576 misis-

377 3621 480 3677 set,
512 3613 616 3666 nisi
644 3612 876 3680 qualiter
901 3619 1060 3665 antea
1082 3610 1562 3678 perpermissione
1603 3609 1959 3666 Soanacbildc

376 3701 457 3752 vel
495 3699 608 3768 jam
654 3699 796 3754 dicto
825 3697 1140 3753 Gairefredo
1180 3700 1342 3756 missa
1388 3699 1609 3767 fuisset,
1660 3710 1716 3755 et
1759 3702 1958 3758 ibidem

376 3791 702 3856 invenisset,
752 3798 807 3844 et
867 3789 1021 3844 aliter
1086 3790 1280 3846 exinde
1343 3805 1503 3862 agere
1575 3807 1680 3847 non
1750 3793 1962 3847 volebat

375 3883 478 3937 nisi
536 3883 805 3952 quomodo
869 3881 1064 3936 domno
1128 3896 1256 3952 rege
1313 3883 1595 3952 placebat,
1673 3883 1756 3938 vel
1812 3900 1949 3953 quo-

377 3973 534 4027 modo
583 3990 613 4027 a
659 3973 818 4043 longo
861 3981 1070 4041 tempus
1120 3979 1362 4042 tempora
1408 3989 1595 4043 regum
1638 3973 1834 4027 ibidem
1862 3971 1962 4026 fuit

375 4064 725 4126 consuetudo,
776 4063 858 4117 vel
886 4063 952 4117 ad
990 4063 1105 4132 ipsa
1148 4063 1243 4117 Dei
1285 4063 1340 4116 in
1380 4064 1687 4134 integritate
1718 4065 1831 4133 ipse
1867 4064 1960 4119 tel—

378 4156 564 4208 loneus
606 4153 707 4207 fuit
733 4168 1021 4208 concessus
1055 4153 1138 4207 vel
1184 4153 1553 4209 confirmatus.
1615 4155 1681 4208 Et
1704 4155 1830 4208 dum
1858 4154 1962 4210 bac

376 4262 540 4302 causa
570 4247 648 4300 sic
681 4253 801 4300 acta
828 4245 912 4300 vel
935 4252 1246 4315 perpetrata
1274 4246 1594 4312 invenimus,
1633 4247 1960 4316 peranterio—

378 4353 498 4392 rum
544 4352 731 4406 regum
768 4335 902 4390 tales
945 4335 1332 4405 praeceptiones
1385 4335 1471 4390 vel
1517 4335 1960 4390 confirmacioncs

377 4431 534 4486 nobis
554 4429 867 4485 obtulerunt
896 4425 1229 4496 relegendas,
1260 4440 1365 4480 una
1393 4442 1516 4480 cum
1545 4426 1729 4495 plures
1758 4425 1958 4480 nostris

378 4518 627 4575 fidelibus
652 4537 663 4571 :
701 4519 753 4574 id
783 4524 929 4581 sunt,
969 4515 1184 4580 Milone,
1213 4514 1598 4585 Helmegando,
1628 4514 1955 4585 Ilildegario,

378 4608 751 4675 Cbrothardo,
787 4607 1063 4676 Drogone,
1097 4605 1375 4675 Baugulfo,
1403 4603 1722 4668 Gislehario,
1758 4604 1958 4659 Leuth-

379 4696 550 4763 fredo,
580 4699 870 4761 Raulcoue,
925 4695 1277 4757 Tbeuderico,
1327 4693 1665 4762 Maganario,
1706 4693 1956 4758 Nithado,

381 4787 699 4850 Waltliario,
733 4785 966 4840 Vulfario
983 4826 995 4849 ,
1035 4792 1090 4839 et
1116 4783 1397 4837 Wicberto
1422 4782 1618 4837 comite
1643 4781 1835 4837 Palatii
1865 4799 1962 4840 uo-

381 4889 515 4943 stro,
543 4878 643 4931 visi
666 4876 864 4931 fuimus
894 4877 1166 4947 iudicasse
1187 4915 1200 4940 ,
1231 4874 1314 4928 vel
1341 4873 1676 4939 decrevisse,
1704 4890 1797 4930 seu
1829 4890 1959 4930 con-

381 4973 645 5032 ﬁrmasse,
693 4978 749 5024 et
793 4971 859 5025 de
904 4984 1042 5024 novo
1077 4969 1271 5022 iterum
1294 4967 1645 5032 concessisse,
1675 4976 1738 5022 ut
1763 4969 1831 5023 ab
1860 4969 1961 5024 hac

381 5065 467 5120 die
488 5061 666 5117 nullus
690 5076 753 5115 ex
788 5060 1074 5129 judiciaria
1102 5067 1367 5128 potestate
1390 5099 1405 5125 ,
1443 5073 1542 5114 nec
1571 5058 1626 5114 in
1664 5059 1782 5131 ipso
1815 5075 1960 5115 mar-

452 5251 478 5278 α
519 5235 877 5298 Mabillonius,
909 5233 1002 5289 lib.
1028 5250 1080 5287 vi
1111 5235 1175 5290 de
1219 5233 1298 5288 Re
1334 5232 1574 5303 diplom.,
1605 5232 1823 5302 coniicit
1849 5218 1979 5287 tur-i

382 5311 479 5364 bas
499 5308 618 5362 illas
641 5304 1013 5364 Soanachildis
1056 5313 1111 5359 et
1134 5303 1432 5359 Gairefredi
1473 5303 1753 5367 accidisse,
1786 5303 1962 5358 Theo-

383 5378 568 5434 derico
597 5376 809 5433 Calensi
837 5385 1068 5439 mortuo,
1109 5390 1231 5428 cum
1264 5374 1331 5428 de
1360 5388 1539 5427 rerum
1571 5389 1776 5428 summa
1822 5373 1963 5428 inter

381 5449 654 5520 principes
680 5443 1394 5520 disceptaretqr,‘per_il_lud_
1428 5443 1667 5520 quinque
1693 5459 1960 5520 annorum

385 5513 752 5590 interregnum
776 5513 918 5588 quod
931 5515 1000 5590 ad
1011 5515 1298 5570 Childerici
1324 5515 1491 5590 initia
1504 5513 1963 5590 intercessit._Ma-

385 5584 918 5655 billonii'conjec'tura
940 5584 1203 5649 ﬁrmatur,
1219 5591 1278 5638 ut
1297 5592 1449 5655 notat
1481 5585 1620 5655 ipse,
1642 5585 1964 5655 anetoritate

386 5659 634 5715 Chronici
677 5653 1101 5712 Fontanellensis
1129 5670 1192 5708 ex
1239 5669 1358 5715 cap.
1392 5653 1457 5707 l0
1486 5654 1627 5715 apud
1673 5654 1962 5708 Acherium

385 5732 441 5785 in
469 5727 740 5800 Spicilcgii
761 5736 904 5782 torno
927 5725 1104 5791 tertio,
1132 5723 1224 5779 ubi
1259 5723 1417 5780 Wido
1443 5723 1610 5778 abbas
1646 5723 1844 5779 dicitur
1866 5741 1958 5779 ac-

1985 4466 2038 4529 ι)

2058 3253 2426 3307 misericordia
2471 3252 2747 3306 adtencius
2787 3251 3110 3320 deprecare,
3142 3260 3196 3305 et
3219 3260 3279 3305 ut
3298 3253 3428 3306 aevis
3459 3261 3514 3306 et
3537 3267 3634 3322 pe-

2057 3343 2240 3396 rennis
2296 3342 2628 3410 temporibus
2680 3342 2746 3396 ad
2810 3343 2924 3411 ipsa
2973 3358 3098 3396 casa
3145 3342 3237 3396 Dei
3292 3342 3540 3411 proficiat
3585 3343 3638 3396 in

2057 3438 2421 3500 augmentum.
2465 3431 2528 3484 Et
2556 3440 2616 3484 ut
2648 3432 2764 3487 haec
2789 3431 3134 3487 conﬁrmacio
3161 3441 3364 3496 nostra,
3395 3432 3639 3501 inspecto

2057 3521 2172 3590 ipso
2189 3520 2393 3589 judicio
2433 3521 2629 3576 domno
2670 3521 2976 3576 Hildeberto
3027 3537 3153 3593 rege
3182 3521 3268 3576 vel
3305 3520 3532 3576 aliorum
3557 3536 3642 3576 re-

2057 3624 2206 3679 gum,
2259 3609 2352 3663 sed
2395 3616 2450 3663 et
2500 3608 2763 3663 avunculo
2805 3616 2992 3663 nostro
3037 3607 3348 3664 Grimoaldo
3394 3606 3640 3676 majorim

2058 3699 2466 3762 domo,.ﬁrmior
2483 3699 2760 3766 habeatur,
2785 3707 2839 3756 et
2860 3700 3005 3755 circa
3040 3700 3154 3770 ipsa
3174 3708 3359 3754 sancta
3393 3715 3516 3754 casa
3546 3699 3640 3754 Dei

2056 3789 2370 3859 perenniter
2395 3798 2764 3854 conservetur,
2795 3805 2956 3844 manu
2980 3798 3162 3847 nostra
3188 3789 3374 3844 subter
3400 3805 3518 3844 eam
3550 3789 3642 3844 dc-

2058 3879 2328 3934 crevimus
2341 3879 2559 3950 adsigna
2567 3895 2642 3942 re,
2657 3887 2711 3934 et
2729 3880 2796 3934 de
2820 3880 2977 3934 anolo
2986 3888 3172 3935 nostro
3183 3881 3368 3934 subter
3382 3879 3638 3951 sigillare.

2130 3969 2352 4038 Signum
2382 3971 2577 4025 domno
2607 3958 2798 4025 nostro
2819 3969 3047 4040 Pippino
3076 3968 3462 4038 gloriosissimo
3488 3983 3640 4040 rege.

2129 4059 2257 4128 Ejus
2271 4059 2455 4129 jussus
2485 4060 2768 4129 recognovi
2794 4068 2848 4114 et
2869 4061 3183 4130 subscripsi.

2131 4151 2323 4206 Datum
2345 4151 2488 4222 quod
2516 4151 2642 4206 fecit
2683 4151 2884 4206 mensis
2908 4149 3080 4206 Julius
3107 4150 3194 4205 die
3235 4165 3266 4202 κ
3300 4158 3452 4214 octo,
3500 4164 3643 4204 anno

2060 4237 2294 4299 sccundo
2321 4244 2471 4312 regni
2501 4242 2698 4308 nostri,
2729 4245 2782 4295 in
2815 4241 2910 4295 Dei
2933 4242 3150 4296 nomine
3180 4239 3426 4294 feliciter.

2789 4329 2906 4382 XV.

2065 4419 2278 4491 Pippini
2325 4419 2457 4491 regis
2523 4427 2838 4491 prqfceptunt
2889 4433 2998 4491 pro
3033 4415 3443 4491 Taberniacinin
3507 4433 3640 4487 pago

2241 4484 2676 4542 Pariiiaco-villa:
2693 4484 3098 4553 conﬁrmatione
3123 4486 3284 4555 (armo
3316 4484 3464 4540 75M.

2279 4601 2443 4664 (Apud
2467 4598 2674 4661 Mabill.,
2699 4601 2762 4649 de
2787 4598 2862 4648 Re
2883 4598 3105 4662 diplom.,
3133 4611 3250 4662 pag.
3275 4598 3410 4661 ωδ.)

2132 4703 2388 4773 Pippinus
2403 4718 2497 4756 rex
2516 4701 2848 4756 Francorum
2868 4701 2953 4754 vir
2976 4701 3220 4756 inluster.
3239 4699 3521 4756 Credimus
3548 4716 3644 4754 no-

2060 4797 2143 4852 bis
2167 4797 2234 4852 ad
2252 4804 2513 4851 aeternum
2552 4793 2793 4850 Judicem
2826 4795 2877 4850 in
2906 4797 3153 4850 mercede
3197 4795 3416 4859 sociari,
3447 4795 3492 4848 si
3539 4795 3643 4848 hoc

2061 4886 2433 4956 cognoscimus
2465 4883 2608 4954 quod
2635 4885 2702 4940 ad
2740 4884 2855 4938 loca
2880 4891 3193 4938 sanctorum
3231 4883 3398 4938 fuisse
3427 4881 3642 4953 delega-

2062 4987 2195 5042 tum,
2211 4985 2266 5031 et
2289 4992 2386 5048 per
2406 4975 2822 5045 przeceptionem
2836 4982 3076 5030 nostram
3091 4974 3423 5030 anteriorum
3448 4987 3638 5043 regum

2059 5087 2224 5127 manu
2250 5069 2553 5137 subscripta
2585 5067 2714 5122 inibi
2758 5065 3166 5122 conﬁrmatione
3187 5105 3204 5131 ,
3249 5080 3347 5136 per
3395 5073 3640 5120 nostrum

2061 5257 2273 5330 curatus
2303 5247 2442 5318 apud
2468 5247 2755 5330 principem
2781 5245 3084 5330 curatum,
3120 5246 3259 5330 quod
3299 5245 3643 5330 conspiratio-

2063 5335 2178 5372 nem
2200 5314 2446 5371 advei‘sus
2462 5314 2778 5386 ipsum'cum
2790 5315 2909 5370 aliis
2929 5314 3206 5371 meditatus
3230 5323 3380 5386 esset.
3408 5314 3469 5369 ab
3483 5314 3639 5384 idque

2063 5389 2245 5468 capitis
2269 5385 2575 5468 prw‘c'isione
2618 5385 2898 5468 damnatus
2928 5393 3080 5468 post.
3111 5401 3312 5468 annum
3341 5385 3482 5468 73:8,
3533 5397 3641 5468 quo

2059 5453 2350 5539 priedictus
2375 5455 2535 5536 Woido
2553 5455 2783 5511 caanobii
2804 5453 3232 5537 Fontanellensis
3264 5453 3639 5537 praefecturam

2063 5535 2201 5606 mut.
2222 5527 2408 5606 itaque
2436 5524 2561 5580 inde
2610 5533 2758 5605 patet
2784 5534 3235 5606 conspirationem
3291 5541 3358 5606 Ill.
3386 5522 3638 5606 Carolin}:

2064 5604 2193 5651 tunc
2218 5591 2412 5666 factam
2439 5609 2590 5666 esse,
2610 5591 2782 5666 'cujus
2810 5591 3100 5666 participes
3138 5595 3300 5666 fuisse
3324 5591 3637 5666 Soanacbil'

2063 5667 2185 5722 dem
2207 5675 2262 5722 et
2287 5662 2658 5723 Gairefredum
2684 5663 2788 5722 hoc
2811 5662 3101 5736 diplomate
3127 5665 3494 5738 intelligimus.
