4046 6172
280 388 418 446 1529

1043 394 1301 461 PlPPlNI,
1342 360 1828 452 CAROLOMANNI
1867 396 1954 451 ET
1989 396 2296 458 ALIORUM
2328 400 2739 458 DlPLOMATA.

3378 410 3515 466 £530

347 503 570 577 Signum
611 504 992 575 gloriosissimo
1035 506 1231 561 domno
1255 506 1479 577 Pippiuo
1518 522 1661 577 rege.
1711 506 1840 576 Ejus
1865 502 1912 557 Δ
1942 508 2138 577 regalis
2161 509 2480 577 sublimitas,
2509 527 2608 568 nec
2626 511 2869 582 judicum
2898 532 3039 573 saeva
3059 520 3322 591 cupiditas
3345 522 3519 580 refra-

272 592 457 667 jussus
480 595 789 665 recognovit
812 603 866 649 et
893 595 1193 664 suscripsit.

348 686 539 739 Datum
573 692 764 753 quarto
807 683 923 737 Kal.
971 684 1232 754 Augusti,
1267 700 1407 739 anno
1453 693 1644 753 quarto
1691 685 1843 753 regni

276 776 469 840 nostri,
497 774 819 843 Compendio
842 774 895 828 in
924 773 1019 827 Dei
1045 774 1260 829 nomine
1283 772 1525 828 feliciter.
1552 773 1743 827 Amen.

982 885 1139 940 XVII.

272 974 519 1046 Diploma
565 972 770 1046 Pippim'
806 972 939 1114 regiis
995 975 1435 1113 prozsrnpnasterio
1486 972 1845 1027 Nantuacensi

895 1058 1033 1096 anno
1154 1058 1218 1095 ι.

895 1058 1033 1096 anno
1075 1058 1218 1096 ΠΗ).

274 1132 438 1196 (Apud
499 1132 974 1196 Guichenonemju
1014 1130 1219 1196 Probat,
1251 1132 1479 1181 Historia:
1521 1131 1808 1182 Sehusiauas
1827 1170 1842 1194 ,

697 1206 808 1255 pag.
829 1192 944 1253 213,
972 1204 1035 1242 ex
1064 1191 1125 1241 D.
1149 1193 1417 1255 Bouquet.)

340 1274 595 1344 Pippinus
636 1289 729 1329 rex
766 1273 1117 1338 Francorum,
1157 1276 1405 1330 omnibus
1430 1275 1713 1345 episcopis,
1755 1290 1847 1330 co-

268 1366 512 1432 mitibus,
542 1366 789 1430 ducibus,
815 1366 1116 1429 abbatibus,
1141 1366 1468 1431 domesticis,
1494 1367 1842 1432 centenariis,

266 1457 504 1521 vicariis,
531 1465 691 1525 atque
712 1455 987 1523 iudicibus
1014 1455 1235 1521 nostris,
1264 1455 1348 1511 vel
1377 1456 1628 1511 omnibus
1660 1456 1844 1511 missis

264 1544 467 1599 nostris
488 1536 935 1600 discurrentibus.

333 1633 682 1704 Cognoscatis
722 1633 866 1702 quod
913 1632 1205 1686 maximum
1241 1634 1391 1705 regni
1428 1634 1600 1689 nostri
1646 1649 1844 1703 augere

262 1724 533 1779 credimus
554 1723 847 1786 munimen,
877 1722 921 1776 si
945 1721 1224 1777 beneﬁcia.
1253 1762 1267 1776 .
1296 1761 1310 1774 .
1339 1760 1353 1775 .
1388 1730 1685 1791 opportuna
1711 1723 1845 1777 locis

262 1813 612 1868 ecclesiarum
665 1811 751 1866 vel
797 1819 1102 1866 sanctorum
1147 1810 1405 1866 benevola
1455 1810 1840 1865 deliberatione
1869 1834 1915 1891 Β

260 1902 638 1960 concedamus.
681 1915 746 1955 ac
771 1900 997 1954 Domino
1021 1907 1331 1969 protegente
1354 1898 1619 1954 stabiliter
1644 1899 1839 1952 durare

259 1991 687 2048 contribuamus.
719 1989 887 2060 Igitur
923 1989 1136 2042 noverit
1160 1988 1381 2043 solertia
1409 1996 1607 2052 vestra,
1643 2002 1742 2043 nos
1771 1988 1838 2042 ad

260 2081 573 2150 petitionem
598 2078 922 2135 venerabilis
944 2079 1045 2132 viri
1067 2078 1263 2148 Siagrii
1287 2078 1497 2132 abbatis
1526 2077 1839 2133 monasterii

261 2172 544 2235 Nantoaci,
567 2172 707 2240 quod
733 2177 816 2224 est
842 2178 1206 2223 constructum
1235 2170 1288 2223 iu
1315 2169 1519 2224 honore
1547 2170 1717 2224 beatae
1743 2168 1837 2223 Dei

258 2262 533 2334 genitricis
559 2260 756 2325 Mariae,
785 2268 841 2314 et
862 2260 1030 2315 sancti
1055 2259 1197 2314 Petri
1229 2260 1475 2329 apostoli,
1505 2259 1589 2314 vel
1613 2267 1839 2316 caetero-

259 2370 379 2409 rum
412 2362 720 2409 sanctorum
740 2392 754 2416 ,
784 2351 891 2405 tale
919 2367 1016 2420 pro
1038 2359 1239 2405 aeterna
1264 2350 1615 2405 retributione
1637 2349 1839 2405 benefi-

258 2445 399 2500 cium
426 2444 731 2498 censuimus
746 2442 1049 2507 indulsisse,
1064 2441 1292 2496 utvillas
1312 2440 1622 2495 monasterii
1645 2439 1835 2509 ipsius,

258 2546 393 2603 quas
421 2532 678 2587 moderno
704 2541 942 2600 tempore
966 2538 1060 2584 aut
1078 2537 1262 2584 nostro
1287 2529 1375 2585 vel
1405 2527 1691 2597 cujuslibet
1719 2545 1839 2589 mue-

258 2635 389 2676 uere
413 2622 609 2677 habere
633 2622 865 2687 videtur,
894 2621 982 2676 vel
1005 2636 1140 2691 quas
1168 2620 1421 2691 deinceps
1451 2621 1503 2675 iu
1523 2619 1646 2689 jure
1670 2620 1837 2690 ipsius

259 2712 570 2766 monasterii
596 2711 767 2766 sancti
788 2711 891 2766 loci
913 2711 1143 2766 voluerit
1176 2710 1355 2765 divina
1398 2712 1571 2780 pietas
1610 2709 1838 2780 ampliﬁ-

257 2816 404 2866 care,
435 2800 611 2855 nullus
631 2799 796 2869 judex
827 2800 1073 2872 publicus
1100 2801 1168 2856 ad
1200 2815 1392 2856 causas
1418 2799 1713 2855 audiendas
1739 2813 1835 2853 uu-

258 2898 420 2967 dique
444 2936 460 2961 ,
508 2905 601 2951 aut
629 2893 777 2951 freda
804 2896 1061 2967 exigenda
1090 2935 1106 2961 ,
1144 2895 1521 2965 quoquomodo
1546 2901 1837 2964 praesumat

254 2985 489 3058 ingredi:
523 2986 616 3040 sed
640 2985 742 3040 hoc
762 2985 876 3055 ipse
901 2985 1068 3039 abbas
1092 2990 1184 3038 aut
1202 2983 1449 3038 monachi
1474 2994 1835 3038 successores-

255 3090 361 3144 que
384 3090 568 3130 eorum
606 3084 828 3145 propter
871 3088 1064 3129 nomen
1092 3074 1304 3128 Domini
1332 3081 1497 3144 agant
1536 3073 1636 3128 sub
1661 3072 1832 3128 domi-

1941 610 2068 666 gare
2091 605 2333 652 conetur.
2373 599 2443 655 Ut
2470 610 2648 656 autem
2677 619 2914 673 praesens
2931 608 3229 665 authoritas
3253 619 3359 665 tam
3381 627 3519 681 prte-

1942 687 2191 767 seutibus‘
2231 703 2390 757 quam
2437 688 2632 747 futuris
2683 692 3057 767 (temporibus)
3108 699 3359 754 inviolata
3406 700 3518 757 Deo

1941 777 2171 847 propitio
2217 792 2533 846 permanere
2565 781 2758 847 valeat,
2810 799 3004 840 manus
3031 796 3230 843 nostrae
3275 789 3518 845 subscri-

1940 865 2213 935 ptiouibus
2238 865 2374 920 infra
2398 868 2642 923 roborari
2678 869 3035 928 decrevimus.

2011 954 2235 1026 Signum
2255 957 2429 1026 Pipini
2455 958 2824 1029 gloriosissimi
2849 963 3014 1032 regis.

2010 1046 2068 1101 lu
2091 1036 2187 1101 Dei
2215 1048 2430 1103 nomine
2472 1050 2690 1118 scripsit
2717 1050 2922 1106 Badillo
2946 1068 3130 1108 mense
3154 1055 3397 1124 Augusto
3421 1054 3515 1112 dc-

1941 1136 2080 1192 cima
2107 1138 2192 1193 die
2212 1138 2267 1192 in
2288 1154 2429 1195 anno
2450 1148 2602 1195 sexto
2622 1144 2791 1212 regni.
2823 1143 3014 1200 Actum
3028 1126 3297 1202 Attiniaco
3319 1147 3518 1218 palatio

1940 1227 2170 1298 publice.

2645 1323 2828 1378 XVIII.

1942 1408 2177 1492 Pippini.
2200 1411 2501 1492 amplacitum
2535 1412 2612 1492 nde
2657 1413 2873 1467 teloneis
2918 1414 3157 1492 omnibus
3204 1415 3264 1492 in_
3292 1425 3518 1492 mercato

2009 1479 2177 1551 sancti
2204 1479 2439 1551 Dionysii
2478 1482 2547 1534 ad
2585 1482 2754 1551 ipsum
2781 1484 3153 1536 monasterium
3188 1484 3510 1545 evindicatis,

2009 1550 2259 1689 ςιέἒῗνεαδ
2304 1549 2612 1604 Gerardum
2653 1552 2890 1604 comitem
2951 1551 3302 1607 Parisiensem
3357 1555 3518 1623 (anno

2250 1706 2409 1770 (Apud
2434 1706 2645 1765 Maliill.,
2666 1707 2731 1755 de
2753 1706 2827 1756 Re
2860 1707 3211 1771 diplomatica.)

2013 1785 2268 1854 Pippiuus
2304 1801 2400 1840 rex
2447 1784 2780 1839 Francorum
2823 1788 2907 1840 vir
2934 1787 3179 1843 inluster.
3231 1789 3520 1845 Venientes

1943 1883 2163 1945 agentes
2191 1874 2362 1929 sancti
2400 1874 2636 1928 Dionisio
2663 1882 2718 1927 et
2760 1874 3040 1931 Follerado
3076 1877 3269 1932 abbate
3294 1877 3521 1931 Aderul-

1939 1965 2024 2019 fus
2054 1973 2110 2019 et
2129 1963 2461 2032 Rodegarius
2489 1962 2815 2032 Compendio
2837 1963 3044 2032 palacio
3071 1966 3169 2019 sub
3195 1965 3279 2020 die
3310 1965 3521 2021 decimo

1939 2053 2204 2109 Kalendas
2229 2053 2571 2121 Novembris,
2617 2070 2761 2111 anno
2789 2065 2979 2112 octavo
3009 2058 3159 2129 regni
3191 2058 3378 2122 nostri,
3427 2059 3520 2114 ubi

1938 2158 2037 2199 nos
2061 2145 2130 2198 ad
2153 2145 2529 2200 universorum
2568 2161 2760 2202 causas
2796 2148 3108 2213 audiendas,
3136 2157 3190 2203 et
3215 2155 3360 2203 recta
3378 2147 3521 2216 judi-

1937 2232 2021 2287 cia
2036 2232 2502 2288 determinaudum
2529 2233 2922 2300 resederemus,
2950 2235 3041 2289 ubi
3069 2236 3169 2289 visi
3196 2246 3322 2290 sunt
3351 2236 3519 2290 inter-

1936 2322 2163 2392 pellasse
2188 2322 2484 2379 Gerardum
2510 2324 2776 2389 comitem,
2803 2339 2867 2380 eo
2887 2327 3027 2395 quod
3052 2326 3192 2381 malo
3214 2326 3401 2381 ordine
3424 2343 3513 2381 ie-

1936 2413 2294 2469 conteudebat
2338 2422 2395 2469 et
2430 2414 2694 2469 retinebat
2742 2414 2952 2469 teloneo
3000 2414 3137 2469 infra
3184 2414 3409 2469 Parisiis
3451 2430 3518 2470 ex

1936 2504 2179 2568 navibus,
2208 2512 2262 2559 et
2290 2505 2468 2575 pontis
2496 2505 2816 2561 volutaticos
2841 2522 2905 2561 ac
2931 2507 3210 2572 rotaticns,
3260 2522 3416 2576 quem
3448 2507 3517 2561 ab

1936 2593 2052 2664 ipsa
2096 2594 2185 2649 die
2220 2597 2385 2649 missa
2431 2602 2618 2650 sancto
2657 2595 2897 2652 Dionisio
2933 2611 3147 2666 semper
3193 2596 3262 2650 ab
3298 2597 3519 2664 antiquo

1935 2684 2273 2754 accipiebant
2318 2694 2539 2755 agentes
2595 2686 2767 2740 sancti
2817 2685 2998 2740 domui
3046 2685 3305 2741 Dionisio.
3366 2686 3520 2741 Unde

1932 2777 2224 2846 praedictus
2247 2775 2520 2832 Gerardus
2545 2792 2728 2832 comes
2759 2777 2905 2833 dedit
2933 2777 2988 2830 in
3013 2778 3287 2846 responsis
3302 2817 3318 2843 ,
3367 2775 3513 2845 quod

1934 2866 2111 2936 ipsum
2139 2866 2407 2921 teloueum
2454 2866 2610 2921 aliter
2654 2881 2761 2921 non
2799 2867 3188 2930 contendebat,
3235 2866 3338 2920 nisi
3381 2881 3517 2934 quo-

1933 2955 2094 3010 modo
2125 2963 2498 3011 antecessores
2539 2955 2709 3022 illius,
2748 2956 2842 3027 qui
2880 2956 3106 3011 comites
3135 2955 3348 3011 fuerant
3390 2963 3519 3012 ante

1932 3043 2101 3108 illum,
2135 3044 2188 3099 id
2224 3045 2397 3116 ipsum
2423 3046 2492 3102 ad
2518 3061 2671 3102 suam
2699 3055 2908 3116 partem
2934 3048 3222 3102 retinebat.
3253 3046 3516 3117 Supradi-

254 3139 470 3221 uatioue
495 3139 725 3222 nostra.-
745 3165 1034 3222 Studentes
1053 3180 1182 3236 ergo
1210 3172 1271 3220 ut
1300 3139 1474 3235 neque
1505 3179 1622 3229 vos,
1648 3179 1825 3234 neque
1852 3180 1898 3243 ο
1932 3139 2006 3243 Ῡίί
2248 3149 2469 3243 amics
2489 3142 2664 3243 j’af‘c‘l
2692 3142 2935 3243 Dionysii
2961 3144 3251 3243 “icon!”
3281 3158 3404 3243 (Eum
3435 3146 3516 3243 ξω

255 3259 493 3313 minores
519 3267 612 3313 aut
650 3271 989 3312 successores
1011 3256 1180 3312 nostri
1202 3295 1217 3321 ,
1247 3270 1424 3325 neque
1464 3254 1574 3309 ulla
1613 3254 1828 3324 publica

247 3343 533 3417 iudiciaria
564 3354 805 3415 potestas
832 3361 1049 3416 quoquo
1075 3347 1280 3401 honore
1305 3345 1360 3400 in
1400 3344 1556 3399 villas
1583 3343 1828 3398 ubicum-

253 3447 358 3502 que
393 3434 446 3487 in
476 3448 641 3504 regno
679 3442 878 3497 nostro,
921 3434 1033 3489 Deo
1069 3434 1320 3504 propitio,
1351 3433 1417 3487 ad
1446 3432 1615 3502 ipsius
1642 3445 1828 3484 mona-

251 3524 398 3577 sterii
425 3561 439 3576 .
466 3561 480 3576 .
508 3562 521 3576 .
548 3562 563 3577 .
591 3562 604 3577 .
656 3538 783 3578 vere
813 3532 993 3577 autem
1018 3524 1165 3592 regia
1192 3524 1307 3576 sive
1345 3521 1681 3589 privatorum
1706 3518 1820 3573 lar-

247 3613 412 3682 gitate
436 3609 650 3675 collata,
680 3611 765 3664 vel
792 3612 1004 3663 inautea
1031 3609 1311 3671 collatura,
1337 3607 1405 3660 ad
1432 3606 1726 3661 audiendas
1754 3606 1827 3661 al-

249 3699 582 3755 tercaciones
606 3698 834 3768 ingredi,
875 3706 968 3751 aut
991 3696 1139 3752 freda
1173 3696 1239 3751 de
1262 3695 1503 3765 qualibet
1526 3709 1689 3749 causa
1712 3695 1826 3750 exi-

245 3803 393 3860 gere,
442 3803 544 3843 uec
599 3787 903 3841 mansiones
967 3795 1061 3840 aut
1107 3783 1449 3859 fideiussores
1496 3784 1683 3841 tollere
1710 3800 1816 3841 nos

245 3881 601 3952 pnesumatis,
643 3893 743 3933 nec
770 3878 914 3947 ipsos
941 3893 1039 3948 pro
1073 3878 1177 3932 hoc
1220 3877 1521 3946 inquietare
1561 3891 1663 3931 nec
1694 3892 1826 3932 con-

248 3975 541 4038 demnare;
582 3970 709 4041 quia
736 3969 931 4025 ibidem
959 3983 1025 4023 ex
1052 3968 1287 4037 legitima
1328 3967 1607 4037 vocatique
1644 3966 1827 4021 deser—

243 4071 440 4135 viunt;
493 4076 587 4122 aut
612 4066 678 4121 de
704 4064 824 4119 aliis
846 4063 1273 4120 deservientibus
1301 4061 1393 4131 qui
1417 4061 1485 4114 ad
1510 4061 1685 4130 ipsum
1714 4074 1827 4114 mo-

243 4158 537 4215 nasterium
563 4171 685 4211 cum
712 4153 950 4224 legitimo
973 4151 1163 4206 ordine
1204 4151 1411 4205 servire
1444 4150 1709 4213 videntur,
1740 4148 1824 4202 in-

244 4249 327 4304 fra
363 4260 524 4317 agros
568 4245 653 4300 vel
702 4242 1112 4299 terminationes
1134 4281 1149 4306 ,
1196 4248 1291 4294 aut
1338 4240 1473 4295 lines
1516 4256 1613 4295 seu
1661 4253 1825 4309 super

243 4347 420 4395 terras
442 4336 683 4408 praedicti
712 4334 1049 4399 monasterii,
1098 4348 1219 4401 qua:
1244 4332 1441 4386 ibidem
1468 4331 1708 4402 legitimo
1734 4346 1822 4385 or-

243 4430 365 4484 dine
386 4430 671 4498 pertinent,
704 4425 864 4481 ﬁscus
892 4441 999 4480 non
1031 4424 1275 4487 defreda,
1330 4430 1424 4477 aut
1447 4424 1823 4492 undecumque

1929 3232 2218 3287 tendebant
2240 3239 2296 3286 et
2314 3231 2668 3285 ostendebant
2686 3240 3011 3300 praeceptum
3022 3231 3319 3302 Dagoberti
3347 3235 3512 3305 regis,

1927 3320 2157 3391 qualiter
2184 3320 2356 3388 ipsum
2389 3326 2687 3372 mercatum
2712 3320 3002 3374 stabilisset
3031 3320 3086 3374 in
3113 3321 3229 3390 ipso
3254 3337 3412 3392 pago,
3455 3331 3514 3378 et

1923 3418 2114 3479 postea
2144 3408 2318 3478 ipsum
2345 3423 2467 3462 cum
2493 3422 2680 3464 omnes
2708 3408 2946 3464 teloneos
2984 3410 3052 3464 ad
3079 3417 3285 3478 partem
3329 3412 3505 3466 sancti

1926 3498 2151 3554 Dionisii
2171 3497 2471 3567 delegasset
2492 3512 2557 3552 ac
2584 3496 2872 3551 ﬁrmasset.
2923 3497 2990 3550 Et
3014 3498 3130 3568 ipso
3153 3497 3381 3553 domnus
3409 3514 3507 3554 rex

1926 3588 2183 3658 Pippinus
2229 3585 2590 3652 adfirmabat,
2641 3588 2783 3656 quod
2827 3602 3041 3657 semper
3085 3603 3117 3642 a
3166 3602 3260 3642 sua
3290 3588 3513 3644 infantia

1926 3677 2071 3745 ipsos
2098 3675 2336 3730 teloneos
2361 3674 2605 3743 partibus
2632 3675 2803 3729 sancti
2832 3674 3055 3730 Dionisii
3083 3676 3282 3730 habere
3306 3685 3361 3730 et
3393 3677 3509 3733 col-

1925 3768 2092 3838 ligere
2115 3766 2357 3822 vidisset.
2410 3766 2515 3821 Sed
2541 3765 2813 3822 Gerardus
2841 3781 3024 3822 comes
3049 3767 3152 3821 hoc
3180 3767 3326 3820 nullo
3347 3768 3509 3822 modo

1925 3857 2313 3920 couseutiebat,
2356 3863 2410 3911 et
2435 3862 2565 3910 tunc
2591 3855 2753 3909 talem
2791 3854 3047 3925 placitum
3084 3861 3408 3920 statuerunt,
3451 3863 3511 3910 ut

1925 3951 2124 4006 iterum
2159 3948 2320 4005 simul
2362 3948 2431 4003 ad
2476 3955 2665 4002 noctes
2709 3946 2977 4017 legitimas
3021 3953 3409 4001 concurrerent
3453 3945 3509 4000 in

1923 4040 2111 4096 eodem
2130 4038 2347 4109 palatio,
2380 4045 2436 4093 et
2460 4045 2586 4093 ante
2602 4034 2716 4104 jam
2741 4036 2944 4091 dictum
2962 4034 3215 4090 domuum
3228 4035 3511 4106 Pippinum

1925 4133 2097 4203 ipsam
2125 4131 2476 4187 intentionem
2503 4127 2744 4184 defﬁnire
2766 4126 3092 4191 debuissent,
3119 4126 3259 4181 sicut
3278 4125 3363 4180 lex
3390 4125 3508 4180 edi-

1923 4224 2100 4280 cebat.
2149 4223 2389 4291 Denique
2406 4220 2685 4275 venientes
2702 4216 2816 4286 jam
2837 4218 2966 4272 dicti
2993 4218 3144 4272 missi
3175 4224 3231 4271 et
3257 4217 3504 4272 advocati

1923 4316 2099 4373 sancti
2120 4316 2367 4379 Dionisii,
2410 4312 2667 4367 Adrulfus
2693 4319 2748 4367 et
2773 4311 3081 4381 Rotgarius,
3110 4310 3506 4367 ad‘coudictum

1920 4408 2179 4478 placitum
2227 4412 2422 4474 quarto
2465 4402 2734 4456 Kalendas
2765 4399 3106 4463 Novembris,
3157 4398 3292 4453 tales
3339 4406 3506 4455 testes

241 4485 454 4587 poterat
476 4531 714 4587 sperare,
736 4531 804 4571 ex
828 4525 1012 4571 nostra
1034 4515 1363 4585 indulgentia
1381 4553 1394 4579 ,
1421 4529 1519 4583 pro
1541 4512 1720 4568 futura
1734 4485 1825 4568 sa-

1930 4498 2003 4553 ihi
2040 4500 2531 4567 pnesentaveruut,
2580 4490 2672 4559 qui
2701 4489 2848 4559 ipsos
2884 4486 3126 4542 teloneos
3169 4486 3224 4540 in
3268 4485 3506 4541 Parisius

240 4607 387 4673 lute,
441 4609 493 4661 in
527 4608 828 4663 luminariis
870 4607 1041 4676 ipsius
1088 4605 1401 4659 monasterii
1447 4605 1514 4659 ad
1557 4605 1671 4672 ipsa
1705 4604 1821 4658 loca

239 4705 547 4753 sanctorum
577 4708 675 4766 per
705 4712 899 4752 manus
941 4702 1131 4750 nostra
1178 4692 1505 4746 authoritate
1552 4692 1604 4745 in
1632 4705 1822 4761 perpe—

241 4794 389 4840 tuum
424 4785 666 4854 perficiat
701 4783 988 4855 [proficiat]
1014 4801 1029 4850 ;
1059 4797 1230 4850 eaque
1256 4795 1354 4835 nos
1378 4787 1598 4847 propter
1624 4794 1821 4833 nomen

239 4876 471 4940 Domini,
508 4883 564 4929 et
584 4881 784 4928 nostrae
811 4874 1004 4928 anima:
1047 4872 1299 4935 salutem,
1339 4885 1434 4924 seu
1463 4876 1663 4923 nostra:
1687 4869 1818 4923 sub-

237 4965 508 5036 sequentis
532 4964 828 5035 progcniei,
853 4963 1008 5032 plena
1022 4960 1316 5017 donatione
1342 4957 1678 5014 indulsimus.
1708 4956 1821 5013 Nec

312 5152 338 5184 ι
364 5139 753 5195 Observatione
781 5137 1113 5207 dignumest
1129 5132 1232 5207 hoc
1267 5131 1546 5200 placitum,
1591 5137 1704 5207 tum
1747 5129 1818 5183 ob

239 5210 504 5287 forensem
539 5209 655 5287 ejus
701 5199 1319 5287 temporis-disciplinain
1345 5242 1358 5265 ,
1410 5209 1522 5253 tum
1551 5199 1613 5281 οζ)
1645 5207 1817 5287 nocte:

238 5280 512 5350 legitimas,
555 5270 624 5332 ad
650 5293 784 5347 quas
809 5270 862 5330 iu
884 5270 1141 5344 palatium
1171 5280 1355 5350 partes
1381 5270 1668 5350 convenit};
1689 5282 1816 5322 con-

237 5336 509 5411 di'ieruut,
559 5356 619 5402 ut
653 5336 779 5402 ante
825 5336 1004 5414 regem
1045 5336 1206 5397 causa
1232 5340 1564 5414 ileiiniretur.
1614 5336 1818 5405 Nempe

237 5435 360 5476 cum
391 5419 540 5474 missi
570 5433 666 5488 per
707 5430 763 5471 sc
790 5411 1334 5490 ipsi'controversiam
1362 5422 1683 5490 componere
1711 5422 1816 5490 non

235 5498 505 5571 poterant,
553 5480 735 5567 partes
760 5480 1065 5571 citabantur
1094 5482 1153 5571 in
1188 5480 1536 5571 audientiam.
1562 5480 1725 5571 regis,
1756 5483 1816 5571 ut

237 5549 294 5614 in
320 5558 436 5628 ejus
462 5549 744 5628 prresentia
786 5570 872 5609 res
905 5552 1239 5628 deﬁniretur.
1288 5549 1412 5628 Dies
1451 5555 1630 5628 autem
1668 5549 1816 5628 ejus-

240 5616 383 5683 modi
410 5616 763 5697 iuiluciarumg
775 5633 947 5697 noctes
973 5619 1229 5697 appellari
1276 5618 1519 5697 solebant
1543 5616 1684 5697 apud
1723 5630 1815 5697 ve:

240 5705 383 5751 teres
431 5697 687 5752 Francos.
742 5695 818 5748 De
871 5693 956 5746 his
1004 5684 1248 5744 noctibus
1295 5688 1422 5742 item
1472 5685 1582 5754 agit
1633 5684 1813 5739 Caroli

242 5766 414 5839 Magni
442 5766 694 5838 placitum
718 5766 783 5819 ad
804 5777 1002 5818 annum
1030 5758 1151 5816 81‘2.
1204 5757 1517 5826 Exemplum
1544 5755 1814 5824 antiquius

1921 4593 2245 4657 acceperunt
2287 4598 2412 4639 cum
2439 4581 2584 4638 omni
2626 4595 2813 4635 eorum
2855 4576 3163 4648 integritate
3201 4576 3269 4631 ad
3294 4582 3506 4643 partem

1920 4679 2090 4735 sancti
2131 4675 2376 4732 Dionisii.
2419 4673 2569 4728 Tunc
2595 4672 2700 4726 illis
2722 4670 3020 4739 iudicatum
3049 4666 3150 4722 fuit
3189 4683 3219 4721 a
3253 4666 3498 4728 Widone,

1920 4769 2213 4833 Raulcone,
2245 4765 2458 4829 Milone,
2488 4760 2907 4832 Helmeugaudo,
2932 4757 3225 4819 Rothardo,
3259 4753 3504 4809 Gisleha-

1918 4862 2001 4915 rio
2022 4858 2106 4912 vel
2133 4856 2353 4925 reliquis
2382 4852 2726 4924 quamplures
2746 4890 2762 4916 ,
2795 4864 2886 4904 seu
2917 4855 2973 4903 et
3001 4847 3278 4902 Wicberto
3300 4843 3500 4898 comite

1916 4946 2102 5017 palatii
2126 4952 2333 5010 nostro,
2372 4951 2435 4998 ut
2454 4956 2581 5012 pars
2605 4938 2779 4995 sancti
2802 4935 3052 5001 Dionisii,
3094 4933 3179 4989 vel
3200 4931 3500 5003 supradicti

1916 5123 2085 5181 habes
2105 5121 2159 5175 in
2183 5119 2382 5188 placito
2418 5111 2736 5188 Theoderici
2762 5109 2924 5188 regis,
2956 5105 3243 5188 Chlodovei
3260 5102 3499 5188 juuipris

1916 5173 2155 5258 flliifde
2179 5173 2414 5245 flildulfo
2449 5185 2574 5239 villa
2600 5201 2613 5236 :
2644 5182 2735 5237 ubi
2748 5173 2966 5258 pariter
2995 5177 3223 5258 noctium
3247 5173 3499 5258 _quadra:

1915 5243 2062 5335 555:};
2089 5243 2317 5335 induciae
2336 5261 2731 5335 memorantur.
2748 5243 3126 5335 Derseveravit
3138 5243 3497 5335 lt’iclgqueu‘di

1914 5310 2214 5388 modus-“ad
2228 5310 2491 5383 steculum
2535 5338 2632 5383 xu,
2676 5328 2738 5375 ut
2764 5319 3025 5388 discimus
3063 5330 3132 5388 es
3156 5310 3378 5388 Gofrido
3397 5310 3501 5388 ab—

1914 5379 2445 5457 LZIE'vnIJoéihénsi
2475 5394 2530 5448 in
2558 5379 2683 5446 libri
2706 5387 2924 5444 secundi
2945 5384 3170 5457 epistola
3200 5382 3268 5436 i7
3300 5381 3369 5436 ad
3390 5379 3500 5436 Go-

1914 5455 2112 5525 fridum
2141 5468 2538 5535 Carnuteusem‘
2552 5461 2884 5535 episcopum.
2931 5455 3033 5535 g_ln
3059 5455 3162 5535 hoc
3188 5460 3367 5506 tamen
3387 5464 3497 5535 non

1912 5520 2119 5605 noctes,
2134 5520 2327 5607 inquit,
2343 5520 2636 5607 secundum
2660 5520 3073 5607 consuetudines
3091 5522 3381 5607 Inieci-uiuis

1912 5590 2226 5664 's'éédhaais‘
2248 5590 2494 5659 instituta
2522 5612 2786 5655 canonum
2818 5595 3060 5664 inducias
3080 5590 3437 5664 postulamus.
3469 5608 3492 5643 ι

1913 5659 2280 5748 ingenua:
2311 5670 2583 5748 Sirmoudi
2612 5665 3011 5748 adnotationem
3042 5659 3097 5748 ni
3124 5661 3268 5715 hunc
3293 5659 3494 5723 locum,

1912 5733 2018 5805 ubi
2036 5747 2183 5802 varia
2208 5742 2601 5815 Capitularium
2626 5738 2744 5795 loca
2768 5738 2876 5793 huc
2903 5733 3085 5792 refert.
