4046 6172
554 340 683 398 1551

1541 329 1809 388 δίΕΟυΙᾸ
1850 327 1958 386 Vill
1997 325 2428 390 ΜΟΝῸΜΕΝΤΑ
2469 333 2801 391 SELECTA.

3669 331 3815 394 I532

551 449 794 508 advocati
821 449 924 503 hoc
947 446 1295 516 comprobare
1313 443 1652 500 debuissent:
1679 441 1822 512 quod
1841 448 1898 496 et
1911 441 1976 496 de
1995 455 2130 510 prae-
2157 442 2206 502 Α
2233 441 2435 496 chaelis
2465 449 2866 498 commanentes
2884 479 2900 508 ,
2949 439 3030 495 vel
3061 441 3155 511 qui
3183 439 3379 496 alicubi
3425 456 3817 513 commanent;

551 550 705 599 sente
727 539 825 594 visi
857 547 984 592 sunt
1013 537 1222 592 fecisse.
1278 535 1570 590 Pracdictus
1605 549 1839 603 namque
1858 531 2132 588 Gerardus
2231 538 2284 582 et
2328 530 2524 585 ibidem
2567 531 2805 600 legitimo
2848 530 3040 586 ordine
3070 530 3310 599 aspicere
3340 531 3614 598 videntur,
3647 535 3819 592 ﬁscus

551 644 736 688 comes
756 627 829 681 ita
855 627 1002 682 dedit
1025 626 1077 679 in
1109 625 1403 695 responsis,
1434 625 1575 693 quod
1603 624 1761 678 aliter
1784 638 1900 682 non
1921 621 2136 676 volebat

553 717 755 784 facere,
800 717 902 770 nisi
926 715 1193 786 quomodo
1215 715 1300 767 lex
1325 722 1445 770 erat
1482 722 1536 768 et
1563 714 1759 769 domno
1797 728 1923 784 rege
1960 712 2137 782 place-

555 808 648 863 bat
669 825 731 863 ac
760 807 870 862 suis
899 805 1143 861 ﬁdelibus
1171 805 1265 875 qui
1293 805 1366 860 ibi
1395 804 1720 860 residebant.
1765 803 1916 860 Unde
1944 812 2000 858 et
2026 804 2137 872 ipse

554 899 831 954 Gerardus
855 912 922 951 ex
949 897 1234 966 pnedictos
1263 895 1499 950 teloneos
1539 911 1598 950 se
1638 897 1842 950 exitum
1873 895 2008 949 dixit
2048 911 2139 949 co-

560 1003 676 1041 ram
706 986 804 1041 eis.
852 985 1188 1055 Quapropter
1215 994 1342 1040 tunc
1369 985 1474 1040 illis
1502 995 1823 1054 oportunum
1846 984 1947 1039 fuit
1971 994 2026 1039 et
2046 1001 2140 1040 ne-

561 1077 879 1143 cessarium,
926 1076 1084 1131 talem
1111 1077 1358 1131 notitiam
1389 1092 1452 1130 ex
1485 1077 1589 1130 hoc
1612 1075 1754 1130 facto
1779 1077 2022 1145 accipere
2048 1077 2141 1130 de-

562 1165 822 1230 buissent,
851 1174 912 1219 ut
949 1165 1018 1218 ab
1047 1165 1304 1219 hodierno
1330 1171 1571 1234 tempore
1593 1174 1649 1220 et
1673 1166 1758 1219 die
1796 1180 1924 1234 pars
1967 1165 2139 1220 sancti

563 1256 787 1312 Dionisii
813 1257 892 1312 vel
914 1264 1132 1327 agentes
1161 1255 1328 1324 ipsius
1353 1255 1418 1310 de
1446 1256 1591 1323 ipsos
1617 1255 1855 1310 teloneos
1882 1256 2059 1310 securi
2087 1261 2142 1310 et

565 1348 734 1418 quieti
764 1347 1000 1401 residere
1031 1345 1292 1409 valerent,
1320 1352 1377 1397 ut
1405 1344 1475 1397 sit
1495 1345 1637 1398 inter
1664 1346 1807 1414 ipsos
1831 1345 1883 1398 in
1910 1354 2143 1415 postmo-

565 1438 692 1492 dum
719 1437 865 1491 omni
896 1444 1136 1505 tempore
1163 1435 1342 1502 quieta
1370 1442 1426 1488 et
1449 1433 1624 1487 subita
1653 1436 1914 1489 causatio.

636 1528 860 1598 Signum
880 1527 920 1596 ει-
939 1525 1325 1598 gloriosissimo
1351 1524 1551 1579 domno
1577 1524 1803 1596 Pippino
1824 1541 1968 1598 rege.

636 1622 766 1691 Ejus
780 1621 964 1690 jussus
991 1619 1299 1690 recognovit
1318 1627 1373 1671 et
1393 1617 1727 1686 subscripsit.

637 1708 833 1762 Datum
859 1709 1018 1762 tertio
1045 1707 1312 1761 Kalendas
1333 1704 1670 1771 Novembris,
1686 1722 1827 1761 anno
1849 1708 2146 1777 suprascri-

568 1805 660 1868 pto
687 1797 743 1852 in
762 1796 858 1852 Dei
887 1797 1102 1851 nomine
1129 1795 1374 1852 feliciter.

693 1970 715 2001 ι
1298 1905 1439 1961 XIX.

569 2014 819 2098 Diploma
1108 2016 1330 2098 regis-1“
1335 2035 1612 2098 rancoer
1640 2059 1656 2082 ,
1699 2035 1805 2098 quo
1844 2023 2151 2098 monasteria:

643 2084 1033 2156 [Ionaugienais
1051 2084 1398 2156 possessiones
1427 2084 1726 2156 conﬁrmat;
1764 2089 1954 2144 Datum
1977 2091 2062 2145 die
2085 2091 2152 2146 15

644 2103 1094 2210 ῗοηααῖιςηδᾶἓὸι

695 2171 832 2208 eccm
871 2171 942 2208 1⁸18
1081 2195 1094 2208 .

550 2246 552 2248 ’
627 2265 787 2328 (Apud
811 2265 1124 2327 Grandidier,
1150 2266 1361 2319 Histoire
1381 2268 1444 2318 de
1463 2236 1656 2332 t‘B'glisc
1676 2269 1738 2321 de
1763 2271 2097 2336 Strasbourg.)

643 2368 900 2440 Pippinus
943 2383 1038 2424 rex
1081 2369 1436 2439 Francorum,
1486 2375 1570 2429 vir
1609 2375 1854 2442 inluster.
1892 2375 2155 2434 Omnibus

571 2458 859 2528 episcOpis,
886 2458 1190 2526 abbatibus,
1215 2461 1462 2528 ducibus,
1486 2464 1792 2530 comitibus,
1820 2465 2151 2533 domesticis,

573 2549 812 2614 vicariis,
847 2552 1196 2618 centenariis,
1227 2555 1478 2610 omnibus
1506 2557 1686 2612 missis
1713 2559 1914 2614 nostris
1946 2558 2156 2614 discur-

497 2683 499 2686 ,
576 2638 822 2694 rentibus
863 2647 974 2696 tam
1003 2643 1359 2710 praesentibus
1383 2659 1544 2714 quam
1594 2654 1649 2701 et
1684 2645 1899 2704 futuris.
1947 2647 2156 2720 Cogno-

578 2729 745 2783 scatis
775 2732 916 2799 quod
950 2732 1247 2786 maximum
1276 2737 1425 2805 regni
1465 2737 1637 2792 nostri
1662 2754 1860 2808 augere
1885 2741 2158 2796 credimus

574 2820 987 2886 munimentum,
1028 2824 1075 2878 si
1117 2824 1378 2880 beneﬁcia
1417 2836 1680 2895 oportuna
1732 2829 1866 2887 locis
1904 2832 2159 2888 ecclesia—

578 2925 699 2964 rum
726 2911 972 2967 benivola
1012 2913 1396 2971 deliberatione
1428 2920 1791 2984 concedimus,
1825 2937 1889 2976 ac
1925 2921 2157 2979 Domino

577 3008 890 3074 protegente
911 3003 1176 3058 stabiliter
1199 3005 1494 3076 perdurare
1516 3008 1854 3066 conﬁdimus.
1873 3011 2042 3082 Igitur
2060 3028 2159 3068 no—

2233 629 2418 675 noster
2444 629 2533 674 aut
2562 621 2629 676 de
2658 621 2828 686 freda,
2856 629 2949 675 aut
2974 620 3334 691 undicumque
3365 624 3568 690 poterit
3593 639 3822 694 sperare

2234 725 2299 764 ex
2333 719 2515 764 nostra
2543 709 2871 780 indulgentia
2897 725 2996 778 pro
3024 708 3206 764 futura
3236 710 3407 765 salute
3438 711 3492 766 in
3531 711 3822 768 luminari-

2234 799 2336 852 bus
2360 799 2528 868 ipsius
2555 799 2780 853 ecclesie
2828 814 2921 868 per
2951 815 3170 853 manum
3216 800 3486 869 agentium
3513 799 3708 856 eo‘rum
3750 801 3825 856 ad

2237 893 2405 961 ipsam
2433 891 2715 946 ecclesiam
2737 891 2986 960 proﬁciat
3007 891 3061 945 in
3090 900 3437 960 perpetuum;
3469 902 3527 948 et
3551 894 3700 962 quod
3720 909 3826 950 nos

2235 991 2456 1054 propter
2482 997 2676 1036 nomen
2720 981 2932 1036 Domini
2962 990 3017 1036 et
3048 981 3229 1035 anime
3265 990 3448 1036 nostre
3493 984 3825 1051 remedium,

2237 1091 2334 1131 seu
2372 1081 2611 1129 nostram
2657 1074 3073 1142 subsequentem
3111 1074 3420 1143 progeniem
3454 1075 3615 1144 plena
3661 1078 3828 1132 devo-

2240 1167 2384 1220 tione
2418 1164 2772 1229 indulsimus,
2810 1178 2910 1218 nec
2937 1163 3136 1233 regalis
3176 1163 3514 1228 sublimitas,
3563 1180 3667 1220 nec
3692 1181 3831 1235 quo-

2241 1257 2494 1312 rumlibet
2529 1257 2770 1327 judicum
2815 1271 2934 1310 sera
2965 1255 3232 1324 cupiditas
3269 1254 3546 1325 refragare
3576 1265 3828 1324 temptet.

2240 1347 2308 1400 Et
2352 1354 2411 1400 ut
2442 1361 2679 1416 praesens
2705 1345 2998 1400 auctoritas
3027 1352 3136 1398 tam
3162 1345 3520 1415 praesentibus
3545 1361 3710 1414 quam
3739 1346 3830 1400 fu-

2244 1437 2381 1492 turis
2414 1435 2776 1506 temporibus,
2827 1435 2936 1489 Deo
2959 1435 3204 1504 adjutore
3226 1475 3242 1499 ,
3281 1445 3628 1504 permaneat,
3662 1454 3834 1492 manu

2244 1536 2427 1582 nostra
2458 1527 2644 1580 subter
2669 1540 2788 1579 eam
2818 1524 3156 1579 decrevimus
3189 1522 3457 1580 aﬁirmare
3476 1565 3491 1590 ,
3524 1526 3605 1580 vel
3634 1526 3703 1580 de
3732 1541 3836 1580 an-

2245 1616 2373 1671 nulo
2400 1624 2587 1671 nostro
2619 1614 2872 1684 sigillare.

2324 1707 2547 1777 Signum
2575 1706 2616 1775 -ι-
2641 1705 2814 1774 Pipini
2838 1704 3207 1773 gloriosissimi
3238 1705 3396 1774 regis.

2175 1768 2225 1828 Β
2323 1768 2501 1852 Ιιινῡθὶ
2537 1768 2751 1851 nomine
2780 1768 3002 1850 Baddilo
3032 1808 3081 1856 ι,
3114 1768 3423 1864 recognovit
3448 1805 3502 1850 et
3540 1795 3792 1865 scripsit.

2319 1887 2513 1941 Datum
2541 1901 2727 1941 mense
2748 1885 3050 1954 Septembri
3078 1885 3166 1940 die
3191 1886 3398 1940 decima
3425 1887 3617 1955 quinta
3638 1925 3656 1951 ,
3688 1901 3840 1940 anno

2251 1979 2477 2047 septimo
2516 1985 2773 2048 regnante
2801 1976 3027 2045 Pippino
3064 1991 3208 2046 rege.
3255 1975 3450 2030 Actum
3479 1976 3650 2030 Duria
3695 1976 3749 2040 δ,
3783 1977 3837 2029 in

2251 2067 2347 2122 Dei
2376 2066 2593 2122 nomine
2620 2065 2866 2121 feliciter.
2895 2064 3089 2120 Amen.

2973 2156 3094 2210 XX.

2259 2245 2433 2317 Pipini
2464 2247 2596 2317 regis
2629 2245 2860 2317 diploma
2905 2263 3007 2317 quo
3047 2245 3180 2317 bona
3224 2255 3273 2300 et
3307 2245 3846 2317 juquurbacetuit

2593 2315 2814 2370 abbatia:
2841 2315 3119 2383 conﬁrmat
3148 2315 3317 2385 (anno,
3346 2315 3491 2383 760).

2521 2408 2685 2469 (Apud
2710 2407 3073 2469 Scbmptlinum,
3097 2407 3276 2457 Alsatia
3298 2406 3570 2471 diplomat.)

2323 2489 2544 2559 P'qﬁnus
2591 2505 2684 2544 rex
2724 2484 3056 2544 Francorum
3105 2488 3347 2543 illustris.
3375 2489 3683 2559 Principale
3724 2490 3846 2558 qui-

2256 2583 2376 2638 dem
2404 2582 2712 2637 clemenciae
2732 2589 3052 2636 cunctorum
3078 2581 3234 2636 decet
3261 2581 3620 2636 decomodare
3650 2595 3845 2635 aure

2254 2669 2576 2740 benignam,
2625 2669 2999 2739 praecipueque
3035 2683 3133 2738 pro
3173 2669 3492 2739 compendio
3531 2668 3849 2723 animarum

2255 2775 2289 2816 a
2336 2759 2749 2830 procedentibus
2784 2761 3002 2832 regibus
3041 2760 3477 2816 antecessoribus
3519 2761 3728 2816 nostris
3782 2759 3847 2815 ad

2257 2850 2378 2906 loca
2429 2851 2779 2906 ecclesiarum
2825 2851 3118 2920 probamus
3153 2865 3275 2905 esse
3314 2849 3600 2914 indultum,
3653 2849 3848 2903 devota

2258 2941 2517 2997 debemus
2561 2949 2741 2996 mente
2784 2940 3119 3010 perpendere
3143 2946 3199 2994 et
3223 2954 3462 3010 congrua
3488 2938 3757 2994 beneﬁcia
3787 2947 3850 2993 ut

2259 3045 2568 3088 mereamur
2585 3032 2653 3086 ad
2682 3033 2984 3088 mercedem
3013 3046 3132 3086 esse
3156 3032 3454 3100 participes
3483 3047 3591 3085 non
3622 3047 3847 3100 negare,

578 3092 973 3192 νθῗξξθοιῗῗθίξ
1001 3102 1210 3192 ῩθδιΪ³’
1236 3099 1398 3192 Quod
1423 3112 1520 3192 "0?
1561 3099 1629 3154 ad
1657 3100 1970 3168 νείίιίοηθω
1997 3117 2159 3192 νβηθ-
2183 3109 2231 3172 C
2260 3126 2356 3179 sed
2386 3123 2754 3179 robostissimo
2787 3122 2912 3192 jure
2955 3139 3056 3192 pro
3108 3092 3311 3179 nostris
3355 3092 3597 3180 oraculis
3650 3092 3841 3178 annrl

579 3183 766 3238 rabilis
792 3184 895 3238 viri
931 3183 1137 3240 Dubani
1165 3186 1401 3257 episcOpi
1431 3187 1538 3242 tale
1571 3203 1670 3256 pro
1698 3198 1885 3244 eterna
1915 3191 2158 3246 retribu-

586 3273 732 3327 tione
768 3272 1088 3328 beneﬁcium
1136 3275 1238 3330 visi
1270 3291 1456 3332 sumus
1487 3277 1803 3343 indulsisse,
1833 3287 1890 3332 ut
1926 3279 1981 3333 in
2007 3279 2160 3336 villas

578 3362 666 3416 vel
700 3378 788 3417 res
811 3363 1037 3418 ecclesie
1071 3375 1256 3420 sancte
1283 3365 1597 3422 Michahelis
1626 3368 1934 3439 archangeli
1957 3370 2022 3423 de
2048 3386 2162 3426 mo-

580 3454 820 3508 nasterio
845 3455 988 3522 quod
1024 3463 1103 3509 est
1151 3464 1519 3510 constructum
1555 3457 1610 3510 in
1653 3457 1825 3511 insula
1854 3457 2027 3514 Rheni
2057 3474 2161 3528 que

582 3551 806 3598 vocatur
839 3542 1204 3615 Hohenaugia,
1232 3560 1368 3613 quas
1391 3545 1628 3614 presenti
1658 3554 1916 3614 tempore,
1953 3555 2045 3600 aut
2066 3561 2162 3602 no-

582 3642 719 3700 stro,
743 3642 836 3687 aut
865 3633 1150 3704 cujuslibet
1179 3649 1402 3688 munere
1431 3634 1630 3690 habere
1658 3634 1887 3699 videtur,
1917 3635 1993 3689 vel
2025 3649 2160 3703 quas

579 3724 836 3792 deinceps
871 3724 923 3777 in
961 3725 1085 3793 jure
1137 3725 1304 3792 ipsius
1345 3723 1518 3778 sancti
1557 3723 1660 3778 loci
1713 3725 1942 3779 voluerit
1982 3724 2160 3779 divina

582 3813 758 3882 pietas
785 3813 1062 3882 ampliare,
1095 3814 1271 3869 nullus
1291 3813 1456 3884 judex
1480 3814 1727 3883 publicus
1754 3815 1821 3869 ad
1846 3830 2040 3871 causas
2067 3831 2163 3869 au-

585 3904 858 3966 diendum,
887 3903 973 3954 vel
998 3901 1147 3957 freda
1175 3903 1412 3972 undique
1432 3903 1753 3971 exigendum
1779 3917 1992 3973 quoque
2027 3911 2161 3958 tem-

585 4008 715 4063 pore
745 4006 848 4044 non
876 3998 1152 4057 presumat
1176 3990 1384 4059 ingredi
1415 4007 1429 4041 :
1467 3989 1560 4043 sed
1585 3990 1860 4059 prodictus
1881 3990 2158 4059 Dubanus,

583 4081 670 4136 vel
705 4093 1044 4136 successores
1068 4078 1150 4132 sui
1176 4085 1396 4147 propter
1425 4092 1618 4132 nomen
1647 4078 1856 4132 Domini
1885 4079 1968 4134 vel
1987 4081 2163 4136 sancti

585 4169 862 4228 Michaelis
877 4168 976 4224 sub
996 4169 1206 4240 integre
1234 4169 1545 4224 emunitatis
1565 4169 1779 4223 nomine
1793 4169 1938 4238 ipsas
1959 4187 2047 4226 res
2069 4187 2165 4227 va-

583 4266 691 4320 leat
721 4263 1019 4318 dominare.
1063 4261 1427 4331 Preeipieutes
1452 4277 1579 4333 ergo
1610 4261 1882 4333 jubemus,
1909 4271 1968 4317 ut
1991 4279 2165 4334 neque

584 4373 699 4420 vos,
735 4368 907 4424 neque
927 4353 1189 4422 juniores,
1218 4361 1312 4407 aut
1350 4368 1690 4408 successores
1710 4353 1899 4417 vestri,
1932 4369 2032 4409 nec
2057 4354 2162 4408 ulla

583 4447 796 4517 publica
806 4445 1089 4516 judiciaria
1111 4453 1351 4515 potestas
1371 4459 1708 4514 quocumque
1733 4453 1973 4514 tempore
1989 4446 2045 4500 in
2065 4445 2164 4498 vil-
2191 4457 2240 4517 ι)

585 4539 664 4592 las
679 4538 1004 4604 ubicumque
1027 4535 1081 4590 in
1103 4550 1268 4605 regno
1289 4544 1494 4601 nostro,
1512 4536 1611 4604 ipsi
1637 4535 1862 4591 ecclesie
1872 4544 1964 4590 aut
1985 4537 2155 4608 regia,

587 4639 678 4688 aut
709 4630 1042 4699 privatorum
1069 4628 1152 4686 vel
1177 4630 1441 4684 bonorum
1468 4629 1744 4684 hominum
1772 4630 2024 4702 largitate
2045 4631 2162 4686 col-

585 4723 747 4786 latas,
779 4720 860 4773 vel
906 4735 1011 4789 que
1062 4721 1275 4776 inantea
1315 4736 1412 4791 per
1461 4720 1631 4775 Deum
1674 4722 1926 4778 timentes
1964 4723 2166 4778 fuerint

579 4811 798 4874 pollate.
831 4811 896 4869 ad
923 4811 1214 4874 audiendas
1241 4811 1619 4868 altercationes
1649 4813 1877 4883 ingredi,
1899 4822 1992 4868 aut
2014 4814 2165 4869 freda

582 4899 657 4958 de
682 4903 920 4971 qualibet
943 4918 1106 4958 causa
1143 4904 1381 4972 exigere,
1406 4920 1506 4960 nec
1529 4906 1854 4970 mansiones,
1885 4915 1978 4960 aut
2004 4922 2069 4975 pa
2080 4922 2167 4961 ra-

586 5000 709 5058 tas,
755 4993 840 5047 vel
874 4993 1216 5062 ﬁdejussores
1241 4981 1432 5049 tollere
1467 4997 1826 5065 presumatis;
1875 4997 1969 5051 sed
2012 4998 2167 5066 quid-

589 5083 722 5158 guid
748 5084 940 5138 exinde
965 5084 1410 5149 deservientibus,
1455 5087 1548 5156 qui
1576 5097 1703 5142 sunt
1727 5086 1868 5145 infra
1895 5103 2053 5159 agros
2080 5090 2166 5145 vel

589 5159 796 5241 vineas,
828 5190 921 5229 seu
953 5189 1114 5243 super
1139 5183 1312 5231 terras
1344 5177 1584 5246 predicte
1607 5178 1834 5237 ecclesie
1868 5179 2043 5234 sancti
2073 5179 2170 5238 Mi-

662 5297 687 5357 _a
717 5282 936 5356 Baddilo
957 5284 1309 5357 cancellarius
1330 5286 1526 5357 multas
1545 5287 1753 5357 Pippini
1791 5289 2010 5344 chartas
2035 5289 2170 5345 scri-

588 5353 696 5421 psit
726 5353 986 5408 annorum
1012 5353 1145 5428 _7_57,
1185 5355 1376 5428 763m
1406 5355 1534 5428 jﬁﬁ,
1562 5353 1698 5426 quas
1723 5359 1840 5414 vide
1863 5361 2003 5428 apud
2026 5359 2168 5414 Bou—

589 5423 1078 5503 (ιιιριιληιηῑοωκῐζ,
1102 5439 1220 5493 pag.
1252 5425 1374 5490 702,
1405 5425 1506 5503 7ρὸ
1528 5423 1724 5503 et706.

662 5491 690 5529 ι)
725 5491 890 5564 Du_ria
921 5491 1516 5564 velDu’ra—germanice
1543 5497 1746 5564 Daren,
1775 5513 1934 5564 quam
1957 5510 2171 5556 veteres

592 5555 966 5640 Jfarcodurum
1001 5555 1254 5640 Ubiorum
1282 5565 1457 5621 vicum
1481 5555 1756 5633 dixerunt,
1785 5555 1886 5640 fuit
1919 5569 2049 5625 olim
2087 5555 2170 5625 in?

593 5627 744 5706 signe
781 5627 1057 5706 palatium
1075 5633 1300 5706 regium,
1343 5651 1485 5690 nunc
1511 5644 1690 5691 autem
1719 5627 1912 5693 civitas
1941 5641 2168 5695 ducatus

593 5691 912 5757 Ju’liacensis
934 5696 990 5756 in
1009 5691 1212 5755 circulo
1236 5691 1619 5772 Westphalico,
1661 5691 1840 5766 medio
1854 5691 2166 5767 fferei'tine:

2222 3228 2434 3295 ‘mare.
2481 3213 2644 3284 Igitur
2693 3214 3018 3270 venerabilis
3061 3213 3144 3268 vir
3186 3215 3543 3270 Baldobertus
3569 3215 3712 3269 dono
3753 3214 3848 3270 Dei

2261 3305 2400 3360 abba
2427 3305 2494 3360 de
2531 3307 2860 3361 monasterio
2882 3305 3102 3362 Vivario
3138 3305 3584 3376 Peregrinarum,
3616 3306 3713 3374 qui
3753 3319 3842 3376 po

2262 3397 2411 3451 nitur
2439 3397 2492 3450 in
2522 3411 2659 3467 pago
2699 3396 2990 3454 Alsecense
3029 3413 3190 3468 super
3215 3397 3433 3452 fluvium
3468 3397 3728 3456 Morbach
3761 3398 3847 3466 qui

2259 3494 2346 3540 est
2369 3495 2712 3542 constructus
2741 3487 2793 3540 in
2833 3487 3038 3542 honore
3073 3487 3244 3542 sancti
3288 3486 3569 3554 Leodegari
3614 3494 3676 3540 et
3700 3484 3846 3540 Petri

2263 3575 2489 3644 apostoli
2521 3583 2576 3630 et
2600 3583 2801 3631 sanctae
2841 3577 3024 3632 Maria:
3051 3585 3469 3646 caeterorumque
3505 3584 3846 3638 sanctorum,

2263 3675 2319 3721 et
2359 3667 2472 3736 ipse
2499 3683 2620 3722 cum
2669 3663 2824 3724 turba
2867 3669 3097 3739 plurima
3141 3671 3528 3725 monachorum
3569 3670 3852 3724 deservire

2263 3756 2525 3822 noscitur,
2571 3757 2879 3812 clemenciae
2935 3759 3087 3828 regni
3135 3759 3303 3814 nostri
3350 3759 3687 3829 suggesserit
3708 3799 3727 3823 ,
3785 3773 3852 3814 eo

2263 3848 2406 3917 quod
2430 3857 2798 3905 antecessores
2826 3851 2993 3904 nostri
3020 3851 3292 3919 quondam
3319 3865 3416 3920 per
3433 3865 3624 3906 eorum
3665 3859 3856 3906 aucto-

2264 3937 2453 3991 ritates
2477 3936 2688 3991 illorum
2737 3936 2984 3991 manibus
3024 3939 3344 4008 subscriptis
3385 3939 3452 3993 de
3481 3939 3626 3993 villis
3676 3939 3854 4007 ipsius

2264 4025 2506 4082 ecclesiae
2530 4064 2544 4090 ,
2589 4025 2734 4095 quod
2762 4026 2829 4081 ad
2858 4041 3094 4096 praesens
3121 4026 3468 4096 possidebat,
3502 4036 3610 4081 tam
3635 4043 3702 4081 ex
3735 4043 3861 4082 mu-

2264 4116 2484 4170 neribus
2509 4115 2812 4186 principum
2860 4115 2942 4170 vel
2981 4116 3280 4171 Eberhardi
3317 4117 3411 4185 qui
3454 4117 3632 4187 ipsum
3663 4133 3858 4172 mona-

2265 4207 2487 4262 sterium
2514 4207 2567 4261 in
2597 4221 2694 4260 sua
2720 4206 3001 4261 elimosina
3032 4205 3300 4269 fundavit;
3320 4221 3484 4275 quam
3508 4221 3574 4261 cx
3599 4206 3860 4276 largitate

2263 4298 2600 4369 pagensium,
2629 4296 2714 4351 vel
2745 4299 2890 4365 quod
2933 4297 3149 4352 inantea
3188 4298 3357 4352 Deum
3405 4296 3722 4352 timentibus
3755 4297 3858 4350 ho-

2269 4389 2504 4444 minibus
2530 4387 2740 4442 ebidem
2770 4387 3071 4458 delegatum
3115 4388 3277 4443 fuerit
3314 4389 3521 4458 integra
3550 4385 3862 4440 emunitam

2267 4482 2698 4546 concessissent,
2745 4488 2805 4534 ut
2832 4481 3010 4536 nullus
3029 4481 3194 4551 judex
3223 4482 3470 4551 publicus
3498 4481 3553 4534 in
3593 4479 3744 4533 villis
3771 4478 3864 4534 vel

2267 4588 2355 4628 res
2398 4573 2565 4642 ipsius
2608 4573 2850 4629 ecclesiae
2889 4590 3000 4630 sua:
3043 4590 3146 4630 nec
3188 4576 3258 4630 ad
3293 4590 3487 4629 causas
3531 4570 3864 4627 audiendis

2267 4674 2366 4716 nec
2409 4661 2560 4716 freda
2589 4663 2852 4732 exigenda
2895 4678 2996 4719 nec
3041 4665 3353 4719 mansiones
3387 4672 3479 4718 aut
3505 4671 3735 4732 paratus
3780 4664 3864 4721 fa-

2267 4754 2486 4808 ciendas
2528 4769 2630 4808 nec
2683 4753 3024 4822 ﬁdeiussores
3070 4755 3403 4819 tollendum,
3449 4771 3548 4810 nec
3601 4756 3866 4814 homines

2267 4847 2437 4916 ipsius
2463 4847 2704 4903 ecclesia:
2730 4848 2796 4903 de
2823 4848 3152 4917 quibuslibet
3175 4850 3358 4904 causis
3390 4849 3861 4919 distringendum,

2267 4951 2369 4992 nec
2401 4936 2565 4990 ullam
2602 4938 3002 4994 redihucionem
3031 4940 3415 5009 requirendum
3442 4941 3646 4995 ibidem
3679 4942 3865 5012 ingre-

2268 5029 2397 5084 dere
2423 5045 2529 5084 non
2565 5029 2814 5094 debeant,
2847 5033 2986 5086 unde
3010 5040 3066 5086 et
3087 5033 3260 5101 ipsum
3288 5033 3707 5102 prmeeptionem
3745 5034 3862 5103 jam

2267 5122 2426 5179 dictis
2453 5123 2888 5180 antecessoribus
2941 5125 3142 5180 nostris
3189 5140 3285 5180 seu
3331 5134 3386 5180 et
3432 5123 3867 5180 conﬁrmacione

2269 5271 2347 5328 ris
2384 5271 2556 5344 spatio
2583 5271 2726 5327 inter
2762 5272 3157 5344 Aquisgranum
3191 5284 3240 5330 et
3284 5274 3561 5331 Coloniam
3605 5274 3869 5344 Agrippi-

2269 5291 2347 5328 τις
2384 5291 2556 5344 spatio
2583 5291 2726 5327 inter
2762 5291 3157 5343 aqutsgranum
3191 5291 3240 5330 et
3284 5291 3561 5331 uatomarn
3605 5291 3869 5397 agrian-

2269 5358 2416 5408 nam,
2446 5359 2474 5396 a
2501 5359 2605 5412 qua
2633 5345 2816 5397 decem
2846 5343 3012 5398 leucis
3036 5344 3218 5398 distat.
3257 5344 3356 5399 liic
3385 5344 3567 5398 multa:
3599 5360 3666 5397 su
3783 5346 3869 5413 ’ρ-

2269 5414 2397 5484 pino
2425 5427 2581 5484 rege
2601 5413 2824 5482 ejusque
2871 5413 2978 5484 ﬁlio
3026 5413 3220 5468 Carolo
3262 5415 3449 5484 Magno
3489 5414 3693 5484 habita
3730 5422 3871 5468 sunt

2271 5481 2480 5553 synodi.
2503 5481 2516 5482 ί
2545 5481 2868 5537 Consulatur
2903 5483 3128 5538 Michael
3164 5481 3468 5553 Germanus,
3509 5483 3576 5538 de
3615 5482 3864 5539 Franco-

2273 5567 2614 5677 Fli’m‘gelgggi
2633 5553 2857 5677 giatiis
2889 5554 3028 5624 apud
3056 5553 3416 5618 Mabillonem,
3449 5552 3547 5609 Rei
3569 5553 3870 5625 diplomat.

2293 5640 2306 5677 ι
2351 5662 2364 5676 .
2453 5662 2466 5677 .
2593 5661 2610 5674 .
2744 5663 2757 5676 .

2272 5623 2364 5678 lib.
2390 5638 2466 5688 tv,
2488 5637 2610 5693 pag.
2633 5623 2757 5678 281.
