  <div class='ocr_page' id='page_1' title='image "/cluster/home/n/w/nwhite01/storage/ocr_20150623/96/hvd.32044052819901/772.png"; bbox 0 0 4046 6172; ppageno 0'>
   <div class='ocr_carea' id='block_1_1' title="bbox 243 332 382 387">
    <p class='ocr_par' dir='ltr' id='par_1_1' title="bbox 243 332 382 387">
     <span class='ocr_line' id='line_1_1' title="bbox 243 332 382 387; baseline 0 0"><span class='ocrx_word' id='word_1_1' title='bbox 243 332 382 387; x_wconf 71' lang='grc'><strong>1555</strong></span> 
     </span>
    </p>
   </div>
   <div class='ocr_carea' id='block_1_2' title="bbox 1011 318 2790 397">
    <p class='ocr_par' dir='ltr' id='par_1_2' title="bbox 1011 318 2790 397">
     <span class='ocr_line' id='line_1_2' title="bbox 1011 318 2790 397; baseline -0.002 -11"><span class='ocrx_word' id='word_1_2' title='bbox 1011 328 1270 397; x_wconf 82' lang='lat' dir='ltr'><strong>PlPPlNl,</strong></span> <span class='ocrx_word' id='word_1_3' title='bbox 1312 327 1803 386; x_wconf 75' lang='lat' dir='ltr'><strong>CAROLOMANNI</strong></span> <span class='ocrx_word' id='word_1_4' title='bbox 1841 326 1929 383; x_wconf 86' lang='lat' dir='ltr'>ET</span> <span class='ocrx_word' id='word_1_5' title='bbox 1966 327 2276 385; x_wconf 79' lang='lat' dir='ltr'><strong>ALIORUM</strong></span> <span class='ocrx_word' id='word_1_6' title='bbox 2312 326 2729 386; x_wconf 78' lang='lat' dir='ltr'><strong>DIPLOMATA.</strong></span> <span class='ocrx_word' id='word_1_7' title='bbox 2788 318 2790 320; x_wconf 47' lang='grc'>’</span> 
     </span>
    </p>
   </div>
   <div class='ocr_carea' id='block_1_3' title="bbox 3363 332 3502 392">
    <p class='ocr_par' dir='ltr' id='par_1_3' title="bbox 3363 332 3502 392">
     <span class='ocr_line' id='line_1_3' title="bbox 3363 332 3502 392; baseline 0.014 -2"><span class='ocrx_word' id='word_1_8' title='bbox 3363 332 3502 392; x_wconf 67' lang='grc'><strong>1556</strong></span> 
     </span>
    </p>
   </div>
   <div class='ocr_carea' id='block_1_4' title="bbox 241 440 3505 513">
    <p class='ocr_par' dir='ltr' id='par_1_4' title="bbox 241 440 3505 513">
     <span class='ocr_line' id='line_1_4' title="bbox 241 440 3505 513; baseline 0 -11"><span class='ocrx_word' id='word_1_9' title='bbox 241 461 429 502; x_wconf 89' lang='lat' dir='ltr'><strong>eorum</strong></span> <span class='ocrx_word' id='word_1_10' title='bbox 467 445 771 505; x_wconf 82' lang='lat' dir='ltr'><strong>antedictus</strong></span> <span class='ocrx_word' id='word_1_11' title='bbox 815 443 952 500; x_wconf 90' lang='lat' dir='ltr'><strong>abba</strong></span> <span class='ocrx_word' id='word_1_12' title='bbox 1007 443 1360 500; x_wconf 88' lang='lat' dir='ltr'><strong>Baldobertus</strong></span> <span class='ocrx_word' id='word_1_13' title='bbox 1393 452 1574 499; x_wconf 86' lang='lat' dir='ltr'><strong>rector</strong></span> <span class='ocrx_word' id='word_1_14' title='bbox 1601 443 1668 499; x_wconf 91' lang='lat' dir='ltr'><strong>de</strong></span> <span class='ocrx_word' id='word_1_15' title='bbox 1697 443 1812 511; x_wconf 91' lang='lat' dir='ltr'><strong>ipso</strong></span> <span class='ocrx_word' id='word_1_16' title='bbox 1839 444 1887 506; x_wconf 72' lang='grc' dir='ltr'><strong>Α</strong></span> <span class='ocrx_word' id='word_1_17' title='bbox 1917 443 2251 509; x_wconf 81' lang='lat' dir='ltr'><strong>monasterii,</strong></span> <span class='ocrx_word' id='word_1_18' title='bbox 2281 458 2400 513; x_wconf 65' lang='lat' dir='ltr'><strong>quae</strong></span> <span class='ocrx_word' id='word_1_19' title='bbox 2430 443 2628 499; x_wconf 84' lang='lat' dir='ltr'><strong>ibidem</strong></span> <span class='ocrx_word' id='word_1_20' title='bbox 2659 440 2827 498; x_wconf 82' lang='lat' dir='ltr'><strong>fuisse</strong></span> <span class='ocrx_word' id='word_1_21' title='bbox 2850 441 3224 513; x_wconf 84' lang='lat' dir='ltr'><strong>dinoscuntur,</strong></span> <span class='ocrx_word' id='word_1_22' title='bbox 3253 443 3403 503; x_wconf 84' lang='lat' dir='ltr'><strong>visus</strong></span> <span class='ocrx_word' id='word_1_23' title='bbox 3422 456 3505 502; x_wconf 84' lang='lat' dir='ltr'><strong>est</strong></span> 
     </span>
    </p>
   </div>
   <div class='ocr_carea' id='block_1_5' title="bbox 242 533 1818 605">
    <p class='ocr_par' dir='ltr' id='par_1_5' title="bbox 242 533 1818 605">
     <span class='ocr_line' id='line_1_5' title="bbox 242 533 1818 605; baseline -0.003 -14"><span class='ocrx_word' id='word_1_24' title='bbox 242 536 570 592; x_wconf 88' lang='lat' dir='ltr'><strong>monasterio</strong></span> <span class='ocrx_word' id='word_1_25' title='bbox 604 535 761 596; x_wconf 84' lang='lat' dir='ltr'><strong>nobis</strong></span> <span class='ocrx_word' id='word_1_26' title='bbox 795 535 1029 590; x_wconf 79' lang='lat' dir='ltr'><strong>ostendit</strong></span> <span class='ocrx_word' id='word_1_27' title='bbox 1069 534 1138 589; x_wconf 88' lang='lat' dir='ltr'><strong>ad</strong></span> <span class='ocrx_word' id='word_1_28' title='bbox 1182 534 1511 605; x_wconf 86' lang='lat' dir='ltr'><strong>religendam</strong></span> <span class='ocrx_word' id='word_1_29' title='bbox 1547 533 1615 589; x_wconf 90' lang='lat' dir='ltr'><strong>ad</strong></span> <span class='ocrx_word' id='word_1_30' title='bbox 1645 533 1818 602; x_wconf 90' lang='lat' dir='ltr'><strong>ipsum</strong></span> 
     </span>
    </p>
   </div>
   <div class='ocr_carea' id='block_1_6' title="bbox 243 623 1814 681">
    <p class='ocr_par' dir='ltr' id='par_1_6' title="bbox 243 623 1814 681">
     <span class='ocr_line' id='line_1_6' title="bbox 243 623 1814 681; baseline -0.001 -2"><span class='ocrx_word' id='word_1_31' title='bbox 243 625 564 681; x_wconf 90' lang='lat' dir='ltr'><strong>beneﬁcium</strong></span> <span class='ocrx_word' id='word_1_32' title='bbox 586 625 730 680; x_wconf 86' lang='lat' dir='ltr'><strong>circa</strong></span> <span class='ocrx_word' id='word_1_33' title='bbox 757 625 1006 680; x_wconf 90' lang='lat' dir='ltr'><strong>eumdem</strong></span> <span class='ocrx_word' id='word_1_34' title='bbox 1035 623 1119 680; x_wconf 88' lang='lat' dir='ltr'><strong>vel</strong></span> <span class='ocrx_word' id='word_1_35' title='bbox 1148 633 1502 680; x_wconf 88' lang='lat' dir='ltr'><strong>memoratam</strong></span> <span class='ocrx_word' id='word_1_36' title='bbox 1532 624 1814 679; x_wconf 85' lang='lat' dir='ltr'><strong>ecclesiam</strong></span> 
     </span>
    </p>
   </div>
   <div class='ocr_carea' id='block_1_7' title="bbox 242 715 1819 788">
    <p class='ocr_par' dir='ltr' id='par_1_7' title="bbox 242 715 1819 788">
     <span class='ocr_line' id='line_1_7' title="bbox 242 715 1819 788; baseline -0.001 -16"><span class='ocrx_word' id='word_1_37' title='bbox 242 717 412 788; x_wconf 80' lang='lat' dir='ltr'><strong>ipsius</strong></span> <span class='ocrx_word' id='word_1_38' title='bbox 458 731 628 785; x_wconf 93' lang='lat' dir='ltr'><strong>usque</strong></span> <span class='ocrx_word' id='word_1_39' title='bbox 677 732 819 771; x_wconf 90' lang='lat' dir='ltr'><strong>nunc</strong></span> <span class='ocrx_word' id='word_1_40' title='bbox 867 716 1063 771; x_wconf 86' lang='lat' dir='ltr'><strong>asserit</strong></span> <span class='ocrx_word' id='word_1_41' title='bbox 1107 730 1226 771; x_wconf 86' lang='lat' dir='ltr'><strong>esse</strong></span> <span class='ocrx_word' id='word_1_42' title='bbox 1272 724 1666 770; x_wconf 87' lang='lat' dir='ltr'><strong>conservatum.</strong></span> <span class='ocrx_word' id='word_1_43' title='bbox 1712 715 1819 770; x_wconf 87' lang='lat' dir='ltr'><strong>Sed</strong></span> 
     </span>
    </p>
   </div>
   <div class='ocr_carea' id='block_1_8' title="bbox 242 806 1820 876">
    <p class='ocr_par' dir='ltr' id='par_1_8' title="bbox 242 806 1820 876">
     <span class='ocr_line' id='line_1_8' title="bbox 242 806 1820 876; baseline 0 -16"><span class='ocrx_word' id='word_1_44' title='bbox 242 822 342 876; x_wconf 90' lang='lat' dir='ltr'><strong>pro</strong></span> <span class='ocrx_word' id='word_1_45' title='bbox 377 806 693 861; x_wconf 81' lang='lat' dir='ltr'><strong>aﬁirmantis</strong></span> <span class='ocrx_word' id='word_1_46' title='bbox 713 807 891 862; x_wconf 89' lang='lat' dir='ltr'><strong>studio</strong></span> <span class='ocrx_word' id='word_1_47' title='bbox 917 807 1071 876; x_wconf 88' lang='lat' dir='ltr'><strong>petiit</strong></span> <span class='ocrx_word' id='word_1_48' title='bbox 1091 806 1462 862; x_wconf 86' lang='lat' dir='ltr'><strong>celsitudinem</strong></span> <span class='ocrx_word' id='word_1_49' title='bbox 1493 816 1732 861; x_wconf 91' lang='lat' dir='ltr'><strong>nostram</strong></span> <span class='ocrx_word' id='word_1_50' title='bbox 1761 814 1820 861; x_wconf 90' lang='lat' dir='ltr'><strong>ut</strong></span> 
     </span>
    </p>
   </div>
   <div class='ocr_carea' id='block_1_9' title="bbox 244 897 1820 966">
    <p class='ocr_par' dir='ltr' id='par_1_9' title="bbox 244 897 1820 966">
     <span class='ocr_line' id='line_1_9' title="bbox 244 897 1820 966; baseline 0 -14"><span class='ocrx_word' id='word_1_51' title='bbox 244 899 348 952; x_wconf 90' lang='lat' dir='ltr'><strong>hoc</strong></span> <span class='ocrx_word' id='word_1_52' title='bbox 383 898 556 952; x_wconf 90' lang='lat' dir='ltr'><strong>denuo</strong></span> <span class='ocrx_word' id='word_1_53' title='bbox 582 897 725 952; x_wconf 88' lang='lat' dir='ltr'><strong>circa</strong></span> <span class='ocrx_word' id='word_1_54' title='bbox 764 897 940 966; x_wconf 91' lang='lat' dir='ltr'><strong>ipsum</strong></span> <span class='ocrx_word' id='word_1_55' title='bbox 980 898 1367 952; x_wconf 87' lang='lat' dir='ltr'><strong>monasterium</strong></span> <span class='ocrx_word' id='word_1_56' title='bbox 1395 897 1479 950; x_wconf 89' lang='lat' dir='ltr'><strong>vel</strong></span> <span class='ocrx_word' id='word_1_57' title='bbox 1517 897 1661 966; x_wconf 91' lang='lat' dir='ltr'><strong>ipsos</strong></span> <span class='ocrx_word' id='word_1_58' title='bbox 1706 912 1820 952; x_wconf 91' lang='lat' dir='ltr'><strong>mo-</strong></span> 
     </span>
    </p>
   </div>
   <div class='ocr_carea' id='block_1_10' title="bbox 243 986 1820 1057">
    <p class='ocr_par' dir='ltr' id='par_1_10' title="bbox 243 986 1820 1057">
     <span class='ocr_line' id='line_1_10' title="bbox 243 986 1820 1057; baseline 0 -17"><span class='ocrx_word' id='word_1_59' title='bbox 243 988 445 1042; x_wconf 89' lang='lat' dir='ltr'><strong>nachos</strong></span> <span class='ocrx_word' id='word_1_60' title='bbox 473 995 656 1041; x_wconf 90' lang='lat' dir='ltr'><strong>nostra</strong></span> <span class='ocrx_word' id='word_1_61' title='bbox 690 987 910 1042; x_wconf 82' lang='lat' dir='ltr'><strong>deberet</strong></span> <span class='ocrx_word' id='word_1_62' title='bbox 950 988 1247 1042; x_wconf 84' lang='lat' dir='ltr'><strong>auctoritas</strong></span> <span class='ocrx_word' id='word_1_63' title='bbox 1275 988 1599 1057; x_wconf 83' lang='lat' dir='ltr'><strong>generaliter</strong></span> <span class='ocrx_word' id='word_1_64' title='bbox 1624 986 1820 1042; x_wconf 90' lang='lat' dir='ltr'><strong>conﬁr-</strong></span> 
     </span>
    </p>
   </div>
   <div class='ocr_carea' id='block_1_11' title="bbox 245 1077 1818 1148">
    <p class='ocr_par' dir='ltr' id='par_1_11' title="bbox 245 1077 1818 1148">
     <span class='ocr_line' id='line_1_11' title="bbox 245 1077 1818 1148; baseline 0.001 -17"><span class='ocrx_word' id='word_1_65' title='bbox 245 1092 414 1132; x_wconf 90' lang='lat' dir='ltr'><strong>mare.</strong></span> <span class='ocrx_word' id='word_1_66' title='bbox 453 1077 620 1148; x_wconf 85' lang='lat' dir='ltr'><strong>Cujus</strong></span> <span class='ocrx_word' id='word_1_67' title='bbox 653 1079 972 1147; x_wconf 88' lang='lat' dir='ltr'><strong>pcticionem</strong></span> <span class='ocrx_word' id='word_1_68' title='bbox 1007 1093 1107 1147; x_wconf 91' lang='lat' dir='ltr'><strong>pro</strong></span> <span class='ocrx_word' id='word_1_69' title='bbox 1136 1078 1436 1133; x_wconf 90' lang='lat' dir='ltr'><strong>reverentia</strong></span> <span class='ocrx_word' id='word_1_70' title='bbox 1486 1078 1652 1148; x_wconf 90' lang='lat' dir='ltr'><strong>ipsius</strong></span> <span class='ocrx_word' id='word_1_71' title='bbox 1691 1077 1818 1143; x_wconf 91' lang='lat' dir='ltr'><strong>loci,</strong></span> 
     </span>
    </p>
   </div>
   <div class='ocr_carea' id='block_1_12' title="bbox 242 1168 1820 1238">
    <p class='ocr_par' dir='ltr' id='par_1_12' title="bbox 242 1168 1820 1238">
     <span class='ocr_line' id='line_1_12' title="bbox 242 1168 1820 1238; baseline 0.001 -16"><span class='ocrx_word' id='word_1_72' title='bbox 242 1176 304 1222; x_wconf 90' lang='lat' dir='ltr'><strong>ut</strong></span> <span class='ocrx_word' id='word_1_73' title='bbox 334 1183 637 1223; x_wconf 89' lang='lat' dir='ltr'><strong>mereamur</strong></span> <span class='ocrx_word' id='word_1_74' title='bbox 673 1168 738 1221; x_wconf 91' lang='lat' dir='ltr'><strong>ad</strong></span> <span class='ocrx_word' id='word_1_75' title='bbox 782 1169 1081 1223; x_wconf 88' lang='lat' dir='ltr'><strong>mercedem</strong></span> <span class='ocrx_word' id='word_1_76' title='bbox 1126 1169 1344 1234; x_wconf 89' lang='lat' dir='ltr'><strong>sociari,</strong></span> <span class='ocrx_word' id='word_1_77' title='bbox 1374 1169 1684 1238; x_wconf 88' lang='lat' dir='ltr'><strong>plenissima</strong></span> <span class='ocrx_word' id='word_1_78' title='bbox 1727 1184 1820 1224; x_wconf 85' lang='lat' dir='ltr'><strong>vo-</strong></span> 
     </span>
    </p>
   </div>
   <div class='ocr_carea' id='block_1_13' title="bbox 246 1257 1821 1328">
    <p class='ocr_par' dir='ltr' id='par_1_13' title="bbox 246 1257 1821 1328">
     <span class='ocr_line' id='line_1_13' title="bbox 246 1257 1821 1328; baseline 0.003 -18"><span class='ocrx_word' id='word_1_79' title='bbox 246 1258 450 1312; x_wconf 86' lang='lat' dir='ltr'><strong>luntate</strong></span> <span class='ocrx_word' id='word_1_80' title='bbox 473 1259 571 1312; x_wconf 89' lang='lat' dir='ltr'><strong>visi</strong></span> <span class='ocrx_word' id='word_1_81' title='bbox 618 1257 816 1313; x_wconf 83' lang='lat' dir='ltr'><strong>fuimus</strong></span> <span class='ocrx_word' id='word_1_82' title='bbox 844 1259 1187 1328; x_wconf 88' lang='lat' dir='ltr'><strong>prestititisse</strong></span> <span class='ocrx_word' id='word_1_83' title='bbox 1225 1259 1309 1313; x_wconf 90' lang='lat' dir='ltr'><strong>vel</strong></span> <span class='ocrx_word' id='word_1_84' title='bbox 1343 1261 1398 1314; x_wconf 91' lang='lat' dir='ltr'><strong>in</strong></span> <span class='ocrx_word' id='word_1_85' title='bbox 1424 1261 1674 1316; x_wconf 87' lang='lat' dir='ltr'><strong>omnibus</strong></span> <span class='ocrx_word' id='word_1_86' title='bbox 1693 1275 1821 1316; x_wconf 89' lang='lat' dir='ltr'><strong>cou-</strong></span> 
     </span>
    </p>
   </div>
   <div class='ocr_carea' id='block_1_14' title="bbox 246 1350 1822 1424">
    <p class='ocr_par' dir='ltr' id='par_1_14' title="bbox 246 1350 1822 1424">
     <span class='ocr_line' id='line_1_14' title="bbox 246 1350 1822 1424; baseline 0.004 -21"><span class='ocrx_word' id='word_1_87' title='bbox 246 1350 490 1404; x_wconf 89' lang='lat' dir='ltr'><strong>ﬁrmasse</strong></span> <span class='ocrx_word' id='word_1_88' title='bbox 521 1352 883 1420; x_wconf 87' lang='lat' dir='ltr'><strong>congnoscite.</strong></span> <span class='ocrx_word' id='word_1_89' title='bbox 927 1351 1294 1423; x_wconf 88' lang='lat' dir='ltr'><strong>Precipientes</strong></span> <span class='ocrx_word' id='word_1_90' title='bbox 1331 1367 1460 1424; x_wconf 89' lang='lat' dir='ltr'><strong>ergo</strong></span> <span class='ocrx_word' id='word_1_91' title='bbox 1489 1353 1740 1421; x_wconf 89' lang='lat' dir='ltr'><strong>jubemus</strong></span> <span class='ocrx_word' id='word_1_92' title='bbox 1761 1363 1822 1410; x_wconf 90' lang='lat' dir='ltr'><strong>ut</strong></span> 
     </span>
    </p>
   </div>
   <div class='ocr_carea' id='block_1_15' title="bbox 245 1442 1822 1514">
    <p class='ocr_par' dir='ltr' id='par_1_15' title="bbox 245 1442 1822 1514">
     <span class='ocr_line' id='line_1_15' title="bbox 245 1442 1822 1514; baseline 0.004 -20"><span class='ocrx_word' id='word_1_93' title='bbox 245 1442 420 1496; x_wconf 90' lang='lat' dir='ltr'><strong>nullus</strong></span> <span class='ocrx_word' id='word_1_94' title='bbox 439 1443 602 1512; x_wconf 84' lang='lat' dir='ltr'><strong>judex</strong></span> <span class='ocrx_word' id='word_1_95' title='bbox 626 1443 874 1512; x_wconf 90' lang='lat' dir='ltr'><strong>publicus</strong></span> <span class='ocrx_word' id='word_1_96' title='bbox 915 1443 969 1497; x_wconf 90' lang='lat' dir='ltr'><strong>in</strong></span> <span class='ocrx_word' id='word_1_97' title='bbox 1013 1459 1100 1498; x_wconf 89' lang='lat' dir='ltr'><strong>res</strong></span> <span class='ocrx_word' id='word_1_98' title='bbox 1124 1444 1209 1498; x_wconf 85' lang='lat' dir='ltr'><strong>vel</strong></span> <span class='ocrx_word' id='word_1_99' title='bbox 1238 1444 1521 1500; x_wconf 83' lang='lat' dir='ltr'><strong>facultates</strong></span> <span class='ocrx_word' id='word_1_100' title='bbox 1543 1445 1711 1514; x_wconf 89' lang='lat' dir='ltr'><strong>ipsius</strong></span> <span class='ocrx_word' id='word_1_101' title='bbox 1733 1459 1822 1500; x_wconf 89' lang='lat' dir='ltr'><strong>ec-</strong></span> 
     </span>
    </p>
   </div>
   <div class='ocr_carea' id='block_1_16' title="bbox 246 1533 1818 1608">
    <p class='ocr_par' dir='ltr' id='par_1_16' title="bbox 246 1533 1818 1608">
     <span class='ocr_line' id='line_1_16' title="bbox 246 1533 1818 1608; baseline 0.003 -20"><span class='ocrx_word' id='word_1_102' title='bbox 246 1533 440 1598; x_wconf 76' lang='lat' dir='ltr'><strong>clesize,</strong></span> <span class='ocrx_word' id='word_1_103' title='bbox 473 1551 570 1590; x_wconf 92' lang='lat' dir='ltr'><strong>nec</strong></span> <span class='ocrx_word' id='word_1_104' title='bbox 595 1535 662 1589; x_wconf 87' lang='lat' dir='ltr'><strong>ad</strong></span> <span class='ocrx_word' id='word_1_105' title='bbox 690 1551 883 1591; x_wconf 86' lang='lat' dir='ltr'><strong>causas</strong></span> <span class='ocrx_word' id='word_1_106' title='bbox 904 1536 1218 1603; x_wconf 89' lang='lat' dir='ltr'><strong>audiendas,</strong></span> <span class='ocrx_word' id='word_1_107' title='bbox 1239 1553 1338 1593; x_wconf 88' lang='lat' dir='ltr'><strong>nec</strong></span> <span class='ocrx_word' id='word_1_108' title='bbox 1367 1537 1515 1593; x_wconf 89' lang='lat' dir='ltr'><strong>freda</strong></span> <span class='ocrx_word' id='word_1_109' title='bbox 1535 1539 1818 1608; x_wconf 76' lang='lat' dir='ltr'><strong>exigenda,</strong></span> 
     </span>
    </p>
   </div>
   <div class='ocr_carea' id='block_1_17' title="bbox 246 1625 1821 1706">
    <p class='ocr_par' dir='ltr' id='par_1_17' title="bbox 246 1625 1821 1706">
     <span class='ocr_line' id='line_1_17' title="bbox 246 1625 1821 1706; baseline 0.004 -29"><span class='ocrx_word' id='word_1_110' title='bbox 246 1639 345 1678; x_wconf 89' lang='lat' dir='ltr'><strong>nec</strong></span> <span class='ocrx_word' id='word_1_111' title='bbox 371 1625 678 1680; x_wconf 85' lang='lat' dir='ltr'><strong>mansiones</strong></span> <span class='ocrx_word' id='word_1_112' title='bbox 705 1634 796 1680; x_wconf 90' lang='lat' dir='ltr'><strong>aut</strong></span> <span class='ocrx_word' id='word_1_113' title='bbox 824 1634 1044 1696; x_wconf 89' lang='lat' dir='ltr'><strong>paratas</strong></span> <span class='ocrx_word' id='word_1_114' title='bbox 1081 1626 1372 1692; x_wconf 86' lang='lat' dir='ltr'><strong>faciendas,</strong></span> <span class='ocrx_word' id='word_1_115' title='bbox 1405 1643 1505 1683; x_wconf 91' lang='lat' dir='ltr'><strong>nec</strong></span> <span class='ocrx_word' id='word_1_116' title='bbox 1544 1627 1821 1706; x_wconf 76' lang='lat' dir='ltr'><strong>ﬁdejusso—</strong></span> 
     </span>
    </p>
   </div>
   <div class='ocr_carea' id='block_1_18' title="bbox 245 1715 1821 1788">
    <p class='ocr_par' dir='ltr' id='par_1_18' title="bbox 245 1715 1821 1788">
     <span class='ocr_line' id='line_1_18' title="bbox 245 1715 1821 1788; baseline 0.002 -19"><span class='ocrx_word' id='word_1_117' title='bbox 245 1728 332 1769; x_wconf 91' lang='lat' dir='ltr'><strong>res</strong></span> <span class='ocrx_word' id='word_1_118' title='bbox 379 1715 697 1781; x_wconf 91' lang='lat' dir='ltr'><strong>tollendum,</strong></span> <span class='ocrx_word' id='word_1_119' title='bbox 751 1732 851 1772; x_wconf 89' lang='lat' dir='ltr'><strong>nec</strong></span> <span class='ocrx_word' id='word_1_120' title='bbox 888 1717 1135 1772; x_wconf 86' lang='lat' dir='ltr'><strong>homines</strong></span> <span class='ocrx_word' id='word_1_121' title='bbox 1184 1718 1353 1788; x_wconf 88' lang='lat' dir='ltr'><strong>ipsius</strong></span> <span class='ocrx_word' id='word_1_122' title='bbox 1403 1726 1512 1772; x_wconf 86' lang='lat' dir='ltr'><strong>tam</strong></span> <span class='ocrx_word' id='word_1_123' title='bbox 1563 1718 1821 1788; x_wconf 87' lang='lat' dir='ltr'><strong>ingenuos</strong></span> 
     </span>
    </p>
   </div>
   <div class='ocr_carea' id='block_1_19' title="bbox 1919 535 3505 605">
    <p class='ocr_par' dir='ltr' id='par_1_19' title="bbox 1919 535 3505 605">
     <span class='ocr_line' id='line_1_19' title="bbox 1919 535 3505 605; baseline 0.004 -20"><span class='ocrx_word' id='word_1_124' title='bbox 1919 540 2317 601; x_wconf 84' lang='lat' dir='ltr'><strong>augmentasse,</strong></span> <span class='ocrx_word' id='word_1_125' title='bbox 2360 539 2453 587; x_wconf 89' lang='lat' dir='ltr'><strong>aut</strong></span> <span class='ocrx_word' id='word_1_126' title='bbox 2492 547 2858 602; x_wconf 86' lang='lat' dir='ltr'><strong>comparasse,</strong></span> <span class='ocrx_word' id='word_1_127' title='bbox 2888 541 2943 588; x_wconf 89' lang='lat' dir='ltr'><strong>et</strong></span> <span class='ocrx_word' id='word_1_128' title='bbox 2970 535 3113 603; x_wconf 88' lang='lat' dir='ltr'><strong>quod</strong></span> <span class='ocrx_word' id='word_1_129' title='bbox 3140 537 3210 591; x_wconf 88' lang='lat' dir='ltr'><strong>ab</strong></span> <span class='ocrx_word' id='word_1_130' title='bbox 3237 536 3354 605; x_wconf 84' lang='lat' dir='ltr'><strong>ipso</strong></span> <span class='ocrx_word' id='word_1_131' title='bbox 3379 550 3505 592; x_wconf 79' lang='lat' dir='ltr'><strong>sau-</strong></span> 
     </span>
    </p>
   </div>
   <div class='ocr_carea' id='block_1_20' title="bbox 1917 623 3504 694">
    <p class='ocr_par' dir='ltr' id='par_1_20' title="bbox 1917 623 3504 694">
     <span class='ocr_line' id='line_1_20' title="bbox 1917 623 3504 694; baseline 0.003 -17"><span class='ocrx_word' id='word_1_132' title='bbox 1917 631 2006 677; x_wconf 86' lang='lat' dir='ltr'><strong>cto</strong></span> <span class='ocrx_word' id='word_1_133' title='bbox 2047 623 2164 678; x_wconf 93' lang='lat' dir='ltr'><strong>loco</strong></span> <span class='ocrx_word' id='word_1_134' title='bbox 2196 623 2456 680; x_wconf 89' lang='lat' dir='ltr'><strong>moderno</strong></span> <span class='ocrx_word' id='word_1_135' title='bbox 2493 632 2734 692; x_wconf 88' lang='lat' dir='ltr'><strong>tempore</strong></span> <span class='ocrx_word' id='word_1_136' title='bbox 2766 625 3096 692; x_wconf 89' lang='lat' dir='ltr'><strong>possidetur,</strong></span> <span class='ocrx_word' id='word_1_137' title='bbox 3126 640 3223 694; x_wconf 88' lang='lat' dir='ltr'><strong>per</strong></span> <span class='ocrx_word' id='word_1_138' title='bbox 3261 634 3504 682; x_wconf 90' lang='lat' dir='ltr'><strong>nostrum</strong></span> 
     </span>
    </p>
   </div>
   <div class='ocr_carea' id='block_1_21' title="bbox 1919 713 3506 787">
    <p class='ocr_par' dir='ltr' id='par_1_21' title="bbox 1919 713 3506 787">
     <span class='ocr_line' id='line_1_21' title="bbox 1919 713 3506 787; baseline 0.005 -21"><span class='ocrx_word' id='word_1_139' title='bbox 1919 713 2237 769; x_wconf 84' lang='lat' dir='ltr'><strong>deberemus</strong></span> <span class='ocrx_word' id='word_1_140' title='bbox 2265 714 2592 784; x_wconf 75' lang='lat' dir='ltr'><strong>generaliter</strong></span> <span class='ocrx_word' id='word_1_141' title='bbox 2625 714 2951 770; x_wconf 88' lang='lat' dir='ltr'><strong>conﬁrmare</strong></span> <span class='ocrx_word' id='word_1_142' title='bbox 2995 724 3329 786; x_wconf 88' lang='lat' dir='ltr'><strong>preceptum,</strong></span> <span class='ocrx_word' id='word_1_143' title='bbox 3361 718 3506 787; x_wconf 88' lang='lat' dir='ltr'><strong>quod</strong></span> 
     </span>
    </p>
   </div>
   <div class='ocr_carea' id='block_1_22' title="bbox 1918 804 3504 880">
    <p class='ocr_par' dir='ltr' id='par_1_22' title="bbox 1918 804 3504 880">
     <span class='ocr_line' id='line_1_22' title="bbox 1918 804 3504 880; baseline 0.005 -24"><span class='ocrx_word' id='word_1_144' title='bbox 1918 817 2017 858; x_wconf 91' lang='lat' dir='ltr'><strong>nos</strong></span> <span class='ocrx_word' id='word_1_145' title='bbox 2043 819 2142 873; x_wconf 87' lang='lat' dir='ltr'><strong>pro</strong></span> <span class='ocrx_word' id='word_1_146' title='bbox 2188 804 2368 858; x_wconf 86' lang='lat' dir='ltr'><strong>divino</strong></span> <span class='ocrx_word' id='word_1_147' title='bbox 2396 813 2646 874; x_wconf 90' lang='lat' dir='ltr'><strong>respectu</strong></span> <span class='ocrx_word' id='word_1_148' title='bbox 2695 804 2784 858; x_wconf 86' lang='lat' dir='ltr'><strong>vel</strong></span> <span class='ocrx_word' id='word_1_149' title='bbox 2830 806 3099 861; x_wconf 89' lang='lat' dir='ltr'><strong>mercedis</strong></span> <span class='ocrx_word' id='word_1_150' title='bbox 3146 815 3329 863; x_wconf 87' lang='lat' dir='ltr'><strong>nostre</strong></span> <span class='ocrx_word' id='word_1_151' title='bbox 3375 825 3504 880; x_wconf 83' lang='lat' dir='ltr'><strong>aug-</strong></span> 
     </span>
    </p>
   </div>
   <div class='ocr_carea' id='block_1_23' title="bbox 1918 893 3502 965">
    <p class='ocr_par' dir='ltr' id='par_1_23' title="bbox 1918 893 3502 965">
     <span class='ocr_line' id='line_1_23' title="bbox 1918 893 3502 965; baseline 0.005 -19"><span class='ocrx_word' id='word_1_152' title='bbox 1918 901 2101 947; x_wconf 88' lang='lat' dir='ltr'><strong>mento</strong></span> <span class='ocrx_word' id='word_1_153' title='bbox 2152 893 2454 962; x_wconf 89' lang='lat' dir='ltr'><strong>prestitisse</strong></span> <span class='ocrx_word' id='word_1_154' title='bbox 2496 902 2681 949; x_wconf 88' lang='lat' dir='ltr'><strong>vestra</strong></span> <span class='ocrx_word' id='word_1_155' title='bbox 2735 909 2842 949; x_wconf 90' lang='lat' dir='ltr'><strong>non</strong></span> <span class='ocrx_word' id='word_1_156' title='bbox 2900 895 3105 950; x_wconf 87' lang='lat' dir='ltr'><strong>dubitet</strong></span> <span class='ocrx_word' id='word_1_157' title='bbox 3152 898 3502 965; x_wconf 86' lang='lat' dir='ltr'><strong>magnitudo;</strong></span> 
     </span>
    </p>
   </div>
   <div class='ocr_carea' id='block_1_24' title="bbox 1919 984 3506 1060">
    <p class='ocr_par' dir='ltr' id='par_1_24' title="bbox 1919 984 3506 1060">
     <span class='ocr_line' id='line_1_24' title="bbox 1919 984 3506 1060; baseline 0.004 -22"><span class='ocrx_word' id='word_1_158' title='bbox 1919 984 2080 1038; x_wconf 91' lang='lat' dir='ltr'><strong>etiam</strong></span> <span class='ocrx_word' id='word_1_159' title='bbox 2108 993 2163 1039; x_wconf 93' lang='lat' dir='ltr'><strong>et</strong></span> <span class='ocrx_word' id='word_1_160' title='bbox 2197 984 2537 1056; x_wconf 81' lang='lat' dir='ltr'><strong>privilegium</strong></span> <span class='ocrx_word' id='word_1_161' title='bbox 2584 985 2754 1056; x_wconf 89' lang='lat' dir='ltr'><strong>ipsius</strong></span> <span class='ocrx_word' id='word_1_162' title='bbox 2790 988 3125 1053; x_wconf 87' lang='lat' dir='ltr'><strong>monasterii,</strong></span> <span class='ocrx_word' id='word_1_163' title='bbox 3173 990 3316 1057; x_wconf 90' lang='lat' dir='ltr'><strong>quod</strong></span> <span class='ocrx_word' id='word_1_164' title='bbox 3349 989 3506 1060; x_wconf 80' lang='lat' dir='ltr'><strong>juxta</strong></span> 
     </span>
    </p>
   </div>
   <div class='ocr_carea' id='block_1_25' title="bbox 1920 1077 3509 1153">
    <p class='ocr_par' dir='ltr' id='par_1_25' title="bbox 1920 1077 3509 1153">
     <span class='ocr_line' id='line_1_25' title="bbox 1920 1077 3509 1153; baseline 0.004 -21"><span class='ocrx_word' id='word_1_165' title='bbox 1920 1077 2310 1135; x_wconf 88' lang='lat' dir='ltr'><strong>institutionem</strong></span> <span class='ocrx_word' id='word_1_166' title='bbox 2358 1079 2660 1150; x_wconf 88' lang='lat' dir='ltr'><strong>priscorum</strong></span> <span class='ocrx_word' id='word_1_167' title='bbox 2688 1079 2913 1136; x_wconf 88' lang='lat' dir='ltr'><strong>Patrum</strong></span> <span class='ocrx_word' id='word_1_168' title='bbox 2939 1090 2995 1136; x_wconf 88' lang='lat' dir='ltr'><strong>et</strong></span> <span class='ocrx_word' id='word_1_169' title='bbox 3034 1082 3360 1153; x_wconf 88' lang='lat' dir='ltr'><strong>reliquorum</strong></span> <span class='ocrx_word' id='word_1_170' title='bbox 3391 1085 3509 1153; x_wconf 89' lang='lat' dir='ltr'><strong>epi-</strong></span> 
     </span>
    </p>
   </div>
   <div class='ocr_carea' id='block_1_26' title="bbox 1919 1168 3509 1241">
    <p class='ocr_par' dir='ltr' id='par_1_26' title="bbox 1919 1168 3509 1241">
     <span class='ocr_line' id='line_1_26' title="bbox 1919 1168 3509 1241; baseline 0.003 -19"><span class='ocrx_word' id='word_1_171' title='bbox 1919 1182 2205 1236; x_wconf 87' lang='lat' dir='ltr'><strong>scoporum</strong></span> <span class='ocrx_word' id='word_1_172' title='bbox 2232 1168 2334 1223; x_wconf 93' lang='lat' dir='ltr'><strong>visi</strong></span> <span class='ocrx_word' id='word_1_173' title='bbox 2355 1176 2482 1224; x_wconf 88' lang='lat' dir='ltr'><strong>sunt</strong></span> <span class='ocrx_word' id='word_1_174' title='bbox 2501 1169 2784 1234; x_wconf 85' lang='lat' dir='ltr'><strong>meruisse,</strong></span> <span class='ocrx_word' id='word_1_175' title='bbox 2821 1177 2878 1226; x_wconf 90' lang='lat' dir='ltr'><strong>et</strong></span> <span class='ocrx_word' id='word_1_176' title='bbox 2895 1172 3040 1240; x_wconf 92' lang='lat' dir='ltr'><strong>quod</strong></span> <span class='ocrx_word' id='word_1_177' title='bbox 3080 1186 3177 1241; x_wconf 87' lang='lat' dir='ltr'><strong>per</strong></span> <span class='ocrx_word' id='word_1_178' title='bbox 3215 1172 3509 1227; x_wconf 86' lang='lat' dir='ltr'><strong>auctorita-</strong></span> 
     </span>
    </p>
   </div>
   <div class='ocr_carea' id='block_1_27' title="bbox 1920 1251 3508 1332">
    <p class='ocr_par' dir='ltr' id='par_1_27' title="bbox 1920 1251 3508 1332">
     <span class='ocr_line' id='line_1_27' title="bbox 1920 1251 3508 1332; baseline 0.001 -21"><span class='ocrx_word' id='word_1_179' title='bbox 1920 1266 2030 1312; x_wconf 92' lang='lat' dir='ltr'><strong>tem</strong></span> <span class='ocrx_word' id='word_1_180' title='bbox 2074 1264 2336 1323; x_wconf 87' lang='lat' dir='ltr'><strong>nostram,</strong></span> <span class='ocrx_word' id='word_1_181' title='bbox 2362 1273 2456 1314; x_wconf 90' lang='lat' dir='ltr'><strong>seu</strong></span> <span class='ocrx_word' id='word_1_182' title='bbox 2484 1251 2812 1328; x_wconf 75' lang='lat' dir='ltr'><strong>reliquorum</strong></span> <span class='ocrx_word' id='word_1_183' title='bbox 2839 1259 2907 1316; x_wconf 90' lang='lat' dir='ltr'><strong>de</strong></span> <span class='ocrx_word' id='word_1_184' title='bbox 2935 1261 3337 1317; x_wconf 87' lang='lat' dir='ltr'><strong>successoribus</strong></span> <span class='ocrx_word' id='word_1_185' title='bbox 3377 1261 3508 1332; x_wconf 86' lang='lat' dir='ltr'><strong>legi-</strong></span> 
     </span>
    </p>
   </div>
   <div class='ocr_carea' id='block_1_28' title="bbox 1921 1347 3510 1406">
    <p class='ocr_par' dir='ltr' id='par_1_28' title="bbox 1921 1347 3510 1406">
     <span class='ocr_line' id='line_1_28' title="bbox 1921 1347 3510 1406; baseline 0.003 -5"><span class='ocrx_word' id='word_1_186' title='bbox 1921 1347 2024 1402; x_wconf 90' lang='lat' dir='ltr'><strong>bus</strong></span> <span class='ocrx_word' id='word_1_187' title='bbox 2073 1356 2476 1406; x_wconf 87' lang='lat' dir='ltr'><strong>antecessorum</strong></span> <span class='ocrx_word' id='word_1_188' title='bbox 2534 1359 2845 1406; x_wconf 86' lang='lat' dir='ltr'><strong>nostrorum</strong></span> <span class='ocrx_word' id='word_1_189' title='bbox 2896 1352 3274 1406; x_wconf 90' lang='lat' dir='ltr'><strong>adumbratum</strong></span> <span class='ocrx_word' id='word_1_190' title='bbox 3342 1351 3510 1405; x_wconf 84' lang='lat' dir='ltr'><strong>fuisse</strong></span> 
     </span>
    </p>
   </div>
   <div class='ocr_carea' id='block_1_29' title="bbox 1923 1438 3508 1511">
    <p class='ocr_par' dir='ltr' id='par_1_29' title="bbox 1923 1438 3508 1511">
     <span class='ocr_line' id='line_1_29' title="bbox 1923 1438 3508 1511; baseline 0.001 -19"><span class='ocrx_word' id='word_1_191' title='bbox 1923 1438 2239 1504; x_wconf 75' lang='lat' dir='ltr'><strong>dinoscitur,</strong></span> <span class='ocrx_word' id='word_1_192' title='bbox 2261 1439 2416 1510; x_wconf 79' lang='lat' dir='ltr'><strong>juxta</strong></span> <span class='ocrx_word' id='word_1_193' title='bbox 2438 1443 2580 1509; x_wconf 89' lang='lat' dir='ltr'><strong>quod</strong></span> <span class='ocrx_word' id='word_1_194' title='bbox 2605 1449 2892 1511; x_wconf 85' lang='lat' dir='ltr'><strong>antequam</strong></span> <span class='ocrx_word' id='word_1_195' title='bbox 2921 1456 3021 1510; x_wconf 91' lang='lat' dir='ltr'><strong>per</strong></span> <span class='ocrx_word' id='word_1_196' title='bbox 3045 1441 3284 1510; x_wconf 83' lang='lat' dir='ltr'><strong>priorem</strong></span> <span class='ocrx_word' id='word_1_197' title='bbox 3319 1455 3508 1508; x_wconf 90' lang='lat' dir='ltr'><strong>prece-</strong></span> 
     </span>
    </p>
   </div>
   <div class='ocr_carea' id='block_1_30' title="bbox 1920 1527 3502 1600">
    <p class='ocr_par' dir='ltr' id='par_1_30' title="bbox 1920 1527 3502 1600">
     <span class='ocr_line' id='line_1_30' title="bbox 1920 1527 3502 1600; baseline 0.001 -20"><span class='ocrx_word' id='word_1_198' title='bbox 1920 1527 2159 1596; x_wconf 90' lang='lat' dir='ltr'><strong>ptionem</strong></span> <span class='ocrx_word' id='word_1_199' title='bbox 2181 1537 2423 1584; x_wconf 90' lang='lat' dir='ltr'><strong>nostram</strong></span> <span class='ocrx_word' id='word_1_200' title='bbox 2445 1545 2570 1599; x_wconf 89' lang='lat' dir='ltr'><strong>erga</strong></span> <span class='ocrx_word' id='word_1_201' title='bbox 2592 1544 2652 1584; x_wconf 91' lang='lat' dir='ltr'><strong>se</strong></span> <span class='ocrx_word' id='word_1_202' title='bbox 2668 1530 2989 1600; x_wconf 89' lang='lat' dir='ltr'><strong>prohibendi</strong></span> <span class='ocrx_word' id='word_1_203' title='bbox 3011 1537 3154 1585; x_wconf 87' lang='lat' dir='ltr'><strong>esset</strong></span> <span class='ocrx_word' id='word_1_204' title='bbox 3173 1529 3438 1584; x_wconf 90' lang='lat' dir='ltr'><strong>munitum</strong></span> <span class='ocrx_word' id='word_1_205' title='bbox 3456 1538 3502 1592; x_wconf 77' lang='grc' dir='ltr'><strong>ο,</strong></span> 
     </span>
    </p>
   </div>
   <div class='ocr_carea' id='block_1_31' title="bbox 1921 1606 3511 1688">
    <p class='ocr_par' dir='ltr' id='par_1_31' title="bbox 1921 1606 3511 1688">
     <span class='ocr_line' id='line_1_31' title="bbox 1921 1606 3511 1688; baseline 0.001 -16"><span class='ocrx_word' id='word_1_206' title='bbox 1921 1632 2021 1687; x_wconf 91' lang='lat' dir='ltr'><strong>pro</strong></span> <span class='ocrx_word' id='word_1_207' title='bbox 2057 1619 2279 1688; x_wconf 87' lang='lat' dir='ltr'><strong>perenni</strong></span> <span class='ocrx_word' id='word_1_208' title='bbox 2319 1620 2613 1674; x_wconf 83' lang='lat' dir='ltr'><strong>stabilitate</strong></span> <span class='ocrx_word' id='word_1_209' title='bbox 2639 1606 2983 1674; x_wconf 79' lang='lat' dir='ltr'><strong>decrevimus</strong></span> <span class='ocrx_word' id='word_1_210' title='bbox 3019 1619 3295 1674; x_wconf 90' lang='lat' dir='ltr'><strong>roborare.</strong></span> <span class='ocrx_word' id='word_1_211' title='bbox 3326 1617 3511 1673; x_wconf 84' lang='lat' dir='ltr'><strong>Preci-</strong></span> 
     </span>
    </p>
   </div>
   <div class='ocr_carea' id='block_1_32' title="bbox 1909 1707 3511 1778">
    <p class='ocr_par' dir='ltr' id='par_1_32' title="bbox 1909 1707 3511 1778">
     <span class='ocr_line' id='line_1_32' title="bbox 1909 1707 3511 1778; baseline -0.001 -16"><span class='ocrx_word' id='word_1_212' title='bbox 1909 1708 2130 1776; x_wconf 36' lang='lat' dir='ltr'><strong>‘pientes</strong></span> <span class='ocrx_word' id='word_1_213' title='bbox 2154 1723 2283 1778; x_wconf 87' lang='lat' dir='ltr'><strong>ergo</strong></span> <span class='ocrx_word' id='word_1_214' title='bbox 2320 1707 2668 1778; x_wconf 87' lang='lat' dir='ltr'><strong>precipimus,</strong></span> <span class='ocrx_word' id='word_1_215' title='bbox 2699 1717 2761 1762; x_wconf 92' lang='lat' dir='ltr'><strong>ut</strong></span> <span class='ocrx_word' id='word_1_216' title='bbox 2797 1722 2986 1763; x_wconf 87' lang='lat' dir='ltr'><strong>omnes</strong></span> <span class='ocrx_word' id='word_1_217' title='bbox 3013 1707 3296 1764; x_wconf 83' lang='lat' dir='ltr'><strong>facultates</strong></span> <span class='ocrx_word' id='word_1_218' title='bbox 3341 1707 3511 1777; x_wconf 85' lang='lat' dir='ltr'><strong>ipsius</strong></span> 
     </span>
    </p>
   </div>
   <div class='ocr_carea' id='block_1_33' title="bbox 246 1796 1827 1877">
    <p class='ocr_par' dir='ltr' id='par_1_33' title="bbox 246 1808 1821 1877">
     <span class='ocr_line' id='line_1_33' title="bbox 246 1808 1821 1877; baseline 0.003 -17"><span class='ocrx_word' id='word_1_219' title='bbox 246 1822 405 1877; x_wconf 83' lang='lat' dir='ltr'><strong>quam</strong></span> <span class='ocrx_word' id='word_1_220' title='bbox 429 1822 614 1861; x_wconf 82' lang='lat' dir='ltr'><strong>servos</strong></span> <span class='ocrx_word' id='word_1_221' title='bbox 635 1808 723 1877; x_wconf 91' lang='lat' dir='ltr'><strong>qui</strong></span> <span class='ocrx_word' id='word_1_222' title='bbox 754 1823 913 1876; x_wconf 89' lang='lat' dir='ltr'><strong>super</strong></span> <span class='ocrx_word' id='word_1_223' title='bbox 936 1823 1124 1864; x_wconf 89' lang='lat' dir='ltr'><strong>eorum</strong></span> <span class='ocrx_word' id='word_1_224' title='bbox 1155 1817 1328 1864; x_wconf 88' lang='lat' dir='ltr'><strong>terras</strong></span> <span class='ocrx_word' id='word_1_225' title='bbox 1349 1808 1435 1864; x_wconf 86' lang='lat' dir='ltr'><strong>vel</strong></span> <span class='ocrx_word' id='word_1_226' title='bbox 1472 1809 1632 1864; x_wconf 89' lang='lat' dir='ltr'><strong>micio</strong></span> <span class='ocrx_word' id='word_1_227' title='bbox 1674 1824 1821 1864; x_wconf 87' lang='lat' dir='ltr'><strong>com-</strong></span> 
     </span>
    </p>
   </div>
   <div class='ocr_carea' id='block_1_34' title="bbox 1928 1796 3512 1877">
    <p class='ocr_par' dir='ltr' id='par_1_34' title="bbox 1928 1796 3512 1867">
     <span class='ocr_line' id='line_1_34' title="bbox 1928 1796 3512 1867; baseline 0 -17"><span class='ocrx_word' id='word_1_228' title='bbox 1928 1797 2254 1862; x_wconf 89' lang='lat' dir='ltr'><strong>monasterii,</strong></span> <span class='ocrx_word' id='word_1_229' title='bbox 2285 1796 2542 1866; x_wconf 91' lang='lat' dir='ltr'><strong>quicquid</strong></span> <span class='ocrx_word' id='word_1_230' title='bbox 2566 1805 2662 1851; x_wconf 90' lang='lat' dir='ltr'><strong>aut</strong></span> <span class='ocrx_word' id='word_1_231' title='bbox 2689 1798 2836 1867; x_wconf 89' lang='lat' dir='ltr'><strong>regia</strong></span> <span class='ocrx_word' id='word_1_232' title='bbox 2874 1798 3180 1862; x_wconf 87' lang='lat' dir='ltr'><strong>collatione,</strong></span> <span class='ocrx_word' id='word_1_233' title='bbox 3211 1805 3304 1852; x_wconf 88' lang='lat' dir='ltr'><strong>aut</strong></span> <span class='ocrx_word' id='word_1_234' title='bbox 3329 1798 3512 1867; x_wconf 82' lang='lat' dir='ltr'><strong>priva-</strong></span> 
     </span>
    </p>
   </div>
   <div class='ocr_carea' id='block_1_35' title="bbox 247 1895 1825 1968">
    <p class='ocr_par' dir='ltr' id='par_1_35' title="bbox 247 1895 1825 1968">
     <span class='ocr_line' id='line_1_35' title="bbox 247 1895 1825 1968; baseline 0.003 -19"><span class='ocrx_word' id='word_1_235' title='bbox 247 1910 464 1950; x_wconf 89' lang='lat' dir='ltr'><strong>manere</strong></span> <span class='ocrx_word' id='word_1_236' title='bbox 501 1895 772 1960; x_wconf 89' lang='lat' dir='ltr'><strong>videntur,</strong></span> <span class='ocrx_word' id='word_1_237' title='bbox 800 1898 891 1966; x_wconf 88' lang='lat' dir='ltr'><strong>qui</strong></span> <span class='ocrx_word' id='word_1_238' title='bbox 942 1898 1138 1952; x_wconf 88' lang='lat' dir='ltr'><strong>ibidem</strong></span> <span class='ocrx_word' id='word_1_239' title='bbox 1181 1899 1448 1967; x_wconf 90' lang='lat' dir='ltr'><strong>aspiciunt</strong></span> <span class='ocrx_word' id='word_1_240' title='bbox 1491 1898 1558 1953; x_wconf 92' lang='lat' dir='ltr'><strong>de</strong></span> <span class='ocrx_word' id='word_1_241' title='bbox 1603 1899 1825 1968; x_wconf 89' lang='lat' dir='ltr'><strong>quibus-</strong></span> 
     </span>
    </p>
   </div>
   <div class='ocr_carea' id='block_1_36' title="bbox 247 1985 1826 2057">
    <p class='ocr_par' dir='ltr' id='par_1_36' title="bbox 247 1985 1826 2057">
     <span class='ocr_line' id='line_1_36' title="bbox 247 1985 1826 2057; baseline 0.004 -18"><span class='ocrx_word' id='word_1_242' title='bbox 247 1985 379 2042; x_wconf 83' lang='lat' dir='ltr'><strong>libet</strong></span> <span class='ocrx_word' id='word_1_243' title='bbox 417 1985 595 2040; x_wconf 82' lang='lat' dir='ltr'><strong>causis</strong></span> <span class='ocrx_word' id='word_1_244' title='bbox 629 1986 1058 2057; x_wconf 87' lang='lat' dir='ltr'><strong>distringendum</strong></span> <span class='ocrx_word' id='word_1_245' title='bbox 1088 2001 1188 2043; x_wconf 91' lang='lat' dir='ltr'><strong>nec</strong></span> <span class='ocrx_word' id='word_1_246' title='bbox 1215 1988 1322 2042; x_wconf 89' lang='lat' dir='ltr'><strong>ulla</strong></span> <span class='ocrx_word' id='word_1_247' title='bbox 1362 1989 1708 2044; x_wconf 88' lang='lat' dir='ltr'><strong>redibucione</strong></span> <span class='ocrx_word' id='word_1_248' title='bbox 1740 2004 1826 2044; x_wconf 88' lang='lat' dir='ltr'><strong>re-</strong></span> 
     </span>
    </p>
   </div>
   <div class='ocr_carea' id='block_1_37' title="bbox 245 2075 1825 2148">
    <p class='ocr_par' dir='ltr' id='par_1_37' title="bbox 245 2075 1825 2148">
     <span class='ocr_line' id='line_1_37' title="bbox 245 2075 1825 2148; baseline 0.001 -18"><span class='ocrx_word' id='word_1_249' title='bbox 245 2076 569 2148; x_wconf 84' lang='lat' dir='ltr'><strong>quirendum</strong></span> <span class='ocrx_word' id='word_1_250' title='bbox 595 2075 794 2131; x_wconf 90' lang='lat' dir='ltr'><strong>ibidem</strong></span> <span class='ocrx_word' id='word_1_251' title='bbox 836 2077 1120 2147; x_wconf 78' lang='lat' dir='ltr'><strong>ingredere</strong></span> <span class='ocrx_word' id='word_1_252' title='bbox 1144 2093 1249 2133; x_wconf 93' lang='lat' dir='ltr'><strong>non</strong></span> <span class='ocrx_word' id='word_1_253' title='bbox 1287 2078 1538 2144; x_wconf 84' lang='lat' dir='ltr'><strong>debeant,</strong></span> <span class='ocrx_word' id='word_1_254' title='bbox 1564 2081 1656 2134; x_wconf 89' lang='lat' dir='ltr'><strong>sed</strong></span> <span class='ocrx_word' id='word_1_255' title='bbox 1685 2080 1825 2134; x_wconf 89' lang='lat' dir='ltr'><strong>sicut</strong></span> 
     </span>
    </p>
   </div>
   <div class='ocr_carea' id='block_1_38' title="bbox 245 2165 1826 2236">
    <p class='ocr_par' dir='ltr' id='par_1_38' title="bbox 245 2165 1826 2236">
     <span class='ocr_line' id='line_1_38' title="bbox 245 2165 1826 2236; baseline 0.001 -14"><span class='ocrx_word' id='word_1_256' title='bbox 245 2165 568 2222; x_wconf 88' lang='lat' dir='ltr'><strong>beneﬁciosa</strong></span> <span class='ocrx_word' id='word_1_257' title='bbox 612 2180 642 2218; x_wconf 91' lang='lat' dir='ltr'><strong>a</strong></span> <span class='ocrx_word' id='word_1_258' title='bbox 677 2166 790 2236; x_wconf 91' lang='lat' dir='ltr'><strong>jam</strong></span> <span class='ocrx_word' id='word_1_259' title='bbox 835 2167 994 2222; x_wconf 90' lang='lat' dir='ltr'><strong>dictis</strong></span> <span class='ocrx_word' id='word_1_260' title='bbox 1033 2169 1463 2224; x_wconf 84' lang='lat' dir='ltr'><strong>antecessoribus</strong></span> <span class='ocrx_word' id='word_1_261' title='bbox 1501 2170 1702 2224; x_wconf 89' lang='lat' dir='ltr'><strong>nostris</strong></span> <span class='ocrx_word' id='word_1_262' title='bbox 1741 2169 1826 2223; x_wconf 86' lang='lat' dir='ltr'><strong>in-</strong></span> 
     </span>
    </p>
   </div>
   <div class='ocr_carea' id='block_1_39' title="bbox 245 2255 1824 2329">
    <p class='ocr_par' dir='ltr' id='par_1_39' title="bbox 245 2255 1824 2329">
     <span class='ocr_line' id='line_1_39' title="bbox 245 2255 1824 2329; baseline 0.001 -19"><span class='ocrx_word' id='word_1_263' title='bbox 245 2255 697 2324; x_wconf 87' lang='lat' dir='ltr'><strong>spectapriornm</strong></span> <span class='ocrx_word' id='word_1_264' title='bbox 722 2255 1022 2325; x_wconf 89' lang='lat' dir='ltr'><strong>principum</strong></span> <span class='ocrx_word' id='word_1_265' title='bbox 1052 2259 1370 2313; x_wconf 87' lang='lat' dir='ltr'><strong>auctoritate</strong></span> <span class='ocrx_word' id='word_1_266' title='bbox 1392 2259 1458 2314; x_wconf 89' lang='lat' dir='ltr'><strong>ad</strong></span> <span class='ocrx_word' id='word_1_267' title='bbox 1488 2260 1599 2329; x_wconf 88' lang='lat' dir='ltr'><strong>jam</strong></span> <span class='ocrx_word' id='word_1_268' title='bbox 1627 2259 1824 2314; x_wconf 85' lang='lat' dir='ltr'><strong>dictam</strong></span> 
     </span>
    </p>
   </div>
   <div class='ocr_carea' id='block_1_40' title="bbox 247 2340 1828 2411">
    <p class='ocr_par' dir='ltr' id='par_1_40' title="bbox 247 2340 1828 2411">
     <span class='ocr_line' id='line_1_40' title="bbox 247 2340 1828 2411; baseline 0.004 -17"><span class='ocrx_word' id='word_1_269' title='bbox 247 2340 531 2395; x_wconf 87' lang='lat' dir='ltr'><strong>ecclesiam</strong></span> <span class='ocrx_word' id='word_1_270' title='bbox 559 2356 728 2411; x_wconf 88' lang='lat' dir='ltr'><strong>usque</strong></span> <span class='ocrx_word' id='word_1_271' title='bbox 752 2358 895 2398; x_wconf 91' lang='lat' dir='ltr'><strong>nunc</strong></span> <span class='ocrx_word' id='word_1_272' title='bbox 929 2343 1031 2397; x_wconf 90' lang='lat' dir='ltr'><strong>fuit</strong></span> <span class='ocrx_word' id='word_1_273' title='bbox 1059 2354 1456 2409; x_wconf 87' lang='lat' dir='ltr'><strong>conversatum,</strong></span> <span class='ocrx_word' id='word_1_274' title='bbox 1491 2347 1563 2400; x_wconf 89' lang='lat' dir='ltr'><strong>ita</strong></span> <span class='ocrx_word' id='word_1_275' title='bbox 1589 2355 1643 2402; x_wconf 87' lang='lat' dir='ltr'><strong>et</strong></span> <span class='ocrx_word' id='word_1_276' title='bbox 1677 2347 1828 2401; x_wconf 89' lang='lat' dir='ltr'><strong>dein-</strong></span> 
     </span>
    </p>
   </div>
   <div class='ocr_carea' id='block_1_41' title="bbox 247 2435 1828 2506">
    <p class='ocr_par' dir='ltr' id='par_1_41' title="bbox 247 2435 1828 2506">
     <span class='ocr_line' id='line_1_41' title="bbox 247 2435 1828 2506; baseline 0.006 -23"><span class='ocrx_word' id='word_1_277' title='bbox 247 2445 373 2498; x_wconf 90' lang='lat' dir='ltr'><strong>ceps</strong></span> <span class='ocrx_word' id='word_1_278' title='bbox 399 2445 498 2500; x_wconf 89' lang='lat' dir='ltr'><strong>per</strong></span> <span class='ocrx_word' id='word_1_279' title='bbox 525 2442 766 2486; x_wconf 89' lang='lat' dir='ltr'><strong>nostram</strong></span> <span class='ocrx_word' id='word_1_280' title='bbox 797 2435 1174 2490; x_wconf 87' lang='lat' dir='ltr'><strong>auctoritatem</strong></span> <span class='ocrx_word' id='word_1_281' title='bbox 1197 2437 1520 2506; x_wconf 81' lang='lat' dir='ltr'><strong>generaliter</strong></span> <span class='ocrx_word' id='word_1_282' title='bbox 1540 2447 1721 2492; x_wconf 89' lang='lat' dir='ltr'><strong>manet</strong></span> <span class='ocrx_word' id='word_1_283' title='bbox 1748 2439 1828 2492; x_wconf 90' lang='lat' dir='ltr'><strong>in-</strong></span> 
     </span>
    </p>
   </div>
   <div class='ocr_carea' id='block_1_42' title="bbox 248 2518 1828 2596">
    <p class='ocr_par' dir='ltr' id='par_1_42' title="bbox 248 2518 1828 2596">
     <span class='ocr_line' id='line_1_42' title="bbox 248 2518 1828 2596; baseline 0.006 -24"><span class='ocrx_word' id='word_1_284' title='bbox 248 2518 584 2584; x_wconf 91' lang='lat' dir='ltr'><strong>convulsum,</strong></span> <span class='ocrx_word' id='word_1_285' title='bbox 614 2529 668 2574; x_wconf 89' lang='lat' dir='ltr'><strong>et</strong></span> <span class='ocrx_word' id='word_1_286' title='bbox 695 2537 1021 2592; x_wconf 88' lang='lat' dir='ltr'><strong>quamquam</strong></span> <span class='ocrx_word' id='word_1_287' title='bbox 1043 2525 1236 2586; x_wconf 77' lang='lat' dir='ltr'><strong>exinde</strong></span> <span class='ocrx_word' id='word_1_288' title='bbox 1276 2525 1440 2581; x_wconf 90' lang='lat' dir='ltr'><strong>ﬁscus</strong></span> <span class='ocrx_word' id='word_1_289' title='bbox 1470 2535 1658 2581; x_wconf 88' lang='lat' dir='ltr'><strong>noster</strong></span> <span class='ocrx_word' id='word_1_290' title='bbox 1680 2536 1828 2596; x_wconf 88' lang='lat' dir='ltr'><strong>pote-</strong></span> 
     </span>
    </p>
   </div>
   <div class='ocr_carea' id='block_1_43' title="bbox 249 2610 1831 2686">
    <p class='ocr_par' dir='ltr' id='par_1_43' title="bbox 249 2610 1831 2686">
     <span class='ocr_line' id='line_1_43' title="bbox 249 2610 1831 2686; baseline 0.006 -23"><span class='ocrx_word' id='word_1_291' title='bbox 249 2619 333 2663; x_wconf 89' lang='lat' dir='ltr'><strong>rat</strong></span> <span class='ocrx_word' id='word_1_292' title='bbox 372 2610 637 2681; x_wconf 90' lang='lat' dir='ltr'><strong>imperare</strong></span> <span class='ocrx_word' id='word_1_293' title='bbox 676 2614 728 2668; x_wconf 92' lang='lat' dir='ltr'><strong>in</strong></span> <span class='ocrx_word' id='word_1_294' title='bbox 773 2613 1129 2671; x_wconf 90' lang='lat' dir='ltr'><strong>luminaribus</strong></span> <span class='ocrx_word' id='word_1_295' title='bbox 1183 2617 1349 2686; x_wconf 88' lang='lat' dir='ltr'><strong>ipsius</strong></span> <span class='ocrx_word' id='word_1_296' title='bbox 1385 2619 1586 2673; x_wconf 91' lang='lat' dir='ltr'><strong>domini</strong></span> <span class='ocrx_word' id='word_1_297' title='bbox 1626 2618 1831 2672; x_wconf 91' lang='lat' dir='ltr'><strong>Leode-</strong></span> 
     </span>
    </p>
   </div>
   <div class='ocr_carea' id='block_1_44' title="bbox 249 2695 1830 2776">
    <p class='ocr_par' dir='ltr' id='par_1_44' title="bbox 249 2695 1830 2776">
     <span class='ocr_line' id='line_1_44' title="bbox 249 2695 1830 2776; baseline 0.006 -24"><span class='ocrx_word' id='word_1_298' title='bbox 249 2698 383 2769; x_wconf 87' lang='lat' dir='ltr'><strong>garii</strong></span> <span class='ocrx_word' id='word_1_299' title='bbox 409 2708 466 2754; x_wconf 91' lang='lat' dir='ltr'><strong>et</strong></span> <span class='ocrx_word' id='word_1_300' title='bbox 503 2703 675 2756; x_wconf 85' lang='lat' dir='ltr'><strong>sancti</strong></span> <span class='ocrx_word' id='word_1_301' title='bbox 711 2703 856 2758; x_wconf 89' lang='lat' dir='ltr'><strong>Petri</strong></span> <span class='ocrx_word' id='word_1_302' title='bbox 895 2711 950 2758; x_wconf 85' lang='lat' dir='ltr'><strong>et</strong></span> <span class='ocrx_word' id='word_1_303' title='bbox 991 2714 1190 2760; x_wconf 57' lang='lat' dir='ltr'><strong>sanctae</strong></span> <span class='ocrx_word' id='word_1_304' title='bbox 1219 2695 1383 2762; x_wconf 70' lang='lat' dir='ltr'><strong>Mai-ie</strong></span> <span class='ocrx_word' id='word_1_305' title='bbox 1409 2722 1507 2776; x_wconf 91' lang='lat' dir='ltr'><strong>pro</strong></span> <span class='ocrx_word' id='word_1_306' title='bbox 1536 2708 1830 2763; x_wconf 86' lang='lat' dir='ltr'><strong>stabilitate</strong></span> 
     </span>
    </p>
   </div>
   <div class='ocr_carea' id='block_1_45' title="bbox 249 2792 1826 2867">
    <p class='ocr_par' dir='ltr' id='par_1_45' title="bbox 249 2792 1826 2867">
     <span class='ocr_line' id='line_1_45' title="bbox 249 2792 1826 2867; baseline 0.008 -24"><span class='ocrx_word' id='word_1_307' title='bbox 249 2792 399 2862; x_wconf 82' lang='lat' dir='ltr'><strong>regni</strong></span> <span class='ocrx_word' id='word_1_308' title='bbox 422 2796 588 2848; x_wconf 87' lang='lat' dir='ltr'><strong>nostri</strong></span> <span class='ocrx_word' id='word_1_309' title='bbox 617 2795 862 2863; x_wconf 86' lang='lat' dir='ltr'><strong>proﬁciat</strong></span> <span class='ocrx_word' id='word_1_310' title='bbox 890 2797 946 2851; x_wconf 86' lang='lat' dir='ltr'><strong>in</strong></span> <span class='ocrx_word' id='word_1_311' title='bbox 969 2807 1306 2867; x_wconf 90' lang='lat' dir='ltr'><strong>perpetuum.</strong></span> <span class='ocrx_word' id='word_1_312' title='bbox 1331 2800 1396 2853; x_wconf 89' lang='lat' dir='ltr'><strong>Et</strong></span> <span class='ocrx_word' id='word_1_313' title='bbox 1421 2809 1481 2854; x_wconf 90' lang='lat' dir='ltr'><strong>ut</strong></span> <span class='ocrx_word' id='word_1_314' title='bbox 1504 2802 1621 2855; x_wconf 57' lang='lat' dir='ltr'><strong>haec</strong></span> <span class='ocrx_word' id='word_1_315' title='bbox 1641 2809 1826 2856; x_wconf 85' lang='lat' dir='ltr'><strong>aucto-</strong></span> 
     </span>
    </p>
   </div>
   <div class='ocr_carea' id='block_1_46' title="bbox 250 2879 1822 2960">
    <p class='ocr_par' dir='ltr' id='par_1_46' title="bbox 250 2879 1822 2960">
     <span class='ocr_line' id='line_1_46' title="bbox 250 2879 1822 2960; baseline 0.008 -28"><span class='ocrx_word' id='word_1_316' title='bbox 250 2879 383 2936; x_wconf 88' lang='lat' dir='ltr'><strong>ritas</strong></span> <span class='ocrx_word' id='word_1_317' title='bbox 411 2891 518 2941; x_wconf 73' lang='lat' dir='ltr'><strong>tnm</strong></span> <span class='ocrx_word' id='word_1_318' title='bbox 564 2885 906 2952; x_wconf 84' lang='lat' dir='ltr'><strong>presentibus</strong></span> <span class='ocrx_word' id='word_1_319' title='bbox 951 2902 1113 2956; x_wconf 70' lang='lat' dir='ltr'><strong>quam</strong></span> <span class='ocrx_word' id='word_1_320' title='bbox 1151 2897 1206 2941; x_wconf 90' lang='lat' dir='ltr'><strong>et</strong></span> <span class='ocrx_word' id='word_1_321' title='bbox 1251 2888 1446 2944; x_wconf 88' lang='lat' dir='ltr'><strong>futuris</strong></span> <span class='ocrx_word' id='word_1_322' title='bbox 1490 2891 1822 2960; x_wconf 88' lang='lat' dir='ltr'><strong>temporibus</strong></span> 
     </span>
    </p>
   </div>
   <div class='ocr_carea' id='block_1_47' title="bbox 251 2972 1830 3040">
    <p class='ocr_par' dir='ltr' id='par_1_47' title="bbox 251 2972 1830 3040">
     <span class='ocr_line' id='line_1_47' title="bbox 251 2972 1830 3040; baseline 0.009 -16"><span class='ocrx_word' id='word_1_323' title='bbox 251 2972 421 3038; x_wconf 89' lang='lat' dir='ltr'><strong>possit</strong></span> <span class='ocrx_word' id='word_1_324' title='bbox 445 2983 716 3040; x_wconf 88' lang='lat' dir='ltr'><strong>constare,</strong></span> <span class='ocrx_word' id='word_1_325' title='bbox 744 2993 907 3032; x_wconf 88' lang='lat' dir='ltr'><strong>manu</strong></span> <span class='ocrx_word' id='word_1_326' title='bbox 931 2985 1116 3034; x_wconf 88' lang='lat' dir='ltr'><strong>nostra</strong></span> <span class='ocrx_word' id='word_1_327' title='bbox 1151 2981 1337 3036; x_wconf 86' lang='lat' dir='ltr'><strong>subter</strong></span> <span class='ocrx_word' id='word_1_328' title='bbox 1361 2982 1732 3038; x_wconf 88' lang='lat' dir='ltr'><strong>roboravimus</strong></span> <span class='ocrx_word' id='word_1_329' title='bbox 1772 2991 1830 3039; x_wconf 90' lang='lat' dir='ltr'><strong>et</strong></span> 
     </span>
    </p>
   </div>
   <div class='ocr_carea' id='block_1_48' title="bbox 252 3063 1219 3140">
    <p class='ocr_par' dir='ltr' id='par_1_48' title="bbox 252 3063 1219 3140">
     <span class='ocr_line' id='line_1_48' title="bbox 252 3063 1219 3140; baseline 0.009 -23"><span class='ocrx_word' id='word_1_330' title='bbox 252 3063 451 3120; x_wconf 89' lang='lat' dir='ltr'><strong>annulo</strong></span> <span class='ocrx_word' id='word_1_331' title='bbox 478 3075 664 3122; x_wconf 91' lang='lat' dir='ltr'><strong>nostro</strong></span> <span class='ocrx_word' id='word_1_332' title='bbox 691 3068 924 3140; x_wconf 87' lang='lat' dir='ltr'><strong>sigillare</strong></span> <span class='ocrx_word' id='word_1_333' title='bbox 943 3070 1219 3140; x_wconf 89' lang='lat' dir='ltr'><strong>jussimus.</strong></span> 
     </span>
    </p>
   </div>
   <div class='ocr_carea' id='block_1_49' title="bbox 972 3182 1111 3237">
    <p class='ocr_par' dir='ltr' id='par_1_49' title="bbox 972 3182 1111 3237">
     <span class='ocr_line' id='line_1_49' title="bbox 972 3182 1111 3237; baseline 0 -1"><span class='ocrx_word' id='word_1_334' title='bbox 972 3182 1111 3237; x_wconf 78' lang='lat' dir='ltr'><strong>XXI.</strong></span> 
     </span>
    </p>
   </div>
   <div class='ocr_carea' id='block_1_50' title="bbox 253 3264 1828 3347">
    <p class='ocr_par' dir='ltr' id='par_1_50' title="bbox 253 3264 1828 3347">
     <span class='ocr_line' id='line_1_50' title="bbox 253 3264 1828 3347; baseline 0.011 -28"><span class='ocrx_word' id='word_1_335' title='bbox 253 3269 280 3297; x_wconf 74' lang='grc'><strong><em>⁸</em></strong></span> <span class='ocrx_word' id='word_1_336' title='bbox 310 3264 553 3337; x_wconf 82' lang='lat' dir='ltr'><strong>Diploma</strong></span> <span class='ocrx_word' id='word_1_337' title='bbox 569 3269 807 3347; x_wconf 79' lang='lat' dir='ltr'><strong>__Pippim&#39;_</strong></span> <span class='ocrx_word' id='word_1_338' title='bbox 838 3275 972 3347; x_wconf 79' lang='lat' dir='ltr'><strong>regis</strong></span> <span class='ocrx_word' id='word_1_339' title='bbox 998 3273 1351 3347; x_wconf 67' lang='lat' dir='ltr'><strong>Francorum</strong></span> <span class='ocrx_word' id='word_1_340' title='bbox 1383 3294 1478 3347; x_wconf 83' lang='lat' dir='ltr'><strong>pro</strong></span> <span class='ocrx_word' id='word_1_341' title='bbox 1512 3282 1828 3342; x_wconf 76' lang='lat' dir='ltr'><strong>monasterio</strong></span> 
     </span>
    </p>
   </div>
   <div class='ocr_carea' id='block_1_51' title="bbox 557 3338 1515 3412">
    <p class='ocr_par' dir='ltr' id='par_1_51' title="bbox 557 3338 1515 3412">
     <span class='ocr_line' id='line_1_51' title="bbox 557 3338 1515 3412; baseline 0.01 -19"><span class='ocrx_word' id='word_1_342' title='bbox 557 3338 939 3412; x_wconf 68' lang='lat' dir='ltr'><strong>Honaugiensi,</strong></span> <span class='ocrx_word' id='word_1_343' title='bbox 972 3343 1154 3398; x_wconf 83' lang='lat' dir='ltr'><strong>datum</strong></span> <span class='ocrx_word' id='word_1_344' title='bbox 1184 3363 1359 3402; x_wconf 80' lang='lat' dir='ltr'><strong>versus</strong></span> <span class='ocrx_word' id='word_1_345' title='bbox 1383 3338 1515 3402; x_wconf 44' lang='lat'><strong>.760.</strong></span> 
     </span>
    </p>
   </div>
   <div class='ocr_carea' id='block_1_52' title="bbox 315 3425 1768 3501">
    <p class='ocr_par' dir='ltr' id='par_1_52' title="bbox 315 3425 1768 3501">
     <span class='ocr_line' id='line_1_52' title="bbox 315 3425 1768 3501; baseline 0.011 -28"><span class='ocrx_word' id='word_1_346' title='bbox 315 3425 477 3488; x_wconf 77' lang='lat' dir='ltr'><strong>(Apud</strong></span> <span class='ocrx_word' id='word_1_347' title='bbox 497 3427 802 3492; x_wconf 86' lang='lat' dir='ltr'><strong>Grandidier,</strong></span> <span class='ocrx_word' id='word_1_348' title='bbox 826 3433 1043 3485; x_wconf 76' lang='lat' dir='ltr'><strong>Histoire</strong></span> <span class='ocrx_word' id='word_1_349' title='bbox 1064 3435 1126 3485; x_wconf 89' lang='lat' dir='ltr'><strong>de</strong></span> <span class='ocrx_word' id='word_1_350' title='bbox 1144 3436 1340 3501; x_wconf 79' lang='lat' dir='ltr'><strong>(‘Eglise</strong></span> <span class='ocrx_word' id='word_1_351' title='bbox 1356 3438 1417 3489; x_wconf 82' lang='lat' dir='ltr'><strong>de</strong></span> <span class='ocrx_word' id='word_1_352' title='bbox 1435 3437 1768 3500; x_wconf 75' lang='lat' dir='ltr'><strong>Slrasbourg.)</strong></span> 
     </span>
    </p>
   </div>
   <div class='ocr_carea' id='block_1_53' title="bbox 322 3505 1832 3583">
    <p class='ocr_par' dir='ltr' id='par_1_53' title="bbox 322 3505 1832 3583">
     <span class='ocr_line' id='line_1_53' title="bbox 322 3505 1832 3583; baseline 0.01 -24"><span class='ocrx_word' id='word_1_353' title='bbox 322 3505 580 3578; x_wconf 88' lang='lat' dir='ltr'><strong>Pippinus</strong></span> <span class='ocrx_word' id='word_1_354' title='bbox 628 3527 722 3567; x_wconf 83' lang='lat' dir='ltr'><strong>rex</strong></span> <span class='ocrx_word' id='word_1_355' title='bbox 775 3513 1108 3570; x_wconf 85' lang='lat' dir='ltr'><strong>Francorum</strong></span> <span class='ocrx_word' id='word_1_356' title='bbox 1165 3517 1249 3570; x_wconf 86' lang='lat' dir='ltr'><strong>vir</strong></span> <span class='ocrx_word' id='word_1_357' title='bbox 1302 3519 1556 3583; x_wconf 86' lang='lat' dir='ltr'><strong>inluster,</strong></span> <span class='ocrx_word' id='word_1_358' title='bbox 1599 3519 1832 3574; x_wconf 91' lang='lat' dir='ltr'><strong>dominis</strong></span> 
     </span>
    </p>
   </div>
   <div class='ocr_carea' id='block_1_54' title="bbox 243 3595 1832 3670">
    <p class='ocr_par' dir='ltr' id='par_1_54' title="bbox 243 3595 1832 3670">
     <span class='ocr_line' id='line_1_54' title="bbox 243 3595 1832 3670; baseline 0.008 -19"><span class='ocrx_word' id='word_1_359' title='bbox 243 3595 456 3653; x_wconf 33' lang='lat' dir='ltr'><strong>‘sanctis</strong></span> <span class='ocrx_word' id='word_1_360' title='bbox 505 3608 560 3654; x_wconf 92' lang='lat' dir='ltr'><strong>et</strong></span> <span class='ocrx_word' id='word_1_361' title='bbox 604 3603 912 3670; x_wconf 89' lang='lat' dir='ltr'><strong>apostolicis</strong></span> <span class='ocrx_word' id='word_1_362' title='bbox 962 3621 1027 3662; x_wconf 87' lang='lat' dir='ltr'><strong>ac</strong></span> <span class='ocrx_word' id='word_1_363' title='bbox 1072 3608 1468 3662; x_wconf 88' lang='lat' dir='ltr'><strong>venerabilibus</strong></span> <span class='ocrx_word' id='word_1_364' title='bbox 1517 3609 1572 3662; x_wconf 92' lang='lat' dir='ltr'><strong>in</strong></span> <span class='ocrx_word' id='word_1_365' title='bbox 1618 3608 1832 3664; x_wconf 86' lang='lat' dir='ltr'><strong>Christo</strong></span> 
     </span>
    </p>
   </div>
   <div class='ocr_carea' id='block_1_55' title="bbox 252 3687 1833 3766">
    <p class='ocr_par' dir='ltr' id='par_1_55' title="bbox 252 3687 1833 3766">
     <span class='ocr_line' id='line_1_55' title="bbox 252 3687 1833 3766; baseline 0.009 -26"><span class='ocrx_word' id='word_1_366' title='bbox 252 3687 523 3754; x_wconf 86' lang='lat' dir='ltr'><strong>Patribus,</strong></span> <span class='ocrx_word' id='word_1_367' title='bbox 555 3693 800 3747; x_wconf 89' lang='lat' dir='ltr'><strong>omnibus</strong></span> <span class='ocrx_word' id='word_1_368' title='bbox 824 3695 1109 3766; x_wconf 86' lang='lat' dir='ltr'><strong>episc0pis,</strong></span> <span class='ocrx_word' id='word_1_369' title='bbox 1153 3699 1456 3763; x_wconf 88' lang='lat' dir='ltr'><strong>abbatibus,</strong></span> <span class='ocrx_word' id='word_1_370' title='bbox 1488 3713 1583 3754; x_wconf 90' lang='lat' dir='ltr'><strong>seu</strong></span> <span class='ocrx_word' id='word_1_371' title='bbox 1609 3699 1833 3754; x_wconf 87' lang='lat' dir='ltr'><strong>illustri-</strong></span> 
     </span>
    </p>
   </div>
   <div class='ocr_carea' id='block_1_56' title="bbox 254 3776 1834 3853">
    <p class='ocr_par' dir='ltr' id='par_1_56' title="bbox 254 3776 1834 3853">
     <span class='ocr_line' id='line_1_56' title="bbox 254 3776 1834 3853; baseline 0.01 -23"><span class='ocrx_word' id='word_1_372' title='bbox 254 3776 356 3830; x_wconf 88' lang='lat' dir='ltr'><strong>bus</strong></span> <span class='ocrx_word' id='word_1_373' title='bbox 379 3793 442 3832; x_wconf 92' lang='lat' dir='ltr'><strong>ac</strong></span> <span class='ocrx_word' id='word_1_374' title='bbox 468 3780 765 3848; x_wconf 89' lang='lat' dir='ltr'><strong>magniﬁcis</strong></span> <span class='ocrx_word' id='word_1_375' title='bbox 788 3783 938 3850; x_wconf 89' lang='lat' dir='ltr'><strong>viris,</strong></span> <span class='ocrx_word' id='word_1_376' title='bbox 964 3787 1207 3852; x_wconf 91' lang='lat' dir='ltr'><strong>ducibus,</strong></span> <span class='ocrx_word' id='word_1_377' title='bbox 1243 3788 1547 3853; x_wconf 87' lang='lat' dir='ltr'><strong>comitibus,</strong></span> <span class='ocrx_word' id='word_1_378' title='bbox 1578 3791 1834 3846; x_wconf 87' lang='lat' dir='ltr'><strong>domesti-</strong></span> 
     </span>
    </p>
   </div>
   <div class='ocr_carea' id='block_1_57' title="bbox 254 3868 1828 3953">
    <p class='ocr_par' dir='ltr' id='par_1_57' title="bbox 254 3868 1828 3953">
     <span class='ocr_line' id='line_1_57' title="bbox 254 3868 1828 3953; baseline 0.012 -32"><span class='ocrx_word' id='word_1_379' title='bbox 254 3868 354 3934; x_wconf 92' lang='lat' dir='ltr'><strong>cis,</strong></span> <span class='ocrx_word' id='word_1_380' title='bbox 386 3870 620 3936; x_wconf 89' lang='lat' dir='ltr'><strong>vicariis,</strong></span> <span class='ocrx_word' id='word_1_381' title='bbox 645 3877 986 3942; x_wconf 88' lang='lat' dir='ltr'><strong>centenariis,</strong></span> <span class='ocrx_word' id='word_1_382' title='bbox 1009 3887 1170 3948; x_wconf 88' lang='lat' dir='ltr'><strong>atque</strong></span> <span class='ocrx_word' id='word_1_383' title='bbox 1197 3881 1447 3938; x_wconf 89' lang='lat' dir='ltr'><strong>omnibus</strong></span> <span class='ocrx_word' id='word_1_384' title='bbox 1475 3885 1755 3953; x_wconf 87' lang='lat' dir='ltr'><strong>agentibus</strong></span> <span class='ocrx_word' id='word_1_385' title='bbox 1779 3886 1828 3940; x_wconf 74' lang='grc' dir='ltr'><strong>ι).</strong></span> 
     </span>
    </p>
   </div>
   <div class='ocr_carea' id='block_1_58' title="bbox 258 3954 1830 4044">
    <p class='ocr_par' dir='ltr' id='par_1_58' title="bbox 258 3954 1830 4044">
     <span class='ocr_line' id='line_1_58' title="bbox 258 3954 1830 4044; baseline 0.014 -34"><span class='ocrx_word' id='word_1_386' title='bbox 258 3954 484 4013; x_wconf 80' lang='lat' dir='ltr'><strong>Rectum</strong></span> <span class='ocrx_word' id='word_1_387' title='bbox 513 3976 633 4016; x_wconf 90' lang='lat' dir='ltr'><strong>esse</strong></span> <span class='ocrx_word' id='word_1_388' title='bbox 673 3978 972 4032; x_wconf 89' lang='lat' dir='ltr'><strong>censemus,</strong></span> <span class='ocrx_word' id='word_1_389' title='bbox 1001 3977 1060 4022; x_wconf 94' lang='lat' dir='ltr'><strong>ut</strong></span> <span class='ocrx_word' id='word_1_390' title='bbox 1084 3971 1434 4039; x_wconf 84' lang='lat' dir='ltr'><strong>petitionibus</strong></span> <span class='ocrx_word' id='word_1_391' title='bbox 1469 3977 1830 4044; x_wconf 87' lang='lat' dir='ltr'><strong>sacerdotum,</strong></span> 
     </span>
    </p>
   </div>
   <div class='ocr_carea' id='block_1_59' title="bbox 255 4050 1832 4129">
    <p class='ocr_par' dir='ltr' id='par_1_59' title="bbox 255 4050 1832 4129">
     <span class='ocr_line' id='line_1_59' title="bbox 255 4050 1832 4129; baseline 0.013 -29"><span class='ocrx_word' id='word_1_392' title='bbox 255 4061 362 4116; x_wconf 90' lang='lat' dir='ltr'><strong>que</strong></span> <span class='ocrx_word' id='word_1_393' title='bbox 383 4050 451 4103; x_wconf 89' lang='lat' dir='ltr'><strong>ad</strong></span> <span class='ocrx_word' id='word_1_394' title='bbox 478 4050 772 4120; x_wconf 89' lang='lat' dir='ltr'><strong>profectum</strong></span> <span class='ocrx_word' id='word_1_395' title='bbox 813 4057 1084 4124; x_wconf 82' lang='lat' dir='ltr'><strong>pertinent</strong></span> <span class='ocrx_word' id='word_1_396' title='bbox 1107 4075 1205 4128; x_wconf 90' lang='lat' dir='ltr'><strong>pro</strong></span> <span class='ocrx_word' id='word_1_397' title='bbox 1250 4059 1382 4116; x_wconf 87' lang='lat' dir='ltr'><strong>locis</strong></span> <span class='ocrx_word' id='word_1_398' title='bbox 1407 4072 1733 4129; x_wconf 90' lang='lat' dir='ltr'><strong>sanctorum,</strong></span> <span class='ocrx_word' id='word_1_399' title='bbox 1763 4067 1832 4122; x_wconf 91' lang='lat' dir='ltr'><strong>ad</strong></span> 
     </span>
    </p>
   </div>
   <div class='ocr_carea' id='block_1_60' title="bbox 255 4138 1832 4225">
    <p class='ocr_par' dir='ltr' id='par_1_60' title="bbox 255 4138 1832 4225">
     <span class='ocr_line' id='line_1_60' title="bbox 255 4138 1832 4225; baseline 0.011 -31"><span class='ocrx_word' id='word_1_400' title='bbox 255 4138 535 4207; x_wconf 81' lang='lat' dir='ltr'><strong>effectum,</strong></span> <span class='ocrx_word' id='word_1_401' title='bbox 579 4142 791 4200; x_wconf 89' lang='lat' dir='ltr'><strong>Christo</strong></span> <span class='ocrx_word' id='word_1_402' title='bbox 837 4148 1078 4217; x_wconf 90' lang='lat' dir='ltr'><strong>presule,</strong></span> <span class='ocrx_word' id='word_1_403' title='bbox 1132 4151 1508 4219; x_wconf 86' lang='lat' dir='ltr'><strong>perducamus.</strong></span> <span class='ocrx_word' id='word_1_404' title='bbox 1564 4155 1730 4225; x_wconf 85' lang='lat' dir='ltr'><strong>Igitur</strong></span> <span class='ocrx_word' id='word_1_405' title='bbox 1779 4157 1832 4211; x_wconf 90' lang='lat' dir='ltr'><strong>in</strong></span> 
     </span>
    </p>
   </div>
   <div class='ocr_carea' id='block_1_61' title="bbox 258 4229 1832 4309">
    <p class='ocr_par' dir='ltr' id='par_1_61' title="bbox 258 4229 1832 4309">
     <span class='ocr_line' id='line_1_61' title="bbox 258 4229 1832 4309; baseline 0.01 -25"><span class='ocrx_word' id='word_1_406' title='bbox 258 4229 473 4285; x_wconf 87' lang='lat' dir='ltr'><strong>Christo</strong></span> <span class='ocrx_word' id='word_1_407' title='bbox 500 4230 659 4286; x_wconf 81' lang='lat' dir='ltr'><strong>Pater</strong></span> <span class='ocrx_word' id='word_1_408' title='bbox 679 4233 930 4290; x_wconf 87' lang='lat' dir='ltr'><strong>Dubanus</strong></span> <span class='ocrx_word' id='word_1_409' title='bbox 957 4239 1239 4309; x_wconf 86' lang='lat' dir='ltr'><strong>episcopus</strong></span> <span class='ocrx_word' id='word_1_410' title='bbox 1259 4241 1342 4294; x_wconf 89' lang='lat' dir='ltr'><strong>vel</strong></span> <span class='ocrx_word' id='word_1_411' title='bbox 1363 4243 1532 4297; x_wconf 89' lang='lat' dir='ltr'><strong>abbas</strong></span> <span class='ocrx_word' id='word_1_412' title='bbox 1557 4245 1624 4298; x_wconf 89' lang='lat' dir='ltr'><strong>de</strong></span> <span class='ocrx_word' id='word_1_413' title='bbox 1644 4259 1832 4299; x_wconf 85' lang='lat' dir='ltr'><strong>mona-</strong></span> 
     </span>
    </p>
   </div>
   <div class='ocr_carea' id='block_1_62' title="bbox 259 4320 1833 4402">
    <p class='ocr_par' dir='ltr' id='par_1_62' title="bbox 259 4320 1833 4402">
     <span class='ocr_line' id='line_1_62' title="bbox 259 4320 1833 4402; baseline 0.009 -28"><span class='ocrx_word' id='word_1_414' title='bbox 259 4321 425 4374; x_wconf 87' lang='lat' dir='ltr'><strong>sterio</strong></span> <span class='ocrx_word' id='word_1_415' title='bbox 467 4320 808 4393; x_wconf 83' lang='lat' dir='ltr'><strong>Hohenaugia</strong></span> <span class='ocrx_word' id='word_1_416' title='bbox 839 4326 891 4380; x_wconf 91' lang='lat' dir='ltr'><strong>in</strong></span> <span class='ocrx_word' id='word_1_417' title='bbox 918 4341 1056 4398; x_wconf 88' lang='lat' dir='ltr'><strong>pago</strong></span> <span class='ocrx_word' id='word_1_418' title='bbox 1093 4329 1382 4386; x_wconf 80' lang='lat' dir='ltr'><strong>Alsacense</strong></span> <span class='ocrx_word' id='word_1_419' title='bbox 1413 4347 1576 4402; x_wconf 90' lang='lat' dir='ltr'><strong>super</strong></span> <span class='ocrx_word' id='word_1_420' title='bbox 1613 4333 1833 4389; x_wconf 87' lang='lat' dir='ltr'><strong>ﬂuvium</strong></span> 
     </span>
    </p>
   </div>
   <div class='ocr_carea' id='block_1_63' title="bbox 262 4403 1834 4476">
    <p class='ocr_par' dir='ltr' id='par_1_63' title="bbox 262 4403 1834 4476">
     <span class='ocr_line' id='line_1_63' title="bbox 262 4403 1834 4476; baseline 0.01 -19"><span class='ocrx_word' id='word_1_421' title='bbox 262 4403 492 4472; x_wconf 79' lang='lat' dir='ltr'><strong>Renum,</strong></span> <span class='ocrx_word' id='word_1_422' title='bbox 520 4408 663 4476; x_wconf 89' lang='lat' dir='ltr'><strong>quod</strong></span> <span class='ocrx_word' id='word_1_423' title='bbox 685 4417 768 4464; x_wconf 91' lang='lat' dir='ltr'><strong>est</strong></span> <span class='ocrx_word' id='word_1_424' title='bbox 808 4420 1177 4469; x_wconf 89' lang='lat' dir='ltr'><strong>constructum</strong></span> <span class='ocrx_word' id='word_1_425' title='bbox 1208 4416 1260 4470; x_wconf 89' lang='lat' dir='ltr'><strong>in</strong></span> <span class='ocrx_word' id='word_1_426' title='bbox 1293 4418 1495 4473; x_wconf 91' lang='lat' dir='ltr'><strong>honore</strong></span> <span class='ocrx_word' id='word_1_427' title='bbox 1532 4421 1702 4475; x_wconf 90' lang='lat' dir='ltr'><strong>sancti</strong></span> <span class='ocrx_word' id='word_1_428' title='bbox 1733 4419 1834 4473; x_wconf 85' lang='lat' dir='ltr'><strong>Mi-</strong></span> 
     </span>
    </p>
   </div>
   <div class='ocr_carea' id='block_1_64' title="bbox 261 4496 1835 4574">
    <p class='ocr_par' dir='ltr' id='par_1_64' title="bbox 261 4496 1835 4574">
     <span class='ocr_line' id='line_1_64' title="bbox 261 4496 1835 4574; baseline 0.009 -25"><span class='ocrx_word' id='word_1_429' title='bbox 261 4496 462 4550; x_wconf 90' lang='lat' dir='ltr'><strong>chaelis</strong></span> <span class='ocrx_word' id='word_1_430' title='bbox 489 4506 544 4552; x_wconf 89' lang='lat' dir='ltr'><strong>et</strong></span> <span class='ocrx_word' id='word_1_431' title='bbox 571 4501 739 4554; x_wconf 90' lang='lat' dir='ltr'><strong>sancti</strong></span> <span class='ocrx_word' id='word_1_432' title='bbox 768 4501 910 4558; x_wconf 89' lang='lat' dir='ltr'><strong>Petri</strong></span> <span class='ocrx_word' id='word_1_433' title='bbox 933 4513 986 4558; x_wconf 88' lang='lat' dir='ltr'><strong>et</strong></span> <span class='ocrx_word' id='word_1_434' title='bbox 1014 4507 1184 4562; x_wconf 89' lang='lat' dir='ltr'><strong>sancti</strong></span> <span class='ocrx_word' id='word_1_435' title='bbox 1211 4507 1382 4574; x_wconf 88' lang='lat' dir='ltr'><strong>Pauli,</strong></span> <span class='ocrx_word' id='word_1_436' title='bbox 1406 4509 1489 4564; x_wconf 90' lang='lat' dir='ltr'><strong>vel</strong></span> <span class='ocrx_word' id='word_1_437' title='bbox 1517 4521 1835 4565; x_wconf 72' lang='lat' dir='ltr'><strong>czeterorum</strong></span> 
     </span>
    </p>
   </div>
   <div class='ocr_carea' id='block_1_65' title="bbox 262 4590 1840 4670">
    <p class='ocr_par' dir='ltr' id='par_1_65' title="bbox 262 4590 1840 4670">
     <span class='ocr_line' id='line_1_65' title="bbox 262 4590 1840 4670; baseline 0.011 -33"><span class='ocrx_word' id='word_1_438' title='bbox 262 4593 568 4641; x_wconf 86' lang='lat' dir='ltr'><strong>sanctorum</strong></span> <span class='ocrx_word' id='word_1_439' title='bbox 590 4590 816 4658; x_wconf 87' lang='lat' dir='ltr'><strong>gloriose</strong></span> <span class='ocrx_word' id='word_1_440' title='bbox 840 4595 986 4663; x_wconf 85' lang='lat' dir='ltr'><strong>regni</strong></span> <span class='ocrx_word' id='word_1_441' title='bbox 1019 4598 1187 4650; x_wconf 90' lang='lat' dir='ltr'><strong>nostri</strong></span> <span class='ocrx_word' id='word_1_442' title='bbox 1215 4599 1551 4667; x_wconf 84' lang='lat' dir='ltr'><strong>majestatem</strong></span> <span class='ocrx_word' id='word_1_443' title='bbox 1573 4601 1747 4670; x_wconf 87' lang='lat' dir='ltr'><strong>petiit,</strong></span> <span class='ocrx_word' id='word_1_444' title='bbox 1779 4607 1840 4654; x_wconf 88' lang='lat' dir='ltr'><strong>ut</strong></span> 
     </span>
    </p>
   </div>
   <div class='ocr_carea' id='block_1_66' title="bbox 265 4675 1838 4746">
    <p class='ocr_par' dir='ltr' id='par_1_66' title="bbox 265 4675 1838 4746">
     <span class='ocr_line' id='line_1_66' title="bbox 265 4675 1838 4746; baseline 0.01 -16"><span class='ocrx_word' id='word_1_445' title='bbox 265 4675 388 4730; x_wconf 92' lang='lat' dir='ltr'><strong>dum</strong></span> <span class='ocrx_word' id='word_1_446' title='bbox 420 4676 593 4744; x_wconf 89' lang='lat' dir='ltr'><strong>ipsum</strong></span> <span class='ocrx_word' id='word_1_447' title='bbox 621 4685 1008 4738; x_wconf 89' lang='lat' dir='ltr'><strong>monasterium</strong></span> <span class='ocrx_word' id='word_1_448' title='bbox 1033 4688 1099 4739; x_wconf 88' lang='lat' dir='ltr'><strong>de</strong></span> <span class='ocrx_word' id='word_1_449' title='bbox 1126 4687 1410 4741; x_wconf 70' lang='lat' dir='ltr'><strong>collatione</strong></span> <span class='ocrx_word' id='word_1_450' title='bbox 1436 4697 1838 4746; x_wconf 89' lang='lat' dir='ltr'><strong>antecessorum</strong></span> 
     </span>
    </p>
   </div>
   <div class='ocr_carea' id='block_1_67' title="bbox 265 4770 1842 4850">
    <p class='ocr_par' dir='ltr' id='par_1_67' title="bbox 265 4770 1842 4850">
     <span class='ocr_line' id='line_1_67' title="bbox 265 4770 1842 4850; baseline 0.011 -31"><span class='ocrx_word' id='word_1_451' title='bbox 265 4774 590 4833; x_wconf 87' lang='lat' dir='ltr'><strong>nostrorum,</strong></span> <span class='ocrx_word' id='word_1_452' title='bbox 621 4770 706 4822; x_wconf 89' lang='lat' dir='ltr'><strong>vel</strong></span> <span class='ocrx_word' id='word_1_453' title='bbox 735 4771 800 4825; x_wconf 87' lang='lat' dir='ltr'><strong>de</strong></span> <span class='ocrx_word' id='word_1_454' title='bbox 848 4775 1121 4831; x_wconf 90' lang='lat' dir='ltr'><strong>hominum</strong></span> <span class='ocrx_word' id='word_1_455' title='bbox 1151 4777 1320 4831; x_wconf 87' lang='lat' dir='ltr'><strong>Deum</strong></span> <span class='ocrx_word' id='word_1_456' title='bbox 1347 4779 1650 4835; x_wconf 89' lang='lat' dir='ltr'><strong>timentium</strong></span> <span class='ocrx_word' id='word_1_457' title='bbox 1690 4783 1842 4850; x_wconf 88' lang='lat' dir='ltr'><strong>adju-</strong></span> 
     </span>
    </p>
   </div>
   <div class='ocr_carea' id='block_1_68' title="bbox 266 4853 1842 4941">
    <p class='ocr_par' dir='ltr' id='par_1_68' title="bbox 266 4853 1842 4941">
     <span class='ocr_line' id='line_1_68' title="bbox 266 4853 1842 4941; baseline 0.013 -36"><span class='ocrx_word' id='word_1_458' title='bbox 266 4853 405 4912; x_wconf 86' lang='lat' dir='ltr'><strong>torio</strong></span> <span class='ocrx_word' id='word_1_459' title='bbox 441 4855 651 4909; x_wconf 86' lang='lat' dir='ltr'><strong>videtur</strong></span> <span class='ocrx_word' id='word_1_460' title='bbox 689 4872 810 4912; x_wconf 86' lang='lat' dir='ltr'><strong>esse</strong></span> <span class='ocrx_word' id='word_1_461' title='bbox 853 4873 1219 4919; x_wconf 85' lang='lat' dir='ltr'><strong>constructum</strong></span> <span class='ocrx_word' id='word_1_462' title='bbox 1243 4905 1258 4931; x_wconf 94' lang='lat'><strong>,</strong></span> <span class='ocrx_word' id='word_1_463' title='bbox 1310 4882 1408 4922; x_wconf 91' lang='lat' dir='ltr'><strong>nos</strong></span> <span class='ocrx_word' id='word_1_464' title='bbox 1443 4883 1603 4923; x_wconf 90' lang='lat' dir='ltr'><strong>omne</strong></span> <span class='ocrx_word' id='word_1_465' title='bbox 1644 4885 1842 4941; x_wconf 88' lang='lat' dir='ltr'><strong>corpus</strong></span> 
     </span>
    </p>
   </div>
   <div class='ocr_carea' id='block_1_69' title="bbox 263 4943 1839 5021">
    <p class='ocr_par' dir='ltr' id='par_1_69' title="bbox 263 4943 1839 5021">
     <span class='ocr_line' id='line_1_69' title="bbox 263 4943 1839 5021; baseline 0.009 -21"><span class='ocrx_word' id='word_1_466' title='bbox 263 4943 579 5000; x_wconf 86' lang='lat' dir='ltr'><strong>facultatum</strong></span> <span class='ocrx_word' id='word_1_467' title='bbox 600 4945 739 5013; x_wconf 88' lang='lat' dir='ltr'><strong>ejus,</strong></span> <span class='ocrx_word' id='word_1_468' title='bbox 769 4957 880 5003; x_wconf 90' lang='lat' dir='ltr'><strong>tam</strong></span> <span class='ocrx_word' id='word_1_469' title='bbox 919 4956 1062 5021; x_wconf 93' lang='lat' dir='ltr'><strong>quod</strong></span> <span class='ocrx_word' id='word_1_470' title='bbox 1105 4964 1471 5011; x_wconf 88' lang='lat' dir='ltr'><strong>antecessores</strong></span> <span class='ocrx_word' id='word_1_471' title='bbox 1491 4959 1712 5015; x_wconf 89' lang='lat' dir='ltr'><strong>abbates</strong></span> <span class='ocrx_word' id='word_1_472' title='bbox 1734 4961 1839 5016; x_wconf 90' lang='lat' dir='ltr'><strong>ibi-</strong></span> 
     </span>
    </p>
   </div>
   <div class='ocr_carea' id='block_1_70' title="bbox 265 5032 1841 5112">
    <p class='ocr_par' dir='ltr' id='par_1_70' title="bbox 265 5032 1841 5112">
     <span class='ocr_line' id='line_1_70' title="bbox 265 5032 1841 5112; baseline 0.01 -24"><span class='ocrx_word' id='word_1_473' title='bbox 265 5033 387 5093; x_wconf 86' lang='lat' dir='ltr'><strong>dem</strong></span> <span class='ocrx_word' id='word_1_474' title='bbox 409 5032 811 5103; x_wconf 85' lang='lat' dir='ltr'><strong>laboraverunt,</strong></span> <span class='ocrx_word' id='word_1_475' title='bbox 826 5053 988 5106; x_wconf 90' lang='lat' dir='ltr'><strong>quam</strong></span> <span class='ocrx_word' id='word_1_476' title='bbox 1007 5043 1149 5110; x_wconf 91' lang='lat' dir='ltr'><strong>quod</strong></span> <span class='ocrx_word' id='word_1_477' title='bbox 1181 5043 1294 5112; x_wconf 89' lang='lat' dir='ltr'><strong>ipse</strong></span> <span class='ocrx_word' id='word_1_478' title='bbox 1317 5045 1572 5102; x_wconf 89' lang='lat' dir='ltr'><strong>Dubanus</strong></span> <span class='ocrx_word' id='word_1_479' title='bbox 1594 5049 1658 5103; x_wconf 89' lang='lat' dir='ltr'><strong>de</strong></span> <span class='ocrx_word' id='word_1_480' title='bbox 1681 5051 1841 5104; x_wconf 88' lang='lat' dir='ltr'><strong>rebus</strong></span> 
     </span>
    </p>
   </div>
   <div class='ocr_carea' id='block_1_71' title="bbox 336 5165 1837 5244">
    <p class='ocr_par' dir='ltr' id='par_1_71' title="bbox 336 5165 1837 5244">
     <span class='ocr_line' id='line_1_71' title="bbox 336 5165 1837 5244; baseline 0.011 -26"><span class='ocrx_word' id='word_1_481' title='bbox 336 5176 362 5244; x_wconf 62' lang='grc' dir='ltr'><strong>εξ</strong></span> <span class='ocrx_word' id='word_1_482' title='bbox 401 5165 591 5244; x_wconf 49' lang='lat' dir='ltr'><strong>Exstat</strong></span> <span class='ocrx_word' id='word_1_483' title='bbox 618 5167 734 5244; x_wconf 51' lang='lat' dir='ltr'><strong>hanc</strong></span> <span class='ocrx_word' id='word_1_484' title='bbox 752 5169 943 5244; x_wconf 81' lang='lat' dir='ltr'><strong>charta</strong></span> <span class='ocrx_word' id='word_1_485' title='bbox 970 5175 1112 5244; x_wconf 75' lang='lat' dir='ltr'><strong>apud</strong></span> <span class='ocrx_word' id='word_1_486' title='bbox 1157 5173 1515 5244; x_wconf 86' lang='lat' dir='ltr'><strong>Mahillonem,</strong></span> <span class='ocrx_word' id='word_1_487' title='bbox 1556 5179 1612 5233; x_wconf 90' lang='lat' dir='ltr'><strong>in</strong></span> <span class='ocrx_word' id='word_1_488' title='bbox 1642 5179 1837 5235; x_wconf 86' lang='lat' dir='ltr'><strong>Annal.</strong></span> 
     </span>
    </p>
   </div>
   <div class='ocr_carea' id='block_1_72' title="bbox 263 5234 1836 5349">
    <p class='ocr_par' dir='ltr' id='par_1_72' title="bbox 263 5234 1836 5349">
     <span class='ocr_line' id='line_1_72' title="bbox 263 5234 1836 5349; baseline 0.009 -59"><span class='ocrx_word' id='word_1_489' title='bbox 263 5235 382 5290; x_wconf 89' lang='lat' dir='ltr'><strong>ord.</strong></span> <span class='ocrx_word' id='word_1_490' title='bbox 413 5234 470 5289; x_wconf 88' lang='lat' dir='ltr'><strong>S.</strong></span> <span class='ocrx_word' id='word_1_491' title='bbox 496 5236 786 5303; x_wconf 87' lang='lat' dir='ltr'><strong>Benedicti,</strong></span> <span class='ocrx_word' id='word_1_492' title='bbox 812 5248 939 5295; x_wconf 91' lang='lat' dir='ltr'><strong>tom.</strong></span> <span class='ocrx_word' id='word_1_493' title='bbox 970 5234 1032 5307; x_wconf 59' lang='lat' dir='ltr'><strong>ll&#39;,</strong></span> <span class='ocrx_word' id='word_1_494' title='bbox 1053 5259 1175 5314; x_wconf 86' lang='lat' dir='ltr'><strong>pag.</strong></span> <span class='ocrx_word' id='word_1_495' title='bbox 1206 5245 1326 5312; x_wconf 87' lang='lat'><strong>697;</strong></span> <span class='ocrx_word' id='word_1_496' title='bbox 1352 5234 1670 5314; x_wconf 77' lang='lat' dir='ltr'><strong>Eccardum,</strong></span> <span class='ocrx_word' id='word_1_497' title='bbox 1689 5249 1836 5349; x_wconf 72' lang='lat' dir='ltr'><strong>Orig.</strong></span> 
     </span>
     <span class='ocr_line' id='line_1_73' title="bbox 266 5305 1815 5349; baseline 0 0"><span class='ocrx_word' id='word_1_498' title='bbox 266 5305 562 5349; x_wconf 61' lang='lat' dir='ltr'><strong>Halmhm-m</strong></span> <span class='ocrx_word' id='word_1_499' title='bbox 593 5321 696 5349; x_wconf 80' lang='lat' dir='ltr'><strong>mm</strong></span> <span class='ocrx_word' id='word_1_500' title='bbox 743 5309 872 5349; x_wconf 71' lang='lat'><strong>409-</strong></span> <span class='ocrx_word' id='word_1_501' title='bbox 908 5312 1238 5349; x_wconf 67' lang='lat' dir='ltr'><strong>Rnnnnolnm</strong></span> <span class='ocrx_word' id='word_1_502' title='bbox 1294 5325 1403 5349; x_wconf 65' lang='grc' dir='ltr'><strong>ιιι-ν.</strong></span> <span class='ocrx_word' id='word_1_503' title='bbox 1462 5319 1504 5349; x_wconf 84' lang='lat' dir='ltr'>v</span> <span class='ocrx_word' id='word_1_504' title='bbox 1556 5333 1657 5349; x_wconf 71' lang='lat' dir='ltr'><strong>non</strong></span> <span class='ocrx_word' id='word_1_505' title='bbox 1716 5319 1815 5349; x_wconf 47' lang='grc' dir='ltr'><strong>’τηε</strong></span> 
     </span>
    </p>
   </div>
   <div class='ocr_carea' id='block_1_73' title="bbox 265 5305 1818 5389">
    <p class='ocr_par' dir='ltr' id='par_1_73' title="bbox 265 5305 1818 5389">
     <span class='ocr_line' id='line_1_74' title="bbox 265 5305 1818 5389; baseline 0.01 -32"><span class='ocrx_word' id='word_1_506' title='bbox 265 5305 873 5389; x_wconf 49' lang='lat' dir='ltr'><strong>lial)sbttrg._pag._102;</strong></span> <span class='ocrx_word' id='word_1_507' title='bbox 907 5305 1262 5389; x_wconf 66' lang='lat' dir='ltr'><strong>Bouqitetam,</strong></span> <span class='ocrx_word' id='word_1_508' title='bbox 1294 5305 1426 5370; x_wconf 75' lang='lat' dir='ltr'><strong>tom.</strong></span> <span class='ocrx_word' id='word_1_509' title='bbox 1462 5319 1524 5382; x_wconf 86' lang='lat' dir='ltr'><strong>V,</strong></span> <span class='ocrx_word' id='word_1_510' title='bbox 1555 5305 1675 5389; x_wconf 64' lang='lat' dir='ltr'><strong>pag.</strong></span> <span class='ocrx_word' id='word_1_511' title='bbox 1716 5305 1818 5374; x_wconf 75' lang='grc' dir='ltr'><strong>’ἴοἕ</strong></span> 
     </span>
    </p>
   </div>
   <div class='ocr_carea' id='block_1_74' title="bbox 265 5375 1837 5461">
    <p class='ocr_par' dir='ltr' id='par_1_74' title="bbox 265 5375 1837 5461">
     <span class='ocr_line' id='line_1_75' title="bbox 265 5375 1837 5461; baseline 0.01 -31"><span class='ocrx_word' id='word_1_512' title='bbox 265 5385 318 5430; x_wconf 90' lang='lat' dir='ltr'><strong>et</strong></span> <span class='ocrx_word' id='word_1_513' title='bbox 342 5377 484 5461; x_wconf 72' lang='lat' dir='ltr'><strong>apud</strong></span> <span class='ocrx_word' id='word_1_514' title='bbox 508 5375 910 5461; x_wconf 55' lang='lat' dir='ltr'><strong>Schafpﬁinum,</strong></span> <span class='ocrx_word' id='word_1_515' title='bbox 935 5375 1105 5439; x_wconf 70' lang='lat' dir='ltr'><strong>Alcat.</strong></span> <span class='ocrx_word' id='word_1_516' title='bbox 1137 5375 1356 5454; x_wconf 74' lang='lat' dir='ltr'><strong>diplbm.</strong></span> <span class='ocrx_word' id='word_1_517' title='bbox 1389 5375 1522 5442; x_wconf 66' lang='lat' dir='ltr'><strong>tom.</strong></span> <span class='ocrx_word' id='word_1_518' title='bbox 1541 5375 1580 5454; x_wconf 57' lang='lat' dir='ltr'><strong>l&#39;,</strong></span> <span class='ocrx_word' id='word_1_519' title='bbox 1603 5375 1725 5459; x_wconf 53' lang='lat' dir='ltr'><strong>pvag.</strong></span> <span class='ocrx_word' id='word_1_520' title='bbox 1748 5375 1837 5458; x_wconf 66' lang='lat'><strong>35,</strong></span> 
     </span>
    </p>
   </div>
   <div class='ocr_carea' id='block_1_75' title="bbox 265 5445 1240 5506">
    <p class='ocr_par' dir='ltr' id='par_1_75' title="bbox 265 5445 1240 5506">
     <span class='ocr_line' id='line_1_76' title="bbox 265 5445 1240 5506; baseline 0.004 -6"><span class='ocrx_word' id='word_1_521' title='bbox 265 5445 356 5500; x_wconf 85' lang='lat' dir='ltr'><strong>sed</strong></span> <span class='ocrx_word' id='word_1_522' title='bbox 385 5445 574 5501; x_wconf 87' lang='lat' dir='ltr'><strong>omnes</strong></span> <span class='ocrx_word' id='word_1_523' title='bbox 597 5445 807 5506; x_wconf 82' lang='lat' dir='ltr'><strong>vitiose.</strong></span> <span class='ocrx_word' id='word_1_524' title='bbox 896 5445 902 5447; x_wconf 62' lang='grc'>⁷</span> <span class='ocrx_word' id='word_1_525' title='bbox 1195 5445 1240 5488; x_wconf 60' lang='grc' dir='ltr'><strong>ἀ</strong></span> 
     </span>
    </p>
   </div>
   <div class='ocr_carea' id='block_1_76' title="bbox 337 5515 1843 5597">
    <p class='ocr_par' dir='ltr' id='par_1_76' title="bbox 337 5515 1843 5597">
     <span class='ocr_line' id='line_1_77' title="bbox 337 5515 1843 5597; baseline 0.013 -30"><span class='ocrx_word' id='word_1_526' title='bbox 337 5515 444 5597; x_wconf 62' lang='grc' dir='ltr'><strong>ΜΔ</strong></span> <span class='ocrx_word' id='word_1_527' title='bbox 486 5525 590 5597; x_wconf 74' lang='lat' dir='ltr'><strong>est,</strong></span> <span class='ocrx_word' id='word_1_528' title='bbox 633 5521 953 5597; x_wconf 74' lang='lat' dir='ltr'><strong>generaliter</strong></span> <span class='ocrx_word' id='word_1_529' title='bbox 997 5539 1184 5597; x_wconf 87' lang='lat' dir='ltr'><strong>om_ncs</strong></span> <span class='ocrx_word' id='word_1_530' title='bbox 1220 5527 1361 5595; x_wconf 88' lang='lat' dir='ltr'><strong>regis</strong></span> <span class='ocrx_word' id='word_1_531' title='bbox 1406 5537 1654 5597; x_wconf 86' lang='lat' dir='ltr'><strong>agentes,</strong></span> <span class='ocrx_word' id='word_1_532' title='bbox 1702 5531 1843 5586; x_wconf 92' lang='lat' dir='ltr'><strong>unde</strong></span> 
     </span>
    </p>
   </div>
   <div class='ocr_carea' id='block_1_77' title="bbox 266 5585 1732 5677">
    <p class='ocr_par' dir='ltr' id='par_1_77' title="bbox 266 5585 1732 5677">
     <span class='ocr_line' id='line_1_78' title="bbox 266 5585 1732 5677; baseline 0.005 -34"><span class='ocrx_word' id='word_1_533' title='bbox 266 5585 764 5677; x_wconf 40' lang='lat' dir='ltr'><strong>orta&#39;gst‘ifort‘uula</strong></span> <span class='ocrx_word' id='word_1_534' title='bbox 789 5591 990 5677; x_wconf 69' lang='lat' dir='ltr'><strong>Gallica</strong></span> <span class='ocrx_word' id='word_1_535' title='bbox 1019 5613 1031 5648; x_wconf 90' lang='lat'><strong>:</strong></span> <span class='ocrx_word' id='word_1_536' title='bbox 1069 5593 1164 5649; x_wconf 67' lang='grc' dir='ltr'><strong>ιω</strong></span> <span class='ocrx_word' id='word_1_537' title='bbox 1193 5585 1408 5677; x_wconf 43' lang='lat' dir='ltr'><strong>particle</strong></span> <span class='ocrx_word' id='word_1_538' title='bbox 1438 5585 1531 5651; x_wconf 77' lang='grc' dir='ltr'><em>ἦοε</em></span> <span class='ocrx_word' id='word_1_539' title='bbox 1560 5585 1732 5677; x_wconf 52' lang='lat' dir='ltr'><strong>bears.</strong></span> 
     </span>
    </p>
   </div>
   <div class='ocr_carea' id='block_1_78' title="bbox 340 5655 1662 5733">
    <p class='ocr_par' dir='ltr' id='par_1_78' title="bbox 340 5655 1662 5733">
     <span class='ocr_line' id='line_1_79' title="bbox 340 5655 1662 5733; baseline 0.011 -26"><span class='ocrx_word' id='word_1_540' title='bbox 340 5667 362 5733; x_wconf 62' lang='grc' dir='ltr'>ξ</span> <span class='ocrx_word' id='word_1_541' title='bbox 389 5655 647 5733; x_wconf 59' lang='lat' dir='ltr'><strong>intelligit</strong></span> <span class='ocrx_word' id='word_1_542' title='bbox 674 5675 801 5733; x_wconf 80' lang='lat' dir='ltr'><strong>sane</strong></span> <span class='ocrx_word' id='word_1_543' title='bbox 827 5664 1056 5733; x_wconf 88' lang='lat' dir='ltr'><strong>diploma</strong></span> <span class='ocrx_word' id='word_1_544' title='bbox 1087 5655 1215 5719; x_wconf 77' lang='lat' dir='ltr'><strong>anni</strong></span> <span class='ocrx_word' id='word_1_545' title='bbox 1239 5665 1360 5730; x_wconf 79' lang='lat'><strong>759,</strong></span> <span class='ocrx_word' id='word_1_546' title='bbox 1395 5683 1541 5720; x_wconf 91' lang='lat' dir='ltr'><strong>num.</strong></span> <span class='ocrx_word' id='word_1_547' title='bbox 1574 5667 1662 5721; x_wconf 72' lang='grc'><strong>21.</strong></span> 
     </span>
    </p>
   </div>
   <div class='ocr_carea' id='block_1_79' title="bbox 339 5723 1842 5810">
    <p class='ocr_par' dir='ltr' id='par_1_79' title="bbox 339 5723 1842 5810">
     <span class='ocr_line' id='line_1_80' title="bbox 339 5723 1842 5810; baseline 0.009 -31"><span class='ocrx_word' id='word_1_548' title='bbox 339 5723 364 5773; x_wconf 66' lang='grc' dir='ltr'><strong>ιι</strong></span> <span class='ocrx_word' id='word_1_549' title='bbox 385 5725 528 5793; x_wconf 73' lang='lat' dir='ltr'><strong>Idem</strong></span> <span class='ocrx_word' id='word_1_550' title='bbox 561 5723 628 5792; x_wconf 68' lang='lat' dir='ltr'><strong>ac</strong></span> <span class='ocrx_word' id='word_1_551' title='bbox 679 5723 988 5799; x_wconf 55' lang='lat' dir='ltr'><strong>Widma&#39;rus</strong></span> <span class='ocrx_word' id='word_1_552' title='bbox 1014 5735 1103 5804; x_wconf 80' lang='lat' dir='ltr'><strong>qui</strong></span> <span class='ocrx_word' id='word_1_553' title='bbox 1141 5723 1358 5790; x_wconf 76' lang='lat' dir='ltr'><strong>chartas</strong></span> <span class='ocrx_word' id='word_1_554' title='bbox 1391 5735 1599 5805; x_wconf 85' lang='lat' dir='ltr'><strong>Pippini</strong></span> <span class='ocrx_word' id='word_1_555' title='bbox 1629 5739 1842 5810; x_wconf 84' lang='lat' dir='ltr'><strong>scripsit</strong></span> 
     </span>
    </p>
   </div>
   <div class='ocr_carea' id='block_1_80' title="bbox 1855 3129 1902 3194">
    <p class='ocr_par' dir='ltr' id='par_1_80' title="bbox 1855 3129 1902 3194">
     <span class='ocr_line' id='line_1_81' title="bbox 1855 3129 1902 3194; baseline 0 0"><span class='ocrx_word' id='word_1_556' title='bbox 1855 3129 1902 3194; x_wconf 86' lang='lat' dir='ltr'><strong>C</strong></span> 
     </span>
    </p>
   </div>
   <div class='ocr_carea' id='block_1_81' title="bbox 1924 1887 3513 1954">
    <p class='ocr_par' dir='ltr' id='par_1_81' title="bbox 1924 1887 3513 1954">
     <span class='ocr_line' id='line_1_82' title="bbox 1924 1887 3513 1954; baseline -0.001 -12"><span class='ocrx_word' id='word_1_557' title='bbox 1924 1894 2101 1942; x_wconf 89' lang='lat' dir='ltr'><strong>torum</strong></span> <span class='ocrx_word' id='word_1_558' title='bbox 2132 1901 2354 1942; x_wconf 91' lang='lat' dir='ltr'><strong>munere</strong></span> <span class='ocrx_word' id='word_1_559' title='bbox 2379 1887 2465 1942; x_wconf 85' lang='lat' dir='ltr'><strong>vel</strong></span> <span class='ocrx_word' id='word_1_560' title='bbox 2499 1889 2937 1944; x_wconf 87' lang='lat' dir='ltr'><strong>antecessoribus</strong></span> <span class='ocrx_word' id='word_1_561' title='bbox 2963 1889 3268 1954; x_wconf 88' lang='lat' dir='ltr'><strong>abbatibus,</strong></span> <span class='ocrx_word' id='word_1_562' title='bbox 3295 1887 3381 1942; x_wconf 93' lang='lat' dir='ltr'><strong>vel</strong></span> <span class='ocrx_word' id='word_1_563' title='bbox 3403 1887 3513 1940; x_wconf 89' lang='lat' dir='ltr'><strong>Du-</strong></span> 
     </span>
    </p>
   </div>
   <div class='ocr_carea' id='block_1_82' title="bbox 1922 1977 3514 2051">
    <p class='ocr_par' dir='ltr' id='par_1_82' title="bbox 1922 1977 3514 2051">
     <span class='ocr_line' id='line_1_83' title="bbox 1922 1977 3514 2051; baseline -0.003 -15"><span class='ocrx_word' id='word_1_564' title='bbox 1922 1979 2064 2036; x_wconf 85' lang='lat' dir='ltr'><strong>bano</strong></span> <span class='ocrx_word' id='word_1_565' title='bbox 2090 1980 2344 2050; x_wconf 88' lang='lat' dir='ltr'><strong>episcopo</strong></span> <span class='ocrx_word' id='word_1_566' title='bbox 2370 1980 2454 2035; x_wconf 89' lang='lat' dir='ltr'><strong>vel</strong></span> <span class='ocrx_word' id='word_1_567' title='bbox 2483 1981 2662 2036; x_wconf 88' lang='lat' dir='ltr'><strong>abbati</strong></span> <span class='ocrx_word' id='word_1_568' title='bbox 2692 1982 2888 2036; x_wconf 90' lang='lat' dir='ltr'><strong>ibidem</strong></span> <span class='ocrx_word' id='word_1_569' title='bbox 2910 1989 2995 2035; x_wconf 90' lang='lat' dir='ltr'><strong>est</strong></span> <span class='ocrx_word' id='word_1_570' title='bbox 3014 1980 3259 2051; x_wconf 90' lang='lat' dir='ltr'><strong>legaliter</strong></span> <span class='ocrx_word' id='word_1_571' title='bbox 3279 1977 3514 2048; x_wconf 87' lang='lat' dir='ltr'><strong>acquisi-</strong></span> 
     </span>
    </p>
   </div>
   <div class='ocr_carea' id='block_1_83' title="bbox 1924 2071 3512 2141">
    <p class='ocr_par' dir='ltr' id='par_1_83' title="bbox 1924 2071 3512 2141">
     <span class='ocr_line' id='line_1_84' title="bbox 1924 2071 3512 2141; baseline -0.001 -17"><span class='ocrx_word' id='word_1_572' title='bbox 1924 2077 2041 2124; x_wconf 89' lang='lat' dir='ltr'><strong>tum</strong></span> <span class='ocrx_word' id='word_1_573' title='bbox 2085 2078 2178 2124; x_wconf 90' lang='lat' dir='ltr'><strong>aut</strong></span> <span class='ocrx_word' id='word_1_574' title='bbox 2215 2079 2605 2139; x_wconf 89' lang='lat' dir='ltr'><strong>comparatum,</strong></span> <span class='ocrx_word' id='word_1_575' title='bbox 2649 2071 2759 2128; x_wconf 89' lang='lat' dir='ltr'><strong>imo</strong></span> <span class='ocrx_word' id='word_1_576' title='bbox 2791 2072 2954 2141; x_wconf 90' lang='lat' dir='ltr'><strong>quod.</strong></span> <span class='ocrx_word' id='word_1_577' title='bbox 2978 2071 3046 2126; x_wconf 91' lang='lat' dir='ltr'><strong>de</strong></span> <span class='ocrx_word' id='word_1_578' title='bbox 3085 2071 3512 2140; x_wconf 89' lang='lat' dir='ltr'><strong>quibuscumque</strong></span> 
     </span>
    </p>
   </div>
   <div class='ocr_carea' id='block_1_84' title="bbox 1925 2158 3513 2230">
    <p class='ocr_par' dir='ltr' id='par_1_84' title="bbox 1925 2158 3513 2230">
     <span class='ocr_line' id='line_1_85' title="bbox 1925 2158 3513 2230; baseline 0.001 -18"><span class='ocrx_word' id='word_1_579' title='bbox 1925 2160 2088 2214; x_wconf 90' lang='lat' dir='ltr'><strong>rebus</strong></span> <span class='ocrx_word' id='word_1_580' title='bbox 2116 2159 2221 2214; x_wconf 86' lang='lat' dir='ltr'><strong>rite</strong></span> <span class='ocrx_word' id='word_1_581' title='bbox 2247 2167 2558 2225; x_wconf 87' lang='lat' dir='ltr'><strong>attractum,</strong></span> <span class='ocrx_word' id='word_1_582' title='bbox 2608 2161 2985 2230; x_wconf 86' lang='lat' dir='ltr'><strong>quodcumque</strong></span> <span class='ocrx_word' id='word_1_583' title='bbox 3020 2160 3315 2214; x_wconf 88' lang='lat' dir='ltr'><strong>dominatio</strong></span> <span class='ocrx_word' id='word_1_584' title='bbox 3341 2158 3513 2227; x_wconf 80' lang='lat' dir='ltr'><strong>ipsius</strong></span> 
     </span>
    </p>
   </div>
   <div class='ocr_carea' id='block_1_85' title="bbox 1925 2249 3514 2321">
    <p class='ocr_par' dir='ltr' id='par_1_85' title="bbox 1925 2249 3514 2321">
     <span class='ocr_line' id='line_1_86' title="bbox 1925 2249 3514 2321; baseline -0.002 -17"><span class='ocrx_word' id='word_1_585' title='bbox 1925 2249 2099 2304; x_wconf 89' lang='lat' dir='ltr'><strong>sancti</strong></span> <span class='ocrx_word' id='word_1_586' title='bbox 2124 2249 2436 2304; x_wconf 88' lang='lat' dir='ltr'><strong>monasterii</strong></span> <span class='ocrx_word' id='word_1_587' title='bbox 2477 2249 2942 2321; x_wconf 81' lang='lat' dir='ltr'><strong>Hohenaugiensis</strong></span> <span class='ocrx_word' id='word_1_588' title='bbox 2986 2249 3362 2317; x_wconf 87' lang='lat' dir='ltr'><strong>undecumque</strong></span> <span class='ocrx_word' id='word_1_589' title='bbox 3394 2261 3514 2302; x_wconf 83' lang='lat' dir='ltr'><strong>mo-</strong></span> 
     </span>
    </p>
   </div>
   <div class='ocr_carea' id='block_1_86' title="bbox 1927 2338 3512 2410">
    <p class='ocr_par' dir='ltr' id='par_1_86' title="bbox 1927 2338 3512 2410">
     <span class='ocr_line' id='line_1_87' title="bbox 1927 2338 3512 2410; baseline -0.001 -16"><span class='ocrx_word' id='word_1_590' title='bbox 1927 2339 2093 2395; x_wconf 89' lang='lat' dir='ltr'><strong>derno</strong></span> <span class='ocrx_word' id='word_1_591' title='bbox 2132 2349 2374 2410; x_wconf 90' lang='lat' dir='ltr'><strong>tempore</strong></span> <span class='ocrx_word' id='word_1_592' title='bbox 2399 2341 2466 2396; x_wconf 93' lang='lat' dir='ltr'><strong>de</strong></span> <span class='ocrx_word' id='word_1_593' title='bbox 2494 2341 2723 2397; x_wconf 88' lang='lat' dir='ltr'><strong>villabus</strong></span> <span class='ocrx_word' id='word_1_594' title='bbox 2748 2382 2763 2407; x_wconf 93' lang='lat'><strong>,</strong></span> <span class='ocrx_word' id='word_1_595' title='bbox 2795 2343 3062 2405; x_wconf 89' lang='lat' dir='ltr'><strong>domibus,</strong></span> <span class='ocrx_word' id='word_1_596' title='bbox 3090 2339 3396 2408; x_wconf 88' lang='lat' dir='ltr'><strong>mancipiis,</strong></span> <span class='ocrx_word' id='word_1_597' title='bbox 3430 2338 3512 2392; x_wconf 89' lang='lat' dir='ltr'><strong>vi-</strong></span> 
     </span>
    </p>
   </div>
   <div class='ocr_carea' id='block_1_87' title="bbox 1927 2429 3512 2500">
    <p class='ocr_par' dir='ltr' id='par_1_87' title="bbox 1927 2429 3512 2500">
     <span class='ocr_line' id='line_1_88' title="bbox 1927 2429 3512 2500; baseline -0.001 -16"><span class='ocrx_word' id='word_1_598' title='bbox 1927 2430 2062 2494; x_wconf 87' lang='lat' dir='ltr'><strong>neis,</strong></span> <span class='ocrx_word' id='word_1_599' title='bbox 2093 2429 2278 2499; x_wconf 80' lang='lat' dir='ltr'><strong>sylvis,</strong></span> <span class='ocrx_word' id='word_1_600' title='bbox 2305 2431 2494 2499; x_wconf 87' lang='lat' dir='ltr'><strong>pratis,</strong></span> <span class='ocrx_word' id='word_1_601' title='bbox 2522 2432 2756 2500; x_wconf 86' lang='lat' dir='ltr'><strong>pascuis,</strong></span> <span class='ocrx_word' id='word_1_602' title='bbox 2786 2439 2880 2486; x_wconf 88' lang='lat' dir='ltr'><strong>aut</strong></span> <span class='ocrx_word' id='word_1_603' title='bbox 2901 2433 2966 2486; x_wconf 90' lang='lat' dir='ltr'><strong>de</strong></span> <span class='ocrx_word' id='word_1_604' title='bbox 2990 2429 3316 2500; x_wconf 86' lang='lat' dir='ltr'><strong>quibuslibet</strong></span> <span class='ocrx_word' id='word_1_605' title='bbox 3347 2430 3512 2482; x_wconf 86' lang='lat' dir='ltr'><strong>bene-</strong></span> 
     </span>
    </p>
   </div>
   <div class='ocr_carea' id='block_1_88' title="bbox 1928 2517 3513 2590">
    <p class='ocr_par' dir='ltr' id='par_1_88' title="bbox 1928 2517 3513 2590">
     <span class='ocr_line' id='line_1_89' title="bbox 1928 2517 3513 2590; baseline 0 -19"><span class='ocrx_word' id='word_1_606' title='bbox 1928 2517 2063 2572; x_wconf 90' lang='lat' dir='ltr'><strong>ﬁciis</strong></span> <span class='ocrx_word' id='word_1_607' title='bbox 2111 2519 2349 2573; x_wconf 88' lang='lat' dir='ltr'><strong>cernitur</strong></span> <span class='ocrx_word' id='word_1_608' title='bbox 2378 2535 2503 2575; x_wconf 91' lang='lat' dir='ltr'><strong>cum</strong></span> <span class='ocrx_word' id='word_1_609' title='bbox 2543 2521 2798 2590; x_wconf 89' lang='lat' dir='ltr'><strong>equitatis</strong></span> <span class='ocrx_word' id='word_1_610' title='bbox 2836 2521 3026 2576; x_wconf 89' lang='lat' dir='ltr'><strong>ordine</strong></span> <span class='ocrx_word' id='word_1_611' title='bbox 3068 2519 3366 2590; x_wconf 88' lang='lat' dir='ltr'><strong>possidere,</strong></span> <span class='ocrx_word' id='word_1_612' title='bbox 3415 2533 3513 2586; x_wconf 89' lang='lat' dir='ltr'><strong>per</strong></span> 
     </span>
    </p>
   </div>
   <div class='ocr_carea' id='block_1_89' title="bbox 1929 2607 3509 2684">
    <p class='ocr_par' dir='ltr' id='par_1_89' title="bbox 1929 2607 3509 2684">
     <span class='ocr_line' id='line_1_90' title="bbox 1929 2607 3509 2684; baseline -0.001 -22"><span class='ocrx_word' id='word_1_613' title='bbox 1929 2609 2068 2664; x_wconf 86' lang='lat' dir='ltr'><strong>hanc</strong></span> <span class='ocrx_word' id='word_1_614' title='bbox 2091 2610 2470 2684; x_wconf 85' lang='lat' dir='ltr'><strong>auctoritatem</strong></span> <span class='ocrx_word' id='word_1_615' title='bbox 2498 2609 2770 2665; x_wconf 74' lang='lat' dir='ltr'><strong>suﬁ‘ultum</strong></span> <span class='ocrx_word' id='word_1_616' title='bbox 2794 2613 2996 2681; x_wconf 89' lang='lat' dir='ltr'><strong>absque</strong></span> <span class='ocrx_word' id='word_1_617' title='bbox 3021 2608 3306 2678; x_wconf 87' lang='lat' dir='ltr'><strong>cujuslibet</strong></span> <span class='ocrx_word' id='word_1_618' title='bbox 3332 2607 3509 2662; x_wconf 91' lang='lat' dir='ltr'><strong>inlici-</strong></span> 
     </span>
    </p>
   </div>
   <div class='ocr_carea' id='block_1_90' title="bbox 1927 2696 3514 2770">
    <p class='ocr_par' dir='ltr' id='par_1_90' title="bbox 1927 2696 3514 2770">
     <span class='ocr_line' id='line_1_91' title="bbox 1927 2696 3514 2770; baseline 0.001 -19"><span class='ocrx_word' id='word_1_619' title='bbox 1927 2698 1998 2752; x_wconf 87' lang='lat' dir='ltr'><strong>tis</strong></span> <span class='ocrx_word' id='word_1_620' title='bbox 2035 2700 2422 2756; x_wconf 89' lang='lat' dir='ltr'><strong>controversiis</strong></span> <span class='ocrx_word' id='word_1_621' title='bbox 2476 2701 2626 2763; x_wconf 90' lang='lat' dir='ltr'><strong>inibi,</strong></span> <span class='ocrx_word' id='word_1_622' title='bbox 2678 2710 2788 2754; x_wconf 90' lang='lat' dir='ltr'><strong>tam</strong></span> <span class='ocrx_word' id='word_1_623' title='bbox 2834 2700 3075 2770; x_wconf 89' lang='lat' dir='ltr'><strong>presenti</strong></span> <span class='ocrx_word' id='word_1_624' title='bbox 3127 2713 3291 2767; x_wconf 87' lang='lat' dir='ltr'><strong>quam</strong></span> <span class='ocrx_word' id='word_1_625' title='bbox 3330 2696 3514 2753; x_wconf 83' lang='lat' dir='ltr'><strong>futuro</strong></span> 
     </span>
    </p>
   </div>
   <div class='ocr_carea' id='block_1_91' title="bbox 1928 2788 3516 2863">
    <p class='ocr_par' dir='ltr' id='par_1_91' title="bbox 1928 2788 3516 2863">
     <span class='ocr_line' id='line_1_92' title="bbox 1928 2788 3516 2863; baseline -0.001 -19"><span class='ocrx_word' id='word_1_626' title='bbox 1928 2799 2169 2858; x_wconf 88' lang='lat' dir='ltr'><strong>tempore</strong></span> <span class='ocrx_word' id='word_1_627' title='bbox 2197 2790 2410 2847; x_wconf 87' lang='lat' dir='ltr'><strong>Christo</strong></span> <span class='ocrx_word' id='word_1_628' title='bbox 2431 2793 2661 2863; x_wconf 59' lang='lat' dir='ltr'><strong>praesule</strong></span> <span class='ocrx_word' id='word_1_629' title='bbox 2702 2791 2947 2861; x_wconf 89' lang='lat' dir='ltr'><strong>proﬁciat</strong></span> <span class='ocrx_word' id='word_1_630' title='bbox 2976 2793 3028 2845; x_wconf 92' lang='lat' dir='ltr'><strong>in</strong></span> <span class='ocrx_word' id='word_1_631' title='bbox 3053 2799 3420 2861; x_wconf 84' lang='lat' dir='ltr'><strong>augmentum.</strong></span> <span class='ocrx_word' id='word_1_632' title='bbox 3445 2788 3516 2842; x_wconf 86' lang='lat' dir='ltr'><strong>Et</strong></span> 
     </span>
    </p>
   </div>
   <div class='ocr_carea' id='block_1_92' title="bbox 1929 2879 3516 2951">
    <p class='ocr_par' dir='ltr' id='par_1_92' title="bbox 1929 2879 3516 2951">
     <span class='ocr_line' id='line_1_93' title="bbox 1929 2879 3516 2951; baseline -0.001 -17"><span class='ocrx_word' id='word_1_633' title='bbox 1929 2880 2304 2950; x_wconf 89' lang='lat' dir='ltr'><strong>undecumque</strong></span> <span class='ocrx_word' id='word_1_634' title='bbox 2331 2883 2507 2951; x_wconf 90' lang='lat' dir='ltr'><strong>ipsum</strong></span> <span class='ocrx_word' id='word_1_635' title='bbox 2547 2881 2931 2937; x_wconf 89' lang='lat' dir='ltr'><strong>monasterium</strong></span> <span class='ocrx_word' id='word_1_636' title='bbox 2961 2896 3130 2950; x_wconf 90' lang='lat' dir='ltr'><strong>usque</strong></span> <span class='ocrx_word' id='word_1_637' title='bbox 3155 2896 3298 2935; x_wconf 91' lang='lat' dir='ltr'><strong>nunc</strong></span> <span class='ocrx_word' id='word_1_638' title='bbox 3326 2879 3516 2934; x_wconf 90' lang='lat' dir='ltr'><strong>habuit</strong></span> 
     </span>
    </p>
   </div>
   <div class='ocr_carea' id='block_1_93' title="bbox 1928 2971 3513 3043">
    <p class='ocr_par' dir='ltr' id='par_1_93' title="bbox 1928 2971 3513 3043">
     <span class='ocr_line' id='line_1_94' title="bbox 1928 2971 3513 3043; baseline -0.002 -15"><span class='ocrx_word' id='word_1_639' title='bbox 1928 2975 2245 3028; x_wconf 66' lang='lat' dir='ltr'><strong>Concessum</strong></span> <span class='ocrx_word' id='word_1_640' title='bbox 2275 2981 2330 3028; x_wconf 90' lang='lat' dir='ltr'><strong>et</strong></span> <span class='ocrx_word' id='word_1_641' title='bbox 2351 2987 2524 3043; x_wconf 87' lang='lat' dir='ltr'><strong>usque</strong></span> <span class='ocrx_word' id='word_1_642' title='bbox 2552 2974 2814 3028; x_wconf 88' lang='lat' dir='ltr'><strong>hactenus</strong></span> <span class='ocrx_word' id='word_1_643' title='bbox 2849 2981 3247 3038; x_wconf 86' lang='lat' dir='ltr'><strong>conservatum,</strong></span> <span class='ocrx_word' id='word_1_644' title='bbox 3289 2971 3375 3026; x_wconf 91' lang='lat' dir='ltr'><strong>vel</strong></span> <span class='ocrx_word' id='word_1_645' title='bbox 3413 2986 3513 3040; x_wconf 85' lang='lat' dir='ltr'><strong>per</strong></span> 
     </span>
    </p>
   </div>
   <div class='ocr_carea' id='block_1_94' title="bbox 1931 3060 3517 3132">
    <p class='ocr_par' dir='ltr' id='par_1_94' title="bbox 1931 3060 3517 3132">
     <span class='ocr_line' id='line_1_95' title="bbox 1931 3060 3517 3132; baseline -0.001 -18"><span class='ocrx_word' id='word_1_646' title='bbox 1931 3068 2302 3116; x_wconf 86' lang='lat' dir='ltr'><strong>antecessores</strong></span> <span class='ocrx_word' id='word_1_647' title='bbox 2347 3071 2564 3117; x_wconf 90' lang='lat' dir='ltr'><strong>nostros</strong></span> <span class='ocrx_word' id='word_1_648' title='bbox 2591 3077 2745 3132; x_wconf 89' lang='lat' dir='ltr'><strong>reges</strong></span> <span class='ocrx_word' id='word_1_649' title='bbox 2786 3063 2929 3116; x_wconf 87' lang='lat' dir='ltr'><strong>circa</strong></span> <span class='ocrx_word' id='word_1_650' title='bbox 2955 3076 3012 3116; x_wconf 91' lang='lat' dir='ltr'><strong>se</strong></span> <span class='ocrx_word' id='word_1_651' title='bbox 3039 3061 3326 3121; x_wconf 89' lang='lat' dir='ltr'><strong>ﬁrmatum,</strong></span> <span class='ocrx_word' id='word_1_652' title='bbox 3357 3060 3432 3113; x_wconf 88' lang='lat' dir='ltr'><strong>ita</strong></span> <span class='ocrx_word' id='word_1_653' title='bbox 3460 3067 3517 3114; x_wconf 86' lang='lat' dir='ltr'><strong>et</strong></span> 
     </span>
    </p>
   </div>
   <div class='ocr_carea' id='block_1_95' title="bbox 1933 3150 3515 3222">
    <p class='ocr_par' dir='ltr' id='par_1_95' title="bbox 1933 3150 3515 3222">
     <span class='ocr_line' id='line_1_96' title="bbox 1933 3150 3515 3222; baseline 0.001 -18"><span class='ocrx_word' id='word_1_654' title='bbox 1933 3150 2147 3206; x_wconf 87' lang='lat' dir='ltr'><strong>inantea</strong></span> <span class='ocrx_word' id='word_1_655' title='bbox 2173 3152 2430 3208; x_wconf 86' lang='lat' dir='ltr'><strong>resecatis</strong></span> <span class='ocrx_word' id='word_1_656' title='bbox 2455 3154 2882 3222; x_wconf 84' lang='lat' dir='ltr'><strong>quibuscumque</strong></span> <span class='ocrx_word' id='word_1_657' title='bbox 2915 3151 3197 3221; x_wconf 85' lang='lat' dir='ltr'><strong>superﬂuis</strong></span> <span class='ocrx_word' id='word_1_658' title='bbox 3245 3152 3515 3220; x_wconf 88' lang='lat' dir='ltr'><strong>inquietu-</strong></span> 
     </span>
    </p>
   </div>
   <div class='ocr_carea' id='block_1_96' title="bbox 1931 3241 3510 3308">
    <p class='ocr_par' dir='ltr' id='par_1_96' title="bbox 1931 3241 3510 3308">
     <span class='ocr_line' id='line_1_97' title="bbox 1931 3241 3510 3308; baseline 0.001 -11"><span class='ocrx_word' id='word_1_659' title='bbox 1931 3241 2146 3297; x_wconf 90' lang='lat' dir='ltr'><strong>dinibus</strong></span> <span class='ocrx_word' id='word_1_660' title='bbox 2188 3257 2286 3296; x_wconf 80' lang='lat' dir='ltr'><strong>sua</strong></span> <span class='ocrx_word' id='word_1_661' title='bbox 2314 3255 2376 3295; x_wconf 89' lang='lat' dir='ltr'><strong>ea</strong></span> <span class='ocrx_word' id='word_1_662' title='bbox 2416 3243 2604 3296; x_wconf 91' lang='lat' dir='ltr'><strong>ordine</strong></span> <span class='ocrx_word' id='word_1_663' title='bbox 2648 3243 2863 3297; x_wconf 89' lang='lat' dir='ltr'><strong>valeant</strong></span> <span class='ocrx_word' id='word_1_664' title='bbox 2909 3244 2961 3296; x_wconf 92' lang='lat' dir='ltr'><strong>in</strong></span> <span class='ocrx_word' id='word_1_665' title='bbox 3007 3249 3195 3298; x_wconf 89' lang='lat' dir='ltr'><strong>nostro</strong></span> <span class='ocrx_word' id='word_1_666' title='bbox 3239 3257 3510 3308; x_wconf 88' lang='lat' dir='ltr'><strong>sermone,</strong></span> 
     </span>
    </p>
   </div>
   <div class='ocr_carea' id='block_1_97' title="bbox 1931 3331 3512 3402">
    <p class='ocr_par' dir='ltr' id='par_1_97' title="bbox 1931 3331 3512 3402">
     <span class='ocr_line' id='line_1_98' title="bbox 1931 3331 3512 3402; baseline 0.003 -18"><span class='ocrx_word' id='word_1_667' title='bbox 1931 3331 2224 3385; x_wconf 79' lang='lat' dir='ltr'><strong>auxiliante</strong></span> <span class='ocrx_word' id='word_1_668' title='bbox 2267 3331 2516 3395; x_wconf 90' lang='lat' dir='ltr'><strong>Domino,</strong></span> <span class='ocrx_word' id='word_1_669' title='bbox 2564 3347 2662 3401; x_wconf 90' lang='lat' dir='ltr'><strong>per</strong></span> <span class='ocrx_word' id='word_1_670' title='bbox 2688 3341 2929 3402; x_wconf 89' lang='lat' dir='ltr'><strong>tempora</strong></span> <span class='ocrx_word' id='word_1_671' title='bbox 2958 3346 3295 3402; x_wconf 89' lang='lat' dir='ltr'><strong>permanere,</strong></span> <span class='ocrx_word' id='word_1_672' title='bbox 3321 3340 3377 3387; x_wconf 91' lang='lat' dir='ltr'><strong>et</strong></span> <span class='ocrx_word' id='word_1_673' title='bbox 3411 3347 3512 3388; x_wconf 86' lang='lat' dir='ltr'><strong>vos</strong></span> 
     </span>
    </p>
   </div>
   <div class='ocr_carea' id='block_1_98' title="bbox 1931 3423 3515 3487">
    <p class='ocr_par' dir='ltr' id='par_1_98' title="bbox 1931 3423 3515 3487">
     <span class='ocr_line' id='line_1_99' title="bbox 1931 3423 3515 3487; baseline 0.001 -11"><span class='ocrx_word' id='word_1_674' title='bbox 1931 3429 1986 3476; x_wconf 83' lang='lat' dir='ltr'><strong>et</strong></span> <span class='ocrx_word' id='word_1_675' title='bbox 2011 3437 2352 3482; x_wconf 74' lang='lat' dir='ltr'><strong>successores</strong></span> <span class='ocrx_word' id='word_1_676' title='bbox 2375 3425 2560 3487; x_wconf 87' lang='lat' dir='ltr'><strong>vestri,</strong></span> <span class='ocrx_word' id='word_1_677' title='bbox 2588 3425 2680 3479; x_wconf 90' lang='lat' dir='ltr'><strong>ubi</strong></span> <span class='ocrx_word' id='word_1_678' title='bbox 2709 3425 3007 3479; x_wconf 86' lang='lat' dir='ltr'><strong>necessitas</strong></span> <span class='ocrx_word' id='word_1_679' title='bbox 3033 3423 3197 3478; x_wconf 87' lang='lat' dir='ltr'><strong>fuerit</strong></span> <span class='ocrx_word' id='word_1_680' title='bbox 3238 3425 3292 3479; x_wconf 90' lang='lat' dir='ltr'><strong>in</strong></span> <span class='ocrx_word' id='word_1_681' title='bbox 3327 3424 3515 3480; x_wconf 90' lang='lat' dir='ltr'><strong>condi-</strong></span> 
     </span>
    </p>
   </div>
   <div class='ocr_carea' id='block_1_99' title="bbox 1933 3517 3513 3588">
    <p class='ocr_par' dir='ltr' id='par_1_99' title="bbox 1933 3517 3513 3588">
     <span class='ocr_line' id='line_1_100' title="bbox 1933 3517 3513 3588; baseline -0.001 -17"><span class='ocrx_word' id='word_1_682' title='bbox 1933 3517 2174 3572; x_wconf 79' lang='lat' dir='ltr'><strong>tionibus.</strong></span> <span class='ocrx_word' id='word_1_683' title='bbox 2201 3518 2371 3586; x_wconf 84' lang='lat' dir='ltr'><strong>ipsius</strong></span> <span class='ocrx_word' id='word_1_684' title='bbox 2395 3519 2728 3584; x_wconf 88' lang='lat' dir='ltr'><strong>monasterii,</strong></span> <span class='ocrx_word' id='word_1_685' title='bbox 2751 3519 2956 3588; x_wconf 86' lang='lat' dir='ltr'><strong>justum</strong></span> <span class='ocrx_word' id='word_1_686' title='bbox 3003 3517 3216 3572; x_wconf 90' lang='lat' dir='ltr'><strong>faciatis</strong></span> <span class='ocrx_word' id='word_1_687' title='bbox 3252 3517 3513 3571; x_wconf 81' lang='lat' dir='ltr'><strong>auxilium</strong></span> 
     </span>
    </p>
   </div>
   <div class='ocr_carea' id='block_1_100' title="bbox 1931 3595 3514 3686">
    <p class='ocr_par' dir='ltr' id='par_1_100' title="bbox 1931 3595 3514 3686">
     <span class='ocr_line' id='line_1_101' title="bbox 1931 3595 3514 3686; baseline -0.001 -23"><span class='ocrx_word' id='word_1_688' title='bbox 1931 3595 2311 3679; x_wconf 7' lang='lat' dir='ltr'><strong>iniperliri;lut</strong></span> <span class='ocrx_word' id='word_1_689' title='bbox 2349 3611 2545 3677; x_wconf 79' lang='lat' dir='ltr'><strong>melius</strong></span> <span class='ocrx_word' id='word_1_690' title='bbox 2567 3612 2798 3670; x_wconf 87' lang='lat' dir='ltr'><strong>delectet</strong></span> <span class='ocrx_word' id='word_1_691' title='bbox 2830 3612 3000 3681; x_wconf 88' lang='lat' dir='ltr'><strong>ipsam</strong></span> <span class='ocrx_word' id='word_1_692' title='bbox 3043 3610 3514 3686; x_wconf 86' lang='lat' dir='ltr'><strong>congregationem</strong></span> 
     </span>
    </p>
   </div>
   <div class='ocr_carea' id='block_1_101' title="bbox 1932 3701 3515 3771">
    <p class='ocr_par' dir='ltr' id='par_1_101' title="bbox 1932 3701 3515 3771">
     <span class='ocr_line' id='line_1_102' title="bbox 1932 3701 3515 3771; baseline -0.002 -16"><span class='ocrx_word' id='word_1_693' title='bbox 1932 3701 2102 3770; x_wconf 90' lang='lat' dir='ltr'><strong>ipsius</strong></span> <span class='ocrx_word' id='word_1_694' title='bbox 2132 3702 2443 3757; x_wconf 90' lang='lat' dir='ltr'><strong>monasterii</strong></span> <span class='ocrx_word' id='word_1_695' title='bbox 2467 3717 2565 3771; x_wconf 91' lang='lat' dir='ltr'><strong>pro</strong></span> <span class='ocrx_word' id='word_1_696' title='bbox 2593 3702 2762 3770; x_wconf 77' lang='lat' dir='ltr'><strong>salute</strong></span> <span class='ocrx_word' id='word_1_697' title='bbox 2795 3710 2979 3771; x_wconf 73' lang='lat' dir='ltr'><strong>nostra</strong></span> <span class='ocrx_word' id='word_1_698' title='bbox 3004 3701 3086 3756; x_wconf 88' lang='lat' dir='ltr'><strong>vel</strong></span> <span class='ocrx_word' id='word_1_699' title='bbox 3112 3701 3404 3756; x_wconf 87' lang='lat' dir='ltr'><strong>stabilitate</strong></span> <span class='ocrx_word' id='word_1_700' title='bbox 3431 3713 3515 3752; x_wconf 90' lang='lat' dir='ltr'><strong>re-</strong></span> 
     </span>
    </p>
   </div>
   <div class='ocr_carea' id='block_1_102' title="bbox 1933 3791 3513 3864">
    <p class='ocr_par' dir='ltr' id='par_1_102' title="bbox 1933 3791 3513 3864">
     <span class='ocr_line' id='line_1_103' title="bbox 1933 3791 3513 3864; baseline -0.001 -20"><span class='ocrx_word' id='word_1_701' title='bbox 1933 3791 2022 3862; x_wconf 88' lang='lat' dir='ltr'><strong>gni</strong></span> <span class='ocrx_word' id='word_1_702' title='bbox 2060 3793 2230 3847; x_wconf 90' lang='lat' dir='ltr'><strong>nostri</strong></span> <span class='ocrx_word' id='word_1_703' title='bbox 2281 3793 2492 3848; x_wconf 89' lang='lat' dir='ltr'><strong>Domini</strong></span> <span class='ocrx_word' id='word_1_704' title='bbox 2539 3795 2967 3863; x_wconf 84' lang='lat' dir='ltr'><strong>misericordiam</strong></span> <span class='ocrx_word' id='word_1_705' title='bbox 3008 3792 3211 3864; x_wconf 80' lang='lat' dir='ltr'><strong>jugiter</strong></span> <span class='ocrx_word' id='word_1_706' title='bbox 3263 3806 3513 3845; x_wconf 80' lang='lat' dir='ltr'><strong>exorare.</strong></span> 
     </span>
    </p>
   </div>
   <div class='ocr_carea' id='block_1_103' title="bbox 1932 3881 3512 3954">
    <p class='ocr_par' dir='ltr' id='par_1_103' title="bbox 1932 3881 3512 3954">
     <span class='ocr_line' id='line_1_104' title="bbox 1932 3881 3512 3954; baseline -0.001 -19"><span class='ocrx_word' id='word_1_707' title='bbox 1932 3881 1999 3935; x_wconf 87' lang='lat' dir='ltr'><strong>Et</strong></span> <span class='ocrx_word' id='word_1_708' title='bbox 2021 3890 2080 3935; x_wconf 90' lang='lat' dir='ltr'><strong>ut</strong></span> <span class='ocrx_word' id='word_1_709' title='bbox 2108 3882 2205 3937; x_wconf 90' lang='lat' dir='ltr'><strong>hec</strong></span> <span class='ocrx_word' id='word_1_710' title='bbox 2247 3883 2519 3951; x_wconf 89' lang='lat' dir='ltr'><strong>preceptio</strong></span> <span class='ocrx_word' id='word_1_711' title='bbox 2546 3883 2700 3938; x_wconf 89' lang='lat' dir='ltr'><strong>ﬁrma</strong></span> <span class='ocrx_word' id='word_1_712' title='bbox 2739 3883 3032 3938; x_wconf 68' lang='lat' dir='ltr'><strong>stabilitate</strong></span> <span class='ocrx_word' id='word_1_713' title='bbox 3077 3883 3350 3954; x_wconf 82' lang='lat' dir='ltr'><strong>subsistat,</strong></span> <span class='ocrx_word' id='word_1_714' title='bbox 3382 3896 3512 3950; x_wconf 84' lang='lat' dir='ltr'><strong>pro-</strong></span> 
     </span>
    </p>
   </div>
   <div class='ocr_carea' id='block_1_104' title="bbox 1932 3971 3515 4047">
    <p class='ocr_par' dir='ltr' id='par_1_104' title="bbox 1932 3971 3515 4047">
     <span class='ocr_line' id='line_1_105' title="bbox 1932 3971 3515 4047; baseline 0.003 -21"><span class='ocrx_word' id='word_1_715' title='bbox 1932 3973 2049 4040; x_wconf 91' lang='lat' dir='ltr'><strong>pria</strong></span> <span class='ocrx_word' id='word_1_716' title='bbox 2089 3989 2250 4026; x_wconf 91' lang='lat' dir='ltr'><strong>manu</strong></span> <span class='ocrx_word' id='word_1_717' title='bbox 2291 3971 2431 4027; x_wconf 87' lang='lat' dir='ltr'><strong>infra</strong></span> <span class='ocrx_word' id='word_1_718' title='bbox 2461 3974 2798 4030; x_wconf 87' lang='lat' dir='ltr'><strong>decrevimus</strong></span> <span class='ocrx_word' id='word_1_719' title='bbox 2836 3974 3111 4039; x_wconf 88' lang='lat' dir='ltr'><strong>roborare,</strong></span> <span class='ocrx_word' id='word_1_720' title='bbox 3145 3981 3198 4044; x_wconf 78' lang='lat' dir='ltr'><strong>et</strong></span> <span class='ocrx_word' id='word_1_721' title='bbox 3222 3974 3287 4031; x_wconf 85' lang='lat' dir='ltr'><strong>do</strong></span> <span class='ocrx_word' id='word_1_722' title='bbox 3316 3973 3515 4047; x_wconf 62' lang='lat' dir='ltr'><strong>annulo</strong></span> 
     </span>
    </p>
   </div>
   <div class='ocr_carea' id='block_1_105' title="bbox 1935 4063 2406 4134">
    <p class='ocr_par' dir='ltr' id='par_1_105' title="bbox 1935 4063 2406 4134">
     <span class='ocr_line' id='line_1_106' title="bbox 1935 4063 2406 4134; baseline 0.002 -17"><span class='ocrx_word' id='word_1_723' title='bbox 1935 4071 2123 4118; x_wconf 91' lang='lat' dir='ltr'><strong>nostro</strong></span> <span class='ocrx_word' id='word_1_724' title='bbox 2151 4063 2406 4134; x_wconf 83' lang='lat' dir='ltr'><strong>sigillare.</strong></span> 
     </span>
    </p>
   </div>
   <div class='ocr_carea' id='block_1_106' title="bbox 2006 4154 3333 4226">
    <p class='ocr_par' dir='ltr' id='par_1_106' title="bbox 2006 4154 3333 4226">
     <span class='ocr_line' id='line_1_107' title="bbox 2006 4154 3333 4226; baseline 0.002 -17"><span class='ocrx_word' id='word_1_725' title='bbox 2006 4154 2226 4225; x_wconf 83' lang='lat' dir='ltr'><strong>Signum</strong></span> <span class='ocrx_word' id='word_1_726' title='bbox 2256 4156 2297 4225; x_wconf 77' lang='grc' dir='ltr'><strong>-ι-</strong></span> <span class='ocrx_word' id='word_1_727' title='bbox 2323 4155 2694 4224; x_wconf 89' lang='lat' dir='ltr'><strong>gloriosissimi</strong></span> <span class='ocrx_word' id='word_1_728' title='bbox 2722 4156 2902 4211; x_wconf 91' lang='lat' dir='ltr'><strong>domni</strong></span> <span class='ocrx_word' id='word_1_729' title='bbox 2929 4156 3139 4224; x_wconf 88' lang='lat' dir='ltr'><strong>Pippini</strong></span> <span class='ocrx_word' id='word_1_730' title='bbox 3171 4157 3333 4226; x_wconf 75' lang='lat' dir='ltr'><strong>regis.</strong></span> 
     </span>
    </p>
   </div>
   <div class='ocr_carea' id='block_1_107' title="bbox 2007 4246 3258 4317">
    <p class='ocr_par' dir='ltr' id='par_1_107' title="bbox 2007 4246 3258 4317">
     <span class='ocr_line' id='line_1_108' title="bbox 2007 4246 3258 4317; baseline -0.003 -15"><span class='ocrx_word' id='word_1_731' title='bbox 2007 4247 2320 4302; x_wconf 85' lang='lat' dir='ltr'><strong>Wulmarus</strong></span> <span class='ocrx_word' id='word_1_732' title='bbox 2345 4246 2372 4286; x_wconf 72' lang='grc' dir='ltr'>ἀ</span> <span class='ocrx_word' id='word_1_733' title='bbox 2399 4247 2585 4317; x_wconf 91' lang='lat' dir='ltr'><strong>jussus</strong></span> <span class='ocrx_word' id='word_1_734' title='bbox 2611 4247 2922 4315; x_wconf 86' lang='lat' dir='ltr'><strong>recognovit</strong></span> <span class='ocrx_word' id='word_1_735' title='bbox 2947 4255 3002 4300; x_wconf 92' lang='lat' dir='ltr'><strong>et</strong></span> <span class='ocrx_word' id='word_1_736' title='bbox 3023 4247 3258 4315; x_wconf 87' lang='lat' dir='ltr'><strong>scripsit.</strong></span> 
     </span>
    </p>
   </div>
   <div class='ocr_carea' id='block_1_108' title="bbox 2643 4353 2807 4406">
    <p class='ocr_par' dir='ltr' id='par_1_108' title="bbox 2643 4353 2807 4406">
     <span class='ocr_line' id='line_1_109' title="bbox 2643 4353 2807 4406; baseline 0 0"><span class='ocrx_word' id='word_1_737' title='bbox 2643 4353 2807 4406; x_wconf 74' lang='lat' dir='ltr'><strong>XXII.</strong></span> 
     </span>
    </p>
   </div>
   <div class='ocr_carea' id='block_1_109' title="bbox 1864 4459 3516 4547">
    <p class='ocr_par' dir='ltr' id='par_1_109' title="bbox 1864 4459 3516 4547">
     <span class='ocr_line' id='line_1_110' title="bbox 1864 4459 3516 4547; baseline -0.002 -29"><span class='ocrx_word' id='word_1_738' title='bbox 1864 4467 1914 4528; x_wconf 80' lang='grc' dir='ltr'><strong>Ι)</strong></span> <span class='ocrx_word' id='word_1_739' title='bbox 1939 4465 2158 4547; x_wconf 73' lang='lat' dir='ltr'><strong>Pipinus</strong></span> <span class='ocrx_word' id='word_1_740' title='bbox 2185 4480 2284 4546; x_wconf 38' lang='lat' dir='ltr'><strong>orca:</strong></span> <span class='ocrx_word' id='word_1_741' title='bbox 2333 4462 3026 4547; x_wconf 53' lang='lat' dir='ltr'><strong>Wiomado&#39;arcltiepiscopo</strong></span> <span class='ocrx_word' id='word_1_742' title='bbox 3051 4471 3099 4543; x_wconf 69' lang='lat' dir='ltr'><strong>et</strong></span> <span class='ocrx_word' id='word_1_743' title='bbox 3135 4461 3363 4547; x_wconf 53' lang='lat' dir='ltr'><strong>ecclesia!</strong></span> <span class='ocrx_word' id='word_1_744' title='bbox 3397 4459 3516 4547; x_wconf 51' lang='lat' dir='ltr'><strong>Ire.</strong></span> 
     </span>
    </p>
   </div>
   <div class='ocr_carea' id='block_1_110' title="bbox 2009 4529 3513 4605">
    <p class='ocr_par' dir='ltr' id='par_1_110' title="bbox 2009 4529 3513 4605">
     <span class='ocr_line' id='line_1_111' title="bbox 2009 4529 3513 4605; baseline -0.003 -18"><span class='ocrx_word' id='word_1_745' title='bbox 2009 4529 2197 4605; x_wconf 46' lang='lat' dir='ltr'><strong>&quot;biremi</strong></span> <span class='ocrx_word' id='word_1_746' title='bbox 2223 4533 2498 4605; x_wconf 58' lang='lat' dir='ltr'><strong>con/frmat</strong></span> <span class='ocrx_word' id='word_1_747' title='bbox 2525 4531 2768 4605; x_wconf 61' lang='lat' dir='ltr'><strong>ec_cle_st:as</strong></span> <span class='ocrx_word' id='word_1_748' title='bbox 2935 4529 3234 4605; x_wconf 73' lang='lat' dir='ltr'><strong>Maximini,</strong></span> <span class='ocrx_word' id='word_1_749' title='bbox 3263 4529 3513 4605; x_wconf 62' lang='lat' dir='ltr'><strong>Paulini,</strong></span> 
     </span>
    </p>
   </div>
   <div class='ocr_carea' id='block_1_111' title="bbox 2011 4600 3513 4671">
    <p class='ocr_par' dir='ltr' id='par_1_111' title="bbox 2011 4600 3513 4671">
     <span class='ocr_line' id='line_1_112' title="bbox 2011 4600 3513 4671; baseline -0.003 -16"><span class='ocrx_word' id='word_1_750' title='bbox 2011 4603 2283 4665; x_wconf 79' lang='lat' dir='ltr'><strong>Eucharii,</strong></span> <span class='ocrx_word' id='word_1_751' title='bbox 2313 4600 2523 4663; x_wconf 84' lang='lat' dir='ltr'><strong>Oreum,</strong></span> <span class='ocrx_word' id='word_1_752' title='bbox 2560 4600 2620 4654; x_wconf 91' lang='lat' dir='ltr'><strong>S.</strong></span> <span class='ocrx_word' id='word_1_753' title='bbox 2652 4601 2891 4671; x_wconf 80' lang='lat' dir='ltr'><strong>Martini,</strong></span> <span class='ocrx_word' id='word_1_754' title='bbox 2919 4617 2980 4653; x_wconf 86' lang='lat' dir='ltr'><strong>ac</strong></span> <span class='ocrx_word' id='word_1_755' title='bbox 3021 4600 3272 4671; x_wconf 67' lang='lat' dir='ltr'><strong>qttjdquid</strong></span> <span class='ocrx_word' id='word_1_756' title='bbox 3297 4600 3513 4671; x_wconf 67' lang='lat' dir='ltr'><strong>ecclesia</strong></span> 
     </span>
    </p>
   </div>
   <div class='ocr_carea' id='block_1_112' title="bbox 2012 4667 3514 4725">
    <p class='ocr_par' dir='ltr' id='par_1_112' title="bbox 2012 4667 3514 4725">
     <span class='ocr_line' id='line_1_113' title="bbox 2012 4667 3514 4725; baseline 0 -1"><span class='ocrx_word' id='word_1_757' title='bbox 2012 4671 2326 4725; x_wconf 82' lang='lat' dir='ltr'><strong>Trevirensis</strong></span> <span class='ocrx_word' id='word_1_758' title='bbox 2356 4671 2506 4724; x_wconf 84' lang='lat' dir='ltr'><strong>habet</strong></span> <span class='ocrx_word' id='word_1_759' title='bbox 2551 4680 2596 4723; x_wconf 83' lang='lat' dir='ltr'><strong>et</strong></span> <span class='ocrx_word' id='word_1_760' title='bbox 2639 4669 2842 4724; x_wconf 83' lang='lat' dir='ltr'><strong>habebit</strong></span> <span class='ocrx_word' id='word_1_761' title='bbox 2881 4667 3298 4723; x_wconf 38' lang='lat' dir='ltr'><strong>citra’Rhenum</strong></span> <span class='ocrx_word' id='word_1_762' title='bbox 3346 4678 3391 4722; x_wconf 85' lang='lat' dir='ltr'><strong>et</strong></span> <span class='ocrx_word' id='word_1_763' title='bbox 3425 4667 3514 4724; x_wconf 67' lang='lat' dir='ltr'><strong>Liv.</strong></span> 
     </span>
    </p>
   </div>
   <div class='ocr_carea' id='block_1_113' title="bbox 2007 4739 3517 4826">
    <p class='ocr_par' dir='ltr' id='par_1_113' title="bbox 2007 4739 3517 4826">
     <span class='ocr_line' id='line_1_114' title="bbox 2007 4739 3517 4826; baseline -0.001 -34"><span class='ocrx_word' id='word_1_764' title='bbox 2007 4743 2187 4826; x_wconf 50' lang='lat' dir='ltr'><strong>{lg-ips,</strong></span> <span class='ocrx_word' id='word_1_765' title='bbox 2215 4749 2262 4793; x_wconf 85' lang='lat' dir='ltr'><strong>et</strong></span> <span class='ocrx_word' id='word_1_766' title='bbox 2290 4739 2426 4810; x_wconf 85' lang='lat' dir='ltr'><strong>quod</strong></span> <span class='ocrx_word' id='word_1_767' title='bbox 2455 4741 2519 4793; x_wconf 77' lang='lat' dir='ltr'><strong>sit</strong></span> <span class='ocrx_word' id='word_1_768' title='bbox 2549 4739 2712 4794; x_wconf 81' lang='lat' dir='ltr'><strong>libera</strong></span> <span class='ocrx_word' id='word_1_769' title='bbox 2737 4757 2770 4793; x_wconf 92' lang='lat' dir='ltr'><strong>a</strong></span> <span class='ocrx_word' id='word_1_770' title='bbox 2797 4739 2958 4794; x_wconf 79' lang='lat' dir='ltr'><strong>talliis</strong></span> <span class='ocrx_word' id='word_1_771' title='bbox 2985 4749 3033 4793; x_wconf 82' lang='lat' dir='ltr'><strong>et</strong></span> <span class='ocrx_word' id='word_1_772' title='bbox 3063 4740 3273 4796; x_wconf 81' lang='lat' dir='ltr'><strong>teloneis</strong></span> <span class='ocrx_word' id='word_1_773' title='bbox 3301 4750 3324 4778; x_wconf 76' lang='grc' dir='ltr'><strong>ο</strong></span> <span class='ocrx_word' id='word_1_774' title='bbox 3352 4739 3517 4812; x_wconf 79' lang='lat' dir='ltr'><strong>(annq</strong></span> 
     </span>
    </p>
   </div>
   <div class='ocr_carea' id='block_1_114' title="bbox 2021 4809 3223 4940">
    <p class='ocr_par' dir='ltr' id='par_1_114' title="bbox 2021 4809 3223 4940">
     <span class='ocr_line' id='line_1_115' title="bbox 2021 4809 3223 4940; baseline -0.006 -8"><span class='ocrx_word' id='word_1_775' title='bbox 2021 4809 2158 4880; x_wconf 43' lang='grc' dir='ltr'><strong>ιω).</strong></span> <span class='ocrx_word' id='word_1_776' title='bbox 2217 4877 2307 4938; x_wconf 80' lang='lat' dir='ltr'><strong>(Ex</strong></span> <span class='ocrx_word' id='word_1_777' title='bbox 2331 4877 2617 4940; x_wconf 79' lang='lat' dir='ltr'><strong>Hontheim,</strong></span> <span class='ocrx_word' id='word_1_778' title='bbox 2635 4877 2849 4928; x_wconf 82' lang='lat' dir='ltr'><strong>Historia</strong></span> <span class='ocrx_word' id='word_1_779' title='bbox 2874 4877 3223 4940; x_wconf 74' lang='lat' dir='ltr'><strong>Trevir-ensis.)</strong></span> 
     </span>
    </p>
   </div>
   <div class='ocr_carea' id='block_1_115' title="bbox 2007 4955 3517 5030">
    <p class='ocr_par' dir='ltr' id='par_1_115' title="bbox 2007 4955 3517 5030">
     <span class='ocr_line' id='line_1_116' title="bbox 2007 4955 3517 5030; baseline -0.001 -16"><span class='ocrx_word' id='word_1_780' title='bbox 2007 4961 2064 5014; x_wconf 91' lang='lat' dir='ltr'><strong>ln</strong></span> <span class='ocrx_word' id='word_1_781' title='bbox 2091 4961 2304 5014; x_wconf 91' lang='lat' dir='ltr'><strong>nomine</strong></span> <span class='ocrx_word' id='word_1_782' title='bbox 2335 4961 2542 5015; x_wconf 90' lang='lat' dir='ltr'><strong>Domini</strong></span> <span class='ocrx_word' id='word_1_783' title='bbox 2574 4960 2669 5016; x_wconf 88' lang='lat' dir='ltr'><strong>Dei</strong></span> <span class='ocrx_word' id='word_1_784' title='bbox 2696 4963 2868 5017; x_wconf 91' lang='lat' dir='ltr'><strong>eterni</strong></span> <span class='ocrx_word' id='word_1_785' title='bbox 2898 4969 2953 5017; x_wconf 87' lang='lat' dir='ltr'><strong>et</strong></span> <span class='ocrx_word' id='word_1_786' title='bbox 2980 4960 3277 5016; x_wconf 84' lang='lat' dir='ltr'><strong>Salvatoris</strong></span> <span class='ocrx_word' id='word_1_787' title='bbox 3302 4955 3517 5030; x_wconf 74' lang='lat' dir='ltr'><strong>Domini</strong></span> 
     </span>
    </p>
   </div>
   <div class='ocr_carea' id='block_1_116' title="bbox 1938 5048 3515 5122">
    <p class='ocr_par' dir='ltr' id='par_1_116' title="bbox 1938 5048 3515 5122">
     <span class='ocr_line' id='line_1_117' title="bbox 1938 5048 3515 5122; baseline 0.001 -18"><span class='ocrx_word' id='word_1_788' title='bbox 1938 5051 2110 5104; x_wconf 88' lang='lat' dir='ltr'><strong>nostri</strong></span> <span class='ocrx_word' id='word_1_789' title='bbox 2156 5048 2282 5105; x_wconf 81' lang='lat' dir='ltr'><strong>Jesu</strong></span> <span class='ocrx_word' id='word_1_790' title='bbox 2322 5050 2543 5106; x_wconf 89' lang='lat' dir='ltr'><strong>Christi.</strong></span> <span class='ocrx_word' id='word_1_791' title='bbox 2591 5052 2812 5122; x_wconf 89' lang='lat' dir='ltr'><strong>Pipinus</strong></span> <span class='ocrx_word' id='word_1_792' title='bbox 2852 5053 3029 5108; x_wconf 88' lang='lat' dir='ltr'><strong>divina</strong></span> <span class='ocrx_word' id='word_1_793' title='bbox 3058 5053 3340 5108; x_wconf 88' lang='lat' dir='ltr'><strong>ordinante</strong></span> <span class='ocrx_word' id='word_1_794' title='bbox 3384 5065 3515 5121; x_wconf 63' lang='lat' dir='ltr'><strong>pro,-</strong></span> 
     </span>
    </p>
   </div>
   <div class='ocr_carea' id='block_1_117' title="bbox 1940 5184 2773 5256">
    <p class='ocr_par' dir='ltr' id='par_1_117' title="bbox 1940 5184 2773 5256">
     <span class='ocr_line' id='line_1_118' title="bbox 1940 5184 2773 5256; baseline 0.004 -18"><span class='ocrx_word' id='word_1_795' title='bbox 1940 5198 2215 5256; x_wconf 74' lang='lat' dir='ltr'><strong>annorum</strong></span> <span class='ocrx_word' id='word_1_796' title='bbox 2234 5184 2341 5256; x_wconf 14' lang='lat'><strong>77557</strong></span> <span class='ocrx_word' id='word_1_797' title='bbox 2361 5193 2414 5256; x_wconf 78' lang='lat' dir='ltr'><strong>et</strong></span> <span class='ocrx_word' id='word_1_798' title='bbox 2443 5184 2566 5250; x_wconf 86' lang='lat'><strong>760,</strong></span> <span class='ocrx_word' id='word_1_799' title='bbox 2593 5202 2773 5256; x_wconf 80' lang='lat' dir='ltr'><strong>supra.</strong></span> 
     </span>
    </p>
   </div>
   <div class='ocr_carea' id='block_1_118' title="bbox 2008 5252 3515 5324">
    <p class='ocr_par' dir='ltr' id='par_1_118' title="bbox 2008 5252 3515 5324">
     <span class='ocr_line' id='line_1_119' title="bbox 2008 5252 3515 5324; baseline -0.001 -17"><span class='ocrx_word' id='word_1_800' title='bbox 2008 5254 2036 5293; x_wconf 66' lang='grc' dir='ltr'><strong>ιι</strong></span> <span class='ocrx_word' id='word_1_801' title='bbox 2065 5253 2304 5324; x_wconf 87' lang='lat' dir='ltr'><strong>Meminit</strong></span> <span class='ocrx_word' id='word_1_802' title='bbox 2332 5254 2486 5323; x_wconf 88' lang='lat' dir='ltr'><strong>hujus</strong></span> <span class='ocrx_word' id='word_1_803' title='bbox 2510 5252 2814 5324; x_wconf 77' lang='lat' dir='ltr'><strong>diploinatis</strong></span> <span class='ocrx_word' id='word_1_804' title='bbox 2839 5255 3174 5312; x_wconf 81' lang='lat' dir='ltr'><strong>Mabillonius</strong></span> <span class='ocrx_word' id='word_1_805' title='bbox 3206 5255 3272 5310; x_wconf 92' lang='lat' dir='ltr'><strong>de</strong></span> <span class='ocrx_word' id='word_1_806' title='bbox 3317 5253 3396 5308; x_wconf 79' lang='lat' dir='ltr'><strong>Re</strong></span> <span class='ocrx_word' id='word_1_807' title='bbox 3435 5252 3515 5307; x_wconf 58' lang='lat'><strong>(&quot;9</strong></span> 
     </span>
    </p>
   </div>
   <div class='ocr_carea' id='block_1_119' title="bbox 1974 5322 3515 5390">
    <p class='ocr_par' dir='ltr' id='par_1_119' title="bbox 1974 5322 3515 5390">
     <span class='ocr_line' id='line_1_120' title="bbox 1974 5322 3515 5390; baseline 0 -15"><span class='ocrx_word' id='word_1_808' title='bbox 1974 5322 2128 5389; x_wconf 93' lang='lat' dir='ltr'><strong>lom.,</strong></span> <span class='ocrx_word' id='word_1_809' title='bbox 2157 5323 2250 5378; x_wconf 88' lang='lat' dir='ltr'><strong>lib.</strong></span> <span class='ocrx_word' id='word_1_810' title='bbox 2283 5340 2343 5389; x_wconf 83' lang='lat' dir='ltr'><strong>ll,</strong></span> <span class='ocrx_word' id='word_1_811' title='bbox 2376 5322 2425 5378; x_wconf 90' lang='lat' dir='ltr'><strong>c.</strong></span> <span class='ocrx_word' id='word_1_812' title='bbox 2458 5327 2512 5390; x_wconf 84' lang='grc'><strong>5,</strong></span> <span class='ocrx_word' id='word_1_813' title='bbox 2544 5322 2598 5378; x_wconf 79' lang='lat' dir='ltr'><strong>ri.</strong></span> <span class='ocrx_word' id='word_1_814' title='bbox 2642 5325 2694 5390; x_wconf 91' lang='lat'><strong>6,</strong></span> <span class='ocrx_word' id='word_1_815' title='bbox 2736 5333 2790 5380; x_wconf 87' lang='lat' dir='ltr'><strong>et</strong></span> <span class='ocrx_word' id='word_1_816' title='bbox 2814 5327 3006 5380; x_wconf 81' lang='lat' dir='ltr'><strong>Annal.</strong></span> <span class='ocrx_word' id='word_1_817' title='bbox 3051 5325 3347 5385; x_wconf 87' lang='lat' dir='ltr'><strong>Benedict.,</strong></span> <span class='ocrx_word' id='word_1_818' title='bbox 3379 5333 3515 5386; x_wconf 74' lang='lat' dir='ltr'><strong>tom.</strong></span> 
     </span>
    </p>
   </div>
   <div class='ocr_carea' id='block_1_120' title="bbox 1988 5393 3516 5465">
    <p class='ocr_par' dir='ltr' id='par_1_120' title="bbox 1988 5393 3516 5465">
     <span class='ocr_line' id='line_1_121' title="bbox 1988 5393 3516 5465; baseline -0.001 -19"><span class='ocrx_word' id='word_1_819' title='bbox 1988 5433 2002 5457; x_wconf 91' lang='lat'><strong>,</strong></span> <span class='ocrx_word' id='word_1_820' title='bbox 2034 5393 2126 5448; x_wconf 92' lang='lat' dir='ltr'><strong>lib.</strong></span> <span class='ocrx_word' id='word_1_821' title='bbox 2148 5410 2308 5465; x_wconf 63' lang='grc' dir='ltr'><strong>Δναίω,</strong></span> <span class='ocrx_word' id='word_1_822' title='bbox 2353 5411 2406 5448; x_wconf 93' lang='lat' dir='ltr'><strong>n.</strong></span> <span class='ocrx_word' id='word_1_823' title='bbox 2435 5394 2524 5465; x_wconf 78' lang='lat'><strong>50,</strong></span> <span class='ocrx_word' id='word_1_824' title='bbox 2565 5396 2657 5463; x_wconf 93' lang='lat' dir='ltr'><strong>qui</strong></span> <span class='ocrx_word' id='word_1_825' title='bbox 2700 5395 2830 5451; x_wconf 91' lang='lat' dir='ltr'><strong>illud</strong></span> <span class='ocrx_word' id='word_1_826' title='bbox 2873 5395 3368 5465; x_wconf 86' lang='lat' dir='ltr'><strong>interpolationibus</strong></span> <span class='ocrx_word' id='word_1_827' title='bbox 3405 5407 3516 5460; x_wconf 76' lang='lat' dir='ltr'><strong>non</strong></span> 
     </span>
    </p>
   </div>
   <div class='ocr_carea' id='block_1_121' title="bbox 1939 5461 3489 5534">
    <p class='ocr_par' dir='ltr' id='par_1_121' title="bbox 1939 5461 3489 5534">
     <span class='ocr_line' id='line_1_122' title="bbox 1939 5461 3489 5534; baseline -0.001 -17"><span class='ocrx_word' id='word_1_828' title='bbox 1939 5478 2127 5518; x_wconf 87' lang='lat' dir='ltr'><strong>carere</strong></span> <span class='ocrx_word' id='word_1_829' title='bbox 2139 5461 2347 5534; x_wconf 84' lang='lat' dir='ltr'><strong>judicat</strong></span> <span class='ocrx_word' id='word_1_830' title='bbox 2370 5479 2384 5517; x_wconf 92' lang='lat'><strong>:</strong></span> <span class='ocrx_word' id='word_1_831' title='bbox 2407 5461 2787 5534; x_wconf 45' lang='lat' dir='ltr'><strong>addita&#39;etiam,</strong></span> <span class='ocrx_word' id='word_1_832' title='bbox 2812 5461 3142 5534; x_wconf 65' lang='lat' dir='ltr'><strong>prteter&#39;ejus</strong></span> <span class='ocrx_word' id='word_1_833' title='bbox 3159 5465 3258 5518; x_wconf 56' lang='lat' dir='ltr'><strong>aevi</strong></span> <span class='ocrx_word' id='word_1_834' title='bbox 3285 5476 3489 5534; x_wconf 77' lang='lat' dir='ltr'><strong>morem</strong></span> 
     </span>
    </p>
   </div>
   <div class='ocr_carea' id='block_1_122' title="bbox 1941 5533 3488 5589">
    <p class='ocr_par' dir='ltr' id='par_1_122' title="bbox 1941 5533 3488 5589">
     <span class='ocr_line' id='line_1_123' title="bbox 1941 5533 3488 5589; baseline 0 -3"><span class='ocrx_word' id='word_1_835' title='bbox 1941 5533 2250 5588; x_wconf 87' lang='lat' dir='ltr'><strong>indictione.</strong></span> <span class='ocrx_word' id='word_1_836' title='bbox 2272 5533 2522 5588; x_wconf 85' lang='lat' dir='ltr'><strong>Mendosa</strong></span> <span class='ocrx_word' id='word_1_837' title='bbox 2550 5535 2600 5589; x_wconf 92' lang='lat' dir='ltr'><strong>ei</strong></span> <span class='ocrx_word' id='word_1_838' title='bbox 2630 5535 2790 5589; x_wconf 88' lang='lat' dir='ltr'><strong>etiam</strong></span> <span class='ocrx_word' id='word_1_839' title='bbox 2816 5533 3044 5589; x_wconf 75' lang='lat' dir='ltr'><strong>videtur</strong></span> <span class='ocrx_word' id='word_1_840' title='bbox 3085 5533 3435 5589; x_wconf 84' lang='lat' dir='ltr'><strong>invocationis</strong></span> <span class='ocrx_word' id='word_1_841' title='bbox 3459 5546 3488 5586; x_wconf 89' lang='lat' dir='ltr'><strong>e</strong></span> 
     </span>
    </p>
   </div>
   <div class='ocr_carea' id='block_1_123' title="bbox 1941 5602 3602 5672">
    <p class='ocr_par' dir='ltr' id='par_1_123' title="bbox 1941 5602 3602 5672">
     <span class='ocr_line' id='line_1_124' title="bbox 1941 5602 3602 5672; baseline 0 -18"><span class='ocrx_word' id='word_1_842' title='bbox 1941 5602 2303 5672; x_wconf 86' lang='lat' dir='ltr'><strong>inscriptionis</strong></span> <span class='ocrx_word' id='word_1_843' title='bbox 2353 5602 2562 5667; x_wconf 72' lang='lat' dir='ltr'><strong>forma,</strong></span> <span class='ocrx_word' id='word_1_844' title='bbox 2613 5604 2825 5658; x_wconf 88' lang='lat' dir='ltr'><strong>tametsi</strong></span> <span class='ocrx_word' id='word_1_845' title='bbox 2869 5613 3150 5659; x_wconf 81' lang='lat' dir='ltr'><strong>contextus</strong></span> <span class='ocrx_word' id='word_1_846' title='bbox 3191 5603 3358 5657; x_wconf 90' lang='lat' dir='ltr'><strong>valori</strong></span> <span class='ocrx_word' id='word_1_847' title='bbox 3404 5615 3511 5672; x_wconf 86' lang='lat' dir='ltr'><strong>non</strong></span> <span class='ocrx_word' id='word_1_848' title='bbox 3599 5645 3602 5648; x_wconf 92' lang='lat'><strong>.</strong></span> 
     </span>
    </p>
   </div>
   <div class='ocr_carea' id='block_1_124' title="bbox 1941 5671 3512 5753">
    <p class='ocr_par' dir='ltr' id='par_1_124' title="bbox 1941 5671 3512 5753">
     <span class='ocr_line' id='line_1_125' title="bbox 1941 5671 3512 5753; baseline 0 -29"><span class='ocrx_word' id='word_1_849' title='bbox 1941 5671 2134 5753; x_wconf 76' lang='lat' dir='ltr'><strong>habeat</strong></span> <span class='ocrx_word' id='word_1_850' title='bbox 2167 5672 2314 5753; x_wconf 68' lang='lat' dir='ltr'><strong>quod</strong></span> <span class='ocrx_word' id='word_1_851' title='bbox 2345 5675 2740 5753; x_wconf 40' lang='lat' dir='ltr'><strong>opponat..E_o_</strong></span> <span class='ocrx_word' id='word_1_852' title='bbox 2765 5683 2944 5730; x_wconf 84' lang='lat' dir='ltr'><strong>autem</strong></span> <span class='ocrx_word' id='word_1_853' title='bbox 2985 5674 3182 5753; x_wconf 80' lang='lat' dir='ltr'><strong>minus</strong></span> <span class='ocrx_word' id='word_1_854' title='bbox 3205 5671 3512 5753; x_wconf 71' lang='lat' dir='ltr'><strong>diplomatis</strong></span> 
     </span>
    </p>
   </div>
   <div class='ocr_carea' id='block_1_125' title="bbox 1941 5740 3504 5812">
    <p class='ocr_par' dir='ltr' id='par_1_125' title="bbox 1941 5740 3504 5812">
     <span class='ocr_line' id='line_1_126' title="bbox 1941 5740 3504 5812; baseline -0.002 -18"><span class='ocrx_word' id='word_1_855' title='bbox 1941 5740 2238 5796; x_wconf 83' lang='lat' dir='ltr'><strong>subStantia</strong></span> <span class='ocrx_word' id='word_1_856' title='bbox 2289 5740 2426 5797; x_wconf 75' lang='lat' dir='ltr'><strong>falsa</strong></span> <span class='ocrx_word' id='word_1_857' title='bbox 2456 5743 2623 5798; x_wconf 88' lang='lat' dir='ltr'><strong>videri</strong></span> <span class='ocrx_word' id='word_1_858' title='bbox 2659 5743 2835 5810; x_wconf 82' lang='lat' dir='ltr'><strong>debet,</strong></span> <span class='ocrx_word' id='word_1_859' title='bbox 2885 5743 3028 5812; x_wconf 88' lang='lat' dir='ltr'><strong>quod</strong></span> <span class='ocrx_word' id='word_1_860' title='bbox 3069 5750 3254 5798; x_wconf 88' lang='lat' dir='ltr'><strong>auctor</strong></span> <span class='ocrx_word' id='word_1_861' title='bbox 3295 5740 3504 5807; x_wconf 77' lang='lat' dir='ltr'><strong>Gestor.</strong></span> 
     </span>
    </p>
   </div>
  </div>
