4046 6172
526 337 664 394 1555
979 372 988 380 .
1505 317 1774 375 SASCULI
1814 315 1922 371 Vlll
1963 311 2163 368 MONUT

2267 306 2393 362 NTA
2434 299 2761 358 SELECTA.
2840 341 2845 346 .
3637 281 3782 341 {5'55

523 449 758 507 videnlia
787 462 881 501 rex
909 443 1258 498 Francorum.
1303 436 1360 492 Si
1394 433 1732 488 liberalitatis
1771 437 1955 484 nostre
1981 443 2098 481 mu-
2127 427 2176 486 Α
2202 424 2254 476 in
2282 418 2625 480 monasteria,
2671 408 3242 507 ecclesias,_castella,
3262 405 3440 507 “vicos
3479 403 3565 507 vel
3595 419 3780 506 agros

527 557 657 598 nere
677 540 810 594 locis
835 537 943 591 Deo
974 532 1166 588 dicatis
1194 529 1446 598 quiddam
1475 523 1805 580 conferimus
1827 517 2097 582 beneﬁcii,
2201 512 2336 575 loca,
2369 525 2462 564 seu
2491 506 2728 574 reliquas
2753 502 3123 598 possessiones
3147 497 3387 598 predicte
3414 494 3643 598 ecclesie
3666 503 3792 596 tam

528 585 1409 688 gigas-sitates‘ecclesiasticas
1436 615 1502 669 ad
1526 612 1812 682 petitiones
1851 608 2102 664 sacerdo-
2200 603 2343 657 ultra
2391 614 2551 670 quam
2578 594 3017 688 juxta-Rhenum
3043 590 3126 688 vel
3153 589 3403 663 Ligerum
3445 585 3711 688 ﬂuvium,
3735 586 3794 686 in

531 673 995 775 tum-Vnostrorum
1041 709 1340 762 relevamus
1379 673 1682 774 juvamine,
1727 706 1889 767 atque
1936 695 2101 764 regali
2199 691 2352 760 pagis
2385 689 2470 742 vel
2519 684 2822 744 territoriis,
2874 680 3012 775 infra
3041 676 3556 775 potestatem-regni
3590 673 3796 775 ξιοξιτὶν

532 766 1120 864 munimine,
1151 798 1203 851 id
1232 766 1397 849 nobis
1427 799 1482 847 et
1518 792 1584 845 ad
1625 766 1904 842 mortalem
1936 785 2100 838 vitam
2201 786 2493 834 memorata
2537 775 2772 846 possidet
2795 771 3040 835 ecclesia,
3068 769 3149 824 vel
3179 769 3563 864 que-deinceps
3590 766 3802 864 in-jure

534 856 881 966 iemporalem
911 856 1331 957 transigendam,
1359 892 1415 936 et
1440 883 1508 935 ad
1532 887 1772 933 eternam
1794 875 2102 930 felicitatem
2203 869 2370 939 ipsius
2405 865 2575 966 sancti
2617 863 2718 966 loci
2759 861 3008 966 voluerit.
3033 859 3232 966 divina‘
3255 858 3429 966 pietas
3476 856 3693 966 augeri,
3729 856 3801 959 ad

533 948 898 1041 obtinendam,
936 948 1277 1048 profuturum
1312 971 1512 1040 liquido
1554 968 1842 1023 credimus.
1877 963 2105 1018 Proinde
2203 972 2394 1014 causas
2437 955 2745 1048 audiendas,
2782 951 2867 1048 vel
2894 949 3044 1005 frcda
3079 957 3172 1002 aut
3217 948 3440 1048 tributa,
3483 957 3584 1048 aut
3611 949 3805 1016 conje-

537 1037 746 1129 noverit
767 1037 1006 1125 omnium
1033 1065 1268 1121 ﬁdelium
1291 1037 1592 1117 nostrorum
1620 1068 1730 1112 tam
1753 1055 2102 1125 presentium,
2205 1057 2320 1104 ctos
2356 1047 2562 1116 aliquos
2585 1043 2901 1113 exigendos,
2929 1049 3022 1094 aut
3067 1039 3375 1093 mansiones
3418 1037 3499 1091 vel
3531 1046 3801 1105 parratas

538 1179 699 1234 quam
763 1161 1061 1223 futurorum
1119 1155 1417 1225 sagacitas,
1465 1151 1590 1221 quia
1650 1149 1733 1202 vir
1785 1143 2106 1200 venerabilis
2206 1138 2498 1201 faciendas,
2550 1132 3033 1234 aut.ﬁdejussorcs
3071 1131 3364 1234 tollendos,
3397 1138 3491 1183 aut
3537 1129 3800 1232 homines

539 1221 572 1293 ί
601 1221 908 1305 Wiomadus
929 1251 1114 1299 sancte
1139 1221 1474 1296 Trevirensis
1501 1237 1726 1292 ecclesie
1754 1234 2106 1300 archiepisco-
2208 1230 2376 1300 ipsius
2402 1227 2627 1283 ecclesie
2650 1223 3065 1295 distringendos,
3089 1237 3263 1292 neque
3292 1221 3519 1291 injustas
3545 1223 3805 1275 exactio-

539 1356 642 1413 pus
663 1337 853 1394 obtulit
880 1334 1159 1390 obtutibus
1195 1330 1396 1384 nostris
1432 1334 1742 1397 preceptum
1781 1324 2108 1377 anteriorum
2209 1335 2304 1373 nes
2346 1316 2716 1387 requirendas,
2749 1315 2831 1368 vel
2874 1313 3178 1367 theloneum
3209 1311 3551 1382 exigendum,
3584 1312 3812 1365 nostris

541 1400 729 1501 regum
759 1427 1107 1487 Francorum,
1135 1422 1189 1475 in
1217 1435 1322 1489 quo
1353 1428 1470 1472 erat
1512 1418 1766 1471 insertum
1810 1413 1952 1482 quod
1991 1426 2111 1480 pre-
2209 1419 2266 1465 et
2303 1409 2498 1463 futuris
2535 1406 2864 1476 temporibus
2907 1402 3112 1501 ingredi
3160 1401 3369 1501 audeat,
3421 1400 3505 1454 vel
3543 1415 3627 1463 ea,
3670 1416 3804 1468 qua:

543 1493 853 1577 decessores
886 1513 1078 1574 nostri,
1118 1510 1366 1564 videlicet
1407 1507 1760 1566 Francorum,
1791 1516 1976 1556 omnes
2002 1515 2106 1564 res,
2211 1517 2371 1571 supra
2413 1506 2705 1554 memorata
2731 1504 2875 1561 sunt,
2921 1495 3136 1564 penitus
3181 1493 3396 1563 exigere
3441 1508 3806 1561 nequaquam

545 1623 892 1680 quascunque
936 1603 1062 1657 boni
1090 1609 1144 1655 et
1191 1600 1361 1653 sancti
1410 1599 1510 1650 viri
1547 1611 1646 1664 pro
1673 1596 1850 1650 divine
1876 1601 2113 1648 contem-
2211 1599 2554 1663 presumant;
2608 1590 2702 1644 sed
2745 1589 2903 1642 liceat
2950 1593 3248 1641 memorato
3308 1586 3506 1655 presuli
3566 1587 3814 1653 suisque

545 1674 1037 1770 plationis—intuitu
1080 1691 1147 1744 ad
1174 1697 1378 1758 partem
1418 1689 1586 1740 sancti
1611 1686 1753 1738 Petri
1778 1682 2111 1738 Trevirensis
2154 1681 2612 1770 _successoribus
2657 1679 2836 1732 omnia
2896 1676 3099 1746 prefata
3175 1674 3535 1738 monasteria,
3598 1674 3776 1728 villas
3801 1716 3818 1738 ,

549 1759 776 1843 ecclesie
829 1785 1230 1854 rclegaverunt,
1282 1791 1500 1832 suorum
1548 1774 1955 1829 auctoritatibus
1999 1787 2122 1826 con-
2154 1759 2198 1818 Β
2223 1774 2370 1826 vicos
2436 1779 2492 1825 et
2551 1770 2768 1824 castella
2832 1783 2954 1823 cum
3015 1767 3126 1821 suis
3187 1767 3589 1836 adjacentibus,
3676 1768 3827 1820 inte-

551 1885 922 1942 ﬁrmaverunt,
945 1883 1209 1946 quatenus
1237 1886 1421 1926 eorum
1449 1883 1672 1937 regnum
1700 1881 1930 1935 superno
1973 1864 2124 1918 auxi-
2223 1877 2376 1931 grum
2417 1867 2676 1929 perpetuo
2735 1866 2992 1927 tempore,
3043 1871 3140 1925 pro
3200 1856 3436 1910 remedio
3476 1856 3672 1910 anime
3726 1873 3819 1910 no-

555 1974 629 2027 lio
658 1977 920 2028 tueretur.
947 1974 1002 2020 et
1022 1963 1362 2035 postmodum
1387 1975 1508 2014 cum
1539 1958 1756 2012 Christo
1786 1970 1911 2026 rege
1938 1968 2126 2023 regum
2225 1958 2334 2004 stre
2387 1965 2479 2004 seu
2518 1956 2798 2018 parentum
2841 1956 3170 2012 nostrorum,
3202 1947 3385 2016 quieto
3415 1947 3609 2001 ordine
3637 1948 3822 2015 possi-

557 2067 846 2130 regnarent
901 2057 956 2110 in
1005 2055 1152 2110 cells.
1216 2052 1320 2106 Pro
1367 2051 1445 2104 rei
1495 2048 1750 2102 firmitate
1802 2061 1933 2100 vero
1984 2046 2128 2100 idem
2227 2041 2375 2105 dere,
2404 2048 2459 2094 et
2482 2047 2668 2094 nostro
2711 2038 2935 2093 ﬁdeliter
2960 2053 3150 2108 parere
3192 2039 3460 2101 mandato,
3515 2046 3695 2107 atque
3727 2055 3829 2107 pro

555 2127 797 2216 pretatus
817 2141 1018 2212 .presul
1067 2139 1380 2194 Wiomadus
1425 2135 1712 2206 postulavit
1759 2131 2129 2188 celsitudinem
2228 2129 2593 2185 incolumitate
2619 2137 2803 2184 nostra
2836 2137 2889 2182 et
2914 2127 3176 2197 conjugis,
3208 2143 3271 2182 ac
3301 2128 3483 2196 prolis,
3520 2142 3619 2182 seu
3654 2130 3831 2182 etiam

561 2214 804 2292 nostram
828 2275 843 2298 ,
893 2243 954 2288 ut
1008 2238 1290 2300 paternum
1319 2269 1334 2292 ,
1394 2243 1488 2282 seu
1546 2225 1981 2296 predecessorum
2039 2237 2129 2276 re-
2230 2219 2396 2272 totius
2421 2218 2591 2288 regni,
2626 2233 2656 2270 a
2684 2217 2792 2271 Deo
2833 2217 2987 2271 nobis
3012 2215 3221 2279 collati,
3265 2223 3320 2270 et
3345 2214 3460 2283 ejus
3500 2217 3835 2270 clementis—

563 2341 707 2398 gum,
736 2339 940 2378 morem
967 2329 1276 2390 sequentes,
1322 2316 1687 2385 hujuscemodi
1722 2323 1904 2368 nostre
1946 2311 2135 2365 autho—
2233 2310 2366 2364 sima
2415 2310 2758 2365 miseratione
2801 2324 2898 2376 per
2935 2308 3254 2362 immensum
3283 2308 3672 2372 conservandi,
3725 2325 3834 2362 una

561 2414 738 2469 ritatis
784 2418 1093 2481 preceptum
1147 2409 1216 2462 ob
1258 2421 1493 2461 amorem
1541 2404 1635 2458 Dei
1681 2411 1735 2458 et
1782 2400 2133 2456 reverentiam

568 2503 740 2558 sancti
774 2502 919 2555 Petri
959 2500 1025 2553 de
1063 2499 1264 2552 eisdem
1311 2497 1470 2549 rebus
1509 2494 1624 2548 ﬁeri
1662 2493 2000 2564 juberemus;
2045 2504 2139 2542 cu-

562 2593 651 2661 jus
715 2591 956 2661 petitioni
1013 2590 1240 2644 libenter
1296 2601 1615 2642 consensum
1674 2584 2022 2654 prcbuimus,
2085 2591 2139 2638 et

570 2686 673 2738 hoc
691 2691 874 2738 nostre
896 2680 1240 2735 authoritatis
1267 2686 1573 2749 preceptum
1613 2692 1737 2745 erga
1778 2676 1946 2744 ipsam
1971 2674 2142 2729 eccle-

570 2776 706 2830 siam
749 2788 849 2842 pro
896 2772 1060 2826 divini
1107 2771 1281 2825 cultus
1319 2783 1517 2832 amore,
1552 2777 1607 2822 et
1642 2767 1820 2820 anime
1846 2771 2028 2818 nostre
2059 2778 2144 2817 re-

574 2865 770 2927 medio,
804 2863 921 2918 ﬁeri
951 2863 1303 2923 decrevimus,
1336 2876 1433 2929 per
1468 2859 1608 2928 quod
1634 2857 1957 2927 precipimus
1985 2865 2146 2923 atque

2235 2414 2356 2453 cum
2389 2400 2536 2454 clero
2583 2407 2640 2454 et
2666 2399 2859 2468 populo
2903 2397 3004 2452 sibi
3052 2397 3312 2468 subjecto,
3361 2397 3698 2452 immensam
3729 2398 3838 2457 cle-

2235 2488 2488 2542 mentiam
2509 2486 2710 2558 jugiter
2735 2501 2980 2541 exorare.
3009 2485 3075 2539 Et
3114 2484 3371 2555 quidquid
3399 2483 3468 2539 de
3491 2485 3722 2554 prefate
3754 2503 3838 2539 rc-

2236 2577 2337 2632 bus
2357 2578 2582 2632 ecclesie
2597 2576 2685 2645 jus
2712 2576 2829 2631 ﬁsci
2855 2577 3070 2646 exigere
3089 2582 3320 2644 poterat,
3345 2574 3618 2642 integrum
3652 2576 3838 2630 eidem

2239 2666 2600 2721 concessimus
2643 2665 2888 2729 ecclesie,
2925 2664 3129 2720 scilicet
3173 2671 3233 2717 ut
3266 2672 3530 2732 perpetuo
3580 2672 3844 2734 tempore

2241 2759 2291 2813 ei
2337 2757 2403 2811 ad
2447 2755 2806 2826 peragendum
2858 2755 2954 2809 Dei
3003 2754 3314 2817 servitium,
3365 2762 3736 2823 augmentum
3791 2763 3844 2807 et

2245 2847 2671 2916 supplementum
2706 2845 2818 2899 ﬁat.
2848 2845 2994 2899 lianc
3023 2845 3202 2913 itaque
3239 2843 3631 2897 authoritatem
3667 2844 3841 2898 nostri

572 2957 843 3025 jubemus,
887 2962 947 3008 ut
989 2966 1176 3006 omnes
1217 2948 1496 3004 facultates
1540 2947 1625 3000 vel
1654 2962 1744 3001 res
1770 2947 1837 3000 ad
1866 2945 2146 2999 ecclesiam
2244 2938 2504 3008 precepti,
2534 2946 2594 2992 ut
2614 2937 2904 3006 pleniorem
2933 2936 2986 2989 in
3021 2935 3120 2990 Dei
3147 2934 3362 2989 nomine
3406 2935 3661 2988 obtineat
3693 2937 3844 3004 vigo-

575 3023 748 3101 sancti
773 3042 918 3096 Petri
946 3039 1230 3094 Treverice
1253 3039 1402 3092 urbis
1427 3036 1775 3107 pertinentes,
1806 3033 2012 3088 scilicet
2033 3033 2144 3088 cel-
2177 3092 2218 3107 _
2248 3045 2384 3094 rem,
2413 3039 2468 3084 et
2496 3045 2526 3083 a
2563 3028 2806 3083 ﬁdelibus
2843 3035 3028 3083 sancte
3052 3027 3144 3080 Dei
3169 3023 3418 3086 ecclesie,
3445 3031 3501 3076 et
3528 3025 3740 3078 nostris
3766 3025 3845 3077 vi-

575 3092 682 3188 lam
708 3131 876 3188 sancti
923 3092 1216 3194 LlasiInini,
1247 3143 1354 3197 que
1397 3092 1451 3179 in
1493 3092 1773 3179 territorio,
1802 3122 1974 3176 sancti
1999 3120 2145 3175 Petri
2171 3092 2218 3155 θ
2249 3092 2442 3172 delicet
2467 3117 2802 3186 presentibus
2829 3126 2886 3172 et
2914 3115 3107 3170 futuris
3135 3113 3467 3183 temporibus
3501 3113 3696 3168 verius
3722 3130 3846 3167 cre-

576 3222 834 3294 principis
876 3217 1236 3289 apostolorum
1265 3221 1592 3276 constructa,
1623 3220 1676 3266 et
1695 3211 1949 3266 ecclesias
1977 3208 2147 3264 sancti
2250 3212 2431 3277 datur,
2471 3221 2527 3267 et
2552 3212 2856 3282 diligentius
2885 3227 2914 3265 a
2944 3209 3345 3265 successoribus
3375 3208 3582 3260 nostris
3613 3222 3848 3273 cousqr.

575 3309 785 3365 Paulini
825 3318 879 3362 ει
916 3307 1086 3362 Sancti
1129 3304 1400 3368 Ευοὶιπίίν
1449 3311 1505 3357 et
1539 3301 1924 3357 monasterium
1967 3307 2151 3353 sancte
2251 3311 2422 3367 vetur,
2455 3317 2518 3357 ea
2540 3317 2701 3356 manu
2729 3303 2944 3371 propria
2974 3301 3158 3356 subter
3178 3299 3534 3361 ﬁrmavimus,
3568 3308 3626 3350 et
3653 3298 3846 3367 annuli

581 3398 767 3462 Marie,
794 3397 935 3466 quod
963 3396 1209 3450 dominus
1236 3392 1531 3448 Modoaltus
1571 3389 1811 3460 pontifex
1855 3388 2028 3444 eidem
2063 3402 2153 3441 ec—
2254 3389 2423 3444 nostri
2445 3389 2793 3459 impressione
2822 3389 3020 3459 signari
3035 3388 3315 3459 jussimus.

581 3488 744 3543 clesie
780 3487 835 3539 in
875 3484 1146 3539 territorio
1189 3482 1361 3538 sancti
1408 3481 1551 3536 Petri
1583 3496 1614 3534 a
1643 3480 1991 3535 fundamento
2029 3493 2155 3531 con-
2325 3483 2548 3554 Signum
2593 3483 2764 3553 Pipini
2807 3482 3269 3553 percellentissimi
3304 3484 3454 3551 regis.
3482 3481 3595 3549 Ego
3625 3479 3847 3551 Ioseph

584 3576 798 3638 struxit,
828 3574 968 3644 quod
991 3580 1212 3628 vocatur
1239 3572 1397 3636 Orca,
1427 3579 1481 3626 et
1503 3569 1782 3625 ecclesiam
1824 3567 1996 3623 sancti
2023 3565 2156 3620 Mar-
2256 3574 2612 3629 subdiaconus
2643 3575 2710 3629 ad
2741 3575 2912 3629 vicem
2958 3572 3189 3628 wuu’art
3239 3571 3538 3640 recognovi.
3573 3569 3732 3623 Data
3783 3586 3849 3623 ιτ

588 3667 683 3720 tini
725 3666 754 3706 ιι
799 3665 853 3718 in
899 3679 1037 3734 pago
1087 3663 1357 3717 Ambitivo
1399 3669 1793 3726 constructam,
1846 3667 1900 3714 et
1947 3666 2156 3714 ceteras
2256 3663 2510 3719 kalendas
2556 3662 2702 3730 Julii,
2753 3664 3043 3720 indictione
3073 3663 3160 3727 15,
3202 3676 3343 3716 anno
3388 3676 3529 3715 nono
3575 3672 3851 3729 regnante

587 3757 856 3819 basilicas,
906 3755 1141 3819 castella,
1170 3755 1338 3819 vicos,
1381 3753 1554 3814 villas,
1591 3751 1796 3816 vineas,
1829 3751 2022 3821 sylvas,
2069 3751 2159 3804 ho-
2259 3755 2458 3826 inclyto
2483 3770 2628 3826 rege.

589 3849 779 3910 mines,
811 3854 866 3900 et
889 3847 1146 3924 quidquid
1194 3845 1304 3900 Deo
1348 3846 1579 3899 donante
1618 3843 1684 3896 ad
1726 3843 1949 3897 eandem
1989 3839 2160 3894 eccle-
2328 3845 2522 3901 Actum
2552 3844 2844 3914 Tulpiacko
2873 3844 2926 3899 in
2969 3845 3062 3899 Dei
3099 3843 3316 3899 nomine
3359 3841 3616 3904 feliciter,
3665 3854 3849 3892 amen.

591 3937 725 3990 siam
779 3935 1028 4002 deinceps
1091 3934 1360 4003 augmenti
1416 3934 1551 3987 citra
1600 3932 1845 3984 Rhenum
1899 3936 1953 3984 et
2008 3928 2162 3998 Lige-
2952 3955 3132 4008 χχιιι,

593 4040 712 4079 rum
747 4023 987 4088 ﬂuvium,
1023 4024 1076 4076 in
1107 4039 1268 4092 regno
1313 4033 1499 4077 nostro
1537 4021 1796 4086 sistentia,
1820 4020 2016 4081 omnia,
2064 4020 2163 4074 sub

2267 4046 2504 4117 Diploma
2548 4045 2757 4117 Pippini
2808 4046 2963 4117 regis,
2990 4062 3089 4117 quo
3125 4043 3300 4117 villam
3336 4043 3634 4117 Τῄιιιξῃςεη
3659 4051 3682 4078 ε
3718 4038 3772 4092 Γ
3775 4038 3859 4094 I1-

589 4117 711 4187 jure
757 4122 812 4169 et
847 4120 1110 4182 potestate
1151 4113 1320 4167 sancti
1365 4111 1510 4165 Petri
1562 4109 1893 4164 Trevirensis
1939 4108 2164 4162 ecclesie
2333 4103 2343 4117 '
2557 4103 2704 4168 άέιίεί
2731 4103 2960 4168 εεειεὶῇαέ
2995 4103 3153 4167 hom"
3195 4114 3355 4184 (ιιηηο
3387 4103 3535 4180 762),

594 4207 815 4275 ejusque
870 4204 1137 4274 [mtilicis
1187 4202 1571 4273 perpetualiter
1616 4200 1914 4269 mancipata
1954 4213 2166 4268 perma—
2451 4208 2608 4270 (Apud
2635 4209 2692 4257 D.
2719 4209 2964 4268 Douquet,
2989 4215 3105 4255 tom.
3135 4206 3192 4264 V,
3215 4219 3276 4254 ex
3299 4203 3628 4260 Schannato.)

597 4304 778 4350 neant.
809 4296 1058 4350 Preterea
1093 4295 1209 4363 pari
1255 4294 1412 4347 modo
1450 4291 1754 4354 statuimus,
1795 4299 1853 4344 ut
1894 4289 2070 4343 nullus
2098 4303 2165 4342 ex
2335 4287 2590 4357 Pippinus
2617 4303 2711 4342 rex
2733 4286 3060 4341 Francorum
3086 4287 3170 4344 vir
3198 4285 3441 4339 inluster.
3474 4283 3646 4335 Nihil.
3684 4289 3747 4335 ut
3781 4282 3861 4335 ait

599 4384 823 4453 publicis
841 4383 1131 4453 judicibus,
1163 4381 1246 4436 vel
1276 4380 1469 4450 aliquis
1503 4393 1566 4432 ex
1593 4378 1876 4448 judiciaria
1904 4385 2169 4446 potestate

2270 4377 2575 4446 Apostolus,
2602 4378 2656 4431 in
2705 4378 2846 4432 hunc
2884 4378 3137 4432 mundum
3177 4376 3451 4432 intulimus
3492 4387 3594 4426 nec
3627 4372 3859 4427 dubium

601 4557 831 4620 Trevir.,
855 4573 972 4626 cap.
994 4557 1085 4621 '59,
1115 4555 1244 4610 edit.
1277 4555 1540 4626 Leibniz.,
1573 4552 1638 4607 de
1667 4567 1724 4606 re
1759 4551 1870 4626 ipsa
1905 4549 2161 4626 sic_§_cri-
2193 4565 2242 4626 ι)
2268 4551 2539 4626 Maximini
2566 4553 2749 4626 abbas.

602 4629 734 4682 bat:
769 4645 786 4676 ι
822 4619 1161 4693 Praeceptum
1199 4635 1376 4678 tamen
1415 4625 1576 4693 regite
1615 4619 1950 4693 auctoritatis
1977 4619 2163 4693 (Wec-

602 4695 809 4764 madus)
831 4697 896 4747 ab
922 4689 1106 4748 eod—em
1133 4694 1320 4764 Piplno
1363 4689 1524 4764 super
1550 4691 1738 4764 cellam
1755 4759 1765 4764 Α
1784 4690 1953 4764 sancti
2000 4689 2167 4764 hlaxi-

603 4766 734 4821 mini
761 4759 814 4818 et
838 4764 956 4818 aliis
984 4765 1141 4818 rebus
1182 4759 1440 4817 Ecclesiae
1464 4759 1799 4816 Trebirensis
1834 4759 2082 4821 obtinuit,
2113 4768 2168 4811 et

605 4852 634 4888 a
655 4834 842 4888 Carolo
871 4833 1060 4903 Magno
1085 4832 1258 4903 Pipini
1303 4833 1442 4903 ﬁlio;
1470 4831 1610 4903 quod
1636 4829 1726 4903 qui
1741 4829 1891 4903 scire
1914 4827 2164 4903 voluerit,

603 4904 844 4986 invenire
867 4896 1089 4986 poterit:
1117 4896 1255 4982 {Fit
1281 4896 1469 4981 deinde
1487 4896 1753 4986 Pipigiani
1783 4897 1939 4965 hujus
1967 4896 2168 4950 mentio

605 4975 661 5028 in
688 4968 954 5053 praecepto
978 4971 1232 5025 Ludovici
1254 4970 1396 5051 regis
1418 4986 1503 5023 an.
1535 4968 1659 5022 902.
1789 5035 1800 5046 Ι
1877 5035 1888 5046 .
2025 5033 2036 5046 .

675 5055 701 5083 ι
730 5041 1129 5095 ιντοηιηάιιεηη
1167 5034 2040 5109 archiepiscopus,Arclueplscopi
2071 5048 2172 5087 no-

606 5127 728 5166 men
765 5119 887 5163 ante
916 5111 1169 5164 saaculum
1200 5104 1395 5162 nonum
1418 5108 1470 5161 in
1487 5104 1787 5160 Occidente
1813 5104 2168 5166 rarissimum,

607 5180 909 5250 suspicione
951 5194 1054 5233 non
1095 5186 1260 5250 caret.
1305 5177 1423 5250 Vid.
1456 5175 1654 5229 Mabill.
1692 5175 1756 5228 de
1791 5173 1869 5250 βε
1898 5172 2047 5241 dipl..
2076 5171 2170 5223 lib.

607 5266 668 5311 ιι,
701 5241 761 5303 ’6.
807 5249 862 5312 2,
908 5265 963 5302 n.
1012 5250 1064 5302 5.
1114 5247 1455 5301 Wiomadum
1487 5253 1666 5299 autem
1699 5257 1763 5296 eo
1784 5241 1913 5312 jam,
1937 5251 2175 5312 tempore

610 5311 912 5371 Trevirensi
936 5315 1230 5386 praefuisse,
1255 5316 1474 5386 minime
1498 5311 2176 5386 dubitandum._lmmedia-

611 5396 699 5441 tus
726 5385 841 5455 ejus
861 5378 1109 5444 decessor
1131 5378 1252 5438 Milo
1267 5382 1546 5455 jan_1_circ_a
1575 5397 1770 5455 annum
1796 5379 2072 5455 755inter
2091 5378 2175 5432 vi—

611 5470 708 5510 vos
752 5449 872 5510 esse
912 5456 1162 5510 desierat.
1196 5449 1315 5511 Vid.
1348 5452 1617 5508 Mahillon.
1649 5450 1840 5505 Annal.
1881 5449 2174 5511 Benedict.,

611 5533 745 5602 tom.
771 5525 833 5587 ll,
864 5525 956 5576 lib.
992 5541 1125 5602 nisi},
1155 5540 1231 5602 n._
1252 5522 1670 5602 :74_;_Eckhard.,
1700 5521 1826 5574 Rer.
1867 5519 2175 5602 Francicam

615 5592 717 5668 lib.
737 5607 889 5654 χχιιι,
911 5593 1121 5668 918126.
1154 5591 1753 5668 AddgTestamentum
1777 5590 1945 5644 sancti
1997 5588 2180 5668 Salva:

617 5659 752 5712 toris
778 5673 866 5710 an.
911 5659 1031 5722 762,
1063 5669 1172 5714 not.
1208 5660 1252 5714 ί.
1281 5661 1476 5715 Fuerat
1499 5660 1821 5714 Weomadus
1861 5668 1984 5713 ante
2011 5655 2179 5712 sancti

2340 4622 2368 4660 ιι
2401 4621 2468 4674 1η
2519 4638 2651 4691 pago
2687 4621 2959 4675 Ambitivo.
3003 4621 3288 4676 Browerus
3333 4623 3386 4675 in
3425 4619 3625 4691 Annal.
3669 4619 3859 4691 Tm“

2270 4690 2363 4744 lib.
2393 4706 2490 4770 νιι,
2519 4690 2572 4742 ιι.
2609 4691 2729 4770 l9'_7,
2755 4691 2891 4770 legit
2913 4691 3378 4770 Ambitari~no,r_sed
3397 4705 3499 4770 nec
3517 4690 3604 4770 sic
3637 4690 3861 4770 quidem

2269 4759 2471 4846 ιιι-θριξὶ
2510 4760 2636 4846 pagi
2681 4760 2966 4846 habebitur
2995 4759 3346 4846 signiﬁcatio.
3389 4759 3625 4846 ﬂectitis
3677 4760 3862 4838 itaque

2270 4828 2408 4882 infra
2443 4829 2498 4881 in
2533 4829 2818 4897 diplomate
2855 4828 3102 4883 Carolina
3129 4831 3194 4882 de
3220 4844 3359 4883 anno
3389 4830 3493 4882 775
3533 4830 3864 4882 nominatur

2269 4897 2485 4977 ecclesia
2529 4900 2696 4977 saucii
2723 4897 2944 4977 τινιίῃὶ
2990 4899 3043 4950 in
3084 4915 3230 4977 pagg
3252 4898 3568 4977 Heginense,
3588 4913 3738 4977 “qua
3782 4904 3861 4950 est

2272 4966 2530 5047 hodierna
2548 4967 2826 5047 collegiata
2848 4967 2917 5047 ad
2944 4966 3466 5021 sanctos'Martinum
3499 4976 3556 5022 et
3587 4966 3860 5022 Severum

2273 5036 2595 5116 monasterii
2614 5034 2949 5116 Meinfeldize.
3259 5103 3273 5116 ‘
3508 5111 3519 5116 Δ
3586 5105 3628 5116 Α
3733 5071 3748 5082 .

2343 5116 2365 5143 θ
2389 5105 2468 5158 Ex
2512 5106 2842 5175 autographo
2883 5103 3116 5174 sigillum
3155 5103 3396 5159 avulsum
3440 5111 3546 5158 est.
3580 5105 3860 5160 Caetera

2273 5189 2434 5254 quam
2459 5173 2632 5242 ampla
2655 5172 3266 5254 fueritOhaec‘possessio,
3297 5173 3659 5254 discimus.“
3693 5175 3864 5228 veteri

2275 5242 2607 5314 membrana,
2634 5259 2754 5312 quae
2783 5243 2862 5296 sic
2891 5242 3053 5297 habet
3081 5258 3095 5296 :
3122 5261 3154 5314 ί(
3180 5242 3248 5296 Ἰιι
3267 5243 3395 5314 villa
3413 5242 3718 5314 Tinninga,
3743 5257 3866 5311 qut

2277 5313 2330 5366 in
2371 5311 2599 5366 Suvevia
2643 5311 2746 5367 sita
2791 5320 2907 5376 est,
2958 5313 3171 5381 quando
3207 5327 3325 5381 eam
3366 5311 3654 5381 Pippinus'
3675 5322 3868 5366 sancto

2277 5381 2548 5435 Bonifacio
2576 5381 2796 5450 tradidit
2822 5380 3043 5450 repertae
3069 5391 3192 5435 sunt
3219 5399 3232 5433 :
3264 5380 3481 5435 familiai.
3505 5383 3579 5436 23
3612 5391 3673 5437 et
3693 5381 3870 5450 domi-

2285 5451 2485 5520 nicales
2507 5451 2663 5506 hubze
2686 5451 2747 5504 L.
2768 5449 2891 5518 jura
2913 5450 3039 5514 500,
3067 5452 3132 5504 de
3156 5451 3325 5520 pratis
3353 5451 3418 5504 ad
3443 5453 3710 5505 carradas
3736 5449 3867 5506 400.

2286 5521 2408 5588 equi
2434 5519 2522 5584 52,
2569 5521 2696 5590 pulli
2740 5519 2827 5582 54,
2864 5520 2990 5589 equi
3023 5519 3262 5574 indomiti
3295 5520 3384 5579 80.
3412 5534 3596 5574 vaccae
3632 5521 3706 5575 58
3743 5535 3872 5574 eum

2286 5591 2468 5643 vitulis
2503 5589 2587 5644 55.
2621 5605 2749 5644 oves
2788 5589 2912 5644 200.
2958 5589 3105 5644 porci
3151 5589 3240 5644 90.
3288 5589 3506 5642 lidicum
3556 5591 3723 5644 nubis
3759 5589 3872 5644 suis

2285 5591 2468 5643 vitulis
2503 5589 2587 5655 55,
2621 5605 2749 5644 oves
2788 5589 2912 5653 200,
2958 5589 3105 5658 porci
3151 5589 3240 5654 90,
3288 5589 3506 5642 lidicum
3556 5591 3723 5644 nubis
3759 5589 3874 5644 suis

2287 5659 2375 5728 27,
2406 5659 2788 5715 molendinaria
2810 5660 2864 5727 9,
2894 5658 3134 5716 ecclesia:
3157 5658 3211 5728 5,
3235 5673 3355 5717 cum
3379 5658 3540 5714 hubis
3561 5660 3704 5714 suis.
3733 5677 3759 5711 ι

3993 4619 3995 4738 l
