4046 6172
327 258 462 315 155⁸1

1105 244 1362 310 ΡιΡΡιΝι,
1401 237 1890 300 CAROLOMANNI
1926 236 2012 290 ET
2049 233 2357 290 ALIORUM
2397 231 2809 288 DlPLOMATA.

3425 231 3563 289 1558

322 369 452 438 quin
487 365 618 421 nihil
663 379 729 419 ex
765 376 831 416 co
862 360 1147 431 quicquam
1192 355 1468 410 nobiscum
1497 352 1710 406 auferre
1746 357 1895 438 pote-
1924 349 1968 406 Α
1997 344 2354 415 propitiatorii
2405 343 2974 438 ordinare‘prtecepit;
3018 343 3363 438 -Salamonc‘m
3400 348 3569 415 quod-

322 434 513 519 rimus,
541 453 645 509 nisi
666 452 810 522 quod
833 450 903 504 ob
925 448 1118 502 anima:
1137 444 1328 500 salutis
1346 442 1535 496 devota
1564 445 1743 493 mente
1766 434 1898 490 locis

323 557 652 609 sanctorum,
687 542 798 596 Deo
825 540 1140 609 inspirante,
1168 533 1425 604 inpertire
1450 531 1694 585 videmur
1726 544 1739 580 :
1769 540 1899 595 ergo

324 641 611 705 cognoscat
633 629 942 699 magnitudo
982 641 1077 682 seu
1106 622 1365 679 industria
1407 629 1604 682 vestra,
1634 617 1776 687 quod
1800 631 1900 671 nos

321 732 543 794 propter
567 735 758 776 nomen
796 716 1007 773 Domini
1049 715 1135 769 vel
1183 722 1383 769 aeterna
1428 708 1779 765 retributione
1805 708 1900 762 do-

323 829 515 870 namus
563 827 596 867 a
638 811 725 866 die
764 815 1029 880 praesente
1078 805 1146 860 ad
1198 801 1514 858 monastirio
1559 804 1899 867 noncupante

319 896 489 961 Fulda
522 904 615 972 qui
642 909 726 959 est
754 906 1097 955 constructus
1122 896 1176 951 in
1212 896 1415 950 honore
1448 890 1620 947 sancti
1651 889 1897 944 Salvato—

323 995 402 1050 ris
430 1007 592 1063 quem
634 997 852 1044 sanctus
874 984 1178 1040 Bonifacius
1213 997 1351 1037 novo
1387 978 1687 1035 construxit
1713 990 1893 1045 opere,

320 1085 416 1141 ubi
465 1084 579 1152 ipse
613 1080 901 1151 praeciosus
924 1085 1132 1146 martyr
1175 1090 1400 1144 corpore
1437 1071 1738 1142 requiescit,
1767 1068 1897 1138 quin

317 1174 496 1244 potius
537 1168 935 1241 promptissima
985 1165 1269 1222 devotione
1314 1164 1571 1218 tradimus
1614 1160 1762 1225 villa,
1803 1159 1896 1229 qui

317 1264 516 1319 dicitur
552 1260 847 1330 Thininga,
882 1257 1040 1313 sitam
1087 1272 1141 1309 tn
1183 1270 1319 1325 pago
1366 1253 1497 1307 Rezi
1536 1266 1698 1321 super
1735 1248 1897 1304 ﬂuvio

318 1347 411 1418 qui
456 1354 679 1400 vocatur
719 1341 884 1413 Agira
934 1355 1058 1396 cum
1091 1339 1236 1393 omni
1274 1338 1610 1407 integritate,
1642 1334 1897 1404 quicquid

317 1436 386 1490 ad
411 1436 524 1505 ipsa
550 1432 676 1488 villa
714 1430 956 1500 aspicere
998 1427 1081 1482 vel
1109 1435 1390 1497 pertenerc
1433 1426 1662 1489 videtur,
1712 1423 1766 1477 id
1812 1430 1896 1476 est

318 1533 428 1579 tam
482 1522 673 1586 terris,
725 1519 923 1574 mansis
966 1533 1090 1573 cum
1138 1518 1444 1572 hominibus
1490 1521 1891 1579 conmanentes,

316 1614 613 1684 mancipys,
650 1610 818 1676 silvis,
867 1625 1081 1665 marcas
1122 1609 1202 1664 vel
1234 1608 1391 1674 ﬁnes,
1430 1608 1665 1677 campis,
1700 1609 1889 1675 pratis,

2000 448 2104 502 que
2152 447 2331 502 regem
2375 433 2634 503 templum
2673 433 2730 487 in
2764 433 2980 488 nomine
3017 433 3186 503 ipsius
3219 435 3566 503 mdilicatum,

1997 517 2198 576 scimus
2245 535 2378 575 auro
2430 521 2802 591 lapidibusque
2856 534 3163 576 exornasse.
3220 522 3328 578 Nos
3378 525 3524 579 enim
3549 562 3569 591 ,

1998 609 2243 679 quamvis
2279 627 2386 667 non
2415 611 2488 664 ita
2517 626 2709 682 magna
2734 611 2933 666 eisdem
2960 626 3241 681 exaequare
3272 613 3563 682 valeamus,

2000 711 2197 767 tamen,
2228 703 2371 771 quod
2398 702 2608 758 facilius
2634 718 2944 772 possumus,
2976 717 3043 757 ex
3083 705 3317 773 prepriis
3344 704 3566 761 faculta-

1999 789 2142 844 tibus
2182 806 2317 860 quas
2367 792 2661 857 habemus,
2716 792 2942 846 Domino
2985 802 3340 860 cooperante,
3390 795 3564 851 eidem

1997 878 2191 935 oﬂ‘erre
2230 882 2627 947 desideramus,
2679 882 2801 951 quia
2849 881 3003 946 nihil,
3049 889 3110 935 ut
3148 882 3224 936 ait
3255 883 3564 952 Apostolus,
3656 874 3663 881 ’

1999 969 2053 1023 in
2091 971 2233 1024 hunc
2261 971 2514 1025 mundum
2561 971 2868 1036 intulimus,
2910 986 3031 1037 nec,
3070 971 3196 1039 quia
3221 985 3288 1024 ex
3318 958 3564 1041 eo'quid-

1997 1072 2156 1127 quam
2181 1058 2371 1113 efferre
2398 1060 2709 1128 poterimus,
2739 1061 2832 1115 sed
2861 1059 2990 1114 illud
3018 1061 3086 1115 ad
3121 1061 3313 1115 animae.
3339 1062 3565 1116 salutem

1998 1149 2266 1203 credimus
2297 1150 2576 1218 proﬁcere,
2602 1149 2859 1217 quidquid
2899 1149 3087 1205 devota
3113 1156 3290 1202 mente
3316 1151 3381 1204 de
3406 1151 3566 1205 rebus

1996 1238 2323 1293 transitoriis
2347 1238 2572 1292 Domino
2601 1238 2843 1292 videmur
2870 1237 3209 1305 distribuere.
3241 1239 3409 1308 Igitur
3438 1240 3564 1295 dum

1996 1335 2183 1381 notum
2230 1335 2314 1382 est
2348 1326 2597 1381 omnibus
2643 1334 2752 1379 tam
2785 1325 3120 1396 propinquis,
3163 1340 3322 1395 quam
3361 1327 3567 1383 exteris

1996 1418 2322 1484 nationibus,
2361 1433 2460 1472 nos
2493 1426 2547 1472 et
2593 1416 2870 1487 coniugem
2899 1425 3135 1472 nostram
3167 1417 3479 1471 Bertradam
3509 1418 3565 1472 in

1995 1524 2179 1564 amore
2201 1511 2371 1565 sancti
2401 1509 2713 1575 Salvatoris,
2748 1525 2846 1565 nec
2866 1526 2972 1565 non
2994 1519 3049 1565 et
3073 1519 3271 1565 sanctae
3297 1511 3390 1565 Dei
3412 1512 3565 1578 geni-

1996 1601 2147 1653 tricis
2170 1600 2368 1663 Mariae,
2393 1608 2554 1669 atque
2578 1601 2857 1653 beatorum
2878 1600 3178 1669 principum
3205 1600 3566 1668 apostolorum

316 1705 544 1775 pascois,
596 1703 751 1773 aquis
787 1715 1118 1772 aquarumve
1160 1699 1497 1762 decursibus,
1528 1697 1814 1752 mobilibus
1839 1704 1893 1751 et
1924 1690 1967 1749 Β
1992 1690 2138 1743 Pell'i
2163 1698 2219 1743 et
2246 1688 2417 1753 Pauli.
2449 1689 2530 1741 νει
2561 1689 2730 1743 sane“
2762 1688 2984 1743 Joannis
3009 1689 3280 1759 Βθριίδῑων
3311 1705 3405 1744 se“
3430 1705 3571 1744 m3!"

320 1791 683 1848 immobilibus
724 1790 983 1861 pnesidys
1019 1789 1343 1859 quibuslibet
1368 1788 1690 1858 adjaecentys
1721 1795 1892 1841 totum

317 1894 374 1940 et
403 1885 473 1939 ad
501 1884 790 1954 integrum,
838 1889 900 1935 ut
939 1881 1188 1945 diximus,
1218 1895 1248 1934 a
1282 1879 1369 1934 die
1392 1887 1655 1950 praesente
1682 1877 1750 1932 ad
1777 1877 1894 1947 ipso

318 1974 643 2029 monasterio
669 1971 841 2027 sancti
870 1970 1168 2026 Salvatoris
1191 1969 1280 2026 ubi
1302 1970 1416 2040 ipse
1438 1968 1730 2038 praaciosus
1752 1981 1894 2021 mar—

319 2073 406 2135 tyr
435 2071 653 2118 sanctus
680 2060 987 2117 Bonifacius
1012 2075 1238 2131 corpore
1263 2059 1571 2129 requiescit,
1602 2072 1764 2128 super
1796 2055 1895 2112 ilu-

318 2148 405 2201 vio
431 2145 619 2209 Fulda,
649 2159 744 2214 per
770 2145 912 2199 hanc
938 2143 1133 2199 seriem
1175 2142 1477 2198 traditionis
1502 2156 1601 2211 pro
1632 2140 1894 2196 mercedis

319 2246 515 2292 nostra:
542 2242 886 2304 augmentum
912 2232 1177 2289 donamus
1203 2233 1583 2304 perpetualiter
1613 2232 1681 2287 ad
1710 2245 1896 2301 posse-

318 2325 575 2389 dcndum,
603 2324 677 2378 ita
700 2331 759 2378 ut
784 2324 853 2378 ab
877 2338 942 2379 ac
982 2323 1069 2379 die
1096 2331 1334 2379 rectores
1360 2323 1527 2392 ipsius
1563 2330 1892 2393 monastery,

318 2415 434 2486 ipsa
465 2414 588 2468 villa
615 2414 706 2484 qui
732 2415 930 2470 dicitur
957 2412 1182 2483 Tininga
1222 2429 1345 2469 cum
1372 2412 1622 2469 omnibus
1647 2411 1897 2484 adjacen-

320 2512 404 2574 tys
428 2503 511 2558 vel
536 2503 861 2574 appendicys
887 2502 1000 2558 suis
1032 2502 1098 2557 ad
1120 2502 1419 2572 profectum
1446 2501 1613 2572 ipsius
1641 2503 1896 2558 Ecclesiae

320 2606 441 2647 eam
477 2598 691 2647 teneant
728 2601 783 2647 et
810 2592 1152 2662 possedeant,
1185 2599 1240 2647 et
1273 2607 1444 2662 usque
1485 2592 1541 2647 in
1581 2599 1894 2662 perpetuum

321 2681 402 2737 eis
430 2682 676 2752 proficiat
713 2683 766 2736 in
813 2691 1186 2753 augmentum;
1234 2690 1287 2737 et
1328 2690 1389 2737 ut
1438 2684 1556 2738 haec
1606 2682 1898 2739 auctoritas

323 2770 529 2827 firmior
557 2772 840 2838 habeatur,
865 2772 948 2826 vel
973 2785 1070 2841 per
1095 2771 1261 2826 multa
1288 2779 1530 2842 tempora
1557 2773 1748 2827 melius
1770 2787 1898 2827 ccu—

323 2871 587 2929 servetur,
615 2864 800 2919 subter
822 2879 942 2920 eam
970 2863 1306 2919 ﬁrmavimus
1329 2864 1412 2920 vel
1439 2864 1504 2920 de
1528 2865 1688 2920 anulo
1714 2872 1899 2919 nostro

324 2953 694 3025 sigillavimus.

397 3047 620 3118 Signum
643 3048 684 3117 -ι-
708 3047 933 3118 Pippino
962 3047 1346 3119 gloriosissimo
1372 3061 1518 3119 rege.

397 3140 672 3196 Hitherius
711 3140 765 3196 in
805 3141 924 3196 vice
948 3140 1259 3206 Baddilone,
1285 3142 1407 3196 data
1431 3140 1483 3195 in
1514 3154 1698 3196 mense
1721 3138 1900 3206 Junio,

327 3244 472 3284 anno
495 3244 638 3285 nono
664 3230 815 3300 regni
843 3229 1035 3286 nostri.
1067 3230 1262 3284 Actum
1304 3229 1554 3301 Atiniago
1577 3229 1783 3300 palacio
1806 3245 1906 3299 pu-

329 3319 497 3377 blico.

1024 3390 1213 3447 XXIV.

335 3456 717 3536 Testrimentum
772 3482 940 3535 sancti
993 3481 1304 3543 Salvatoris,
1352 3478 1490 3548 quod
1547 3478 1768 3548 Pipinus
1819 3494 1910 3532 rex

472 3552 589 3618 ﬁeri
608 3551 769 3618 jussit
797 3550 1017 3602 abbatia:
1039 3562 1066 3588 ιι
1094 3546 1396 3601 Prumiensi
1432 3546 1593 3617 (anno
1614 3546 1765 3618 ⁷762).

686 3661 846 3723 (Apud
881 3660 1166 3721 Honthelm,
1205 3660 1330 3712 HISL
1355 3659 1585 3723 Trevir.)

407 3770 624 3841 Pipinus
652 3784 745 3823 rex
774 3767 1106 3823 Francorum
1147 3767 1233 3822 vir
1274 3767 1517 3823 illustris.
1548 3767 1684 3834 Quia
1730 3766 1913 3822 divina

335 3878 433 3918 nos
467 3860 800 3932 providentia
838 3860 890 3913 in
919 3858 1111 3913 solium
1141 3859 1290 3928 regni
1315 3860 1526 3915 venisse
1572 3859 1912 3914 manifestum

334 3962 440 4018 est,
466 3958 680 4023 oportet
724 3964 789 4005 ea
838 3950 892 4004 in
923 3948 1016 4003 Dei
1062 3949 1279 4005 nomine
1328 3950 1588 4013 exerceri,
1628 3949 1683 4003 in
1720 3948 1916 4019 quibus

338 4044 515 4114 potius
540 4041 786 4112 gratiam,
820 4047 980 4108 atque
1006 4038 1333 4094 voluntatem
1358 4039 1620 4095 Altissimi
1659 4040 1917 4111 consequi

339 4138 630 4192 valeamus.
657 4132 995 4188 Meminimus
1022 4133 1167 4187 enim
1195 4132 1363 4202 ipsius
1392 4132 1691 4202 Evangelii,
1724 4133 1777 4187 in
1811 4147 1917 4203 quo

338 4231 418 4284 ait
442 4244 457 4282 :
491 4228 580 4298 qui
603 4225 732 4281 facit
757 4224 1084 4279 voluntatem
1108 4223 1285 4279 Patris
1303 4223 1433 4291 mei,
1454 4224 1545 4294 qui
1565 4225 1618 4279 in
1640 4224 1790 4281 ctelis
1812 4233 1917 4291 est,

341 4320 455 4388 ipse
489 4315 730 4374 introibit
757 4314 811 4368 in
838 4329 1059 4385 regnum
1089 4314 1368 4371 ctelorum.
1396 4302 1631 4384 Et'quia
1659 4331 1814 4386 reges
1850 4330 1919 4370 ex

1995 1790 2172 1851 tyrum
2198 1781 2369 1836 sancti
2400 1780 2676 1849 Stephani,
2711 1779 2952 1850 Dionysii
2982 1788 3036 1835 et
3064 1780 3317 1847 Mauritii,
3346 1788 3401 1835 et
3439 1796 3568 1836 con-

1995 1869 2257 1926 fessomm
2292 1871 2536 1935 Martini,
2574 1871 2811 1935 Vedasti,
2857 1880 3019 1940 atque
3058 1870 3330 1935 Germani,
3383 1885 3571 1926 mona-

1994 1961 2217 2016 sterium
2243 1960 2298 2014 in
2328 1976 2387 2014 re
2413 1959 2757 2031 proprietatis
2788 1967 2984 2014 nostra:
3011 1960 3295 2026 :edificare,
3321 1961 3462 2030 quod
3486 1970 3570 2015 est

1991 2053 2227 2123 positum
2246 2050 2385 2106 infra
2412 2052 2670 2106 terminos
2690 2052 2917 2106 Bidense
2937 2061 3098 2121 atque
3117 2052 3403 2118 Ardennaa,
3428 2053 3457 2092 ιι
3480 2054 3569 2109 ubi

1993 2142 2200 2197 rivulus
2237 2142 2329 2211 qui
2375 2140 2570 2196 dicitur
2613 2141 2979 2206 Berdenbach,
3014 2142 3312 2211 ingreditur
3341 2143 3395 2196 in
3430 2143 3565 2197 Pru-

1993 2232 2181 2297 miam,
2203 2232 2259 2285 in
2290 2230 2458 2300 ipsius
2483 2245 2609 2286 vero
2637 2231 2944 2286 monasterii
2968 2233 3196 2287 ecclesia
3221 2235 3287 2287 de
3313 2235 3568 2291 sandaliis

1994 2323 2205 2380 Domini
2228 2323 2400 2378 nostri
2426 2321 2554 2377 Jesu
2580 2322 2802 2389 Christi,
2832 2338 2931 2379 nec
2955 2337 3062 2377 non
3099 2324 3269 2395 ipsius
3295 2327 3570 2396 genitricis

1996 2413 2177 2470 Mariae
2206 2421 2628 2483 caeterorumque
2653 2422 2981 2481 sanctorum,
3009 2430 3237 2485 quorum
3265 2415 3378 2485 jam
3407 2432 3571 2487 supra

1994 2502 2222 2559 fecimus
2247 2502 2595 2568 mentionem,
2624 2503 2724 2557 visi
2753 2501 2950 2558 fuimus
2973 2505 3265 2561 recondere
3290 2505 3572 2576 reliquias,

1996 2601 2159 2666 atque
2190 2594 2387 2651 ibidem
2422 2594 2797 2650 constituimus
2830 2596 3141 2659 monachos,
3173 2597 3265 2666 qui
3305 2597 3404 2651 sub
3437 2612 3569 2653 san-

1996 2695 2097 2744 ctas
2121 2687 2540 2742 conversationis
2562 2702 2751 2741 norma
2770 2727 2784 2751 ,
2807 2687 2891 2741 vel
2915 2688 3207 2742 secundum
3259 2690 3567 2758 praeceden-

1998 2778 2133 2832 tium
2167 2777 2388 2831 Patrum
2417 2814 2432 2830 .
2457 2814 2474 2831 .
2508 2815 2522 2830 .
2553 2776 2785 2831 debeant
2811 2777 3030 2831 omnino
3064 2778 3334 2841 exerceri,
3379 2790 3569 2848 quate-

1998 2882 2131 2932 nus,
2168 2874 2229 2921 ut
2253 2881 2345 2936 qut
2375 2867 2623 2920 monachi
2653 2865 2882 2921 solitarii
2920 2875 3324 2937 nuncupantur,
3359 2869 3424 2925 de
3449 2883 3574 2937 per-

2000 2957 2142 3013 fecta
2168 2957 2351 3027 quiete
2371 2956 2589 3014 valeant
2613 2957 2749 3012 duce
2793 2955 3021 3011 Domino
3048 2971 3145 3027 per
3173 2966 3412 3028 tempora
3435 2959 3580 3014 exul-

1924 3027 1973 3091 C
2004 3056 2146 3111 tare,
2178 3055 2233 3102 et
2251 3048 2351 3102 sub
2393 3054 2582 3101 sancta
2604 3046 2790 3116 regula
2826 3045 3067 3100 viventes
3094 3053 3151 3100 et
3170 3027 3449 3102 beatorum
3478 3048 3579 3102 Pa-

2005 3148 2149 3193 trum
2170 3138 2337 3192 vitam
2367 3144 2635 3192 sectantes
2664 3150 2762 3203 pro
2782 3143 2927 3189 statu
2955 3135 3210 3190 Ecclesia:
3235 3146 3289 3190 et
3322 3137 3577 3208 longaevi-

2006 3236 2120 3283 tate
2144 3227 2295 3297 regni
2341 3225 2545 3289 nostri,
2573 3238 2674 3278 nec
2722 3220 2916 3278 nonut
2938 3239 3104 3279 uxore
3127 3233 3183 3279 et
3219 3224 3343 3280 filiis
3382 3227 3583 3283 nostris

2006 3317 2308 3386 populoque
2339 3312 2625 3377 catholico,
2674 3312 2891 3368 Christo
2930 3314 3158 3383 prmsule
3200 3316 3426 3370 debeant
3470 3317 3583 3386 ple-

2010 3406 2131 3460 nius
2171 3403 2385 3458 Domini
2430 3401 2857 3456 misericordiam
2891 3416 3137 3456 exorare.
3187 3401 3581 3459 Providendum

2008 3505 2093 3553 est
2120 3504 2329 3560 tamen,
2358 3501 2421 3549 ut
2447 3495 2572 3550 dum
2601 3509 2633 3548 a
2658 3494 2813 3549 nobis
2832 3508 2931 3563 pro
2958 3508 3141 3549 amore
3184 3495 3384 3549 Christi
3410 3496 3583 3565 ipsum

2010 3583 2397 3642 monasterium
2423 3597 2455 3637 a
2480 3596 2619 3638 novo
2645 3597 2808 3652 opere
2855 3589 3069 3637 constat
3111 3597 3231 3638 esse
3273 3583 3585 3654 fundatum,

2020 3680 2257 3751 qualiter
2283 3685 2707 3748 pertractemus,
2737 3678 2968 3748 qualiter
3000 3678 3251 3748 deinceps
3279 3678 3588 3734 sacerdOtes

2014 3780 2175 3841 atque
2201 3769 2485 3834 monachi,
2507 3769 2598 3839 qui
2629 3769 2825 3824 ibidem
2853 3770 3110 3834 aderunt,
3141 3770 3320 3823 vivere
3345 3769 3431 3824 vel
3459 3784 3590 3824 con-
3644 3808 3650 3815 .

2013 3865 2330 3920 solationem
2376 3873 2536 3935 atque
2591 3863 3033 3933 tranquillitatem
3087 3864 3284 3919 habere
3330 3865 3587 3931 debeant,

2014 3968 2071 4013 et
2095 3973 2432 4027 nequaquam
2459 3957 2714 4028 dispersis
2756 3957 2946 4013 ovibus
2985 3965 3171 4027 pastor
3212 3958 3465 4022 inveniat,
3498 3962 3588 4028 qui

2016 4061 2233 4119 gregem
2255 4063 2410 4102 suum
2436 4047 2826 4118 providendum
2850 4048 3120 4104 commisit
3173 4048 3345 4112 nobis,
3375 4049 3469 4103 sed
3497 4049 3590 4102 ad-

2014 4136 2181 4207 iuncti
2205 4138 2365 4192 simul
2404 4138 2613 4207 possint
2642 4137 2755 4192 Deo
2780 4137 3132 4208 omnipotenti
3183 4137 3275 4192 diu
3326 4146 3592 4206 noctuque

2018 4226 2202 4282 laudes
2227 4226 2449 4282 referre.
2477 4226 2682 4281 Idcirco
2720 4227 3014 4295 inspirante
3042 4226 3197 4280 nobis
3220 4241 3447 4295 superna
3473 4240 3594 4296 gra-

2020 4318 2095 4371 tia
2124 4317 2384 4372 donamus
2425 4316 2629 4383 pariter
2660 4324 2716 4368 et
2766 4330 2866 4385 ego
2888 4324 2944 4369 et
2967 4314 3161 4383 conjux
3188 4330 3306 4369 mea
3330 4314 3589 4370 Bertrada

343 4381 454 4465 Deo
482 4415 729 4479 regnant,
755 4381 1018 4475 nobisque
1043 4412 1229 4476 gentes
1268 4412 1324 4460 et
1365 4381 1538 4475 regna
1555 4419 1655 4475 pro
1692 4381 1789 4460 sua
1817 4404 1920 4458 mi-
1948 4381 1998 4442 ι)
2022 4406 2089 4460 ad
2132 4406 2306 4474 ipsum
2355 4381 2778 4458 sacratissimum
2804 4381 3036 4470 vlocum,
3067 4381 3246 4474 quem
3292 4404 3347 4458 in
3390 4404 3597 4461 honore

343 4496 634 4552 scricordia
658 4494 727 4548 ad
752 4494 1155 4564 gubernandum
1180 4495 1471 4561 commisit,
1497 4494 1884 4566 providendum
1903 4535 1919 4560 ,

345 4595 405 4640 ut
432 4594 486 4639 et
508 4586 763 4641 sublimes
790 4594 1029 4641 rectores
1055 4585 1223 4639 simus
1248 4587 1518 4655 inopibus,
1561 4596 1617 4641 et
1662 4600 1925 4657 pauperes

346 4689 444 4743 pro
474 4686 657 4726 amore
691 4672 891 4729 Christi
924 4689 1149 4744 regnare
1179 4682 1338 4743 atque
1364 4675 1596 4730 educare
1622 4692 1729 4731 non
1755 4676 1924 4746 negli-

350 4776 557 4831 gamus.
595 4761 736 4816 Deus
761 4763 960 4817 etenim
990 4762 1157 4834 Moysi
1185 4762 1477 4832 legislatori
1522 4765 1925 4820 tabernaculum

424 4944 450 4972 ιι
472 4928 685 4985 Prumia
709 4944 740 4983 a
765 4929 990 4987 Pronzeo
1011 4933 1126 4986 rivo
1150 4932 1204 4987 in
1224 4932 1527 4987 Arduennae
1548 4932 1736 4999 limite,
1755 4936 1928 4991 amica

352 5001 505 5072 stirpi
533 4998 795 5055 Carolinae
814 5002 996 5073 sedes,
1027 5010 1083 5057 et
1109 5017 1215 5056 non
1242 5011 1351 5055 tam
1379 5003 1447 5057 ob
1477 5002 1583 5073 loci
1617 5006 1931 5073 Opportuni-

357 5069 521 5128 tatem
557 5084 718 5141 quam
741 5069 994 5141 eximiam
1043 5072 1354 5127 monasticze
1380 5069 1933 5141 disciplina'a'clarita-

356 5153 464 5197 tem
488 5139 718 5208 expetita
743 5138 1034 5208 quondam,
1058 5149 1113 5195 et
1139 5142 1207 5195 ab
1226 5142 1467 5196 omnium
1491 5138 1739 5197 ordinum
1762 5144 1933 5198 homi-

357 5212 516 5267 nibus
535 5207 1075 5281 frequentata,glonge
1113 5210 1230 5266 aliis
1264 5211 1591 5276 antecelluit,
1624 5212 1735 5267 sive
1762 5212 1935 5281 digni-

358 5289 523 5336 tatem
544 5286 755 5350 spectes
773 5278 1064 5349 religionis,
1085 5282 1198 5338 sive
1217 5281 1646 5337 doctissimorum
1668 5290 1723 5336 et
1740 5278 1934 5337 cmiera

360 5349 655 5407 celebrium
685 5349 925 5404 virorum
953 5351 1148 5406 ibidem
1179 5352 1544 5418 professorum
1571 5350 1790 5418 famam,
1822 5353 1937 5409 sive

362 5422 576 5477 demum
590 5419 788 5492 veteris
790 5421 1051 5492 potentia:
1063 5419 1465 5492 amplitudinem
1478 5431 1531 5479 et
1550 5422 1726 5492 adhuc
1739 5422 1937 5492 perdu-

362 5492 533 5546 rantis
542 5489 853 5562 principalis
867 5490 1141 5562 dignitatis
1152 5489 1516 5562 splendorem.
1532 5490 1685 5547 Conf.
1703 5489 1935 5562 diploma

366 5560 637 5616 Bcrtradae
663 5560 880 5631 ad‘ann.
911 5560 1034 5631 721,
1054 5562 1147 5616 ubi
1175 5560 1349 5631 prima
1377 5561 1606 5617 celebris
1625 5560 1937 5618 monasterii

369 5631 711 5689 fundamenta
727 5628 1066 5704 (Patrologia’
1085 5628 1224 5688 tonio
1236 5631 1436 5687 LXXX
1455 5630 1615 5700 VIII,
1629 5631 1729 5687 col.
1754 5632 1933 5707 1274).

2024 4495 2196 4551 sancti
2232 4493 2526 4549 Salvatoris
2569 4492 2653 4548 vel
2696 4502 2895 4549 sanctm
2942 4493 3124 4548 Mariae
3172 4494 3593 4559 construximus,

2025 4600 2113 4640 res
2138 4584 2482 4655 proprietatis
2527 4589 2725 4639 nostrae
2756 4594 2778 4622 ο
2804 4584 2859 4638 in
2884 4598 3024 4654 pago
3052 4582 3277 4651 Charus,
3324 4583 3449 4639 villa
3479 4600 3599 4654 qua:

2026 4674 2225 4730 dicitur
2273 4672 2715 4735 Rumeresheim,
2773 4680 2882 4727 tam
2931 4672 3077 4727 illam
3132 4674 3434 4744 portionem
3479 4689 3599 4744 qua:

2028 4767 2095 4822 de
2121 4765 2360 4837 genitore
2387 4778 2508 4818 meo
2536 4762 2728 4819 Carolo
2755 4764 2885 4819 mihi
2917 4764 3150 4832 advenit,
3182 4781 3344 4836 quam
3365 4777 3421 4822 et
3451 4767 3599 4822 illam

2100 4936 2129 4976 δ
2160 4935 2260 5016 U_bi
2290 4936 2485 5016 ήιίξιιιιδ
2512 4938 2601 5008 qui
2626 4939 2820 5016 dicitur
2845 4939 3201 5016 Berdenjaclt,
3230 4945 3520 5016 ingreditur
3546 4949 3601 5002 in

2032 5007 2326 5087 Prumiqm.
2355 5007 2615 5087 Bromiaaa
2642 5016 2693 5062 et
2724 5007 2962 5087 Nemesis
2997 5007 3263 5087 (Priim'et
3287 5007 3467 5087 Ὶνίηιε)
3495 5017 3606 5070 Λιι-

2032 5077 2184 5149 sonio
2234 5076 2289 5129 in
2346 5076 2621 5149 Mosella.,
2650 5093 2791 5149 vers.
2831 5078 2952 5142 554,
2995 5076 3260 5145 ,‘celebrati
3306 5076 3510 5149 amnes,
3552 5088 3604 5140 in

2031 5145 2202 5224 Eillige
2222 5146 2709 5224 exorti__mo_ntibus
2741 5148 2865 5224 inde
2888 5149 3035 5204 velut
3047 5150 3280 5224 iugales,
3305 5145 3507 5224 exiguo
3523 5170 3609 5210 se-

2032 5216 2167 5271 creti
2190 5214 2490 5279 intervallo,
2516 5216 2779 5281 feruntur,
2804 5219 2975 5273 donec
2996 5234 3026 5273 a
3047 5214 3200 5275 'Sura
3248 5214 3301 5277 in
3350 5214 3607 5280 familiam

2033 5284 2290 5355 cooptati,
2310 5299 2622 5341 communes
2641 5301 2763 5341 cum
2786 5303 2851 5343 eo
2872 5302 3041 5358 aquas
3057 5290 3110 5344 in
3136 5291 3407 5348 Mosellam
3428 5294 3609 5351 devol-

2034 5365 2187 5411 vunt.
2342 5362 2351 5368 ’

2107 5436 2130 5497 ς
2160 5424 2229 5479 In
2250 5440 2384 5497 pago
2412 5423 2628 5497 Oliaros.
2658 5424 2810 5497 Hunc
2835 5441 3030 5497 pagum
3059 5444 3125 5488 ex
3150 5430 3303 5485 Alex.
3327 5431 3611 5491 Willithei-

2036 5495 2131 5575 mii
2158 5494 2977 5575 msgdescribirPa‘pebrogiius
3019 5501 3311 5575 append._3
3336 5504 3402 5558 ad
3441 5503 3610 5562 Hens-

2038 5564 2214 5623 chenii
2240 5563 2501 5634 Exegesin
2533 5566 2598 5620 de
2624 5565 2799 5635 Episc.
2832 5563 3117 5637 Tungrfcl
3144 5571 3441 5641 Trajecten.
