4046 6172
478 229 501 283 1
511 227 614 282 ὔῦθ

1461 217 1729 273 δίερυιι
1768 214 1880 272 vut
1919 209 2350 266 MONUMENTA
2383 164 2712 262 sitnon.
2811 261 2816 266 ,

3585 203 3740 260 1540

475 337 775 406 portionem
799 332 964 402 ipsius
992 329 1284 392 Bertradze,
1311 343 1472 398 quam
1497 328 1707 397 genitor
1730 341 1859 382 suus
1885 324 2051 380 Here-
2077 326 2129 384 A
2153 323 2293 377 citur
2321 319 2568 374 Ruivinio
2589 319 2642 372 in
2664 332 2802 387 pago
2825 316 3090 372 Lomense
3113 333 3276 406 super
3303 317 3520 372 ﬂuvium
3542 317 3748 384 Mm,

475 427 664 484 bertus
695 424 747 480 ei
776 425 829 478 in
869 423 994 478 dote
1019 419 1335 488 dereliquit,
1384 433 1508 473 cum
1556 416 1918 486 appendiciis,
1972 414 2053 469 vel

475 516 627 573 omni
654 513 963 584 integritate
989 525 1106 575 sua,
1138 518 1335 580 praeter
1358 508 1536 576 aliqua
1563 505 1829 574 mancipia
1855 504 1938 558 his
1958 518 2055 557 no-

479 605 746 660 minibus:
788 601 1173 664 Wucdramno,
1209 597 1510 666 Amulpho,
1557 594 1884 660 Crodoaldo,
1925 594 2055 650 Wa-

482 693 654 759 null'o,
678 692 960 756 Ghiorino,
988 689 1388 754 Chrodramno,
1417 688 1686 745 Wullrido
1703 729 1718 752 ,
1741 687 2052 757 Tancradoj,

481 784 804 848 Adalberto,
840 781 1160 850 Beringbiso
1179 821 1192 846 ,
1243 777 1481 844 Oli'redo,
1504 777 1848 842 Matall'redo,
1871 777 2056 832 Wala-

486 873 652 934 fredo,
691 871 1034 934 Madall‘redo,
1061 870 1302 932 Airoino,
1329 868 1608 931 Arefredo,
1648 866 1890 929 Adalivo,
1923 864 2054 920 Um-

487 963 632 1018 nelin
653 961 720 1016 de
746 961 1079 1025 Bertelinde,
1125 959 1432 1024 Gunbcrto,
1479 956 1800 1020 Harelinde,
1843 955 2058 1011 Wnilde

487 1066 585 1107 seu
611 1050 851 1115 Charde,
887 1049 1151 1120 Sigfrido,
1211 1047 1430 1111 Ratlco,
1483 1045 1766 1102 Dulodull'o
1811 1052 1865 1100 et
1890 1044 2054 1109 Lufo,

488 1137 674 1203 Mulfo,
704 1137 903 1208 Ratgar
927 1137 994 1192 de
1023 1137 1330 1201 Gerolinde,
1359 1136 1734 1200 Hildoarance,
1765 1135 2056 1199 Wineade,

486 1229 798 1294 Aznarane,
845 1228 1154 1298 Alpelinde,
1202 1227 1564 1298 Magnelindc,
1601 1225 1906 1280 Zebelinde.
1935 1225 2061 1280 Habe

488 1320 654 1391 igitur
688 1319 953 1388 mancipia
984 1319 1053 1373 ad
1077 1325 1320 1372 nostrum
1350 1332 1486 1387 opus
1507 1316 1846 1380 retinuimus,
1877 1316 1932 1370 in
1971 1330 2058 1369 re-

488 1410 638 1480 liquo
655 1425 785 1465 vero
831 1409 1000 1480 ipsam
1043 1408 1229 1462 villam
1256 1423 1379 1462 cum
1429 1407 1576 1460 omni
1622 1405 1929 1476 integritate
1964 1420 2061 1459 sua

489 1501 560 1556 ad
591 1503 764 1572 ipsum
794 1510 1039 1557 sanctum
1085 1500 1260 1556 locum
1291 1500 1554 1554 tradimus
1602 1507 1763 1570 atque
1791 1499 2064 1554 transfun-

490 1589 702 1655 dimus,
735 1588 964 1658 inicujus
994 1589 1223 1643 termino
1254 1589 1428 1658 ipsum
1474 1589 1857 1643 monasterium
1891 1590 2064 1643 sancti

2153 425 2274 479 quae
2293 414 2602 464 constructa
2651 413 2736 463 est
2773 405 2828 459 in
2861 406 3064 460 honore
3105 404 3318 461 Sanctae
3360 407 3565 472 Marias,
3601 423 3750 462 cum

2152 500 2299 556 omni
2334 499 2530 554 merito
2558 505 2614 552 et
2640 497 2971 567 appendiciis
2998 496 3130 550 suis.
3162 496 3240 549 Ea
3266 495 3517 552 videlicet
3546 497 3752 551 condi-

2157 593 2300 647 tione
2323 589 2717 660 suprascriptas
2746 602 2854 652 res,
2880 595 2989 641 tam
3032 587 3210 652 villas,
3246 603 3408 656 quam
3442 598 3500 642 et
3543 587 3749 649 cellas,

2155 699 2278 740 cum
2309 682 2454 737 omni
2494 680 2804 751 integritate
2837 693 3024 734 eorum
3049 681 3118 734 ad
3142 680 3317 748 ipsum
3343 681 3752 734 monasterium

2155 774 2557 837 conﬁrmamus,
2571 773 2625 828 id
2644 779 2746 836 est,
2775 787 2881 824 una
2911 786 3035 826 cum
3066 771 3243 834 terris,
3269 769 3535 834 domibus,
3565 769 3754 824 aedili-

2155 868 2275 930 ciis,
2300 864 2601 928 accolabus,
2620 863 2922 932 mancipiis,
2944 861 3135 923 vineis,
3161 860 3344 930 sylvis,
3364 860 3594 930 campis,
3620 874 3757 930 pra-
3787 930 3790 932 γ

2159 959 2246 1021 tis,
2275 955 2514 1026 pascuis,
2542 953 2718 1022 aquis,
2752 965 3014 1021 aquarum
3059 949 3397 1012 decursibus,
3443 949 3757 1004 mobilibus

2159 1054 2214 1100 et
2267 1043 2652 1106 immobilibus,
2684 1041 2957 1111 pecuniis,
2987 1039 3210 1109 peculiis
3236 1040 3516 1108 utriusque
3544 1055 3753 1102 sexus,

2159 1150 2350 1207 greges
2377 1150 2498 1190 cum
2524 1133 2859 1203 pastoribus,
2908 1131 3168 1186 omnia'et
3194 1145 3262 1185 ex
3285 1130 3534 1185 omnibus
3550 1171 3566 1192 ,
3593 1148 3630 1184 a
3659 1131 3759 1184 die

2161 1227 2432 1298 praesenti,
2461 1233 2516 1281 et
2565 1225 2836 1294 deinceps,
2882 1223 3085 1293 absque
3132 1221 3290 1276 ullius
3335 1221 3756 1290 impedimento,

2160 1317 2306 1372 omni
2329 1325 2572 1386 tempore
2597 1314 2917 1384 supradicta:
2944 1328 3032 1368 res
3053 1312 3121 1366 ad
3147 1313 3320 1380 ipsum
3349 1314 3760 1367 monasterium

2157 1408 2267 1478 jam
2303 1406 2648 1476 smpedictum
2673 1404 2846 1459 sancti
2871 1403 3165 1458 Salvatoris
3203 1403 3482 1473 proﬁciant
3521 1406 3574 1458 in
3599 1421 3760 1477 aug—

2165 1496 2483 1557 mentis..lta
2511 1505 2691 1549 tamen
2718 1493 2986 1559 volumus,
3031 1502 3092 1547 ut
3140 1493 3316 1562 ipsum
3351 1495 3760 1548 monasterium

2165 1587 2338 1643 sancti
2365 1584 2678 1651 Salvatoris,
2701 1599 2796 1639 seu
2822 1599 2912 1639 res
2929 1599 3050 1654 quae
3069 1583 3136 1637 ad
3157 1583 3329 1652 ipsum
3350 1585 3763 1638 monasterium

495 1681 790 1737 Salvatoris
815 1690 899 1737 est
917 1681 1228 1746 fundatum,
1258 1691 1314 1736 et
1339 1681 1482 1734 illam
1531 1680 1867 1736 mansionem
1905 1695 2068 1750 super
2099 1664 2144 1724 Β
2167 1680 2455 1750 pertinent,
2485 1686 2595 1733 tam
2617 1693 2734 1746 qua:
2755 1693 2823 1732 ex
2847 1677 3164 1731 auctoritate
3193 1682 3373 1728 nostra
3396 1683 3520 1728 sunt
3548 1675 3767 1729 contir-

493 1773 789 1837 Prumiam,
814 1773 903 1826 ubi
930 1771 1136 1826 rivulus
1155 1771 1246 1839 qui
1273 1770 1470 1824 dicitur
1491 1769 1916 1833 Escutmisbacb,
1939 1784 2067 1824 con-

493 1862 611 1918 lluit
634 1864 687 1918 in
712 1863 1010 1926 Prumiam,
1039 1863 1133 1932 qui
1160 1869 1241 1917 est
1282 1870 1622 1916 constructus
1671 1876 1836 1931 super
1881 1861 2069 1916 termi-

493 1968 625 2008 num
653 1953 923 2023 prazdictze
945 1951 1105 2006 villae.
1133 1951 1392 2006 Similiter
1433 1951 1698 2006 donamus
1735 1951 1803 2004 ad
1823 1951 1937 2021 jam
1957 1951 2071 2006 dic-

493 2049 611 2098 tum
649 2042 1036 2097 monasterium
1078 2041 1132 2095 in
1160 2056 1298 2111 pago
1337 2040 1614 2105 Muslinse,
1661 2055 1823 2110 super
1851 2039 2070 2094 ﬂuvium

498 2131 751 2194 Mosellae,
798 2130 953 2185 villas
1006 2140 1222 2185 nostras
1278 2130 1364 2185 his
1413 2130 1720 2185 nominibus
1773 2129 2073 2200 Meringum

499 2219 772 2292 (Mering),
798 2219 1062 2274 Scoaeum
1095 2218 1428 2292 (Schweich),
1455 2232 1481 2260 α
1507 2235 1612 2273 una
1651 2233 1772 2274 cum
1800 2221 1996 2276 merito
2020 2228 2076 2276 et

499 2309 740 2364 terminis
791 2309 878 2364 vel
919 2308 1251 2380 appendiciis
1298 2308 1429 2364 suis.
1474 2307 1746 2363 Donamus
1791 2317 1848 2362 et
1892 2308 2076 2364 villam

497 2409 737 2455 nostram
759 2401 814 2454 in
833 2416 971 2471 pago
995 2400 1242 2464 Bidense,
1272 2414 1392 2469 qua:
1411 2399 1608 2454 dicitur
1630 2399 1894 2456 Marciaco
1914 2399 2078 2471 (Her—

497 2488 646 2562 tich),
677 2505 781 2544 una
815 2505 942 2545 cum
968 2489 1177 2546 meritis
1211 2497 1266 2544 et
1289 2489 1620 2559 appendiciis
1659 2489 1791 2545 suis.
1818 2488 2082 2545 Similiter

498 2578 761 2634 donamus
782 2579 849 2634 ad
892 2579 1067 2650 ipsum
1093 2580 1478 2634 monasterium
1525 2579 1708 2634 villam
1739 2588 1981 2636 nostram
2023 2581 2079 2635 in

501 2683 640 2739 pago
667 2669 864 2725 Ellinse
893 2668 1189 2726 Sarabodis
1212 2669 1626 2743 (Sarensdorph)
1664 2671 1791 2726 villa
1829 2687 1935 2726 una
1957 2687 2082 2727 cum

501 2757 801 2823 soliditate,
837 2758 1082 2813 terminis
1123 2771 1285 2828 atque
1316 2760 1645 2830 appendiciis
1683 2762 1830 2825 suis,
1884 2761 2025 2816 sicut
2050 2776 2083 2816 a

501 2846 798 2902 Garaberto
821 2863 1065 2917 possessa
1109 2847 1227 2903 luit.
1260 2849 1545 2904 Tradimus
1591 2850 1694 2904 alia
1739 2852 1846 2906 duo
1884 2852 2000 2908 loca
2027 2852 2082 2906 in

502 2937 736 2992 Carasco
775 2939 842 2993 ad
885 2937 1024 2992 idem
1072 2940 1456 2994 monasterium
1496 2941 1988 3012 Wathit-Lendorp
2027 2953 2082 2998 et

501 3025 862 3098 Birgisburias
889 3044 1012 3082 cum
1033 3029 1284 3084 omnibus
1311 3029 1626 3098 adjacentiis
1648 3032 1761 3086 suis
1795 3042 1850 3086 et
1883 3049 2084 3103 appen-

504 3116 678 3170 diciis.
711 3115 976 3172 Similiter
1003 3118 1265 3174 donamus
1300 3120 1355 3173 in
1391 3135 1527 3191 pago
1560 3120 1898 3178 Riboariensi
1937 3124 2084 3179 illam

503 3209 806 3279 portionem
835 3209 888 3263 in
934 3209 1245 3278 Reginbach
1271 3209 1586 3283 (Reinbach)
1606 3253 1621 3277 ,
1648 3227 1811 3282 quam
1849 3215 2086 3270 vasallus

504 3308 691 3356 noster
708 3299 1016 3372 Aglibertus
1056 3315 1153 3370 per
1199 3300 1519 3356 beneficium
1564 3303 1754 3358 habuit
1779 3313 1834 3359 et
1876 3307 2089 3376 genitor

505 3404 659 3447 meus
685 3391 910 3447 Carolus
939 3392 1072 3447 mihi
1099 3392 1316 3462 reliquit
1336 3394 1389 3448 in
1414 3393 1736 3462 allodem,et
1755 3396 1899 3450 illam
1923 3397 2084 3453 aliam

505 3482 808 3554 portionem
839 3482 893 3536 in
927 3482 1040 3553 ipsa
1058 3481 1202 3548 villa,
1231 3499 1392 3554 quam
1423 3483 1740 3540 Heribertus
1768 3487 1923 3540 uxori
1953 3502 2088 3542 mete

506 3571 782 3628 Bertradaa
802 3573 856 3627 in
875 3573 1104 3628 allodem
1130 3573 1353 3629 dimisit.
1382 3573 1778 3630 Conﬁrmamus
1797 3577 1959 3631 etiam
1985 3577 2091 3632 ibi-

509 3668 632 3722 dem
657 3675 712 3721 et
739 3666 868 3732 illas
895 3683 1000 3733 res,
1026 3683 1145 3736 qua:
1168 3677 1326 3722 antea
1355 3668 1423 3723 ad
1465 3669 1637 3737 ipsam
1685 3668 1970 3723 ecclesiam
1994 3683 2092 3738 per

511 3759 869 3814 instrumenta
928 3759 1242 3814 chartarum
1295 3759 1493 3813 ibidem
1543 3757 1799 3828 delegatte
1853 3759 2089 3822 fuerunt,

511 3863 632 3901 cum
671 3847 819 3902 omni
847 3847 1159 3916 integritate
1189 3862 1398 3901 earum.
1425 3847 1709 3902 Tradimus
1736 3848 1897 3916 igitur
1923 3848 1990 3902 ad
2013 3848 2093 3916 ip-

512 3953 632 3991 sum
679 3936 1103 3992 sacratissimum
1148 3935 1325 3989 locum
1354 3935 1600 4003 superius
1645 3937 2094 4004 comprehensum

511 4025 702 4080 cellam
737 4025 859 4096 jure
903 4024 1252 4096 proprietatis
1302 4032 1500 4076 nostrae
1546 4023 1600 4078 in
1643 4039 1779 4094 pago
1825 4024 2090 4094 Spirensi,

513 4133 634 4188 quae
653 4125 738 4173 est
772 4125 1081 4172 constructa
1111 4117 1166 4171 in
1205 4116 1413 4172 honore
1437 4115 1608 4170 sancti
1656 4115 1892 4170 Medardi
1910 4156 1925 4181 ,
1969 4133 2091 4172 cum

513 4209 655 4266 villis
674 4217 730 4265 et
763 4208 1093 4280 appendiciis
1124 4209 1266 4273 suis,
1291 4222 1452 4277 quem
1483 4205 1841 4262 ﬂerlibandus
1884 4215 1939 4262 et
1966 4207 2096 4262 We-

513 4301 747 4364 olentio,
782 4315 884 4354 nec
910 4315 1016 4354 non
1056 4297 1313 4371 Bagull'us
1339 4299 1472 4354 mihi
1523 4297 1890 4361 tradiderunt,
1924 4305 2094 4351 totum

515 4402 571 4448 et
591 4393 659 4447 ad
684 4393 976 4463 integrum,
1021 4400 1130 4446 tam
1177 4391 1420 4447 ecclesia:
1461 4391 1784 4456 ministeria,
1834 4405 1998 4461 quam
2039 4398 2095 4445 et

517 4483 650 4537 alias
679 4497 768 4538 res
790 4483 988 4538 ibidem
1025 4482 1376 4552 pertinentes.
1428 4482 1704 4537 Donamus
1733 4482 1895 4537 etiam
1925 4481 1993 4536 ad
2019 4480 2097 4550 ip-

517 4587 636 4626 sum
665 4571 1047 4626 monasterium
1083 4570 1275 4626 cellam
1319 4571 1512 4638 aliam,
1561 4589 1682 4643 qum
1711 4573 1918 4642 dicitur
1963 4570 2096 4627 Cas-

519 4663 666 4718 lcoca
686 4703 703 4729 ,
740 4678 861 4732 qua:
907 4670 992 4718 est
1017 4664 1190 4733 posita
1219 4662 1359 4718 infra
1387 4665 1647 4720 terminos
1699 4663 1993 4730 Senciaco,
2042 4674 2098 4720 et

516 4754 679 4810 estin
705 4755 907 4809 honore
930 4755 1103 4808 sancti
1131 4754 1278 4809 Petri
1312 4763 1650 4821 constructa,
1675 4770 1798 4809 cum
1847 4755 2096 4810 omnibus

519 4845 838 4916 adjacentiis
860 4845 942 4900 vel
969 4845 1296 4914 appendiciis
1332 4846 1463 4901 suis.
1497 4845 1892 4901 Conﬁrmamus
1936 4847 2102 4916 igitur

517 4948 576 4993 et
608 4939 820 4994 tertiam
849 4937 1037 4992 cellam
1059 4937 1127 4992 ad
1168 4938 1344 5006 ipsum
1374 4947 1619 4992 sanctum
1645 4937 1841 5002 locum,
1868 4953 1986 5007 qua:
2021 4939 2101 4992 di-

595 5083 618 5110 ιι
652 5069 770 5141 Una
793 5087 911 5141 cum
938 5071 1142 5134 merito,
1181 5071 1234 5126 id
1263 5079 1375 5134 est,
1431 5072 1635 5135 reditu,
1681 5080 1963 5141 proventu.
2023 5073 2103 5127 Du

523 5141 702 5211 Cang.
731 5140 802 5211 in
827 5139 1064 5196 Glossar.
1085 5141 1184 5197 hac
1209 5156 1359 5196 voce.
1683 5139 1698 5141 '

595 5212 621 5250 b
641 5210 810 5264 Abba:
837 5211 1041 5266 nomine
1064 5211 1338 5265 Assuerus.
1370 5211 1803 5275 Wandelbertus,
1827 5210 2106 5267 Prumien-

523 5280 602 5352 s_is
627 5281 887 5352 scriptor,
925 5281 1033 5352 his
1054 5282 1385 5352 temporibus
1419 5296 1650 5350 suppar,
1681 5282 1735 5335 in
1755 5281 1905 5337 Actis
1935 5283 2106 5352 sancti

524 5348 981 5421 Goaris'reliquit,
1008 5348 1324 5408 Assuarium
1345 5393 1360 5416 ,
1379 5348 1692 5421 primosque
1717 5352 1950 5407 ρωποι)ὶί
1979 5351 2105 5406 Pru-

528 5418 750 5492 miensis
778 5418 1126 5488 habitatores,
1157 5421 1323 5478 fuisse
1348 5418 1819 5492 Romanae—lingua:
1848 5430 1895 5474 et
1917 5423 2102 5491 gentis,

529 5489 633 5544 hoc
667 5493 968 5562 e_st.‘quod
1009 5493 1204 5562 eruditi
1257 5508 1446 5548 omnes
1483 5489 1811 5562 intelligunt,
1857 5489 2108 5562 quodque

529 5567 650 5613 acta
686 5559 748 5610 D.
780 5558 973 5614 Goaris
1007 5560 1303 5617 clarissime
1322 5558 1885 5625 ostendunt.,'Gallos.

609 5635 631 5663 ο
659 5626 733 5678 De
756 5629 1148 5695 congregatione
1174 5633 1384 5700 domini
1437 5631 1658 5685 Romani
1710 5642 1757 5684 et
1809 5632 2109 5702 i‘Volframti

2109 2995 2156 3059 C

2144 3117 2146 3120 ’
2183 3128 2409 3184 Romani
2422 3136 2477 3184 et
2498 3125 2798 3184 Wolfranni
2819 3125 3210 3195 episcoporum,
3236 3123 3437 3193 quosin
3459 3123 3564 3177 hoc
3583 3135 3783 3177 caeno-

2168 1777 2355 1832 matze,
2381 1783 2543 1838 quam
2569 1783 2742 1838 quaea
2795 1766 2967 1821 Deum
3014 1765 3327 1820 timentibus
3370 1765 3587 1820 inantea
3636 1765 3767 1819 {ueto

2169 1860 2279 1914 rint
2305 1859 2608 1924 collatum,
2636 1859 2690 1913 in
2735 1866 2922 1913 nostra
2969 1857 3079 1912 sint
3126 1865 3392 1928 potestate
3427 1858 3513 1912 vel
3566 1857 3768 1911 defen-

2168 1949 2318 2005 sione
2346 1965 2441 2004 seu
2467 1949 2736 2003 haeredum
2782 1955 3121 2014 nostrorum,
3156 1955 3211 2002 et
3238 1947 3348 2016 ipsa
3372 1947 3766 2017 congregatio,

2167 2055 2334 2110 quam
2359 2040 2415 2094 in
2450 2039 2626 2109 ipsum
2671 2039 3060 2094 monasterium
3107 2037 3518 2102 intromisimus,
3563 2054 3668 2093 seu
3708 2046 3770 2094 et

2173 2129 2202 2168 ιι
2227 2130 2394 2185 abbas
2423 2130 2638 2184 nomine
2667 2128 2932 2184 Assuerus
2961 2135 3054 2182 aut
3097 2143 3434 2183 successores
3473 2129 3733 2198 ejusdem
3751 2169 3770 2195 ,

2171 2221 2300 2276 dum
2321 2221 2422 2276 sub
2441 2229 2627 2276 sancta
2667 2221 2851 2291 regula
2893 2219 3093 2274 ibidem
3118 2218 3230 2274 Deo
3271 2220 3568 2273 auxiliante
3615 2219 3771 2273 mili-

2174 2320 2294 2367 tare
2317 2311 2564 2366 voluerit.
2614 2311 2722 2367 Nos
2756 2311 2820 2366 de
2849 2310 2952 2365 alia
3002 2311 3413 2382 congregatione
3462 2309 3767 2373 abbatem,

2179 2419 2282 2460 nec
2329 2403 2653 2459 monachum
2701 2411 2891 2457 contra
2915 2411 3158 2457 nostrum
3185 2401 3431 2456 ordinem
3453 2416 3560 2468 non
3590 2402 3772 2455 intro-

2177 2495 2464 2560 mittimus,
2496 2507 2596 2551 nec
2619 2494 2862 2549 haeredes
2884 2494 3074 2549 nostri.
3102 2493 3168 2546 Et
3192 2492 3317 2562 quia
3364 2492 3540 2562 ipsum
3569 2507 3774 2546 mona—

2184 2585 2413 2640 sterium
2435 2583 2504 2639 ab
2525 2582 2672 2638 omni
2701 2583 3025 2638 secularium
3048 2597 3177 2636 cura
3203 2595 3451 2636 securum
3469 2595 3590 2634 esse
3609 2579 3773 2633 volu-

2179 2691 2299 2732 mus
2317 2717 2333 2741 ,
2361 2683 2574 2746 oportet
2598 2682 2659 2729 ut
2682 2680 2880 2729 nostrae
2908 2673 3204 2729 clementiae
3224 2671 3463 2742 provisio
3488 2671 3556 2725 de
3577 2669 3774 2724 futura

2183 2767 2365 2837 quiete
2392 2765 2619 2820 fratrum
2643 2765 2842 2819 ibidem
2887 2764 3214 2818 manentium
3263 2761 3465 2816 salubri
3509 2761 3778 2831 disponat

2181 2857 2539 2921 ordinatione,
2567 2864 2830 2924 quatenus
2862 2854 2916 2907 in
2939 2852 3035 2906 Dei
3060 2852 3278 2907 servitio
3307 2852 3477 2922 gratia
3501 2848 3623 2918 ejus
3657 2850 3778 2904 suf—

2184 2944 2425 3016 fragante
2461 2952 2822 3015 perseverent.
2865 2941 2974 2997 Nos
3007 2943 3170 2996 etiam
3203 2957 3270 2996 ex
3313 2941 3606 2995 autoritate
3637 2955 3774 2994 nos-

2185 3045 2268 3093 tra
2297 3038 2449 3093 vobis
2475 3036 2836 3100 concedimus,
2875 3041 2937 3088 ut
2957 3045 2980 3073 ο
3011 3035 3077 3089 de
3114 3034 3528 3104 congregatione
3562 3032 3780 3087 domini

2182 3221 2274 3279 bio
2303 3219 2476 3275 sancti
2515 3217 2814 3273 Salvatoris
2850 3214 3292 3285 congregavimus
3311 3255 3326 3277 ,
3352 3213 3566 3282 quando
3595 3210 3778 3265 abbas

2184 3310 2250 3365 de
2275 3311 2377 3364 bac
2425 3308 2535 3362 vita
2560 3306 2898 3378 migraverit,
2925 3319 3030 3357 una
3054 3319 3178 3357 cum
3223 3318 3483 3357 consensu
3506 3310 3703 3355 nostro
3725 3308 3783 3356 et

2188 3411 2370 3457 vestro
2391 3399 2639 3454 abbatem
2665 3397 2729 3451 de
2754 3397 2866 3464 ipsa
2887 3394 3302 3464 congregatione
3331 3394 3472 3447 vobis
3495 3395 3684 3462 regula
3695 3396 3783 3448 ri-

2185 3502 2270 3548 ter
2321 3492 2518 3562 eligere
2552 3489 2809 3543 debeatis.
2833 3487 2900 3539 Et
2935 3494 2998 3539 ut
3040 3500 3137 3539 vos
3163 3499 3263 3554 pro
3306 3485 3532 3538 remedio
3565 3487 3782 3544 anima:

2191 3595 2390 3642 nostra:
2430 3593 2484 3638 et
2536 3581 2779 3653 conjugis
2826 3579 3096 3650 prolisque
3147 3585 3347 3633 nostrze
3388 3586 3444 3632 et
3487 3593 3782 3633 successo-

2196 3693 2319 3733 rum
2357 3684 2694 3738 nostrorum,
2723 3681 2778 3728 et
2803 3688 2901 3743 pro
2942 3671 3234 3726 stabilitate
3285 3672 3448 3725 totius
3497 3671 3720 3741 imperii
3748 3689 3782 3727 a

2189 3768 2301 3823 Deo
2320 3766 2477 3821 nobis
2505 3764 2747 3821 concessi
2792 3771 2847 3816 et
2887 3761 3006 3830 ejus
3035 3762 3266 3832 gratuita
3312 3762 3697 3816 misericordia
3722 3763 3779 3819 in

2190 3863 2450 3911 aeternum
2473 3852 2840 3909 conservanda
2874 3851 3184 3920 perenniter
3209 3850 3422 3905 Domini
3470 3850 3785 3910 Salvatoris

2191 3943 2363 4000 nostri
2388 3941 2516 3999 Jesu
2540 3941 2740 3997 Christi
2766 3939 3189 3994 misericordiam
3212 3939 3502 4008 implorare
3521 3941 3784 4006 delectet,

2193 4045 2357 4107 atque
2393 4036 2446 4090 in
2468 4035 2640 4105 ipsius
2665 4032 2912 4088 laudibus
2947 4033 3036 4087 die
3088 4039 3352 4102 nocteque
3388 4045 3784 4102 perseverare,

2193 4139 2248 4185 et
2276 4127 2499 4182 remotis
2522 4122 2895 4195 temporalium
2921 4123 3360 4178 meditationibus
3380 4163 3394 4187 ,
3417 4138 3789 4193 supernorum

2195 4221 2512 4292 gaudiorum
2549 4215 2986 4287 contemplationi
3037 4223 3217 4270 mente
3263 4213 3431 4269 libera
3476 4215 3786 4280 intendere,

2129 4344 2176 4403 ο
2198 4317 2576 4388 praecipimus,
2603 4325 2663 4370 ut
2690 4314 2833 4369 nulla
2861 4309 3170 4403 praeiudicia
3197 4319 3360 4403 atque
3397 4310 3719 4403 gravamina
3757 4328 3788 4364 a

2201 4407 2346 4462 nullo
2367 4407 2741 4477 episcoporum
2762 4420 2857 4459 seu
2883 4402 3221 4458 saecularium
3251 4399 3576 4462 inferantur,
3599 4411 3658 4454 et
3681 4402 3792 4454 hae-

2199 4500 2354 4553 redes
2382 4498 2551 4553 nostri
2589 4513 2686 4567 per
2717 4495 2890 4551 nullas
2927 4503 3073 4549 artes
3108 4494 3236 4548 dum
3271 4493 3372 4562 ipsi
3398 4492 3648 4546 monachi
3704 4509 3792 4546 re-

2201 4590 2460 4659 gulariter
2499 4598 2553 4644 et
2609 4589 2838 4644 fideliter
2880 4603 2911 4641 a
2947 4594 3101 4657 parte
3147 4593 3332 4639 nostra
3384 4585 3468 4638 vel
3509 4583 3793 4637 hzeredum

2200 4687 2529 4743 nostrorum,
2557 4677 2756 4732 ibidem
2783 4690 3104 4731 conversare
3126 4675 3390 4738 videntur,
3425 4673 3670 4727 hzeredes
3696 4688 3796 4726 no-

2204 4771 2302 4825 stri
2331 4771 2476 4839 ipsos
2519 4769 2573 4823 in
2618 4769 2866 4824 cmnobio
2913 4776 3100 4823 nostro
3140 4775 3456 4837 protegant,
3502 4767 3645 4821 sicut
3690 4767 3798 4822 visi

2203 4871 2346 4918 sunt.
2375 4861 2484 4916 Deo
2518 4869 2737 4914 auctore
2757 4859 2933 4929 ipsum
2962 4859 3137 4912 locum
3167 4858 3566 4921 constituimus,
3597 4857 3680 4911 sic
3705 4874 3798 4912 us-

2204 4968 2307 5022 que
2341 4953 2396 5006 in
2443 4960 2703 5005 atternum
2743 4947 3089 5004 inconvulsus
3130 4954 3462 5016 permaneat,
3512 4960 3614 5015 pro
3662 4961 3798 5018 aug-

2205 5088 2581 5158 episcoporum.
2631 5084 2903 5158 Romanus
2922 5093 2977 5138 et
2997 5081 3346 5158 Wolfrannus
3363 5124 3378 5147 ,
3403 5083 3639 5158 episcopi
3667 5083 3798 5158 Elel-

2207 5153 2398 5212 dcnses
2429 5172 2570 5211 unus
2595 5163 2716 5224 post
2741 5155 2970 5210 alterum
2996 5154 3230 5216 fuerunt,
3258 5161 3316 5224 et
3351 5153 3655 5218 regularem
3685 5155 3797 5207 dis-

2207 5226 2458 5296 ciplinam
2499 5227 2554 5280 in
2581 5223 2968 5296 monasterium
3004 5233 3203 5280 sancta:
3237 5223 3434 5296 Crucis
3476 5239 3606 5296 seu_
3618 5224 3796 5296 sancti

2208 5291 2434 5352 Faronis
2459 5295 2597 5352 infra
2637 5295 2959 5350 Meldenscm
2983 5297 3170 5350 urbem
3207 5295 3274 5348 ad
3314 5293 3534 5348 ﬂuvium
3587 5291 3797 5349 Matro-

2209 5383 2334 5445 nam
2362 5366 2437 5437 (la
2466 5365 3289 5445 Mame)nintrodux.erunt_,unde
3314 5364 3799 5445 illiushcongregao.

2210 5438 2286 5491 tio
2313 5432 2507 5492 numen
2537 5452 2569 5490 a
2608 5432 3052 5491 reformatoribus
3099 5437 3246 5490 hisce
3286 5434 3524 5504 accepit;
3553 5443 3610 5487 et
3634 5432 3798 5502 primi

2210 5506 2461 5561 monachi
2505 5505 2850 5564 Prumienscs
2898 5520 2963 5560 ex
2989 5507 3092 5562 hoc
3130 5505 3384 5562 Meldcnsi
3418 5503 3676 5560 coenobio
3705 5505 3798 5560 ad.

2211 5579 2385 5634 vocati
2425 5586 2568 5632 sunt.
