4046 6172
564 218 706 277 1545

1553 219 1819 276 δίΕΟυιι
1859 220 1969 277 VIII
2009 219 2439 276 MONUMENTA
2480 217 2812 272 SELECTA.

3664 214 3784 269 15M

569 350 688 397 sent
711 340 821 394 Deo
844 335 1192 406 omnipotenti
1233 335 1322 388 diu
1353 334 1628 401 'noctuque
1672 333 1856 388 laudes
1900 334 2122 387 referre.
2155 338 2202 393 Α
2229 332 2414 400 pratis,
2437 330 2669 398 pascuis,
2697 329 2870 397 aquis,
2901 341 3268 396 aquarumque
3312 326 3646 390 decursibus,
3676 343 3783 382 mo-

561 426 788 489 Idcirco,
831 425 1123 492 inspirante
1165 422 1320 475 nobis
1366 436 1595 490 superna
1641 421 1834 488 gratia,
1865 421 2125 475 donamus

561 515 791 585 pariter,
820 528 918 583 ego
946 521 1000 565 et
1029 511 1220 580 conjux
1261 527 1379 566 mea
1423 511 1676 565 Bertrada
1719 511 1786 565 ad
1825 510 1999 578 ipsum
2039 525 2126 564 sa-

561 603 919 657 cratissimum
955 600 1147 662 locum,
1179 615 1337 670 quem
1366 600 1421 654 in
1448 601 1650 655 honore
1686 601 1856 655 sancti
1887 600 2126 655 Salvato-

562 693 635 746 ris
663 692 746 745 vel
775 700 972 746 sancta:
1014 691 1192 745 Mariae
1219 691 1635 756 eonstruximus,
1665 706 1752 745 res
1779 691 2125 760 proprietatis

560 789 758 835 nostra:
778 781 830 834 in
846 796 983 848 pago
1002 779 1354 842 Chorosvilla,
1371 795 1488 848 qua:
1504 779 1604 832 dici
1613 787 1699 831 tur
1715 777 2119 838 Rumeresheim.

562 879 672 921 tam
715 869 857 921 illam
900 869 1220 936 portionem,
1263 883 1383 935 quae
1420 868 1484 920 de
1509 867 1750 936 genitore
1787 881 1906 920 meo
1932 866 2125 921 Carolo

560 958 692 1011 mihi
733 957 967 1020 advenit,
995 972 1156 1025 quam
1185 964 1239 1017 et
1277 956 1420 1009 illam
1448 956 1749 1024 portionem
1780 955 1949 1024 ipsius
1987 955 2122 1009 Ber-

560 1046 747 1109 tradaa,
789 1061 948 1114 quam
976 1046 1183 1116 genitor
1217 1061 1346 1100 suus
1376 1045 1689 1099 Heribcrtus
1711 1045 1760 1098 ei
1800 1045 1854 1098 in
1883 1045 2006 1100 dote
2033 1045 2126 1099 de-

559 1137 794 1205 reliquit,
819 1151 939 1190 cum
967 1136 1311 1206 appendiciis,
1338 1136 1482 1190 omni
1505 1136 1809 1206 integritate
1839 1149 1954 1198 sua,
1986 1151 2125 1204 pra:-

559 1236 646 1283 ter
662 1228 839 1296 aliqua
863 1228 1146 1297 mancipia.
1173 1226 1299 1281 Haec
1317 1226 1480 1296 igitur
1503 1226 1767 1295 mancipia
1787 1226 1854 1279 ad
1880 1234 2123 1279 nostrum

557 1333 694 1390 opus
735 1319 1081 1382 retinuimus,
1109 1318 1162 1371 in
1190 1317 1395 1386 reliquo
1423 1331 1550 1370 vero
1575 1317 1742 1390 ipsam
1778 1315 1956 1368 villam
2000 1330 2122 1369 cum

557 1409 705 1465 omni
734 1409 1038 1479 integritate
1067 1423 1162 1462 sua
1188 1407 1255 1461 ad
1283 1407 1454 1475 ipsum
1482 1414 1725 1460 sanctum
1757 1405 1933 1459 locum
1961 1406 2124 1460 tradi-

559 1515 678 1555 mus
710 1507 870 1568 atque
917 1496 1368 1561 transfundimus,
1396 1497 1450 1550 in
1483 1496 1633 1566 cujus
1676 1496 1902 1551 termino
1948 1497 2122 1564 ipsum

557 1590 944 1645 monasterium
964 1588 1136 1643 sancti
1157 1585 1453 1642 Salvatoris
1474 1595 1556 1640 est
1573 1586 1849 1640 fundatum
1866 1603 1879 1649 ;
1899 1595 1954 1640 et
1978 1586 2122 1640 illam

2225 421 2420 474 vilibus
2447 428 2501 472 et
2546 419 2935 481 immovilibus,
2964 417 3224 485 pecuniis,
3251 415 3475 483 peculiis
3516 416 3785 483 utriusque

2222 523 2403 574 sexus,
2439 521 2626 578 greges
2655 523 2778 562 cum
2818 507 3144 575 pastoribus,
3175 506 3355 559 omnia
3383 515 3438 560 et
3461 521 3528 559 ex
3551 511 3786 564 omnibus

2222 618 2253 656 a
2280 603 2366 657 die
2391 610 2654 672 prasente
2699 610 2756 655 et
2798 602 3069 669 deinceps,
3105 602 3306 669 absque
3353 601 3516 656 ullius
3569 603 3783 671 impedi-

2222 701 2422 755 mento,
2453 693 2598 746 omni
2638 701 2876 760 tempore
2919 691 3241 760 supradicta:
3271 706 3358 746 res
3381 692 3448 744 ad
3478 693 3653 762 ipsum
3683 710 3785 748 mo—

2223 782 2516 836 nasterium
2533 781 2647 848 jam
2689 798 2830 851 srepe
2856 783 3058 836 dictum
3086 783 3260 837 sancti
3306 782 3603 836 Salvatoris
3629 787 3785 852 proﬁ-

2222 869 2366 923 ciant
2413 870 2467 923 in
2514 869 2833 937 augmentis,
2881 868 2955 921 ita
3011 876 3189 922 tamen
3239 870 3504 933 volumus,
3533 879 3592 922 ut
3622 871 3788 940 ipsum

2223 959 2606 1012 monasterium
2629 957 2799 1011 sancti
2825 955 3144 1023 Salvatoris,
3167 973 3262 1012 seu
3287 973 3373 1012 res
3394 973 3514 1027 qua:
3535 961 3602 1014 ad
3624 961 3791 1028 ipsum

2223 1045 2607 1100 monasterium
2636 1046 2939 1113 pertinent,
2969 1052 3077 1099 tam
3105 1062 3226 1115 qua:
3255 1049 3573 1102 auctoritate
3614 1059 3790 1103 nostra

2221 1144 2345 1190 sunt
2387 1136 2748 1199 conﬁrmatae,
2777 1151 2940 1204 quam
2967 1151 2998 1190 a
3024 1135 3192 1189 Deum
3222 1137 3536 1192 timentibus
3578 1140 3787 1194 inantea

2220 1224 2422 1279 fuerint
2462 1224 2751 1286 collaturae,
2783 1224 2838 1278 in
2883 1232 3067 1278 nostra
3124 1225 3232 1278 sint
3274 1234 3555 1295 potestate,
3585 1228 3669 1281 vcl
3699 1229 3789 1282 de-

2219 1313 2483 1378 fensione,
2509 1328 2603 1368 seu
2630 1314 2902 1368 baaredum
2946 1321 3288 1381 nostrorum;
3333 1323 3389 1370 et
3431 1318 3546 1386 ipsa
3572 1334 3793 1388 congre-

2222 1404 2384 1472 gatio,
2418 1417 2579 1472 quam
2623 1403 2677 1456 in
2726 1403 2900 1471 ipsum
2946 1404 3336 1458 monasterium
3384 1405 3795 1471 intromisirnus,

2223 1511 2317 1550 seu
2345 1504 2399 1550 et
2425 1497 2592 1550 abbas
2630 1495 2848 1549 nomine
2875 1493 3163 1559 Assuerus,
3188 1504 3243 1549 et
3285 1511 3623 1552 successores
3666 1497 3796 1564 ejus—

2227 1586 2345 1639 dem
2365 1625 2379 1648 ,
2409 1586 2532 1640 dum
2563 1585 2662 1639 sub
2701 1593 2886 1638 sancta
2916 1583 3101 1654 regula
3139 1585 3334 1640 ibidem
3372 1587 3482 1640 Deo
3510 1588 3799 1643 auxiliante

558 1682 890 1736 mansionem
915 1693 1074 1748 super
1099 1677 1394 1739 Prumiam,
1426 1677 1515 1730 ubi
1549 1676 1771 1741 rivulus,
1805 1677 1894 1744 qui
1930 1675 2125 1730 dicitur
2158 1658 2202 1716 Β
2227 1675 2457 1729 militare
2485 1674 2784 1738 voluerunt,
2812 1689 2911 1727 nos
2935 1674 3000 1728 de
3028 1674 3132 1727 alia
3161 1675 3570 1744 congregatione
3601 1677 3797 1730 ibidem

558 1767 974 1832 Escutmisbach,
1005 1763 1224 1820 conﬂuit
1252 1766 1304 1818 in
1327 1764 1619 1829 Prumiam,
1651 1765 1742 1834 qui
1768 1773 1851 1819 est
1872 1773 2124 1819 constru-

557 1868 676 1913 ctus
704 1873 864 1926 super
891 1856 1179 1910 terminum
1203 1853 1470 1923 prtedict'e
1492 1854 1646 1908 villae.
1679 1854 1940 1908 Similiter
1962 1855 2127 1908 dona-

558 1961 678 2000 mus
706 1947 773 2000 ad
807 1945 920 2014 jam
949 1945 1148 2000 dictum
1177 1944 1560 1998 monasterium
1598 1945 1651 1998 in
1689 1960 1826 2014 pago
1872 1943 2125 1999 Muslinse

557 2051 718 2104 super
746 2035 963 2090 ﬂuvium
992 2034 1219 2090 Mosellae
1244 2034 1396 2088 villas
1435 2042 1646 2088 nostras
1686 2033 1770 2088 bis
1798 2033 2125 2097 nominibus,

559 2125 853 2195 Meringum
883 2124 1130 2195 (Mering)
1157 2133 1212 2178 et
1233 2124 1492 2180 Saeocum
1520 2123 1840 2195 (Schivach),
1868 2139 1972 2178 una
2003 2140 2126 2179 cum

555 2214 764 2270 meritis
791 2222 845 2268 et
867 2213 1113 2267 terminis
1142 2213 1226 2267 vel
1251 2213 1576 2282 appendiciis
1605 2213 1734 2267 suis.
1772 2213 2044 2267 Donamus
2072 2220 2126 2266 et

556 2303 736 2358 villam
779 2310 1039 2357 nostram
1086 2302 1360 2368 Bedcnse,
1397 2319 1537 2372 aqua;
1603 2303 1800 2358 dicitur
1859 2303 2125 2358 Marciaco

558 2392 886 2463 (Merthscb),
914 2408 1020 2447 una
1047 2408 1170 2448 cum
1206 2394 1413 2449 meritis
1439 2400 1493 2448 et
1515 2393 1844 2464 appendiciis
1871 2394 2002 2448 suis.
2035 2393 2124 2449 Si-

556 2482 760 2536 militer
797 2483 1057 2538 donamus
1082 2484 1148 2537 ad
1178 2483 1350 2553 ipsum
1381 2485 1766 2538 monasterium
1812 2483 1991 2538 villam
2034 2498 2126 2539 no-

556 2580 724 2629 stram
757 2574 812 2627 in
847 2589 984 2644 pago
1011 2573 1226 2630 Eillinse
1252 2573 1540 2630 Sarabodis
1567 2575 1689 2629 villa
1721 2575 2119 2646 (Sareusdorlf),

555 2677 664 2718 una
695 2677 818 2717 cum
849 2664 1138 2729 soliditate,
1165 2665 1407 2720 terminis
1432 2673 1592 2736 atque
1619 2665 1947 2735 appendiciis
1989 2665 2122 2732 suis,

2227 1762 2476 1816 abbatem
2497 1801 2511 1826 ,
2543 1776 2642 1815 nec
2674 1762 2998 1816 monachum
3047 1770 3236 1816 contra
3281 1772 3519 1816 nostrum
3554 1765 3800 1818 ordinem

2225 1866 2330 1905 non
2354 1851 2780 1916 iutermittimus,
2796 1867 2894 1906 nec
2911 1852 3150 1907 haeredes
3174 1854 3364 1907 nostri.
3384 1853 3446 1907 Et
3471 1855 3597 1922 quia
3628 1857 3799 1922 ipsum

2225 1939 2610 1992 monasterium
2635 1938 2702 1992 ab
2725 1939 2870 1992 omni
2893 1938 3225 1995 saecularium
3255 1955 3382 1994 cura
3409 1955 3659 1995 securum
3681 1957 3800 1998 esse

2223 2027 2499 2091 volumus,
2537 2034 2750 2095 oportet
2777 2034 2834 2080 ut
2864 2036 3063 2081 nostra:
3109 2027 3407 2082 clementia:
3453 2030 3693 2099 provisio
3738 2033 3800 2084 de

2225 2113 2405 2168 futura
2447 2115 2625 2183 quiete
2679 2115 2908 2169 fratrum
2954 2116 3151 2172 ibidem
3214 2119 3543 2172 manentium
3599 2121 3799 2174 salubri

2224 2203 2471 2272 disponat
2493 2204 2856 2271 ordinatione;
2885 2213 3148 2275 quatenus
3174 2207 3227 2260 in
3249 2207 3342 2261 Dei
3365 2209 3609 2272 servitio,
3632 2211 3801 2278 gratia

2224 2291 2340 2360 ejus
2365 2293 2710 2363 suffragante,
2740 2304 3101 2364 perseverent.
3132 2295 3240 2352 Nos
3271 2297 3431 2352 etiam
3465 2312 3532 2350 ex
3562 2302 3802 2352 auctori-

2225 2396 2335 2442 tate
2372 2397 2554 2444 nostra
2596 2390 2748 2445 vobis
2791 2390 3152 2455 concedimus,
3181 2400 3241 2444 ut
3271 2391 3336 2445 de
3379 2401 3802 2462 congregatione

2225 2475 2425 2530 domini
2455 2475 2683 2532 Romani
2713 2487 2770 2532 et
2797 2477 3102 2533 Wolfranni
3127 2479 3501 2549 episcoporum
3519 2520 3534 2544 ,
3564 2496 3705 2548 quos
3751 2482 3800 2534 in

2224 2565 2327 2622 hoc
2344 2567 2587 2623 coenobio
2600 2569 2769 2622 sancti
2790 2567 3084 2623 Salvatoris
3105 2570 3570 2639 congregavimus,
3585 2571 3805 2638 quando

2224 2652 2502 2714 abbas'de
2546 2657 2648 2713 hac
2691 2659 2801 2714 vita
2845 2660 3179 2731 migraverit,
3205 2675 3309 2714 una
3357 2676 3482 2714 cum
3528 2676 3804 2716 consensu

476 4122 479 4124 -
561 4098 823 4167 Spirensi,
851 4113 970 4167 qua:
995 4108 1077 4153 est
1120 4107 1429 4154 constructa
1459 4101 1511 4154 in
1556 4104 1759 4158 honore
1805 4106 1976 4159 sancti
2019 4107 2126 4160 Me-

559 2754 697 2808 sicut
723 2770 754 2808 a
783 2754 1079 2812 Garaberto
1105 2771 1349 2826 possessa
1381 2757 1499 2811 fuit.
1547 2757 1831 2811 Tradimus
1870 2757 1973 2811 alia
2019 2756 2124 2812 duo
2223 2757 2409 2806 nostro
2431 2757 2485 2805 et
2512 2757 2693 2806 vestro
2717 2751 2968 2806 abbatem
2989 2751 3054 2806 de
3073 2751 3188 2820 ipsa
3210 2750 3626 2820 congregatione
3651 2751 3810 2805 vobis

559 2842 675 2897 loca
705 2843 757 2897 in
785 2843 1004 2898 Carasio
1032 2845 1098 2897 ad
1129 2845 1267 2898 idem
1295 2845 1674 2899 monasterium
1707 2844 2132 2914 ll'atliitlindor/f
2226 2844 2546 2916 regulariter
2575 2843 2772 2915 eligere
2814 2844 3074 2899 debeatis.
3121 2844 3189 2898 Et
3214 2851 3274 2897 ut
3298 2858 3394 2897 vos
3427 2859 3522 2913 pro
3560 2845 3807 2898 remedio

557 2939 613 2985 et
640 2931 997 3001 Birgisburias
1030 2946 1152 2985 cum
1180 2933 1430 2986 omnibus
1459 2931 1772 2999 adjacentiis
1799 2934 1909 2987 suis
1946 2943 1999 2986 et
2025 2948 2122 3002 ap-
2225 2937 2419 2990 animae
2461 2941 2659 2989 nostra:
2685 2943 2740 2989 et
2766 2933 3009 3004 conjugis
3035 2935 3308 3004 prolisque
3347 2944 3566 2997 nostra},
3597 2944 3654 2989 et
3679 2951 3807 2990 suc-

556 3019 834 3088 pendiciis.
882 3019 1141 3073 Similiter
1200 3020 1459 3074 donamus
1501 3021 1552 3074 in
1612 3035 1746 3090 pago
1791 3021 2120 3076 Biboariensi
2146 3009 2194 3072 C
2223 3040 2500 3080 cessorum
2528 3032 2851 3089 nostrorum,
2875 3032 2931 3079 et
2954 3040 3051 3094 pro
3081 3024 3374 3079 stabilitate
3395 3025 3559 3079 totius
3590 3025 3809 3094 imperii

558 3110 700 3164 illam
741 3110 1040 3180 portionem
1077 3109 1130 3163 in
1175 3109 1482 3180 Reginbach
1531 3109 1913 3180 (Rheimbach),
1961 3125 2119 3179 quam
2225 3129 2254 3167 a
2282 3113 2392 3168 Deo
2419 3115 2574 3169 nobis
2618 3114 2879 3181 concessi,
2907 3123 2962 3169 et
3000 3113 3117 3182 ejus
3165 3116 3397 3185 gratuita
3428 3116 3809 3170 misericordia

556 3199 790 3254 vasallus
828 3208 1011 3254 noster
1034 3197 1339 3268 Aglibertus
1366 3213 1464 3267 per
1487 3196 1803 3251 beneﬁcium
1835 3197 2041 3262 habuit.
2070 3206 2124 3252 et
2225 3204 2280 3257 in
2307 3212 2568 3258 aeternum
2609 3203 2978 3259 conservanda
3006 3205 3317 3274 perenniter
3356 3204 3569 3258 Domini
3616 3203 3810 3258 Salva-

557 3291 767 3362 genitor
805 3305 957 3344 mells
999 3287 1223 3343 Carolus
1266 3287 1397 3342 mihi
1447 3286 1660 3356 ΐϐιίιιυίι
1706 3287 1760 3340 in
1797 3287 2126 3352 310demiet
2226 3294 2358 3348 toris
2402 3295 2574 3348 nostri
2620 3293 2745 3348 Jesu
2791 3293 2993 3348 Christi
3036 3294 3457 3348 misericordiam
3505 3294 3810 3364 implorare

559 3382 703 3435 illam
728 3382 886 3434 aliam
910 3381 1209 3449 portionem
1227 3379 1282 3434 in
1312 3379 1428 3448 ipsa
1452 3379 1599 3444 villa,
1623 3395 1782 3448 quam
1812 3379 2124 3434 lleribertus

557 3473 712 3525 uxori
755 3486 888 3525 mea:
914 3469 1185 3525 Bertrada).
1231 3470 1286 3524 in
1317 3469 1526 3524 alodem
1555 3469 1775 3524 dimisit.
1822 3468 2122 3524 Conﬁrma-

557 3576 678 3615 mus
705 3560 869 3614 etiam
906 3561 1102 3614 ibidem
1149 3570 1205 3615 et
1231 3561 1352 3616 illas
1386 3576 1501 3627 res,
1526 3577 1644 3631 quae
1673 3571 1829 3616 antea
1856 3561 1923 3615 ad
1954 3563 2124 3632 ipsam

557 3650 838 3704 ecclesiam
862 3664 957 3719 per
977 3650 1329 3706 instrumenta
1351 3661 1623 3708 cartarum
1645 3654 1842 3708 ibidem
1868 3653 2123 3724 delegata:

559 3739 810 3805 fuerunt,
859 3756 981 3795 cum
1026 3742 1171 3796 omni
1223 3743 1531 3815 integritate
1583 3759 1789 3800 earum.
1842 3745 2125 3802 Tradimus

559 3831 722 3899 igitur
749 3831 813 3884 ad
840 3831 1012 3900 ipsum
1042 3833 1463 3889 sacratissimum
1493 3835 1668 3890 locum
1695 3836 1940 3906 superius
1980 3853 2126 3892 com-

558 3919 877 3985 prehensum
915 3919 1104 3973 cellam
1140 3921 1262 3989 jure
1294 3923 1640 3992 proprietatis
1667 3934 1860 3981 nostra
1901 3926 1955 3980 in
1985 3926 2122 3988 loco.

558 4008 648 4076 qui
681 4008 875 4061 dicitur
921 4008 1182 4079 Altrepio,
1212 4027 1373 4080 super
1414 4013 1632 4067 ﬂuvium
1670 4016 1865 4080 Rheni,
1901 4017 1954 4070 in
1990 4031 2126 4086 pago

2225 3381 2472 3448 delectet,
2498 3390 2659 3452 atque
2699 3383 2752 3436 in
2790 3383 2958 3452 ipsius
2999 3382 3247 3437 laudibus
3271 3383 3355 3437 die
3387 3393 3654 3451 nocteque
3686 3399 3818 3451 per-

2225 3485 2502 3537 severare;
2533 3479 2604 3536 et,
2656 3472 2877 3527 remotis
2923 3473 3297 3542 temporalium
3335 3472 3810 3537 meditationibus,

2225 3579 2576 3632 supernorum
2602 3565 2916 3634 gaudiorum
2959 3564 3387 3634 contemplationi
3412 3573 3588 3617 mente
3619 3563 3812 3618 libera

2226 3653 2504 3709 intendere
2549 3655 2890 3725 praecipimus
2915 3695 2930 3720 ,
2979 3663 3040 3708 ut
3085 3655 3227 3709 nulla
3282 3652 3586 3722 praeiudicia
3633 3663 3818 3724 atque

2226 3743 2534 3811 gravamina
2565 3759 2595 3796 a
2625 3743 2772 3796 nullo
2817 3743 3187 3812 episcoporum
3216 3758 3309 3796 seu
3349 3742 3697 3796 saecularium
3730 3743 3817 3796 in-

2225 3833 2485 3897 ferantur,
2506 3839 2562 3886 et
2587 3833 2824 3887 haeredes
2845 3832 3014 3887 nostri
3043 3847 3140 3902 per
3161 3831 3335 3886 nullas
3356 3840 3522 3896 artes,
3545 3833 3681 3886 dum
3705 3832 3814 3901 ipsi

2225 3924 2473 3979 monachi
2520 3924 2839 3993 regulariter
2877 3932 2931 3978 et
2976 3923 3203 3979 ﬁdeliter
3230 3939 3260 3977 a
3289 3931 3442 3993 parte
3486 3933 3682 3977 nostra
3729 3924 3821 3976 vel

2227 4015 2498 4069 haeredum
2541 4022 2850 4068 nostrorum
2903 4013 3100 4068 ibidem
3152 4027 3482 4068 conversare
3528 4012 3822 4075 videntur,

2226 4104 2462 4158 hazredes
2492 4103 2662 4157 nostri
2694 4103 2840 4171 ipsos
2873 4103 2927 4156 in
2970 4102 3072 4157 hoc
3107 4102 3352 4156 emnobio
3388 4108 3579 4155 nostro
3623 4113 3828 4168 prote—

559 4189 730 4253 dardi,
759 4203 880 4242 cum
906 4187 1044 4244 villis
1073 4198 1127 4243 et
1150 4191 1477 4258 appendiciis
1503 4191 1637 4257 suis,
1665 4208 1824 4261 quem
1846 4193 2126 4250 Herliban-
2226 4199 2372 4260 gant,
2403 4190 2542 4244 sicut
2566 4189 2668 4244 visi
2695 4197 2839 4254 sunt,
2873 4189 2983 4244 Deo
3018 4197 3238 4243 auctore
3265 4189 3439 4257 ipsum
3469 4188 3649 4242 locum
3687 4203 3831 4242 con-

559 4279 659 4333 dus
681 4287 734 4332 et
758 4278 1062 4343 Wiolentio,
1092 4294 1298 4333 necnon
1328 4279 1584 4350 Bagulfus
1605 4281 1735 4335 mihi
1765 4281 2117 4346 tradiderunt,
2162 4349 2175 4350 ί
2228 4273 2530 4343 ειὶιυίἰηιιε,
2582 4279 2661 4334 sic
2699 4293 2867 4348 usque
2912 4279 2966 4332 in
3017 4279 3406 4348 sempiternum
3457 4277 3834 4331 inconvulsus

559 4378 730 4423 totum
756 4377 810 4424 et
833 4369 900 4423 ad
922 4369 1186 4440 integrum
1215 4378 1322 4422 tam
1351 4349 1592 4424 ecclesiae
1618 4370 1931 4434 ministeria,
1961 4386 2120 4440 quam
2153 4349 2206 4411 Ῑ)
2227 4371 2375 4426 locus
2418 4378 2732 4440 permaneat
2772 4385 2870 4439 pro
2911 4379 3197 4440 augmento
3245 4370 3436 4423 animae
3477 4378 3691 4421 nostra:
3742 4369 3834 4420 vel

559 4466 614 4513 et
641 4459 774 4512 alias
802 4474 889 4514 res
921 4459 1113 4513 ibidem
1149 4459 1494 4530 pertinentes.
1540 4458 1812 4514 Donamus
1849 4460 2010 4514 etiam
2057 4461 2125 4515 ad
2228 4459 2498 4514 hreredum
2538 4466 2863 4513 nostrorum.
2912 4458 2978 4512 Et
3006 4467 3065 4512 ut
3107 4460 3220 4512 haec
3275 4456 3576 4510 auctoritas
3619 4465 3831 4508 nostra

559 4549 737 4620 ipsum
779 4550 1164 4606 monasterium
1209 4549 1398 4603 cellam
1442 4549 1631 4614 aliam,
1662 4563 1782 4617 qua:
1811 4549 2005 4604 dicitur
2025 4547 2126 4604 Ga-
2229 4552 2456 4611 ﬁrmiter
2482 4553 2764 4617 habeatur,
2793 4561 2846 4608 et
2875 4553 2929 4606 in
2955 4562 3270 4623 perpetuum
3301 4552 3488 4606 melius
3517 4560 3836 4604 consene-

560 4647 764 4700 steaco,
793 4654 912 4707 quae
939 4647 1021 4692 cst
1062 4639 1235 4708 posita
1279 4638 1418 4691 infra
1465 4638 1720 4693 terminos
1765 4637 2043 4702 Senciaco,
2075 4646 2130 4693 ct
2228 4652 2336 4708 tur,
2367 4657 2530 4696 manu
2555 4643 2771 4712 propria
2799 4643 3134 4698 decrevimus
3159 4643 3434 4696 roborare.
3473 4641 3589 4712 Ego
3620 4639 3835 4711 Pippi-

560 4738 645 4785 est
669 4730 721 4783 in
745 4731 948 4784 honore
976 4730 1147 4784 sancti
1188 4729 1333 4783 Petri
1361 4737 1666 4784 constructa
1684 4769 1699 4794 ,
1723 4744 1844 4784 cum
1878 4730 2125 4784 omnibus
2225 4725 2330 4788 mis
2361 4741 2415 4787 et
2437 4733 2630 4802 conjux
2657 4748 2774 4787 mea
2814 4732 3094 4788 Bertrada.
3143 4732 3255 4804 Sig.
3284 4733 3324 4802 1-
3350 4731 3530 4786 Caroli
3555 4731 3662 4785 ﬁlii
3693 4747 3838 4787 θαι-

561 4819 874 4889 adjacentiis
895 4821 977 4874 vel
1003 4820 1330 4891 appendiciis
1375 4821 1503 4875 suis.
1550 4820 1941 4876 Conﬁrmamus
1965 4821 2127 4890 igitur
2227 4823 2525 4877 sentientis.
2577 4821 2689 4891 Sig.
2719 4822 2759 4892 1-
2797 4820 3158 4876 Carolimanni
3199 4821 3281 4876 ﬁli.
3326 4821 3404 4875 sui
3436 4822 3833 4876 consentient.

560 4920 616 4964 et
641 4911 851 4964 tertiam
881 4910 1067 4964 cellam
1093 4909 1160 4963 ad
1205 4910 1377 4978 ipsum
1405 4918 1646 4964 sanctum
1672 4909 1868 4974 locum,
1899 4926 2016 4979 quze
2046 4911 2125 4964 di-
2227 4913 2338 4981 Sig.
2371 4912 2412 4982 1-
2447 4911 2752 4966 Genebaudi
2781 4911 3035 4982 episcopi.
3085 4911 3196 4981 Sig.
3219 4912 3259 4981 1-
3288 4910 3512 4965 Gauloni
3541 4911 3830 4980 epismpi.

562 5002 702 5056 citur
749 5001 1034 5067 Ruivinio,
1082 5002 1140 5056 in
1192 5016 1330 5070 pago
1385 5001 1646 5056 Lomense
1696 5018 1856 5072 super
1907 5004 2124 5058 ﬂuvium
2231 5003 2344 5074 Sig.
2372 5005 2411 5073 1-
2440 5003 2703 5057 Fulcarici
2727 5003 2982 5072 episcopi.
3029 5004 3141 5072 Sig.
3171 5001 3510 5072 1-Adall'redi
3543 5003 3830 5070 episcopi.

563 5090 752 5156 Mosae,
778 5107 896 5160 qua:
930 5099 1235 5146 constructa
1263 5091 1424 5145 estin
1454 5092 1659 5147 honore
1687 5103 1884 5148 sanctae
1924 5093 2124 5159 Mariae,
2231 5093 2343 5164 Sig.
2377 5095 2416 5164 1-
2453 5093 2732 5149 Vull'ranni
2777 5093 3032 5163 episcopi.
3087 5093 3199 5164 Sig.
3229 5094 3269 5163 1-
3313 5093 3666 5163 Megingaudi
3722 5095 3838 5162 epi-

561 5197 684 5236 cum
731 5180 877 5236 omni
907 5181 1098 5236 merito
1143 5190 1198 5236 et
1243 5182 1576 5253 appendiciis
1619 5183 1748 5237 suis.
1780 5183 1855 5237 Ea
1881 5184 2129 5238 videlicet
2231 5184 2398 5254 scopi.
2432 5183 2543 5254 Sig.
2573 5183 2614 5253 1-
2640 5181 2934 5238 Bcrthelini
2977 5183 3230 5252 episcopi.
3273 5182 3385 5252 Sig.
3411 5183 3451 5251 1-
3476 5182 3682 5236 Basini
3713 5183 3838 5253 epi-

561 5269 886 5335 conditione,
914 5284 1075 5338 supra
1115 5269 1343 5339 scriptas
1379 5285 1486 5336 res,
1519 5280 1628 5324 tam
1675 5272 1829 5326 villas
1871 5288 2034 5341 quam
2076 5281 2130 5326 et
2233 5273 2398 5340 scopi.
2438 5271 2550 5342 Sig.
2580 5273 2620 5341 1-
2647 5271 2910 5327 Wiomadi
2944 5273 3198 5342 episcopi.
3231 5271 3343 5342 Sig.
3374 5273 3415 5340 1-
3445 5271 3702 5325 Droeoni
3735 5286 3839 5327 co—

562 5360 744 5427 oellas,
769 5375 891 5416 cum
919 5361 1063 5415 omni
1098 5361 1401 5432 integritate
1439 5377 1623 5416 eorum
1651 5363 1718 5416 ad
1748 5363 1920 5431 ipsum
1946 5378 2130 5417 mona—
2230 5363 2397 5416 mitis.
2420 5361 2529 5432 Sig.
2560 5363 2598 5433 1-
2622 5363 2922 5418 Theodardi
2948 5364 3180 5418 comitis.
3208 5361 3319 5433 Sig.
3345 5365 3385 5431 1-
3408 5361 3630 5416 Warini
3660 5361 3847 5416 comi-

563 5449 784 5503 sterium
807 5449 1208 5515 conﬁrmamus,
1225 5449 1277 5503 id
1301 5459 1384 5504 est
1402 5466 1505 5504 una
1527 5467 1647 5505 cum
1670 5452 1849 5516 terris,
1865 5453 2128 5517 domibus,
2231 5455 2319 5508 tis.
2370 5453 2480 5524 Sig.
2502 5453 2542 5524 -ι-
2568 5454 2802 5508 Welanti
2826 5455 3058 5508 comitis.
3093 5452 3206 5523 Sig.
3229 5452 3270 5523 1-
3293 5452 3544 5521 Gangulﬁ
3571 5453 3844 5507 comitis.

565 5539 820 5603 aediﬁciis,
844 5537 1144 5607 accolabus,
1166 5541 1462 5612 mancipiis,
1492 5543 1684 5609 vineis,
1715 5544 1879 5611 silvis,
1904 5546 2124 5616 campis,

2236 5546 2345 5618 Sig.
2378 5545 2417 5615 1-
2447 5545 2708 5600 Gerhardi
2749 5546 2978 5601 comitis.
3031 5544 3144 5615 Sig.
3175 5545 3214 5614 1-
3237 5543 3525 5599 Froamcd.
3573 5544 3843 5597 comitis.
