4046 6172
349 302 483 358 ιειδ
514 341 530 359 .

1098 296 1355 356 PIPPINI,
1399 293 1888 367 CAROLOMANNI
1924 293 2013 348 ET
2052 292 2361 350 ALIORUM
2400 294 2808 350 DIPLOMATA.

3470 297 3606 370 istc

347 418 460 490 Sig.
488 418 528 487 ἰ’
554 414 841 472 Waltbarii
881 413 1113 469 comitis.
1170 413 1283 486 Sig.
1326 414 1366 485 -ι-
1409 415 1653 471 Ilorloini
1690 414 1923 471 comitis.
1955 416 2003 473 Α
2032 422 2405 466 antecessores
2435 419 2652 477 nostros
2680 425 2835 482 reges
2863 410 3007 465 circa
3036 424 3094 464 se
3123 410 3421 475 firmatum,
3454 411 3530 465 ita
3554 421 3609 466 et

346 507 463 581 Sig.
492 512 532 579 ’ί-
560 506 841 564 Gumberti
862 506 1093 563 comitis.
1121 504 1234 576 Sig.
1259 507 1298 576 -ι-
1318 505 1523 560 Raculfi
1550 506 1781 562 comitis.
1812 504 1922 573 Sig.

350 600 388 674 ει·
412 600 622 656 Warini
653 598 886 654 comitis.
919 596 977 651 lu
1009 595 1106 650 Dei
1137 596 1353 651 nomine
1377 595 1591 652 Bradilo
1620 594 1930 666 recognovit

346 702 402 750 et
420 690 756 761 subscripsit.
786 688 923 744 Acta
952 703 1135 751 mense
1161 687 1412 758 Augusti,
1435 687 1522 742 die
1554 687 1642 753 I5,
1668 701 1809 741 anno
1839 685 1895 739 ll
1912 725 1927 750 ,

348 788 608 851 regnante
632 779 859 850 Pippino
882 778 1117 850 glorioso
1143 792 1289 848 rege.

420 868 611 924 Actum
670 867 982 938 Trisgodios
1027 866 1153 921 villa
1200 866 1414 937 publica
1466 866 1521 921 iu
1569 865 1666 922 Dei
1716 865 1931 921 nomine

347 958 595 1015 feliciter.
625 958 823 1014 Amen.

1034 1047 1224 1104 XXVI.

348 1157 593 1228 Diploma
619 1174 721 1227 quo
754 1156 1007 1227 Pippinus
1037 1173 1128 1211 rea:
1157 1156 1781 1228 conﬂrmatﬂmonarterio
1814 1154 1931 1208 IIo-

420 1227 693 1298 πατιθὶρωί
722 1243 897 1281 omnes
918 1244 1043 1281 suas
1066 1227 1411 1296 possessiones
1433 1227 1650 1296 (incerto
1674 1230 1857 1296 anno).

712 1318 813 1377 (Ex
843 1317 1020 1366 Mabiil.
1048 1316 1173 1364 Ann.
1201 1315 1303 1364 0rd.
1330 1317 1378 1364 S.
1410 1315 1589 1365 Bened.
1614 1317 1629 1375 )

421 1399 678 1470 Pippiuns
729 1415 823 1454 rex
878 1397 1246 1462 Francorum,
1294 1398 1379 1451 vir
1422 1397 1647 1463 illnster,
1701 1396 1933 1451 dominis

353 1490 555 1543 sanctis
604 1495 659 1544 et
717 1488 1025 1558 apostolicis
1071 1502 1135 1542 ac
1174 1487 1569 1542 venerabilibus
1620 1486 1673 1540 in
1718 1487 1934 1543 Christo

352 1577 623 1643 Patribus,
651 1579 901 1633 omnibus
929 1577 1215 1648 episcopis,
1246 1577 1551 1640 abbatibus,
1580 1593 1672 1633 seu
1704 1577 1934 1633 illustri-

352 1669 456 1725 bus
486 1685 550 1724 ac
578 1670 876 1741 magnificis
920 1670 1087 1735 viris,
1116 1670 1357 1734 ducibus,
1405 1670 1713 1735 comitibus,
1746 1670 1933 1725 dome-

2031 506 2270 570 inantea,
2304 506 2563 562 resecatis
2588 506 2999 576 quibuseunque
3028 504 3313 573 superfluis
3336 504 3609 574 inquietu-

2029 601 2273 666 dinibus,
2302 614 2401 657 suo
2444 615 2511 656 ea
2538 600 2730 656 ordine
2768 599 2987 654 valeant
3027 598 3083 652 in
3129 606 3318 652 nostro
3361 611 3616 654 sermone

2031 692 2323 747 auxiliante
2360 691 2588 746 Domino
2636 706 2734 760 per
2772 699 3014 760 tempora
3055 702 3396 759 permanere,
3418 695 3477 743 et
3516 701 3616 744 vos

2028 791 2085 836 et
2108 796 2454 839 successores
2479 780 2662 843 vestri,
2694 780 2787 835 ubi
2830 777 3128 834 necessitas
3155 776 3320 833 fuerit
3341 777 3398 832 in
3429 776 3617 833 condi-

2030 871 2267 927 tionibus
2303 871 2472 941 ipsius
2502 870 2836 934 m‘onasterii,
2857 866 3064 937 justum
3107 866 3319 923 faciatis
3352 867 3614 923 auxilium

2031 960 2328 1030 impertiri;
2370 969 2431 1017 ut
2456 961 2649 1016 melius
2688 959 2920 1015 delectet
2942 958 3114 1028 ipsam
3141 957 3615 1027 congregationem

2031 1051 2201 1120 ipsius
2247 1051 2560 1107 monasterii
2594 1065 2694 1120 pro
2740 1049 2913 1104 salute
2959 1055 3145 1103 nostra
3191 1044 3278 1100 vel
3319 1044 3618 1101 stabilitate

2033 1141 2184 1212 regni
2227 1143 2402 1198 nostri
2431 1142 2644 1197 Domini
2677 1139 3107 1196 misericordiam
3130 1138 3339 1209 jugiter
3364 1151 3613 1192 exorare.

2032 1231 2102 1286 Et
2128 1241 2188 1286 ut
2214 1232 2329 1288 lucc
2350 1233 2643 1303 praeceptio
2671 1232 2824 1286 firma
2850 1230 3144 1287 stabilitate
3186 1229 3465 1293 subsistat,
3492 1244 3617 1298 pro-

2031 1321 2149 1389 pria
2194 1336 2355 1376 manu
2404 1321 2542 1376 infra
2589 1321 2924 1378 decrevimus
2961 1321 3219 1376 roborare
3259 1329 3316 1374 et
3360 1320 3428 1375 de
3454 1320 3618 1374 anulo

2032 1422 2221 1470 nostro
2245 1414 2500 1487 sigillare.

2113 1480 2338 1557 Signum
2367 1486 2405 1555 1‘
2431 1482 2806 1556 gloriosissimi
2834 1482 3034 1537 domini
3063 1482 3276 1552 Pippini
3309 1480 3473 1553 regis.

2104 1575 2622 1647 Wulmarusjussns
2651 1573 2963 1644 recognovit
2996 1581 3052 1629 et
3076 1571 3314 1643 scripsit.

2711 1684 2924 1740 XXVII.

350 1760 522 1823 sticis,
561 1760 809 1826 vicariis,
839 1760 1163 1815 centenariis
1214 1768 1376 1829 atque
1421 1761 1670 1816 omnibus
1721 1762 1932 1833 agenti—

2041 1779 2355 1834 lmmunitas
2398 1776 2623 1831 abbatiae
2672 1774 2971 1829 Prumiensi
3014 1791 3116 1846 per
3153 1791 3321 1846 regem
3371 1774 3619 1846 Pipinum

354 1852 477 1907 bus.

424 1940 650 1995 Rectum
673 1955 790 1995 esse
805 1956 1110 2008 censemus,
1128 1950 1186 1996 ut
1202 1941 1553 2011 petitionibus
1572 1944 1935 2008 sacerdotum,

355 2045 475 2100 qua:
506 2033 574 2086 ad
598 2030 898 2101 profectum
928 2033 1197 2102 pertinent
1237 2032 1477 2087 locorum
1508 2041 1838 2097 sanctorum,
1869 2033 1938 2088 ad

352 2119 599 2176 etl'ectum
626 2120 841 2176 Christo
866 2123 1093 2192 praesule
1115 2125 1493 2193 perducamus.
1518 2114 1688 2195 igitur
1711 2126 1764 2179 in
1788 2124 1941 2180 Chri-

352 2220 438 2267 sto
466 2211 628 2267 Pate'r
655 2214 908 2268 Dubanus
951 2215 1233 2285 episcopus
1260 2217 1345 2270 vel
1380 2218 1548 2272 abbas
1574 2218 1640 2272 de
1666 2226 1938 2273 monaste-

353 2300 436 2355 rio
486 2300 835 2370 Ilohenaugia
883 2302 938 2356 in
978 2318 1115 2374 pago
1161 2302 1449 2360 Alsacense
1500 2322 1663 2377 super
1720 2306 1939 2362 fluvium

354 2390 636 2453 Rhenum,
682 2392 825 2461 quod
874 2400 956 2448 est
1002 2402 1371 2450 constructum
1419 2397 1470 2450 in
1520 2398 1723 2453 honore
1767 2399 1942 2454 sancti

357 2480 631 2537 Michaelis
653 2491 708 2539 et
740 2485 911 2539 sancti
939 2485 1085 2541 Petri
1122 2496 1177 2543 et
1202 2489 1374 2543 sancti
1407 2489 1565 2544 Pauli
1591 2490 1677 2546 vel
1712 2499 1939 2547 cretero-

357 2585 475 2624 rnm
530 2581 839 2628 sanctorum
862 2616 876 2641 ,
916 2576 1135 2647 gloriosi
1186 2580 1337 2651 regni
1383 2581 1555 2636 nostri
1601 2581 1940 2652 majestatem

356 2663 531 2731 petiit,
556 2675 616 2718 ut
642 2665 765 2720 dum
797 2666 974 2736 ipsum
1000 2671 1391 2726 monasterium
1432 2672 1498 2727 de
1531 2671 1821 2727 collatione
1845 2687 1943 2726 an-

358 2762 688 2809 tecessorum
721 2766 1027 2813 nostrorum
1053 2800 1067 2823 ,
1099 2760 1183 2814 vel
1212 2762 1278 2816 de
1321 2762 1627 2817 hominibus
1660 2761 1831 2817 Deum
1876 2762 1944 2816 ti-

359 2847 631 2902 mentibus
671 2847 968 2917 adjutorem
1006 2849 1219 2906 videtur
1258 2856 1378 2907 esse
1422 2860 1815 2920 constructum,
1844 2868 1944 2910 nos

359 2952 519 2993 omne
545 2955 740 3011 corpus
768 2940 1079 2999 facultatum
1103 2946 1240 3016 ejus,
1266 2954 1374 3001 tam
1400 2948 1545 3016 quod
1569 2956 1943 3006 antecessores

360 3030 582 3087 abbates
608 3032 805 3088 ibidem
832 3033 1242 3102 laboraverunt,
1265 3052 1426 3106 quam
1453 3038 1595 3108 quod
1623 3039 1737 3108 ipse
1762 3039 1941 3093 Dnba-

2515 1860 2759 1900 concessa
2803 1846 2962 1916 (anno
3002 1843 3148 1916 763).

2407 1936 2570 2000 (Apud
2594 1936 2878 1997 Hontbeim,
2902 1935 3027 1987 Hist.
3051 1935 3270 2000 Trevir.)

2105 2020 2364 2092 Pippinns
2404 2035 2502 2075 rex
2551 2018 2906 2082 Francorum,
2950 2018 3036 2072 vir
3079 2018 3323 2084 illustris,
3373 2018 3624 2072 omnibus

2038 2110 2327 2180 episcopis,
2356 2108 2661 2171 abbatibus,
2686 2106 2930 2172 ducibus,
2959 2107 3264 2171 comitibus,
3291 2107 3621 2171 domesticis,

2039 2200 2275 2264 vicariis,
2306 2190 2657 2262 centenariis,
2685 2196 2772 2253 vel
2811 2211 3003 2253 omnes
3043 2198 3240 2252 missos
3276 2205 3491 2252 nostros
3517 2198 3625 2252 dis-

2041 2290 2410 2351 currentibus.
2439 2288 2729 2344 Maximum
2760 2287 2913 2356 regni
2935 2287 3109 2343 nostri
3128 2300 3327 2359 augere
3354 2287 3625 2342 crediinus

2040 2383 2454 2447 munimentum,
2476 2382 2523 2436 si
2544 2379 2805 2437 beneficia
2826 2390 3124 2450 opportuna
3150 2380 3269 2436 loca
3292 2389 3624 2446 sanctorum,

2040 2474 2125 2531 vel
2161 2473 2513 2529 ecclesiarum
2548 2470 2805 2527 benevola
2827 2469 3230 2531 deliberatione
3256 2471 3626 2534 concedimus,

2042 2580 2107 2620 ac
2134 2563 2360 2620 Domino
2388 2570 2721 2633 protegente,
2749 2570 2805 2616 et
2834 2562 3103 2618 stabiliter
3127 2563 3427 2633 perdurare
3448 2564 3625 2619 eonfi-

2044 2656 2244 2712 dimns.
3513 2700 3516 2704 ,

2112 2749 2282 2821 Igitur
2306 2748 2516 2804 noverit
2542 2746 2760 2802 solertia
2784 2753 2989 2814 vestra,
3018 2746 3254 2817 qualiter
3285 2762 3386 2802 nos
3409 2747 3478 2802 ad
3508 2762 3626 2803 mo-

2046 2840 2360 2904 nasterium,
2386 2839 2475 2908 qui
2502 2838 2699 2893 dicitur
2723 2836 2962 2903 Prumia,
2984 2854 3143 2906 quem
3166 2853 3263 2892 nos
3285 2837 3339 2891 in
3366 2838 3626 2893 honorem

2045 2932 2221 2991 sancti
2266 2930 2565 2987 Salvatoris
2605 2945 2637 2985 a
2684 2946 2823 2985 novo
2866 2931 3270 2986 construximns
3310 2946 3493 3000 opere,
3537 2932 3627 2986 ubi

2046 3021 2313 3078 Assnerus
2344 3023 2482 3077 abba
2507 3035 2740 3091 praeesse
2766 3021 3009 3085 videtur,
3043 3021 3150 3076 tale
3178 3022 3501 3077 beneficium
3529 3037 3629 3093 pro

361 3137 466 3177 nus
489 3122 557 3177 de
592 3125 755 3179 rebus
799 3127 1136 3193 monasterii,
1166 3143 1285 3199 qum
1335 3129 1531 3184 ibidem
1579 3128 1744 3186 fuisse
1789 3131 1941 3187 diuo.
1968 3138 2021 3204 ε
2049 3125 2249 3171 aeterna
2278 3113 2629 3169 retributione
2656 3112 2757 3168 visi
2785 3111 2986 3165 fuimus
3010 3111 3206 3166 ibidem
3238 3110 3543 3178 indulsisse,
3570 3124 3630 3167 ut

361 3219 607 3278 scuntur,
632 3213 783 3269 visus
809 3222 892 3270 est
933 3225 1340 3287 augmentasse,
1374 3228 1466 3274 aut
1494 3235 1858 3290 comparasse,
1886 3230 1940 3278 et

358 3300 505 3370 quod
530 3302 598 3355 ab
624 3302 740 3371 ipso
770 3314 960 3360 sancto
1005 3306 1123 3362 loco
1151 3308 1410 3364 moderno
1439 3317 1681 3379 tempore
1702 3311 1941 3381 posside-

358 3398 469 3455 tur,
501 3407 598 3461 per
624 3402 866 3449 nostrum
892 3396 1212 3454 deberemus
1258 3400 1585 3469 generaliter
1617 3401 1941 3455 confirmare

356 3488 701 3549 praeceptum,
727 3484 869 3552 quod
896 3486 1050 3541 nobis
1073 3501 1171 3556 pro
1199 3488 1378 3543 divino
1404 3496 1651 3556 respectu
1678 3488 1764 3542 vel
1794 3504 1938 3543 mer-

358 3570 504 3625 cedis
530 3580 728 3627 nostraa
755 3584 1043 3644 augmento
1070 3577 1387 3646 praestitisse
1410 3584 1589 3630 vestra
1613 3591 1720 3632 non
1734 3578 1942 3633 dubitet

357 3661 700 3729 magnitudo;
732 3663 897 3716 etiam
923 3671 980 3717 et
1001 3665 1342 3735 privilegium
1388 3665 1557 3735 ipsius
1601 3669 1938 3735 monasterii,

355 3748 499 3816 quod
523 3747 677 3817 juxta
706 3750 1097 3806 institutionem
1125 3754 1425 3823 priscorum
1470 3755 1690 3811 Patrum
1726 3764 1780 3812 et
1819 3757 1942 3813 reli-

357 3852 586 3905 quorum
613 3840 991 3912 episcoporum
1011 3843 1111 3897 visi
1139 3852 1264 3898 sunt
1290 3845 1573 3912 meruisse,
1597 3855 1652 3902 et
1676 3849 1819 3916 quod
1842 3863 1942 3916 per

358 3928 736 3983 auctoritatem
782 3939 1024 3986 nostram
1046 3972 1061 3997 ,
1092 3948 1186 3989 seu
1216 3934 1546 4003 reliquorum
1573 3937 1640 3991 de
1669 3952 1940 3993 successo-

358 4016 510 4072 ribus
553 4020 768 4089 regibus
793 4028 1196 4077 antecessorum
1222 4031 1529 4079 nostrorum
1562 4027 1939 4081 adumbratum

356 4102 524 4161 fuisse
552 4108 869 4174 dinoscitur,
890 4108 1045 4177 juxta
1091 4112 1235 4181 quod
1272 4120 1560 4183 antequam
1581 4129 1679 4184 per
1704 4115 1940 4184 priorem

354 4196 775 4265 praeceptionem
804 4207 1044 4253 nostram
1070 4215 1198 4271 erga
1220 4217 1278 4257 se
1307 4204 1625 4272 prohibendi
1653 4214 1795 4260 esset
1820 4222 1940 4260 mu-

354 4285 548 4350 nitum,
578 4301 677 4356 pro
704 4290 928 4357 perenni
975 4292 1270 4347 stabilitate
1293 4295 1630 4350 decrevimus
1655 4298 1934 4353 roborare.

355 4376 736 4449 Praecipientes
774 4395 904 4453 ergo
948 4384 1309 4455 praecipimus,
1339 4394 1395 4439 ut
1423 4402 1609 4443 omnes
1652 4389 1938 4447 facultates

2047 3209 2103 3263 in
2135 3206 2289 3261 villas
2316 3205 2486 3273 ipsius
2514 3204 2617 3259 loci
2649 3203 2822 3258 sancti
2845 3241 2862 3266 ,
2888 3216 3024 3271 quas
3065 3202 3325 3257 moderno
3364 3211 3627 3272 tempore,

2044 3311 2138 3355 ant
2179 3307 2383 3359 nostro,
2419 3305 2512 3351 aut
2557 3294 2844 3365 cujuslibet
2883 3309 3105 3349 munere
3157 3294 3358 3348 habere
3390 3294 3628 3361 videtur,

2045 3390 2126 3444 vel
2156 3404 2292 3459 quas
2321 3386 2573 3456 deinceps
2617 3385 2671 3439 in
2693 3383 2816 3453 jure
2847 3384 3014 3455 ipsius
3042 3382 3376 3448 monasterii,
3407 3381 3627 3453 ejusque

2045 3483 2349 3539 rectoribus
2399 3478 2631 3535 voluerit
2677 3478 2857 3534 divina
2900 3478 3074 3547 pietas
3120 3477 3402 3546 ampliare,
3450 3476 3628 3532 nullus

2036 3571 2199 3641 judex
2232 3569 2497 3640 publicus,
2525 3570 2732 3639 absque
2748 3567 2992 3637 jussione
3015 3575 3215 3630 nostra,
3241 3567 3325 3622 vel
3350 3568 3625 3622 bzeredum

2044 3671 2377 3726 nostrorum,
2410 3669 2504 3715 aut
2537 3675 2730 3716 causas
2770 3658 3058 3724 audiendo,
3090 3665 3185 3712 aut
3214 3656 3363 3711 freda
3388 3658 3627 3727 undique

2042 3752 2324 3823 exigendo,
2350 3766 2565 3821 quoquo
2588 3761 2829 3821 tempore
2854 3764 2959 3803 non
2987 3756 3281 3818 prmsumat
3309 3748 3620 3817 ingredere:

2045 3846 2139 3900 sed
2165 3845 2265 3899 hoc
2299 3844 2368 3899 ad
2410 3844 2586 3913 ipsum
2626 3840 3013 3897 monasterium
3054 3838 3280 3909 ejusque
3323 3839 3626 3893 rectoribus

2042 3935 2428 3992 concessimus.
2462 3933 2528 3988 Et
2556 3933 2656 3988 sub
2684 3929 2996 3988 emunitatis
3030 3929 3247 3984 nomine
3272 3929 3371 3983 sub
3401 3927 3626 3981 tuitione

2041 4026 2125 4081 vel
2154 4024 2463 4081 defensione
2493 4031 2676 4078 nostra
2714 4036 2808 4077 seu
2857 4020 3131 4075 husredum
3177 4026 3485 4074 nostrorum
3530 4017 3626 4072 de-

2041 4117 2205 4173 beant
2228 4115 2394 4185 quieti
2422 4114 2476 4169 in
2508 4113 2736 4168 Domino
2765 4110 3021 4167 residere.

2113 4208 2421 4264 Statuentes
2446 4220 2577 4275 ergo
2611 4204 2882 4273 jubemus,
2912 4212 2972 4256 ut
2998 4213 3171 4269 neque
3205 4214 3318 4261 vos,
3347 4214 3523 4269 neque
3540 4198 3623 4269 ju-

2041 4302 2240 4367 niores,
2268 4306 2361 4353 aut
2419 4310 2759 4352 successores
2804 4294 2993 4357 vestri,
3037 4304 3212 4362 neque
3258 4292 3363 4346 ulla
3412 4292 3626 4362 publica

2034 4390 2320 4462 judiciaria
2365 4396 2624 4456 potestas,
2655 4384 2763 4438 ullo
2793 4398 3031 4451 unquam
3081 4388 3322 4450 tempore
3372 4381 3424 4434 in
3472 4380 3627 4435 villas

355 4467 524 4537 ipsius
571 4472 903 4563 monasterii,
951 4474 1211 4544 quidquid
1247 4486 1338 4531 aut
1384 4478 1532 4549 regia
1580 4479 1813 4545 collatio,
1842 4476 2014 4537 autD
2043 4484 2348 4550 ubicunque
2392 4480 2446 4533 in
2491 4492 2656 4547 regna
2702 4483 2884 4531 nostra
2924 4475 3091 4544 ipsius
3130 4472 3446 4527 monasterii
3488 4472 3624 4526 Pru—

355 4560 690 4629 privatornm
749 4560 969 4622 munere
1016 4569 1099 4622 vel
1142 4573 1578 4627 antecessoribus
1629 4576 1932 4643 abbatibus,

356 4650 441 4703 vel
468 4651 689 4708 Dubano
712 4657 964 4725 episcopo
994 4657 1077 4710 vel
1106 4660 1298 4712 abbate
1345 4660 1539 4714 ibidem
1569 4672 1652 4715 est
1693 4664 1937 4735 legalitcr

358 4743 681 4810 acquisitum
728 4755 819 4799 aut
866 4762 1235 4818 comparatum
1261 4790 1275 4813 ,
1309 4751 1416 4805 imo
1444 4754 1586 4820 quod
1617 4754 1681 4808 de
1710 4757 1933 4824 quibus-

360 4845 571 4900 cunque
600 4835 760 4888 rebus
787 4837 888 4891 rite
916 4846 1227 4903 attractum,
1255 4840 1613 4910 quodcunque
1640 4843 1938 4901 dominatio

360 4920 527 4989 ipsius
557 4924 730 4978 sancti
760 4929 1072 4982 monasterii
1102 4929 1397 5001 Hohenaug
1419 4932 1652 5001 undique
1677 4937 1936 4994 moderno

361 5019 598 5078 tempore
645 5013 711 5066 de
756 5014 1010 5080 villabns,
1060 5018 1337 5084 domibus,
1390 5023 1691 5092 mancipiis,
1742 5027 1935 5092 vineis,

304 5140 307 5145 ,
358 5095 526 5163 silvis,
557 5100 744 5169 pratis,
777 5105 993 5172 pascuis
1015 5145 1028 5169 ,
1059 5115 1151 5159 aut
1193 5108 1259 5162 de
1288 5110 1613 5177 quibuslibet
1660 5115 1941 5174 beneficiis

360 5189 603 5243 cernitur
631 5206 753 5245 cum
796 5194 1065 5262 :equitatis
1108 5198 1297 5252 ordine
1339 5201 1636 5270 possidere,
1658 5220 1756 5274 per
1801 5207 1940 5263 banc

359 5281 734 5336 auctoritatem
793 5283 1069 5341 snﬂ‘uitum
1130 5288 1333 5358 absque
1394 5290 1677 5360 cujuslibet
1741 5297 1941 5355 illicitis

358 5374 738 5429 controversiis
766 5377 898 5431 inibi
919 5419 932 5440 ,
964 5385 1071 5432 tam
1106 5383 1355 5450 prmsenti
1403 5398 1566 5453 quam
1601 5384 1782 5444 futuro
1807 5398 1939 5445 tem-

357 5476 489 5532 pore
538 5464 753 5522 Christo
800 5472 1028 5539 praesule
1072 5475 1318 5542 proﬁciat
1366 5478 1420 5531 in
1467 5490 1836 5549 augmentum.
1876 5485 1943 5540 Et

361 5557 713 5627 undecunque
743 5561 915 5629 ipsum
945 5566 1333 5621 monasterium
1363 5583 1535 5637 usque
1577 5585 1721 5625 nunc
1751 5572 1941 5628 habuit

361 5664 674 5705 concessum
711 5658 765 5706 et
803 5668 971 5723 usque
1007 5655 1266 5712 hactenus
1310 5667 1708 5726 conservatum,
1736 5662 1819 5716 vel
1843 5678 1942 5733 per

761 5745 1030 5807 Parnoc.
1076 5746 1186 5809 XC
1198 5746 1277 5809 VI

2044 4575 2265 4630 micnsis
2291 4580 2383 4627 aut
2411 4569 2579 4642 regia,
2609 4577 2702 4623 ant
2730 4568 3061 4638 privatorum
3100 4566 3347 4637 largitate
3376 4565 3622 4631 collatas,

2044 4673 2137 4719 aut
2164 4662 2257 4733 qui
2284 4671 2439 4717 antea
2470 4659 2687 4715 fuerunt
2718 4657 2935 4715 Christo
2960 4656 3191 4727 propitio
3217 4655 3524 4718 collaturas,
3558 4656 3627 4710 ad

2043 4754 2337 4810 audiendas
2359 4752 2739 4807 altercationes
2762 4751 3061 4820 ingredere,
3087 4756 3181 4802 aut
3202 4748 3349 4803 freda
3377 4749 3442 4802 de
3465 4762 3623 4817 quas-

2041 4848 2172 4904 libet
2195 4862 2385 4902 causas
2414 4847 2653 4917 exigere,
2682 4860 2781 4900 nec
2807 4844 3116 4900 mansiones
3137 4852 3230 4897 aut
3257 4851 3475 4912 paratas
3494 4883 3509 4909 ,
3541 4842 3625 4897 vel

2044 4939 2386 5009 fidejussores
2426 4940 2614 4996 tollere
2660 4955 2764 4993 non
2814 4938 3182 5007 praesumatis;
3230 4936 3323 4991 sed
3366 4935 3624 5005 quidquid

2041 5033 2234 5088 exinde
2262 5042 2355 5087 aut
2384 5032 2810 5087 deservientibus
2851 5030 2935 5084 vel
2976 5028 3358 5084 ecclesiasticis
3395 5026 3626 5081 homini-

2040 5121 2163 5184 bus,
2189 5121 2283 5189 qui
2324 5129 2448 5174 sunt
2494 5118 2631 5174 infra
2662 5133 2837 5189 agros,
2871 5118 2955 5173 vel
2985 5118 3140 5183 fines,
3168 5117 3252 5171 vel
3281 5131 3440 5187 supra
3477 5124 3624 5171 terra

2040 5210 2281 5280 praedicti
2303 5210 2613 5265 monasterii
2635 5218 3056 5274 commanentes,
3076 5207 3237 5263 fiscus
3253 5216 3345 5261 aut
3359 5206 3426 5261 de
3446 5204 3622 5270 freda,

2042 5311 2135 5356 aut
2172 5304 2526 5370 undecunque
2567 5308 2815 5371 potuerat
2854 5316 3095 5370 sperare,
3135 5315 3203 5354 ex
3232 5307 3418 5353 nostra
3449 5296 3626 5351 indui-

2043 5393 2221 5462 gentia
2252 5406 2349 5460 pro
2393 5391 2571 5445 futura
2613 5391 2787 5445 salute
2835 5392 2889 5446 in
2936 5391 3294 5446 luminaribus
3342 5389 3624 5459 ipsiusmet

2042 5484 2394 5553 suprascripti
2424 5483 2735 5538 monasterii
2768 5499 2869 5553 per
2910 5501 3103 5540 manus
3134 5486 3406 5556 agentium
3433 5499 3623 5539 eorum

2040 5572 2290 5645 proficiat
2316 5574 2370 5627 in
2398 5582 2731 5644 perpetuum,
2781 5583 2835 5630 et
2862 5577 3006 5644 quod
3036 5593 3133 5631 nos
3159 5582 3379 5645 propter
3423 5588 3623 5628 nomen

2042 5663 2277 5730 Domini,
2298 5671 2352 5719 et
2382 5665 2576 5719 animae
2607 5675 2804 5721 nostra:
2833 5667 3150 5727 remedium.
3171 5683 3265 5722 seu
3289 5674 3471 5722 nostra
3497 5664 3621 5719 sub-

3096 5758 3235 5817 ω’
