4046 6172
560 311 709 370 ’1551

1581 299 1846 356 δίΕΕυιι
1888 300 1997 356 VIII
2038 298 2471 358 MONUMENTA
2511 302 2840 360 SELECTA.

3695 304 3833 359 1552

551 433 772 481 ~nostrze
805 404 1005 476 dicioni
1049 414 1346 483 subiacent,
1403 426 1701 481 omnesque
1742 425 1959 474 census,
2011 425 2151 479 quos
2179 415 2225 471 Α
2253 427 2385 482 pore
2403 421 2578 467 ratum
2608 420 2939 482 permaneat,
2969 391 3470 483 rogoatqnebumili
3492 428 3653 484 prece
3669 430 3835 486 espo-

554 516 837 570 ‘hactenus
861 509 927 563 de
954 506 1041 561 illa
1064 514 1208 560 terra
1232 502 1287 556 in
1330 509 1514 557 nostra
1540 510 1808 571 potestate
1837 500 2149 567 habuimus,

551 606 748 662 eidem
776 596 1127 659 monasterio,
1170 594 1409 664 ipsisque
1452 591 1733 648 monachis
1768 592 1840 646 ob
1887 590 2151 647 honorem

567 692 785 748 Domini
816 687 986 745 nostri
1030 684 1159 741 Jesu
1204 681 1407 739 Christi
1442 690 1497 738 et
1538 682 1657 753 ejus
1694 682 1953 753 piissimae
2002 681 2153 751 geni-

574 783 729 838 tricis
763 786 963 836 sanctae
1016 774 1197 829 Mariae
1245 780 1521 842 perpetua
1567 771 1813 840 virginis,
1869 779 1925 825 et
1976 770 2152 825 sancti

548 871 797 928 Joannis
825 866 1080 936 Baptista:
1107 872 1161 919 et
1189 872 1501 918 sanctorum
1533 862 1900 933 apostolorum
1926 860 2077 915 Petri
2096 868 2155 914 et

559 964 752 1028 'Pauli,
782 960 1131 1027 omniumque
1143 955 1489 1020 Sanctorum,
1515 969 1745 1024 quorum
1768 954 2025 1009 memoria
2049 952 2153 1008 ibi-

572 1051 939 1112 dem-cottidie
965 1050 1287 1111 celebratur,
1313 1061 1414 1116 pro
1452 1047 1716 1102 mercedis
1761 1055 1978 1101 aeterna:
2027 1045 2153 1099 vitae

574 1153 884 1215 augmento,
907 1141 990 1197 vel
1008 1156 1119 1215 pro
1168 1153 1301 1209 pace
1347 1137 1519 1193 tocius
1565 1137 1856 1208 provincia:
1906 1136 2152 1191 dedimus

575 1214 740 1308 atque
771 1214 1231 1304 consignavimus,
1259 1240 1319 1285 ut
1338 1230 1596 1300 quidquid
1625 1245 1724 1300 pro
1752 1229 1988 1284 utilitate
2000 1227 2152 1282 exin-

576 1331 645 1385 de
671 1326 987 1385 monasterii
1007 1324 1092 1379 vel
1121 1324 1357 1393 ipsorum
1382 1321 1562 1377 facere
1586 1321 1856 1377 voluerint
1884 1319 2148 1382 habendi,

560 1419 816 1484 tenendi,
842 1416 1096 1480 donandi,
1130 1413 1362 1469 faciendi
1390 1412 1615 1468 liberam
1645 1412 1700 1466 in
1723 1410 2152 1479 cmnibusatque

556 1510 941 1566 ﬁrmissimam
980 1507 1217 1561 habeant
1245 1510 1590 1573 potestatem.
1633 1501 1744 1557 Has
1785 1508 1968 1555 autem
2014 1513 2153 1569 pra:-

568 1602 752 1656 tdietas
783 1611 869 1652 res
898 1602 954 1652 et
970 1595 1089 1651 loca
1118 1607 1278 1662 supra
1311 1591 1608 1654 nominata,
1646 1606 1766 1660 qua!
1794 1587 2017 1660 preiata:
2045 1586 2151 1642 cel-

560 1695 644 1748 Jae
664 1689 1116 1761 consignavimus,
1138 1694 1193 1740 et
1212 1699 1331 1753 qum
1356 1683 1550 1747 adhuc,
1570 1680 1943 1749 Deo.juvante,
1971 1678 2147 1734 eidem

572 1784 729 1839 cella:
752 1757 1033 1851 aciluirere
1059 1775 1355 1847 potuimus,
1377 1787 1501 1827 cum
1535 1771 1764 1827 consilio
1798 1784 1962 1840 supra
2019 1765 2150 1822 dicti
2184 1757 2231 1818 Β

576 1871 959 1945 gloriosi-regis
984 1867 1195 1938 Pippini
1224 1874 1278 1921 et
1305 1879 1571 1920 consensu
1595 1862 1834 1918 omnium
1855 1861 2154 1916 amicorum

576 1964 987 2037 principumque
1012 1958 1148 2029 ejus,
1177 1956 1556 2012 constituimus
1591 1964 1754 2024 atque
1788 1959 2048 2022 perpetua
2073 1951 2152 2006 le-

562 2071 642 2124 .gc
670 2050 984 2110 censuimus
1005 2049 1139 2104 satis
1162 2044 1488 2102 sutﬁcientes
1506 2059 1628 2099 esse
1678 2044 1749 2098 ad
1797 2041 2156 2098 cottidianum

572 2144 905 2216 stipendium
932 2140 1151 2211 triginta
1182 2136 1440 2192 fratribus
1460 2143 1516 2190 et
1545 2134 1628 2191 eis
1663 2133 1887 2190 cottidie
1913 2132 2156 2189 servien-

567 2238 743 2295 .tibus.
782 2242 842 2289 ut
876 2229 1210 2288 cenobialem
1239 2228 1407 2283 vitam
1442 2226 1721 2290 ducentes,
1762 2232 1925 2295 atque
1961 2223 2160 2295 regula:

566 2328 751 2385 sancti
780 2323 1056 2382 Benedicti
1074 2322 1143 2378 in
1175 2321 1427 2378 omnibus
1448 2320 1760 2375 obedientes
1786 2334 1886 2389 pro
1899 2316 2074 2372 salute
2090 2331 2156 2372 ac

563 2416 941 2490 prosperitate
977 2428 1184 2485 regum,
1210 2398 1312 2467 nec
1323 2425 1430 2467 non
1454 2425 1554 2481 pro
1575 2408 1723 2465 omni
1748 2407 2160 2464 christianitatis

576 2508 892 2571 stabilitate,
923 2513 978 2561 et
1001 2503 1257 2575 religione
1281 2515 1496 2571 semper
1517 2514 1703 2556 eorum
1727 2498 1902 2554 oratio
1942 2497 1996 2554 in
2026 2512 2157 2554 con-

577 2608 763 2670 spectu
794 2597 890 2653 Dei
914 2611 1021 2651 non
1041 2592 1255 2649 desinat
1283 2590 1548 2663 ﬂagitare.
1586 2588 1647 2645 Si
1672 2588 1796 2659 quis
1820 2603 1970 2655 vero,
2013 2586 2160 2658 quod

574 2693 697 2748 ﬁeri
741 2706 845 2746 non
876 2689 1056 2752 credo,
1087 2695 1147 2742 ut
1172 2699 1274 2757 ego
1309 2685 1425 2755 ipse
1453 2689 1548 2751 aut
1575 2681 1769 2751 aliquis
1791 2680 1858 2736 de
1883 2693 2162 2736 successo-

579 2783 731 2838 ribus
755 2780 911 2844 meis,
933 2776 1018 2833 vel
1049 2776 1356 2847 quicunque
1371 2781 1559 2829 contra
1578 2764 1691 2829 hoc
1707 2779 2091 2828 testamentum
2107 2781 2158 2835 ι,

580 2874 724 2944 quod
756 2886 857 2942 ego
885 2870 1026 2925 bona
1062 2867 1338 2922 voluntate
1360 2865 1477 2918 ﬁeri
1506 2864 1590 2918 vel
1628 2864 1975 2919 conscribere
2004 2878 2160 2932 roga-

573 2968 650 3031 vi,
684 2965 887 3030 venire,
918 2969 1012 3017 aut
1037 2960 1170 3016 illud
1211 2958 1521 3029 infrangcre
1577 2956 1830 3021 voluerit,
1870 2957 2158 3027 imprimis,

543 3036 553 3044 ’
579 3062 624 3115 si
652 3074 709 3115 se
731 3058 798 3114 de
822 3057 923 3112 hac
946 3067 1111 3110 causa
1127 3050 1416 3107 emendare
1436 3049 1688 3115 noluerit,
1722 3049 1859 3102 iram
1883 3047 1978 3102 Dei
2003 3056 2058 3102 et
2080 3045 2162 3102 of-

576 3152 789 3206 .fensam
828 3154 1029 3203 saneta:
1043 3142 1224 3198 Mariae
1252 3149 1307 3197 et
1335 3142 1509 3197 sancti
1540 3140 1682 3195 Petri
1702 3139 2024 3210 apostoli,et
2046 3154 2164 3194 om-

582 3241 730 3295 nium
762 3244 1073 3293 sanctorum
1099 3240 1154 3287 et
1178 3245 1369 3302 pmnas
1395 3228 1590 3285 inferni
1616 3229 1864 3301 experire
1904 3229 2166 3299 pertime-

581 3338 718 3393 scat,
745 3337 801 3383 et
827 3327 1049 3395 insuper
1072 3322 1315 3378 soeiante
1338 3320 1471 3376 ﬁsco
1498 3319 1617 3376 auri
1645 3319 1811 3376 libras
1837 3320 2040 3385 decem,
2073 3333 2164 3373 ar-

580 3420 837 3494 gentique
857 3415 1112 3488 ponderis
1128 3414 1346 3486 triginta
1362 3413 1530 3469 libras
1547 3413 1613 3468 ad
1631 3411 1761 3467 illud
1776 3410 2164 3466 monasterium

580 3507 874 3581 persolvat,
895 3513 951 3561 et
973 3504 1118 3574 quod
1151 3501 1366 3572 repetit,
1379 3500 1546 3556 nichil
1568 3499 1743 3554 valeat
1754 3499 2080 3554 evindicare.
2098 3497 2167 3552 Et

574 3611 645 3659 ut
664 3603 780 3657 hac
803 3597 1028 3670 epistola
1044 3596 1218 3659 ﬁrma,
1246 3609 1341 3650 seu
1364 3594 1466 3649 hoc
1476 3599 1859 3648 testamentum
1872 3591 2019 3647 omni
2032 3597 2167 3645 tem-

654 3771 680 3799 ι
713 3756 1115 3813 Testamentum
1170 3757 1300 3805 tunc
1357 3746 1655 3803 vocabatur
1695 3745 1874 3801 omnis
1923 3744 2166 3810 donatio,

578 3831 698 3884 sive
725 3824 928 3896 quaevis
948 3823 1159 3885 charta,
1178 3819 1323 3896 quod
1350 3818 1405 3872 in
1433 3815 1740 3896 donationis
1764 3829 1828 3870 ac
1868 3814 2169 3896 largitionis

586 3883 1614 3967 ἐινειιὼεηιιιιη,ίξρτιεεῖίδεξιρξειινιγῖίξε
1633 3883 1982 3967 θυεοηεθριῖ
2015 3883 2168 3967 9'98-

586 3953 733 4022 δειῖἱο
757 4003 773 4026 ,
808 3971 938 4016 tom.
969 3960 1061 4023 VI,
1084 3973 1205 4028 pag.
1238 3955 1404 4028 “90;
1437 3955 1790 4028 Mabillonem‘
1808 3953 1873 4028 de
1898 3953 1978 4028 Ile
1998 3953 2171 4028 diplo-

584 4021 741 4093 mat.,
761 4021 859 4084 lib.
888 4044 929 4093 ι,
980 4021 1103 4098 pag:
1131 4021 1188 4091 5',
1209 4024 1373 4098 et_l_e__
1392 4021 1634 4098 'nguveau
1667 4021 1841 4098 Truité
1895 4023 1959 4077 de
1987 4021 2171 4093 Diplo-

586 4092 838 4173 matique,
862 4092 999 4153 tom.
1018 4092 1080 4173 l,_'
1107 4110 1232 4167 pag.
1425 4092 1662 4173 Diversis
1704 4092 2017 4173 chartarum
2043 4092 2169 4163 spe-

577 4161 773 4229 ciebus
799 4161 1253 4224 Communicattfm
1281 4161 1779 4232 fuissetestamenti
1809 4175 2002 4215 nomen
2040 4161 2170 4232 pro-

587 4245 682 4299 bat
711 4238 905 4297 Maﬂei.
935 4237 1094 4292 lstor.
1133 4233 1265 4304 dipl.
1292 4247 1414 4304 pag.
1433 4231 1534 4304 58.
1566 4229 1911 4304 Testamenta
1958 4229 2169 4304 regum,

590 4248 682 4299 bat
711 4248 905 4297 MatIei.
936 4248 1094 4292 lstor.
1133 4248 1265 4316 uipl.
1292 4248 1414 4355 pag.
1445 4248 1534 4314 ac.
1567 4248 1600 4285 1
1612 4248 1911 4313 eOStamenta
1958 4248 2169 4357 reginam,

590 4315 657 4370 de
684 4311 881 4381 quibus
904 4307 965 4362 ﬁt
982 4306 1183 4381 mentio
1212 4319 1267 4358 in
1312 4317 1420 4381 εἰεί
1432 4301 1833 4381 Hipparini-um,
1865 4302 2005 4381 apud
2110 4318 2171 4356 ιι-

590 4319 657 4370 de
684 4319 881 4381 quibus
904 4319 965 4362 ﬁt
982 4319 1183 4361 mentio
1212 4319 1267 4358 tn
1293 4319 1408 4425 tae
1434 4319 1833 4384 mpuanorum,
1865 4319 2005 4371 apuu
2031 4319 2162 4357 bou-

586 4388 987 4455 quetum,_tom_.
1010 4376 1122 4455 Ἰν,
1158 4388 1305 4455 νεαρ,
1389 4372 1442 4455 ἹΔ,
1475 4371 1609 4455 nihil
1637 4370 1783 4455 aliud
1835 4378 1971 4455 sunt.
2000 4388 2162 4455 quam

2253 520 2365 570 sco,
2379 513 2440 560 ut
2462 520 2803 562 successores
2821 505 2928 561 mei
2952 503 3094 560 facta
3111 512 3294 560 nostra
3305 519 3404 574 pro
3431 512 3649 560 acterna:
3672 508 3832 561 retri-

2251 596 2489 652 butionis
2512 604 2825 667 augmento,
2852 610 2974 666 quas
2987 596 3310 652 auctoritate
3326 596 3477 667 regia
3488 605 3619 651 sunt
3637 597 3831 653 conﬁr-

2253 698 2422 756 mata,
2456 704 2779 747 conservare
2801 690 3090 760 dignentur
3116 689 3447 759 incorrupta,
3519 689 3568 744 si
3621 696 3684 744 et
3734 689 3833 760 ipsi

2253 780 2443 843 velint,
2466 791 2526 835 ut
2552 781 2688 836 facta
2719 779 2933 834 illorum
2952 788 3203 835 maneant
3224 787 3565 845 conservata,
3606 780 3833 849 stipula-

2253 870 2407 924 cione
2435 870 2681 925 subnixa.
2716 868 2907 924 Actum
2931 878 3016 924 est
3035 870 3139 925 hoc
3170 878 3551 925 testamentum
3596 872 3654 925 in
3705 871 3835 926 civi-

2253 970 2363 1017 tate
2384 962 2773 1032 Argentinense
2794 962 2964 1017 tercio
2981 961 3324 1027 idusmarcii,
3359 978 3501 1018 anno
3546 964 3835 1018 undecimo

2253 1061 2509 1123 regnante
2530 1053 2758 1108 Domino
2786 1061 2969 1108 nostro
2998 1053 3189 1124 Pipino
3221 1053 3458 1124 glorioso
3474 1053 3647 1125 Rege,
3667 1065 3729 1110 et
3749 1072 3836 1110 ve-

2254 1142 2480 1198 nerabili
2504 1143 2756 1213 episcopo
2781 1143 3002 1199 Eddone
3027 1144 3077 1197 ιι.
3112 1144 3224 1214 Ego
3245 1145 3299 1198 in
3326 1144 3420 1198 Dei
3445 1146 3670 1200 nomine
3694 1145 3839 1201 Eddn

2251 1241 2506 1303 peccator
2556 1249 2655 1303 per
2692 1234 3119 1290 misericordiam
3176 1235 3498 1291 Deivoeatus
3549 1239 3841 1307 episcopus

2252 1322 2358 1377 hoc
2387 1331 2764 1378 testamentum
2792 1339 2823 1377 a
2849 1338 2938 1379 me
2967 1323 3168 1379 factum
3205 1325 3366 1396 relegi
3421 1335 3479 1380 et
3515 1327 3837 1396 subscripsi.

2253 1412 2478 1484 Signum
2508 1414 2548 1483 -ι-
2570 1424 2593 1453 θ
2611 1413 2909 1470 Chrodardi
2923 1416 3156 1470 comitis.
3172 1415 3230 1470 In
3244 1416 3448 1473 Christi
3462 1419 3691 1473 nomine
3704 1420 3837 1489 egod

2252 1502 2541 1559 Remedius
2552 1512 2807 1573 peccator
2829 1512 2886 1560 et
2907 1505 3191 1576 episcopus
3212 1505 3352 1561 facta
3372 1509 3572 1578 prioris
3593 1509 3707 1565 mei
3736 1510 3838 1564 Ed-

2252 1592 2410 1648 donis
2432 1594 2670 1663 episcopi
2696 1594 2952 1666 relegi,et
2965 1597 3234 1659 consensi,
3251 1604 3307 1652 et
3353 1599 3680 1670 subscripsi.
3735 1601 3841 1672 Ego

2252 1683 2559 1739 Einhardus
2582 1682 2690 1740 late
2715 1692 2934 1754 rogatus
2960 1684 3154 1755 scripsi
3177 1694 3231 1741 et
3246 1687 3562 1758 subscripsi.

2957 1792 3148 1851 XXIX.

2257 1882 2480 1955 Egidius
2516 1887 2597 1939 vir
2625 1883 2831 1939 illuster
2855 1885 3026 1954 factus
3066 1889 3353 1942 monachus
3388 1887 3708 1944 Pruntiensi
3741 1908 3843 1945 ano-

2326 1956 2555 2010 nasterio
2599 1955 2854 2026 insignem
2883 1955 3219 2012 donationem
3247 1958 3374 2027 facit
3410 1958 3576 2029 (anno
3606 1961 3776 2034 764).

2609 2064 2773 2128 (Apud
2795 2065 3078 2127 Hontheim,
3102 2064 3228 2116 Hist.
3259 2066 3473 2130 Trevir.)

2316 2147 2465 2227 Dum
2515 2146 2783 2219 fragilitas
2824 2162 2918 2203 seu
2963 2163 3125 2204 casus
3153 2150 3373 2205 humani
3409 2152 3636 2222 generis
3689 2155 3848 2224 perti-

2258 2241 2448 2297 mescit
2465 2239 2713 2295 ultimum
2741 2239 2867 2294 vitae
2898 2240 3188 2296 terminum
3214 2242 3497 2297 subitanea
3541 2247 3845 2315 transposi-

2259 2330 2426 2396 tione,
2448 2338 2679 2401 oportet,
2704 2337 2765 2383 ut
2790 2344 2899 2384 non
2927 2330 3166 2385 inveniat
3197 2346 3651 2402 unumquemque
3687 2337 3842 2406 impa-

2259 2429 2459 2484 ratum,
2487 2419 2582 2475 sed
2608 2420 2922 2489 quicunque
2949 2419 3064 2474 vult
3110 2421 3411 2476 animarum
3449 2423 3700 2478 salutem
3724 2428 3850 2481 reci-

2256 2526 2406 2582 pere,
2435 2512 2540 2566 hoc
2574 2518 2789 2581 oportet
2822 2518 2879 2565 et
2912 2512 3192 2582 congruit,
3227 2521 3287 2566 ut
3308 2512 3375 2568 de
3401 2514 3650 2583 propriis
3700 2518 3852 2573 rebus

2259 2604 2470 2659 studeat
2497 2602 2780 2658 redimere.
2810 2601 2979 2674 Igitur
3008 2617 3107 2675 ego
3139 2602 3191 2657 in
3227 2602 3323 2658 Dei
3350 2605 3573 2659 nomine
3600 2606 3849 2678 Egidius,

2258 2701 2599 2767 pertractans
2626 2707 2813 2748 casum
2840 2693 3090 2747 humanae
3129 2691 3455 2764 fragilitatis,
3494 2695 3765 2763 deﬁnivi,
3801 2708 3856 2753 ut

2262 2799 2360 2856 pro
2387 2782 2742 2841 retributione
2763 2791 2968 2838 aeterna
3003 2782 3090 2839 vel
3137 2783 3457 2857 remissione
3498 2794 3853 2856 peccatorum

2264 2889 2507 2930 meorum
2533 2873 2746 2928 veniam
2773 2874 2915 2943 apud
2939 2872 3420 2928 clementissimum
3458 2874 3772 2933 Dominum
3809 2879 3854 2934 in

2261 2973 2462 3019 :eterna
2487 2962 2821 3019 beatitudine
2865 2962 3089 3032 adipisci
3126 2978 3375 3018 merear:
3404 2965 3548 3022 dono
3568 2966 3857 3024 donatum-

2264 3073 2372 3129 que
2395 3064 2652 3128 perpetuo
2673 3071 2793 3112 esse
2826 3055 2949 3112 volo
2974 3056 3041 3112 ad
3080 3058 3468 3114 monasterium
3501 3059 3563 3114 S.
3608 3059 3859 3118 Salvato-

2270 3151 2366 3214 ris,
2395 3150 2541 3221 quod
2563 3155 2648 3204 est
2670 3155 3042 3203 constructum
3070 3148 3123 3202 in
3174 3147 3373 3203 ﬁnibus
3396 3150 3675 3208 Ardinnzc
3704 3168 3861 3223 super

2267 3239 2488 3296 ﬂuvium
2516 3239 2783 3305 Prumiaa,
2831 3239 2924 3295 ubi
2967 3240 3293 3295 venerabilis
3327 3241 3413 3296 vir
3437 3239 3697 3302 Asuerus
3730 3247 3861 3302 abba

2266 3340 2321 3387 et
2335 3331 2565 3403 plurima
2591 3331 2748 3386 turba
2776 3329 3159 3386 monachorum
3190 3331 3403 3387 videtur
3430 3347 3553 3389 esse
3578 3337 3859 3401 adunata,

2267 3423 2360 3479 ubi
2387 3438 2488 3494 ego
2513 3437 2725 3479 comam
2764 3423 2959 3493 capitis
3000 3422 3106 3477 mei
3140 3430 3360 3494 propter
3403 3439 3594 3481 nomen
3632 3427 3860 3483 Domni

2265 3513 2489 3585 deposui
2514 3530 2526 3566 :
2563 3514 2670 3569 hoc
2691 3504 2775 3569 est
2803 3513 2958 3568 villas
2984 3528 3133 3569 meas
3162 3524 3491 3585 nuncupatas
3514 3516 3862 3585 Caveniaco,

2268 3607 2549 3666 Novavilla
2606 3619 2630 3648 ο
2664 3608 2719 3663 in
2746 3622 2883 3679 pago
2928 3607 3239 3664 Celmanico
3291 3623 3417 3664 cum
3458 3609 3729 3667 omnibus
3772 3628 3863 3683 ap-

2268 3741 2486 3812 abbatia
2524 3741 2695 3812 sancti
2730 3739 2983 3812 Dionysii
3032 3755 3297 3794 annorum
3340 3739 3465 3804 752,
3497 3740 3606 3794 755
3638 3753 3703 3798 et
3739 3743 3859 3803 759.

2269 3812 2410 3881 apud
2441 3810 2692 3874 Felibien,
2721 3809 2967 3881 Prenvbs,
2994 3824 3119 3881 pag.
3142 3825 3270 3864 xxxv
3292 3819 3346 3865 et
3370 3826 3592 3881 _XI\’III,
3623 3822 3687 3867 et
3726 3816 3858 3881 apud

2324 3882 2634 3947 abillonem,
2664 3881 2729 3952 de
2759 3894 2817 3952 re
2853 3879 3157 3952 diplomatn
3184 3895 3333 3952 pag._
3349 3879 3452 3952 491
3487 3890 3543 3952 et
3583 3882 3729 3938 493.

2270 3968 2375 4025 gna
2404 3952 2560 4007 nobis
2587 3950 2822 4020 suspicio
2839 3948 2926 4004 est
2939 3965 3062 4005 cum
3106 3948 3456 4074 Scliazpﬁino,
3477 3950 3665 4006 Alsat.
3698 3954 3859 4017 illast.

2271 4033 2401 4079 tom.
2433 4021 2474 4085 Ι,
2503 4037 2625 4092 pag.
2656 4019 2758 4075 668
2778 4028 2833 4092 et
2853 4019 3252 4092 7§7,rChgrcdar
3289 4036 3378 4092 um
3405 4023 3669 4092 eumdem
3702 4022 3862 4080 fuisse

2272 4109 2337 4150 ac
2364 4088 2699 4147 Ruthardum
2746 4089 2859 4144 sive
2886 4088 3192 4144 Rcdardum
3236 4091 3489 4144 comitem
3532 4089 3864 4149 Schwartz-

2271 4163 2470 4227 censis,
2499 4173 2555 4216 et
2597 4159 3063 4231 Gcngenbacensis
3102 4158 3437 4231 abbatiarum
3486 4159 3860 4231 fundatorem.

2270 4234 2479 4305 Aspera
2496 4230 2647 4305 enim
2686 4229 3051 4305 pronuntiatio
3073 4229 3299 4305 perHCh.
3323 4230 3551 4305 vetustis
3598 4234 3863 4305 tempori-

2271 4298 2373 4357 bus
2397 4302 2550 4356 valde
2574 4298 2893 4369 fuit'usitata
2914 4300 2966 4352 in
2993 4298 3297 4369 nominibus
3321 4299 3573 4369 propriis.

2339 4372 2366 4412 ἀ
2389 4371 2678 4426 Remedius
2706 4368 2805 4423 fuit
2832 4368 3103 4440 Heddonis
3129 4369 3182 4422 in
3204 4368 3439 4423 Ecclesia
3461 4368 3863 4440 Argentinensi

588 4434 1384 4521 donationisdiplomata.va
1418 4434 1722 4521 testamenti
1768 4434 2162 4521 acceptioiplu-
2191 4434 2245 4498 Ι)
2267 4456 2571 4521 successor:2
2613 4440 2704 4509 qui
2755 4438 3093 4520 privilegium
3137 4434 3865 4521 prmdecpsspﬁinsub.

591 4524 741 4577 ribus
759 4511 991 4573 invaluit
1007 4514 1235 4577 saeculis,
1262 4521 1318 4566 et
1350 4512 1435 4566 vel
1460 4511 1754 4566 desinentis
1773 4511 2040 4565 undecimi
2064 4526 2162 4566 ste-

582 4591 695 4648 culi
728 4586 972 4657 exempla
1002 4589 1306 4657 supersunt.

661 4662 690 4701 ι»
714 4648 993 4713 Conradus
1030 4648 1218 4723 abbas,
1246 4650 1338 4723 qui
1358 4664 1530 4723 _a_nno
1552 4648 1697 4723 ‘Ilel
1730 4649 2004 4723 chartam_
2027 4650 2166 4723 hanc

591 4731 798 4801 primus
822 4724 1117 4801 renovavit,
1133 4718 1333 4801 adjecit
1353 4718 1719 4801 Ialsamifram
1742 4718 2164 4801 incarnationis:

595 4788 615 4851 ἱ
650 4800 847 4854 Actum
871 4808 1014 4849 anno
1040 4793 1107 4846 ab
1133 4788 1508 4845 Incarnaticne
1553 4788 1783 4860 Domini
1809 4790 2169 4860 septingente—

591 4871 730 4925 simo
758 4881 919 4922 nono.
961 4884 979 4916 ι
1013 4862 1119 4918 Sed
1137 4860 1285 4914 illam
1320 4868 1467 4914 certe
1489 4874 1598 4914 non
1624 4857 1813 4930 habuit
1836 4857 2169 4930 autographa

591 4940 804 5000 charta,
829 4949 955 4990 cum
1001 4934 1115 4988 haac
1144 4936 1417 5000 teratunc
1450 4928 1708 5000 temporis
1757 4943 1861 4981 non
1912 4926 2079 5000 fuerit
2097 4928 2169 5000 _in

586 5022 714 5062 usu.
740 4996 1073 5061 Posteriores
1097 5001 1181 5054 hae
1212 4998 1537 5068 adiectiones
1562 4996 1711 5068 "nihil
1738 4998 2057 5067 autographi
2078 4998 2172 5053 de-

577 5077 815 5131 trahunt
832 5072 1066 5127 veritati.
1106 5068 1167 5123 Id
1194 5065 1351 5123 factis
1392 5067 1558 5122 certis
1601 5065 1787 5136 nixum
1812 5065 1931 5120 esse
1966 5065 2171 5136 probat

591 5144 867 5206 Mabillon,
906 5141 973 5195 de
1017 5137 1395 5207 rediplomaL,
1426 5151 1545 5207 pag.
1593 5134 1716 5189 242.
1743 5134 1894 5207 Hanc
1931 5134 2170 5207 regulam

590 5204 862 5270 admisere
889 5212 1031 5265 inter
1059 5204 1278 5263 eriticos
1303 5204 1513 5275 severi,
1528 5205 1668 5259 inter
1692 5219 1839 5275 quos
1858 5204 2167 5275 Lengletus,

573 5286 647 5339 .in
670 5281 913 5363 Methode
937 5295 1072 5361 pouf
1094 5277 1297 5331 étudier
1320 5274 1591 5358 i‘histoire,
1616 5273 1746 5356 toni.
1798 5273 1865 5340 II,
1893 5273 2016 5396 pag.
2040 5275 2169 5358 5.90,

588 5353 720 5396 Min-
740 5353 1051 5396 Darm-annl
1067 5347 1224 5396 {79.9-
1249 5353 1305 5396 et
1324 5361 1379 5396 in
1391 5344 1716 5396 Dicuonano
1739 5357 1905 5396 encvc
1926 5346 2169 5396 onedieo.

588 5353 722 5408 edit.
740 5352 914 5407 Paris.
926 5344 1051 5404 anni
1067 5347 1224 5412 {729,
1249 5353 1305 5400 et
1324 5345 1379 5399 in
1391 5344 1716 5414 Dictionario
1739 5344 2169 5414 encyclopedico,

757 5422 847 5486 IV,
878 5436 1000 5491 pag.
1040 5417 1197 5473 1019.
1231 5416 1381 5470 Alias
1408 5413 1640 5485 antiquis
1666 5413 2044 5485 diplomatibus
2093 5415 2174 5471 in-

576 5488 951 5546 leuissimis.

667 5569 691 5596 °
723 5558 1067 5612 Cbrodardus
1089 5563 1207 5611 erat
1237 5569 1419 5610 comes
1454 5553 1592 5617 ﬁsci,
1641 5562 1830 5622 potens
1868 5553 1922 5608 in
1946 5552 2173 5619 Alsatia,

578 5624 883 5693 ﬂrtenavia
907 5624 1253 5693 etBrisgovia
1280 5625 1526 5693 dynasta.
1554 5622 1705 5693 Inter
1730 5638 1985 5693 proceres
2012 5623 2176 5679 Fran-

594 5693 698 5748 cia:
718 5691 916 5761 legitur
938 5691 1329 5747 Cbrod‘hardus
1348 5694 1401 5746 in
1427 5693 1632 5748 chartis
1658 5691 1867 5763 Pippini
1906 5694 2049 5764 regis
2074 5708 2175 5764 pro

2265 4511 2498 4575 scripsit.
2528 4508 2666 4564 Tum
2711 4508 2854 4563 enim
2885 4508 3050 4562 moris
3098 4517 3238 4572 erat,
3270 4516 3492 4563 notante
3538 4508 3863 4575 Mahilloue.

2266 4583 2331 4637 de
2356 4576 2435 4635 Re
2453 4581 2730 4651 diplomat.
2754 4577 2847 4631 lib.
2877 4593 2935 4639 ιι,
2966 4576 3205 4651 cap.__20,
3232 4586 3291 4631 ut
3322 4578 3609 4651 privilegia
3650 4582 3862 4651 episcm

2265 4665 2456 4720 porum
2483 4646 2549 4730 ab
2576 4664 2761 4730 eorum
2807 4646 3223 4730 successoribus
3253 4646 3360 4702 non
3401 4646 3537 4728 novi
3577 4646 3863 4730 privilegii

2266 4716 2634 4790 concessione,
2665 4718 2761 4773 sed
2803 4716 3329 4790 sola_su‘.‘scriptione
3366 4716 3657 4790 primariis
3697 4716 3862 4790 appo-

2267 4790 2369 4845 sita
2396 4788 2865 4846 conﬁrmarentur.
2920 4785 3074 4841 Hunc
3100 4784 3254 4840 usum
3283 4784 3475 4856 probat
3510 4787 3639 4856 ipsa
3672 4784 3863 4843 charta

2269 4859 2559 4929 Heddonis,
2584 4859 2674 4929 qui
2698 4870 3034 4929 successores
3054 4870 3182 4929 suos
3206 4863 3359 4929 rogat
3380 4866 3435 4909 ut
3462 4865 3863 4914 testamentum

2268 4929 2384 4999 ejus
2410 4926 2747 4999 conﬁrment.
2779 4926 3015 4999 Probangt
3033 4926 3264 4993 denique
3290 4926 3570 4999 innumera
3606 4944 3645 4982 a
3677 4930 3864 4999 quinte

2269 4944 2384 4999 eius
2410 4944 2747 4983 OODIII'IIIBDI.
2779 4944 3015 4981 I’I‘ODaIll
3033 4944 3264 4993 αρηιίῐιιρ
3290 4944 3570 4980 mnumera
3606 4944 3645 4982 a
3758 4944 3836 4983 11114

2269 4998 2464 5055 szeculo
2489 5000 2555 5053 ad
2585 4998 2851 5053 decimum
2878 4996 3095 5067 tertium
3114 4995 3367 5067 exempla
3392 4995 3631 5067 allegata
3667 4944 3754 5052 Et?
3771 5014 3836 5053 au

2269 5068 2506 5123 ctoribus
2533 5068 2606 5120 du
2634 5083 2867 5120 nouveau
2898 5063 3073 5135 Traite
3091 5063 3154 5117 de
3185 5063 3597 5135 Dip?omatiqite,
3625 5075 3772 5122 tom.
3801 5068 3860 5129 Ὗ.

2267 5153 2391 5221 Ρθε·
2420 5136 2742 5221 345:1?“
2769 5134 2911 5221 "931.9
2948 5134 3512 5221 F’E,I‘9€.‘F§‘?FE‘P“E°
3536 5134 3775 5221 ἔδεφὲ

2264 5203 2379 5278 iam
2417 5217 2545 5278 tunc
2571 5204 2749 5278 fuisse
2782 5205 3085 5278 ordinatum
3109 5203 3417 5278 episcopum
3433 5203 3683 5278 judicat
3706 5203 3803 5278 _Coi

2270 5271 2400 5343 tius,
2420 5275 2610 5331 Annal.
2639 5274 2939 5338 ecclesiast,
2964 5271 3186 5344 tomis};
3207 5271 3329 5343 pag.
3351 5271 3479 5344 ῥέῃ
3502 5274 3601 5344 qui
3624 5276 3857 5344 vel”.

2269 5344 2376 5400 669
2388 5340 2635 5417 ejusdem
2646 5343 2811 5426 .tomi,
2837 5352 2893 5398 et
2916 5357 3036 5464 pag.
3060 5340 3164 5422 i57
3201 5340 3330 5423 tom:
3357 5341 3443 5408 Vl,
3481 5340 3696 5398 asserit

2272 5416 2465 5464 donem
2489 5423 2617 5464 tunc
2642 5428 2750 5464 iam
2773 5427 2928 5464 suum
2951 5428 2981 5464 a
3023 5413 3228 5464 dicasse
3247 5421 3655 5464 emseonatum-

2272 5412 2465 5471 donem
2489 5423 2617 5470 tunc
2638 5414 2751 5483 jam
2773 5427 2928 5468 suum
2951 5412 3228 5483 abdicasse
3237 5412 3655 5483 episcopatum.

2347 5494 2371 5523 ο
2395 5484 2462 5538 1η
2482 5499 2621 5554 pago,
2640 5480 2971 5554 ’(Ῑεειηιᾳηὶες»ἱ
2986 5480 3655 5554 Ιάᾳεειρηϐέηοωρῃιῄοο.
3708 5481 3861 5554 Iliade

2274 5549 2514 5610 Martene
2540 5549 2848 5622 étDurand.
2869 5550 2936 5606 ad
2959 5551 3014 5605 h.
3033 5549 3082 5622 Ar.
3099 5551 3372 5622 colligunt,
3405 5551 3671 5622 Egidium
3695 5552 3861 5606 fuisse

2275 5623 2485 5680 Gallum
2511 5664 2524 5686 ,
2565 5631 2620 5676 et
2656 5621 2794 5692 forte
2826 5619 3049 5675 Assueri
3103 5619 3489 5692 primiabhati's
3515 5624 3861 5692 consangui-

2277 5710 2468 5756 neum,
2520 5708 2679 5763 quem
2728 5691 3073 5746 Prumienses
3111 5689 3543 5761 Andegavensem
3588 5689 3861 5747 comica
