4018 6174
230 332 369 388 1553

954 320 1230 388 PIPPINI,
1273 315 1769 375 CAROLOMANNI
1809 315 1895 370 ET
1936 315 2244 371 ALIORUM
2286 317 2700 375 Dll'LOMATA.

3355 324 3503 377 l55‘ir

225 446 497 522 pendieiis,
526 451 582 499 et
618 440 878 512 quidquid
901 440 1101 495 ibidem
1126 440 1301 494 visum
1330 436 1431 492 fuit
1458 436 1588 490 mihi
1613 434 1797 490 deser-
1819 433 1874 493 Δ
1902 431 2066 509 tionis
2096 446 2250 498 metu,
2284 449 2446 503 quam
2469 451 2568 504 ego
2598 445 2818 505 prepter
2860 453 3052 490 nomen
3085 438 3293 494 Domini
3323 448 3377 493 et
3400 456 3491 494 ve-

229 540 353 594 vire.
379 535 645 592 Similiter
664 540 847 587 autem
877 532 1020 586 dono
1047 530 1204 584 villas
1241 544 1391 584 meas
1425 536 1806 598 nuncupantes

232 628 503 690 Nullliaco,
550 624 808 695 Duciago,
854 622 1124 685 Flaviaco,
1173 620 1507 685 Calviuiaco,
1554 618 1803 685 Juliaco,

228 718 476 783 Cauiaco,
498 714 723 771 Cubicio
767 713 889 769 sitis
927 713 981 767 in
1009 726 1149 783 pago
1196 710 1493 775 Bodonico,
1520 725 1643 766 cum
1693 725 1808 765 om-

230 810 381 865 nibus
399 804 752 876 appendieiis,
784 803 868 858 vel
892 802 1153 872 quidquid
1175 799 1245 856 ad
1283 802 1429 872 ipsas
1472 801 1634 856 villas
1663 802 1809 871 aspi-

229 902 376 955 citet
410 899 586 956 visum
614 895 716 950 fuit
743 895 874 950 mihi
906 894 1108 949 ibidem
1148 894 1455 958 deservire,
1478 894 1620 949 dono
1647 909 1678 949 a
1723 893 1811 949 die

227 997 492 1060 praesente
514 988 584 1043 ad
614 987 728 1056 ipsa
752 1001 875 1041 casa
904 985 963 1040 S.
1005 985 1307 1041 Salvatoris
1332 1000 1454 1041 cum
1500 986 1648 1041 omni
1674 986 1813 1042 inte-

229 1087 442 1158 gritate.
473 1083 737 1139 Similiter
763 1091 817 1136 et
844 1081 982 1136 alias
1003 1095 1113 1145 res,
1150 1095 1271 1150 qua:
1291 1079 1351 1136 S.
1403 1079 1673 1135 Salvatori
1698 1090 1812 1136 tra-

228 1179 358 1244 didi,
388 1178 530 1233 dono
555 1177 622 1232 ad
649 1177 822 1247 ipsum
867 1182 1117 1230 sanctum
1147 1174 1347 1237 locum,
1379 1188 1540 1243 quem
1572 1174 1680 1228 mei
1728 1176 1813 1230 in-

229 1269 403 1324 fantes
437 1269 522 1324 his
556 1267 864 1322 nominibus
890 1264 1208 1336 Aginaldus,
1238 1279 1342 1320 nec
1377 1280 1486 1321 non
1511 1265 1809 1332 Bertricus,

229 1361 343 1418 sive
360 1360 615 1415 Botlenus
639 1368 802 1428 atque
828 1356 1029 1411 Paulus
1053 1367 1080 1397 δ
1106 1371 1204 1426 per
1228 1365 1467 1412 vestram
1504 1357 1814 1428 precariam

230 1455 477 1511 excolere
494 1436 745 1517 debeant,
764 1460 825 1508 ut
849 1452 1278 1523 qualemcunque
1300 1467 1516 1508 sensum
1539 1452 1813 1526 [censum]

230 1548 405 1602 visum
417 1546 572 1601 vobis
588 1544 771 1609 fuerit,
797 1543 905 1599 illis
920 1542 1233 1614 injungatis,
1253 1559 1417 1614 quem
1428 1544 1582 1599 vobis
1593 1559 1690 1615 per
1703 1545 1816 1601 sin-

230 1639 383 1711 gulos
401 1653 570 1694 annos
589 1637 823 1703 solvant,
850 1645 906 1692 et
929 1636 1300 1706 unusquisque
1325 1652 1392 1692 ex
1424 1636 1534 1693 illis
1554 1646 1675 1708 post
1703 1631 1818 1694 obi—

232 1741 344 1787 tum
370 1747 551 1797 suum,
580 1730 834 1801 quicquid
862 1745 961 1801 per
988 1730 1290 1800 precariam
1321 1731 1517 1795 tenuit,
1548 1747 1669 1786 cum
1696 1747 1812 1787 om-

231 1823 392 1878 nibus
413 1823 577 1878 rebus
608 1821 905 1875 melioratis
928 1820 997 1874 ad
1022 1820 1138 1890 ipsa
1158 1836 1283 1876 casa
1315 1820 1410 1874 Dei
1436 1821 1686 1890 superius
1714 1838 1810 1877 no-

233 1916 437 1971 minata
464 1928 588 1969 cum
617 1912 765 1968 omni
805 1911 1116 1982 integritate
1152 1911 1206 1965 in
1238 1910 1356 1981 ejus
1395 1912 1818 1967 dominationem

231 2007 440 2076 absque
466 2004 571 2059 ulla
592 2003 907 2059 marritione
926 2002 1010 2056 vel
1024 2003 1373 2057 contentione
1403 2002 1599 2056 reverti
1628 2002 1816 2056 faciat:

232 2098 343 2154 hoc
389 2104 473 2153 est
513 2094 734 2151 Comitis
757 2134 772 2158 ,
824 2093 1146 2162 Vive-aqua,
1185 2092 1442 2160 Caihaco,
1502 2094 1614 2158 Fol,
1647 2095 1824 2149 Patri-

233 2194 413 2257 niaco,
436 2192 647 2246 Altiaco
672 2191 807 2245 sitas
838 2190 890 2244 in
913 2205 1054 2260 pago
1082 2189 1393 2245 Cclmanico
1418 2204 1541 2243 cum
1571 2189 1824 2244 omnibus

232 2282 568 2355 appendiciis
597 2290 651 2335 et
691 2281 838 2336 omni
891 2281 1223 2351 integritate.
1281 2280 1544 2336 Similiter
1600 2281 1743 2336 dono
1769 2288 1826 2335 et

233 2379 374 2433 alias
394 2377 548 2431 villas
563 2390 810 2444 nuncnpa
819 2383 920 2439 tas,
936 2372 1197 2438 Calvono,
1211 2375 1520 2438 Laviniam),
1534 2372 1821 2438 Averiaco,

235 2467 478 2530 Aurudo,
513 2465 730 2527 Serani,
765 2464 1004 2531 Colrido,
1033 2465 1195 2529 Bron,
1240 2474 1487 2535 quartam
1518 2475 1727 2536 partem
1760 2467 1827 2522 de

236 2555 712 2621 Serant,Duniaco
733 2555 865 2610 sitas
893 2555 947 2610 in
976 2571 1114 2627 pago
1143 2555 1519 2626 Andegavinse
1567 2572 1690 2611 cum
1733 2573 1827 2628 ap-

236 2647 506 2719 pendieiis
533 2657 590 2703 et
615 2647 762 2703 omni
790 2647 1119 2717 integritate.
1146 2645 1413 2700 Similiter
1441 2646 1582 2701 dono
1607 2654 1662 2700 et
1690 2646 1827 2702 alias

236 2738 397 2793 villas
421 2747 757 2809 nuncupatas
785 2739 1004 2804 Druvio,
1037 2737 1354 2802 Palriciaco,
1402 2737 1607 2803 Quevo,
1644 2737 1829 2793 Bursi-

237 2844 368 2896 nas,
388 2829 631 2897 Piriallo,
661 2830 1036 2900 Dimisiniago,
1063 2829 1345 2899 Cuptiago,
1370 2830 1660 2901 balatiago,
1696 2831 1828 2885 sitas

239 2923 303 2976 iu
326 2935 459 2991 pago
491 2922 767 2976 Rodonico
819 2937 941 2977 cum
982 2936 1170 2976 eorum
1218 2920 1555 2991 appendiciis
1579 2929 1635 2977 et
1677 2920 1827 2976 omni

240 3016 558 3087 integritate
585 3033 600 3081 ;
631 3024 685 3069 et
706 3015 840 3071 alias
868 3031 974 3080 res,
1004 3030 1126 3084 quae
1151 3015 1401 3084 superius
1430 3014 1519 3070 hic
1550 3030 1656 3070 non
1683 3029 1831 3071 com-

1907 525 2241 581 nerationem
2285 527 2456 596 ipsius
2489 530 2662 583 sancti
2700 528 2802 583 loci
2845 528 2962 584 fieri
3008 530 3255 594 decrevi,
3307 531 3502 588 venire

1909 616 2230 699 decreverit,
2245 629 2337 673 aut
2349 635 2466 673 eam
2486 618 2780 689 infringere
2795 629 3020 675 conatus
3034 619 3213 683 fuerit,
3232 621 3497 691 aut‘bujus

1910 710 2172 781 repetitor
2199 711 2492 776 exstiterit,
2519 712 2652 767 iram
2674 712 2767 767 Dei
2787 711 3221 777 Patris,etFilii,
3247 723 3302 767 ct
3323 712 3499 785 Spiri-

1912 809 1999 857 tus
2026 803 2198 858 sancti
2227 819 2390 874 super
2424 818 2483 860 se
2512 805 2759 876 recipiat,
2789 814 2844 860 et
2869 822 2899 859 a
2936 806 3214 863 liminibus
3239 808 3496 864 ecclesia-

1913 911 2056 963 rum,
2086 904 2141 951 et
2160 911 2192 950 a
2235 897 2509 952 consortio
2538 903 2853 952 sanctorum
2897 905 3193 954 extraneus
3218 906 3499 969 appareat,

1913 994 1970 1042 et
2001 987 2223 1057 insuper
2264 986 2462 1041 inferat
2491 987 2738 1058 partibus
2786 987 2956 1057 ipsius
2990 989 3337 1052 monasterii,
3375 1005 3501 1044 eum

1913 1086 2139 1148 cogente
2182 1076 2335 1143 ﬁsco,
2363 1078 2481 1132 auri
2538 1077 2706 1133 libras
2736 1078 2803 1143 V,
2853 1078 3065 1148 argenti
3110 1077 3348 1147 pondera
3375 1077 3493 1132 XX.

1914 1175 2134 1223 coactus
2160 1169 2421 1234 exsolvat,
2439 1177 2495 1224 et
2513 1170 2658 1239 quod
2684 1169 2877 1238 repetit
2904 1168 3190 1238 quisquam
3228 1168 3506 1223 vindicare

1915 1276 2021 1316 non
2039 1261 2236 1326 valeat,
2267 1261 2360 1316 sed
2383 1277 2628 1332 praesens
2641 1261 2861 1316 donatio
2884 1261 3177 1316 voluntatis
3200 1276 3332 1316 meae
3356 1261 3521 1315 omni.

1918 1361 2159 1422 tempore
2194 1355 2348 1410 firma
2396 1363 2451 1410 et
2484 1354 2740 1409 inviolata
2781 1362 3131 1425 permaneat,
3160 1354 3509 1424 stipulatione

1917 1444 2166 1499 subnixa.
2194 1443 2390 1500 Actum
2414 1444 2647 1500 Prumiae
2686 1444 3017 1500 monasterio
3039 1444 3273 1514 publico,
3295 1443 3395 1499 sub
3416 1444 3517 1499 die-

1918 1551 2006 1590 xVI
2049 1535 2316 1591 Kalendas
2338 1534 2548 1601 Martii,
2577 1550 2719 1590 anno
2741 1551 2857 1602 XIV,
2894 1544 3155 1606 regnante
3182 1536 3379 1593 domno
3410 1553 3509 1593 uo-

1918 1637 2033 1685 stro
2058 1628 2285 1699 Pippino
2306 1627 2697 1699 gloriosissimo
2718 1644 2866 1701 rege.

2638 1738 2808 1794 XXX.

2027 1831 2239 1905 Pippini
2267 1831 2749 1905 regis‘pi‘ivilegium
2772 1848 2868 1903 pro
2893 1833 3209 1905 monasterio
3239 1832 3407 1887 sancti

2361 1901 2641 1957 Maximini
2699 1901 2873 1974 (anno
2920 1902 3069 1971 765).

2387 1994 2551 2058 (Apud
2572 1994 2852 2056 Houtheiur,
2878 1993 3022 2055 ibid.)

1994 2102 2224 2156 Domino
2265 2108 2323 2154 et
2373 2098 2654 2155 Salvatore
2702 2107 2889 2154 nostro
2932 2099 3100 2154 vitam
3145 2106 3404 2154 aeternam
3461 2099 3515 2152 in

1925 2193 2214 2263 Evangelio
2266 2191 2634 2261 promittente,
2680 2190 2837 2260 plena
2885 2198 2941 2245 et
2989 2190 3201 2260 integra
3251 2189 3355 2244 fide
3402 2190 3522 2243 sine

1926 2284 2088 2339 dubio
2122 2283 2412 2346 credimus,
2449 2281 2607 2336 nobis
2647 2282 2698 2336 in
2740 2280 2922 2335 futuro
2961 2281 3158 2336 suacqu
3196 2266 3518 2350 recompcn~

1926 2375 2035 2431 sari
2055 2417 2070 2441 ,
2101 2374 2146 2430 si
2178 2372 2527 2429 stabilitatem
2554 2382 2608 2428 et
2632 2373 2868 2441 quietem
2901 2372 3356 2427 monasteriorum
3386 2385 3518 2427 con-

1928 2467 2223 2529 (irruamus,
2263 2481 2328 2520 ac
2365 2480 2452 2520 res
2487 2464 2911 2529 ecclesiasticas,
2950 2465 3064 2519 Deo
3100 2464 3354 2529 donante,
3396 2479 3519 2518 cum

1925 2558 2263 2627 protectione
2284 2564 2719 2625 augmentamus.
2747 2555 2978 2611 Proinde
3007 2571 3108 2625 ego
3128 2554 3371 2626 Pipinus,
3400 2572 3522 2626 gra‘

1927 2650 2001 2705 tia
2031 2649 2121 2703 Dei
2151 2664 2244 2703 rex
2275 2646 2630 2710 Francorum,
2657 2647 2910 2701 omnibus
2941 2646 3159 2716 regibus
3183 2645 3235 2699 in
3258 2653 3533 2700 aeternum-

1928 2740 2123 2795 futuris
2160 2740 2213 2793 in
2250 2740 2352 2793 hoc
2387 2745 2714 2792 testamento
2743 2736 3035 2800 deunncio,
3064 2752 3151 2791 me
3184 2736 3389 2790 habere
3423 2737 3532 2790 sub

1928 2840 2196 2903 potestate
2232 2829 2398 2898 regali
2424 2828 2695 2899 quoddam
2733 2828 3142 2891 monasterium,
3174 2827 3261 2881 ubi
3297 2826 3523 2882 sanctus

1930 2923 2252 2979 Maximinus
2274 2921 2369 2977 Dei
2392 2919 2591 2992 praesul
2615 2927 2702 2976 est
2720 2934 2947 2989 corpore
2969 2920 3212 2990 sepultus
3227 2962 3240 2985 ,
3269 2928 3522 2975 eonstru»

1928 3025 2074 3071 etum
2101 3012 2349 3069 videlicet
2376 3012 2432 3067 in
2457 3011 2718 3067 suburbio
2740 3010 3002 3074 Treviris,
3029 3020 3196 3080 atque
3218 3011 3527 3067 dedicatur»

242 3109 685 3171 memoravimus,
719 3117 813 3162 aut
837 3108 1170 3178 comparavi,
1203 3116 1297 3161 aut
1328 3108 1431 3162 mei
1455 3116 1830 3183 antecessores
1854 3128 1906 3192 α
1935 3109 1989 3164 in
2037 3108 2241 3163 honore
2291 3104 2463 3160 sancti
2507 3102 2731 3158 Joannis
2779 3103 3007 3172 apostoli
3058 3111 3115 3157 et
3156 3104 3525 3173 evangelistam

242 3201 382 3256 mihi
406 3201 747 3265 dimiserunt,
764 3209 856 3254 aut
877 3215 996 3269 quat
1018 3199 1358 3271 requirenda:
1370 3207 1560 3255 suntet
1576 3199 1826 3265 iuventte,

240 3291 320 3345 ad
349 3290 460 3360 ipsa
488 3306 613 3345 casa
665 3290 839 3345 sancti
875 3288 1177 3345 Salvatoris
1228 3289 1390 3357 dono,
1422 3299 1477 3345 et
1516 3291 1660 3361 ipsas
1688 3306 1720 3344 a
1744 3290 1831 3345 die

240 3390 535 3452 prtesente,
575 3381 659 3436 vel
686 3383 947 3452 quidquid
969 3382 1035 3437 de
1064 3392 1218 3453 parte
1246 3382 1505 3452 genitoris
1528 3382 1633 3436 mei
1681 3369 1835 3435 Beri-

245 3473 375 3542 rigi,
401 3481 455 3526 et
485 3473 550 3527 de
573 3480 724 3542 parte
748 3473 1026 3544 genitricis
1054 3490 1189 3529 meae
1222 3471 1555 3528 Viventianae
1577 3471 1708 3525 mihi
1737 3471 1835 3526 ob—

244 3563 420 3627 venit,
454 3561 536 3617 vel
571 3563 636 3616 de
662 3572 992 3633 comparato,
1026 3563 1111 3619 vel
1156 3565 1222 3619 de
1248 3562 1489 3633 qualibet
1529 3563 1835 3617 adtractum

242 3651 319 3708 ad
348 3668 434 3706 me
462 3653 704 3707 noscitur
726 3654 1038 3723 pervenisse
1067 3693 1081 3718 ,
1107 3653 1250 3708 dono
1280 3668 1402 3708 cum
1430 3653 1579 3708 omni
1608 3651 1835 3723 integri-

242 3752 382 3808 tate,
417 3751 523 3797 tant
552 3744 731 3808 terris,
757 3744 1036 3808 domibus,
1067 3743 1332 3808 aedificiis,
1361 3743 1835 3809 accolabus,mau-

240 3833 427 3903 cipiis,
477 3834 683 3899 vineis,
714 3835 882 3899 silvis,
916 3837 1141 3905 campis,
1168 3836 1358 3906 pratis,
1394 3837 1630 3906 pascuis,
1680 3835 1837 3906 aquis

241 3941 618 3995 aquarumque
634 3926 950 3981 decursibus
965 3968 979 3991 ,
1005 3925 1279 3982 farinariis
1307 3928 1356 3993 ι),
1379 3943 1502 3981 cum
1526 3925 1835 3996 pastoribus

242 4014 430 4087 gregis
466 4015 731 4085 pecudum
762 4015 1045 4085 utriusque
1078 4031 1262 4081 sexus,
1307 4016 1598 4072 mobilibus
1620 4023 1676 4071 et
1731 4016 1834 4070 im-

242 4107 560 4175 mobilibus,
611 4108 868 4180 quicquid
925 4108 1033 4164 dici
1069 4116 1161 4163 aut
1198 4109 1464 4164 nominari
1515 4117 1710 4180 potest,
1751 4108 1836 4163 vel

243 4197 508 4269 quicquid
555 4201 622 4257 ad
674 4201 788 4271 ipsa
835 4200 952 4256 loca
990 4200 1239 4271 superius
1286 4202 1564 4257 nominata
1591 4202 1837 4273 aspicere

244 4289 337 4345 vel
364 4292 636 4361 pertinere
667 4294 880 4348 videtur
902 4295 969 4349 de
989 4304 1271 4363 pnesente,
1301 4310 1424 4349 cum
1466 4295 1613 4350 omni
1640 4311 1699 4351 re
1740 4310 1838 4350 ex-

243 4382 470 4453 quisita,
501 4393 674 4439 totum
700 4393 756 4440 et
790 4386 1058 4455 integrum
1090 4388 1158 4441 ad
1181 4387 1354 4458 ipsum
1383 4395 1629 4443 sanctum
1656 4388 1836 4443 locum

1933 3199 2075 3271 quod
2100 3198 2488 3253 monasterium
2511 3211 2636 3250 cum
2676 3195 2933 3249 thesauro
2964 3202 3128 3262 atque
3161 3201 3276 3248 tota
3311 3195 3527 3247 abbatie.

1934 3292 2035 3347 sub
2061 3290 2207 3345 illius
2231 3289 2335 3344 loci
2363 3288 2559 3343 abbate
2587 3300 2800 3355 semper
2823 3294 3078 3340 constare
3100 3284 3374 3354 prmcipio,
3398 3285 3524 3353 quia

1931 3398 2030 3453 per
2064 3379 2437 3437 antecedentia
2468 3386 2709 3448 tempora
2746 3393 2776 3431 a
2814 3377 3030 3447 regibus
3067 3377 3142 3431 ita
3176 3376 3525 3430 constitutum

1931 3488 2054 3529 esse
2100 3480 2377 3544 repertum
2422 3478 2601 3525 teneo.
2648 3468 2987 3540 Quapropter
3026 3470 3171 3524 hunc
3204 3479 3524 3540 praesentem

1933 3567 2180 3623 abbatem
2213 3563 2514 3622 Utilradum
2534 3603 2550 3629 ,
2589 3572 2645 3619 et
2672 3579 2861 3619 omnes
2884 3564 3109 3618 abbates
3143 3571 3264 3634 post
3288 3576 3410 3618 eum
3440 3563 3526 3617 fu-

1935 3668 2087 3714 turos
2109 3658 2177 3713 de
2197 3657 2389 3712 eodem
2414 3655 2551 3719 loco,
2579 3654 2740 3711 simul
2763 3671 2886 3711 cum
2917 3655 3201 3710 monachis
3228 3663 3284 3709 et
3313 3655 3527 3710 abbatia

1934 3751 2037 3806 sub
2067 3763 2253 3820 regum
2289 3746 2675 3802 mundiburdio
2704 3747 2757 3800 in
2794 3747 2989 3802 srccula
3028 3761 3251 3802 manere
3273 3746 3526 3811 decerno,

1935 3850 1995 3896 ut
2021 3841 2090 3896 ab
2111 3841 2258 3896 omni
2280 3841 2651 3911 inquietudine
2671 3842 2926 3910 expediti,
2956 3841 3065 3895 Deo
3089 3842 3302 3896 valeant
3326 3842 3530 3898 servire

1935 3950 2058 3991 cum
2083 3935 2278 4006 gaudio
2309 3935 2562 4008 spiritali.
2599 3936 2931 3991 Electionem
2959 3951 3173 4006 quoque
3197 3936 3409 3991 abbatis
3433 3951 3527 3991 su-

1934 4026 2195 4097 pradictis
2220 4027 2501 4083 monachis
2537 4027 2700 4099 regali
2735 4028 3023 4083 autoritate
3048 4030 3304 4091 concedo,
3335 4037 3395 4083 ut
3428 4029 3523 4083 ha-

1937 4119 2099 4175 beant
2119 4127 2444 4190 potestatem
2466 4120 2696 4191 eligendi
2718 4135 3106 4190 quemcunque
3117 4121 3231 4175 sive
3251 4136 3493 4190 qnoseun
3509 4151 3525 4162 -

1935 4226 2042 4283 que
2063 4212 2353 4277 voluerint,
2377 4227 2443 4267 ea
2472 4213 2702 4275 ratione,
2738 4220 2798 4265 ut
2835 4211 3091 4281 regulam-
3110 4227 3233 4266 cum
3261 4211 3364 4265 sibi
3396 4212 3520 4266 sub-

1930 4305 2093 4375 jectis
2115 4304 2402 4361 custodiat.
2428 4303 2487 4358 Si
2510 4304 2632 4372 quis
2651 4313 2848 4364 autem,
2874 4305 3019 4371 quod
3045 4304 3204 4368 absit,
3237 4305 3377 4358 hanc
3404 4320 3528 4359 ear-

1940 4405 2051 4452 tam
2098 4395 2391 4466 infringere
2433 4393 2685 4460 voluerit,
2722 4393 2824 4449 ‘vel
2872 4392 3112 4462 ejusdem
3164 4394 3266 4449 lori
3315 4393 3533 4451 familia:

244 4491 280 4529 a
313 4474 397 4530 die
430 4485 698 4546 praesente
727 4478 850 4533 volo
883 4493 1006 4534 esse
1051 4479 1305 4534 donatum
1331 4489 1493 4550 atque
1538 4480 1832 4546 ﬁrmatum,
1864 4480 1919 4543 D
1942 4489 2105 4543 ullam
2132 4487 2431 4543 molestiam
2464 4486 2517 4540 in
2543 4485 2723 4555 aliqua
2761 4500 2818 4539 re
2857 4484 3100 4539 intulerit
3128 4496 3315 4541 contra
3346 4487 3532 4541 volun-

239 4566 329 4622 ita
360 4579 417 4621 ut
444 4568 513 4622 ab
538 4568 640 4625 hac
667 4569 755 4623 die
781 4570 1033 4633 habendi,
1069 4569 1308 4635 tenendi,
1339 4570 1424 4625 vel
1462 4571 1716 4641 quicquid
1743 4588 1837 4628 ex-

242 4656 378 4713 inde
397 4659 699 4731 elegeritis,
730 4659 961 4716 faciendi
1002 4660 1228 4716 liberam
1266 4676 1332 4715 ac
1371 4660 1738 4718 firmissimam
1781 4664 1838 4719 in

243 4752 507 4809 omnibus
525 4754 770 4810 habeatis
799 4760 1146 4825 potestatem.
1183 4752 1367 4823 Siquis
1404 4769 1556 4820 vero,
1580 4757 1723 4824 quod
1753 4754 1839 4811 fu-

249 4853 436 4898 turum
466 4859 583 4900 esse
622 4862 729 4900 non
756 4846 952 4911 credo;
987 4846 1033 4901 si
1068 4862 1168 4918 ego
1208 4847 1343 4919 ipse,
1390 4848 1534 4918 quod
1574 4848 1717 4904 absit
1766 4865 1836 4906 ne

249 4936 371 4999 liat,
400 4942 494 4989 aut
517 4935 714 5005 aliquis
737 4936 804 4991 de
829 4937 962 4992 meis
974 4937 1300 5003 hacredibus,
1332 4946 1428 4992 aut
1454 4937 1562 4993 ulla
1587 4940 1838 5011 opposita

247 5044 488 5100 persona
520 5029 601 5083 vel
648 5029 903 5098 quislibet
930 5039 1118 5086 contra
1154 5029 1293 5087 hanc
1340 5030 1625 5103 epistolam
1667 5034 1839 5090 dona-

250 5183 492 5255 faeiunt;
522 5191 578 5237 ut
607 5192 734 5253 pote
767 5183 857 5255 qui
892 5191 971 5238 tot
994 5194 1050 5239 et
1087 5194 1266 5239 tantas
1287 5184 1340 5239 in
1371 5185 1564 5246 Gallia.
1604 5190 1841 5246 maxime

246 5254 489 5379 ἔξωιὴι
534 5271 671 5327 pago
716 5254 1089 5325 Audegaveusi
1115 5264 1170 5312 et
1197 5256 1409 5323 vicinis,
1441 5266 1615 5315 terras
1662 5262 1842 5331 possi-

331 5340 391 5379 re
420 5363 435 5378 .

328 5363 503 5472 rvi’er
544 5406 764 5472 vester
810 5397 1124 5472 precariam.
1178 5396 1237 5472 Id
1273 5407 1357 5454 est
1386 5398 1542 5456 titulo
1581 5402 1842 5472 precariae

244 5480 369 5536 quo
407 5466 530 5536 quis
551 5466 819 5536 praedium
841 5468 909 5522 ad
935 5468 1102 5523 vitam
1135 5468 1307 5524 solum
1335 5480 1391 5525 et
1438 5466 1841 5528 usufructuarie

248 5538 503 5601 tenebat,
542 5538 701 5607 pleno
721 5536 845 5606 jure
887 5538 1108 5593 dominii
1150 5540 1343 5594 deinde
1368 5541 1433 5594 ad
1461 5542 1624 5598 alium
1666 5538 1843 5597 devol-

244 5620 439 5664 vente.

332 5681 359 5722 b
396 5679 718 5735 Farinariis.
780 5680 891 5735 Hoc
915 5691 1020 5744 est,
1060 5680 1409 5736 molendiuis.

334 5766 356 5792 ε
398 5751 643 5825 Sigillum
669 5753 762 5808 acri
788 5752 1017 5809 incisum
1040 5765 1108 5806 ex
1132 5760 1289 5825 autug
1300 5754 1465 5823 rapho
1487 5752 1710 5824 subjecit
1735 5755 1853 5827 Ζει-

1940 4589 2107 4637 tatem
2131 4579 2362 4645 abbatis,
2387 4577 2523 4633 iram
2551 4577 2646 4632 Dei
2673 4577 2935 4641 incurrat,
2959 4593 3023 4632 ac
3050 4577 3211 4648 regia:
3233 4576 3544 4647 majestatis

1940 4690 2068 4732 reus
2105 4674 2252 4731 omni
2293 4682 2534 4745 tempore
2574 4681 2840 4729 teneatur.
2881 4673 2949 4728 Et
2984 4683 3045 4728 ut
3086 4675 3204 4730 haec
3240 4675 3534 4744 descriptio

1943 4765 2100 4821 firma
2124 4766 2215 4830 sit,
2242 4763 2461 4821 anuullo
2486 4762 2707 4836 sigillari
2733 4778 2853 4819 eam
2874 4762 3135 4833 iussimus
3158 4772 3364 4820 nostro.
3393 4764 3535 4821 Ada—

1946 4854 2106 4911 lolfus
2129 4854 2437 4926 resignavit.
2465 4855 2658 4910 Datum
2680 4855 2824 4925 quod
2848 4854 2977 4911 fecit
3000 4855 3201 4910 mensis
3220 4853 3533 4910 Januarius.

1946 4947 2004 5002 In
2034 4946 2247 5018 publico
2274 4947 2489 5017 palatio
2507 4947 2584 5018 (id
2612 4956 2696 5003 est
2724 4947 3043 5018 lngelhemit“
3072 4961 3180 5002 non
3223 4945 3535 5026 Moguntim)

1948 5037 2002 5093 in
2030 5037 2070 5093 ﬁ
2095 5052 2148 5091 m
2175 5053 2293 5092 xnn
2322 5038 2471 5109 regni
2497 5039 2666 5094 nostri
2692 5039 2924 5095 feliciter
2949 5049 2997 5094 ο.

1946 5188 2143 5263 lesius;
2185 5190 2329 5263 sistit
2365 5192 2468 5246 hoc
2510 5190 2759 5261 Pipinum
2796 5192 3095 5247 imberbem
3132 5207 3257 5249 eum
3302 5191 3534 5263 perigra:

1946 5261 2052 5331 phc
2082 5278 2095 5315 :
2222 5260 2946 5333 PlPlNUSJMPERATOR_,_D0n
2977 5264 3185 5333 vulgari
3210 5260 3537 5333 suspicionis

1947 5331 2240 5405 nota,_aliis
2260 5332 2421 5405 etiam
2443 5333 2725 5405 observata
2746 5348 2768 5405 ;_
2784 5331 3159 5405 Heineccioilc
3183 5331 3375 5405 sigillis
3399 5348 3453 5404 p.
3480 5331 3531 5398 l,

1946 5400 2173 5524 capiam,
2190 5417 2245 5454 n.
2265 5402 2317 5465 8,
2343 5401 2665 5483 praesertim,
2688 5400 2839 5469 cujus
2862 5401 3115 5470 bicjuvat
3132 5400 3298 5459 verba
3321 5400 3531 5475 legere:

1954 5491 1972 5524 ι
2065 5487 2205 5524 trum
2229 5486 2377 5524 sane.
2405 5470 2652 5524 Pimuum
2678 5487 2737 5524 se
2762 5487 2958 5524 vocare
2983 5473 3383 5524 imperatorem.
3409 5489 3531 5524 eum

1954 5491 1972 5524 ι
2002 5470 2377 5542 ίΜὶτιιῐιιεδηέ,
2405 5470 2652 5539 Ριρὶιιιιιῐι
2678 5487 2737 5526 se
2762 5487 2958 5527 vocare
2983 5470 3539 5542 imperatoremfrum

1948 5541 2015 5595 ad
2038 5541 2176 5613 hanc
2190 5541 2503 5613 dignitatem
2523 5556 2794 5610 nunquam
2815 5542 3099 5613 aspirarit;
3120 5544 3338 5608 uiirum,
3357 5544 3533 5613 plane,

1949 5610 2351 5685 omisisse‘efum
2382 5610 2597 5685 titulum
2636 5613 2777 5685 regis.
2814 5610 3179 5685 Francorum,
3220 5610 3379 5682 quem
3422 5615 3533 5685 ipse

1948 5680 2174 5754 Cercius
2210 5681 2432 5753 Magnus
2475 5680 2712 5754 Angusta
2744 5681 2856 5749 jam
2899 5684 3159 5753 dignitate
3198 5680 3389 5739 auctus
3429 5680 3533 5739 non

1957 5752 2182 5820 dimisit;
2217 5752 2412 5810 mirum
2440 5752 2673 5828 quodue,
2698 5755 2801 5811 alio
2824 5771 2944 5810 cum
2961 5752 3131 5811 titulo
3148 5756 3203 5811 in
3225 5755 3533 5827 diplomate,
