4046 6172
334 327 468 386 1557

1076 323 1355 389 PIPPINI,
1397 316 1894 380 CAROLOMANNI
1931 315 2019 370 ET
2060 316 2368 376 ALIOIIUM
2409 316 2816 374 DIPLOMATA.

3457 311 3594 374 1553

331 447 462 502 Item
487 445 554 500 de
579 441 784 500 colonis
805 439 873 494 de
899 439 1011 510 ipsa
1034 446 1189 494 curte
1213 435 1442 492 Secanio
1468 449 1484 488 :
1509 430 1739 497 Ariseio,
1765 429 1914 486 Gau-
1940 427 1992 487 Δ
2017 423 2178 485 launo
2199 422 2406 486 cui-tem
2433 446 2628 497 meam,
2653 444 2776 485 eum
2802 427 3057 491 tabulata,
3081 438 3204 480 cum
3229 425 3445 488 barcen,
3475 441 3596 481 cum

333 535 566 598 dentius,
596 531 916 595 Exoberius,
936 528 1196 593 Calanho,
1226 526 1492 600 Valerius,
1519 519 1768 586 Anulfus,
1789 519 1918 576 Cre-

331 625 470 696 spio,
493 623 736 679 iactatus
761 639 774 674 :
807 619 895 676 isti
916 633 1109 676 omnes
1131 632 1256 673 cum
1278 615 1537 670 uxoribus
1556 621 1613 668 et
1633 612 1758 668 ﬁliis
1784 611 1916 676 suis,

334 715 470 784 agri,
509 719 684 782 prata,
719 717 775 764 et
805 705 1066 778 quidquid
1102 706 1170 761 ad
1208 705 1356 774 ipsas
1391 703 1630 759 colonias
1663 699 1918 770 pertinet,

335 819 456 859 cum
480 801 628 858 omni
651 801 850 855 sondro
875 810 975 854 suo
1001 810 1070 850 ex
1096 795 1327 866 integro.
1357 793 1488 848 Item
1515 793 1582 850 de
1616 789 1922 860 Spebaticis

336 894 638 951 Froncione
663 889 989 959 Proiectum,
1017 885 1257 950 Evalem,
1287 884 1660 946 Flechosvum,
1691 879 1920 938 Lobeci-

338 1000 489 1050 num,
516 979 822 1044 Aurelium,
848 978 1152 1041 Victorem,
1181 973 1534 1030 Saturninum
1551 1012 1566 1037 ,
1598 971 1920 1032 Massonem,

338 1074 644 1138 Rusticum,
666 1067 1024 1133 Desiderium,
1053 1065 1438 1122 Lobucionem.
1469 1063 1558 1119 Isti
1585 1077 1774 1118 oumes
1797 1075 1922 1117 cum

337 1165 596 1224 uxoribus
623 1169 680 1218 et
707 1160 833 1219 ﬁliis
859 1158 1003 1224 suis,
1042 1157 1190 1226 agri,
1221 1165 1406 1228 prata,
1439 1155 1524 1210 vel
1553 1152 1814 1224 quidquid
1853 1151 1924 1207 ad

337 1257 486 1328 ipsos
513 1253 711 1324 spicies
732 1249 988 1320 pertinet,
1017 1261 1142 1302 cum
1164 1245 1311 1302 omni
1337 1244 1536 1300 sondro
1559 1257 1660 1300 suo
1686 1257 1754 1298 ex
1781 1241 1922 1297 inte-

338 1361 456 1418 gro.
483 1341 768 1399 Amantius
792 1353 1027 1412 persona
1052 1345 1252 1408 praeter
1277 1343 1481 1391 terram
1517 1333 1688 1390 solam
1723 1340 1928 1389 sancta:

339 1434 542 1496 Mariae,
565 1429 766 1486 Auster
791 1443 916 1486 cum
941 1425 1112 1482 fratre
1136 1439 1258 1491 suo,
1285 1423 1629 1488 Aurelianus,
1659 1421 1928 1478 Praestan-

337 1526 466 1588 tins,
497 1521 742 1578 Valerius
759 1559 775 1584 ,
803 1517 1114 1582 Viventius,
1145 1514 1425 1572 Columba.
1454 1513 1564 1570 llos
1587 1528 1776 1570 omnes
1801 1527 1928 1568 cum

337 1613 598 1670 uxoribus
625 1622 680 1666 et
706 1609 832 1664 ﬁliis
853 1617 911 1664 et
933 1606 1192 1678 quidquid
1217 1605 1320 1678 ipsi
1343 1604 1521 1662 colere
1549 1605 1816 1670 videntur,
1841 1619 1929 1659 re-

335 1710 619 1758 vertantur
651 1701 793 1756 sicut
825 1698 1054 1770 priores.
1092 1697 1226 1753 Item
1268 1695 1453 1750 villam
1492 1711 1670 1751 meam
1699 1695 1926 1762 Iliande,

1980 536 1985 544 ·
2019 520 2259 586 torbace,
2301 537 2425 578 cum
2461 520 2610 576 omni
2651 518 3044 590 adpertinentia
3087 533 3208 582 sua,
3249 525 3302 572 et
3341 515 3600 586 quidquid

2019 609 2088 665 ad
2116 609 2286 679 ipsam
2315 619 2522 668 curtem
2560 611 2826 680 pertinet,
2865 623 2934 664 ex
2975 607 3202 677 integro.
3239 605 3371 660 Item
3411 619 3598 676 agrum

2021 699 2090 755 ad
2142 698 2388 765 Feniles,
2439 701 2698 756 modiales
2741 699 3046 770 octoginta,
3100 697 3479 752 continientem
3531 697 3602 752 ad

2021 791 2194 860 ipsam
2247 798 2451 846 curtem
2503 807 2515 844 :
2570 805 2756 860 agrum
2807 789 3041 844 Ardunte
3095 787 3354 843 modiales
3407 787 3602 842 sexde-

2021 881 2160 946 cim,
2200 881 2581 940 conﬁnicntcm
2621 881 2688 934 ad
2725 879 3024 942 Evalentis,
3067 877 3171 932 alia
3208 885 3364 946 parte
3405 875 3459 931 in
3503 873 3600 930 Ju-

2023 972 2168 1029 venti
2207 991 2220 1026 :
2265 988 2453 1042 agrum
2484 972 2538 1028 in
2573 971 2887 1035 V’iciaavcs,
2929 969 3188 1027 modiales
3221 969 3601 1039 septemdecim

2023 1065 2404 1120 conﬁnieatem
2453 1064 2520 1118 ad
2559 1063 2959 1132 Lomelengum,
3007 1062 3109 1116 alia
3150 1069 3305 1132 parte
3347 1061 3400 1116 in
3428 1063 3600 1116 sancti

2027 1154 2240 1210 Martini
2271 1169 2288 1208 :
2313 1154 2441 1210 item
2461 1154 2688 1225 praduni
2715 1154 2782 1209 ad
2827 1152 3054 1217 Sor-clla,
3088 1168 3254 1208 onera
3295 1160 3437 1217 octo,
3467 1168 3602 1212 eon-

2026 1243 2303 1300 ﬁnientem
2333 1245 2401 1301 ad
2454 1244 2636 1300 Lidori
2683 1263 2696 1298 :
2746 1245 2972 1315 pradum
2998 1243 3199 1300 Anives
3243 1244 3300 1300 in
3357 1243 3600 1308 Curtino,

2027 1349 2193 1391 onera
2212 1334 2518 1401 duodecim,
2539 1334 2918 1390 conﬁnientem
2941 1335 3008 1390 ad
3049 1333 3313 1392 Abatissa:
3337 1353 3351 1390 :
3375 1335 3604 1405 pradum

2028 1428 2084 1484 in
2115 1427 2272 1494 Esce,
2295 1443 2460 1486 onera
2481 1429 2691 1500 viginti,
2722 1427 3098 1486 conﬁcientem
3131 1429 3200 1486 ad
3222 1429 3415 1486 Beravi
3441 1447 3454 1484 :
3477 1445 3608 1501 pra-

2029 1518 2156 1575 dum
2172 1519 2227 1574 in
2247 1518 2512 1585 Colimne,
2532 1535 2701 1577 onera
2723 1520 2962 1590 quinque
2984 1537 2997 1574 :
3021 1519 3246 1590 pradum
3273 1521 3342 1576 ad
3371 1519 3604 1586 Renum,

2027 1627 2196 1668 onera
2221 1611 2436 1682 viginti,
2459 1611 2843 1667 continientem
2888 1611 2955 1666 ad
2989 1611 3408 1676 Victurucionis,
3431 1611 3608 1669 altera

2031 1710 2186 1772 parte
2205 1701 2275 1756 ad
2307 1698 2505 1755 Juliani
2534 1719 2548 1754 :
2578 1701 2806 1770 pradum
2845 1701 2898 1755 in
2953 1699 3165 1768 Ruane,
3203 1717 3368 1758 onera
3397 1701 3602 1766 decem,

335 1795 506 1852 salam
534 1809 658 1850 cum
680 1790 921 1856 cellario.
953 1804 1080 1845 cum
1117 1786 1390 1854 omnibus.
1429 1801 1551 1858 quae
1577 1785 1724 1842 Circa
1753 1785 1930 1856 ipsam
1957 1791 2008 1854 Β
2031 1793 2413 1850 conﬁcientem
2434 1790 2503 1846 ad
2529 1789 2702 1846 sancti
2725 1789 2940 1844 Martini
2961 1790 3216 1860 :pradum
3241 1792 3301 1846 in
3327 1791 3606 1848 Valleeava

337 1886 504 1944 salam
531 1883 718 1940 haberi
741 1883 992 1939 videntur
1008 1896 1077 1936 ex
1103 1879 1342 1952 integro;
1371 1879 1642 1944 torbaces,
1665 1877 1928 1944 tabulata,

335 1979 568 2037 barecaa,
591 1982 791 2037 curtes,
820 1981 998 2037 ortus,
1025 1969 1206 2025 omnia
1231 1983 1358 2025 cum
1394 1967 1618 2024 introitu
1645 1983 1776 2034 suo;
1809 1981 1931 2036 quas

335 2067 481 2122 circa
510 2065 684 2136 ipsam
710 2071 921 2119 curtem
945 2059 1132 2118 Haberi
1151 2057 1424 2126 videntur,
1448 2073 1570 2129 qua:
1593 2057 1663 2113 ad
1688 2073 1776 2113 me
1799 2055 1932 2128 legi-

337 2157 467 2212 time
487 2155 762 2228 pertinent
780 2169 849 2209 ex
873 2153 1103 2223 integro.
1126 2149 1332 2222 Agrum
1359 2150 1548 2205 subter
1573 2147 1791 2203 Lobene
1815 2161 1931 2202 mo-

336 2246 505 2302 diales
551 2244 851 2315 sexaginta,
902 2241 1285 2298 confmientem
1329 2240 1386 2296 in
1432 2239 1609 2296 sancti
1653 2239 1868 2294 Martini
1913 2256 1927 2293 :

333 2351 526 2410 agrum
550 2338 618 2392 ad
639 2343 872 2401 curtem,
899 2333 1162 2391 modiales
1191 2331 1518 2402 quindecim,
1545 2331 1931 2388 conﬁnientem

335 2427 390 2484 in
415 2435 618 2483 sancta:
646 2426 831 2482 Maria:
855 2440 872 2479 :
895 2439 1085 2496 agrum
1112 2422 1346 2494 Allupio,
1373 2423 1635 2480 modiales
1659 2439 1777 2490 sex,
1801 2438 1931 2479 con-

335 2519 614 2575 ﬁnientrm
637 2518 690 2572 in
717 2516 967 2584 Quartiai
992 2533 1006 2570 :
1032 2531 1223 2588 agrum
1251 2514 1490 2572 Roneaie
1515 2513 1776 2570 modiales
1799 2527 1926 2568 sex:

334 2627 524 2682 agrum
547 2617 674 2666 ante
697 2610 888 2666 Vicum
911 2607 1172 2664 modiales
1190 2623 1308 2675 sex,
1333 2606 1717 2666 conﬁnientem
1742 2607 1796 2662 in
1819 2608 1928 2662 via.

334 2701 468 2756 Item
484 2701 712 2772 pradum
734 2701 788 2756 in
804 2698 1174 2770 Campaniola.
1194 2713 1363 2756 onera
1381 2698 1587 2761 decem,
1609 2697 1928 2753 conﬁnient.

331 2795 391 2850 in
422 2802 626 2850 sancte
662 2793 864 2849 Mariae.
904 2791 1140 2848 Pradnm
1177 2791 1232 2846 in
1273 2789 1598 2860 Logorioae,
1635 2804 1802 2846 onera
1839 2789 1933 2844 de-

334 2899 485 2951 cem,
520 2884 838 2942 conﬁuient.
879 2886 934 2941 in
963 2893 1164 2940 sanctze
1193 2883 1396 2942 Mariae.
1437 2882 1571 2939 Item
1605 2896 1772 2954 super
1798 2895 1929 2938 saxa

338 2975 516 3030 villam
554 2990 730 3030 meam
754 2990 878 3032 cum
908 2990 1055 3039 casa,
1085 2990 1210 3030 cum
1231 2974 1502 3042 tabulata,
1540 2989 1664 3030 cum
1692 2973 1930 3030 torbaci-

336 3073 455 3136 bus,
493 3083 618 3124 eum
654 3075 795 3133 orto,
823 3075 880 3122 et
910 3067 1162 3124 omnibus
1189 3081 1311 3138 qua!
1344 3066 1492 3123 circa
1520 3066 1692 3136 ipsam
1717 3073 1929 3122 curtem

335 3131 694 3230 adpertineut,
721 3131 789 3214 ex
815 3157 1026 3230 integro
1049 3175 1064 3212 :
1085 3131 1296 3228 agrum,
1318 3131 1582 3213 modiales
1601 3155 1922 3227 sexaginta:
1951 3131 1999 3196 ε

335 3250 596 3320 pradum,
630 3258 796 3304 onera
832 3255 1070 3305 centum.
1105 3247 1285 3303 Alium
1323 3247 1502 3303 locum
1541 3245 1926 3312 Maniniocum,

335 3357 524 3413 agrum
552 3339 812 3398 modiales
835 3339 1024 3413 viginti
1055 3357 1068 3395 :
1099 3339 1247 3396 aliud
1283 3337 1513 3411 pradam
1537 3337 1730 3406 Nanlo,
1760 3351 1932 3393 onera

335 3435 692 3506 quadraginta
733 3455 746 3492 :
790 3437 908 3494 bzee
935 3437 1116 3494 omnia
1155 3437 1267 3494 sint
1299 3439 1426 3494 data
1455 3438 1524 3494 ad
1563 3434 1932 3507 supradictam

335 3529 644 3586 ecclesiam.
665 3529 799 3586 Item
825 3530 1003 3588 coloni
1030 3533 1096 3588 de
1123 3531 1238 3600 ipsa
1262 3539 1416 3585 curte
1433 3527 1660 3592 Iiiande,
1683 3526 1927 3596 Sporeio,

337 3620 636 3686 V'idalinus,
671 3621 773 3678 hos
815 3623 952 3676 duos
991 3637 1116 3678 cum
1161 3619 1426 3676 uxoribus
1465 3627 1523 3672 et
1559 3617 1708 3684 ﬁliis,
1749 3633 1930 3688 agros,

335 3717 511 3778 prata,
557 3717 614 3765 et
657 3725 780 3766 eum
822 3710 970 3765 omni
1011 3710 1213 3766 sondro
1259 3725 1380 3774 suo,
1419 3724 1489 3766 ex
1526 3709 1756 3780 integro.
1796 3707 1933 3764 Item

338 3799 616 3871 Despicus,
639 3800 964 3867 Vidalianus,
989 3800 1344 3868 Maurentius,
1362 3799 1643 3864 Martinus,
1661 3799 1931 3866 Calvolus,

336 3890 588 3948 Lidorius
623 3909 638 3946 :
680 3892 768 3948 iSIi
803 3907 994 3948 omnes
1019 3908 1145 3949 cum
1172 3893 1432 3949 uxoribus
1467 3900 1524 3948 et
1553 3891 1681 3948 ﬁliis
1715 3893 1848 3958 suis,
1879 3899 1937 3948 et

338 3999 464 4040 cum
494 3984 643 4042 omni
688 3984 890 4041 sondro
929 3999 1046 4048 suo,
1085 3999 1157 4040 ex
1195 3983 1426 4054 integro.
1471 3983 1654 4054 Lepus
1681 3991 1736 4039 et
1766 3981 1935 4040 Urse-

337 4074 477 4139 cius,
500 4074 594 4144 qui
620 4083 747 4130 sunt
773 4074 892 4129 sine
921 4083 1086 4139 terra,
1111 4081 1168 4130 et
1191 4073 1294 4144 ipsi
1323 4073 1435 4129 sint
1453 4072 1566 4129 dati
1589 4073 1660 4128 ad
1685 4081 1934 4128 sanctam

336 4163 644 4220 ecclesiam.
668 4164 800 4220 Item
827 4174 1036 4220 curtem
1061 4177 1238 4219 eam
1264 4163 1318 4218 in
1339 4162 1586 4234 Bregelo,
1608 4177 1771 4232 quam
1793 4162 1935 4218 addo

338 4255 408 4310 ad
457 4254 635 4324 ipsum
685 4253 1075 4309 monasterium
1123 4261 1326 4309 sancta;
1367 4251 1569 4317 Mariae,
1615 4267 1712 4308 seu
1757 4251 1934 4309 sancti

340 4344 587 4412 Martini,
615 4358 712 4401 seu
743 4342 918 4400 sancti
951 4341 1118 4400 Petri.
1145 4342 1279 4398 Item
1305 4341 1586 4398 Muriciam
1613 4340 1779 4398 salam
1807 4356 1932 4397 eum

339 4435 583 4502 cellario,
618 4447 744 4490 cum
773 4433 1076 4499 caminatis,
1111 4449 1233 4490 cum
1269 4433 1488 4500 solario,
1528 4448 1652 4489 cum
1690 4433 1930 4499 torbace,

338 4542 465 4586 cum
491 4527 720 4592 stabulo,
747 4541 870 4582 cum
897 4526 1129 4594 barecis,
1151 4541 1274 4582 cum
1302 4526 1562 4592 tabulata,
1585 4533 1729 4592 orto,
1755 4533 1930 4590 curte,

341 4625 397 4669 et
415 4615 676 4685 quidquid
695 4615 764 4672 ad
784 4615 957 4686 ipsam
979 4624 1189 4671 curtem
1207 4615 1534 4685 adpertinet,
1556 4631 1680 4671 cum
1704 4615 1933 4670 introitu

341 4722 462 4772 suo,
483 4709 665 4763 omnia
686 4723 752 4763 ex
777 4708 1010 4780 integro.
1037 4706 1170 4764 Item
1194 4722 1388 4780 agrum
1420 4709 1475 4763 in
1502 4709 1710 4775 Ranae,
1732 4708 1935 4764 modia-

341 4798 411 4855 Iis
439 4797 656 4868 triginta
681 4798 948 4870 quinque,
975 4799 1361 4858 conﬁnientem
1397 4799 1452 4854 in
1477 4797 1727 4864 ﬂumine,
1763 4799 1933 4854 altera

341 4897 497 4960 parte
527 4889 582 4944 in
620 4897 821 4946 sanctae
854 4890 1038 4948 Marias
1067 4907 1082 4945 :
1113 4903 1306 4961 agrum
1335 4889 1391 4944 in
1428 4889 1546 4958 ipso
1575 4888 1784 4954 Rnane,
1814 4904 1934 4944 mo-

341 4979 515 5035 diales
527 4987 782 5050 quatuor,
799 4986 853 5033 et
863 4979 1245 5040 conﬁnientem
1261 4978 1326 5034 ad
1337 4975 1555 5042 «Iuliani,
1569 4977 1678 5034 alia
1697 4985 1853 5049 parte
1865 4978 1934 5035 ad

341 5070 508 5127 Canis
535 5085 551 5125 :
580 5085 769 5143 agrum
797 5077 949 5125 trans
977 5069 1174 5128 ﬁumen
1202 5069 1465 5127 modiales
1485 5069 1734 5126 undecim
1751 5109 1768 5137 ,
1799 5086 1934 5127 eon-

345 5163 621 5220 Iinieatem
647 5163 715 5218 ad
753 5161 1015 5233 Proiecti,
1055 5162 1160 5218 alia
1188 5173 1342 5237 parte
1383 5163 1437 5218 in
1472 5161 1670 5218 ﬁumen
1699 5181 1713 5216 :
1745 5178 1937 5234 agrum

344 5269 509 5324 super
550 5253 880 5320 Castellum,
927 5253 1189 5312 modiales
1234 5263 1392 5322 octo,
1441 5255 1822 5312 conﬁnientem
1867 5255 1938 5314 ad

345 5348 619 5408 Silvionis.
664 5349 768 5404 alia
809 5355 964 5418 parte
988 5348 1055 5404 ad
1085 5348 1400 5404 Evaientis:
1437 5363 1626 5420 agrum
1655 5349 1724 5404 ad
1762 5348 1933 5420 ipsam

343 5449 585 5507 curtem,
630 5439 892 5498 modiales
936 5449 1082 5507 octo,
1128 5439 1510 5498 conﬁnientem
1556 5440 1624 5496 ad
1668 5437 1867 5495 Juliani
1916 5455 1932 5494 :

345 5547 538 5604 agrum
561 5531 622 5587 in
643 5531 836 5598 Voree,
858 5531 1122 5589 modiales
1144 5532 1448 5605 sexaginta,
1474 5531 1856 5588 conﬁnientem
1882 5531 1935 5586 in

349 5624 624 5691 Vicaonis,
654 5623 760 5679 alia
804 5633 959 5695 parte
997 5625 1054 5681 in
1095 5624 1183 5681 via
1224 5639 1348 5680 uim
1386 5623 1617 5679 aedilicio
1651 5639 1772 5689 suo,
1812 5638 1936 5678 cum

348 5724 504 5773 curte
527 5725 584 5772 et
619 5715 842 5774 introitu
867 5734 987 5788 suo,
1019 5717 1199 5776 omnia
1224 5732 1295 5774 ex
1321 5715 1550 5788 integro.
1577 5713 1711 5771 Item
1750 5715 1804 5770 ia
1835 5712 1937 5770 Se-

1957 4482 2011 4544 D

2030 1901 2199 1942 onera
2223 1891 2474 1954 quatuor.
2498 1881 2878 1938 continientem
2899 1881 2958 1936 in
2977 1881 3064 1938 ria
3085 1899 3099 1936 :
3122 1883 3348 1954 pradum
3369 1883 3608 1951 Macene,

2031 1991 2198 2032 onera
2219 1973 2680 2046 vigintiquinque,
2710 1970 3088 2027 conﬁnientem
3116 1972 3169 2026 in
3193 1973 3298 2037 via,
3327 1973 3432 2027 alia
3459 1985 3612 2044 parte

2033 2067 2102 2122 ad
2128 2063 2458 2136 Crespionis.
2480 2063 2612 2118 Item
2629 2061 2804 2118 coloni
2827 2061 3022 2132 deipsa
3043 2071 3198 2117 curte
3223 2063 3290 2119 de
3307 2063 3606 2119 Tauream:

2031 2155 2356 2212 Laurentius
2373 2163 2430 2208 et
2449 2152 2630 2222 Lepus
2652 2169 2665 2206 :
2695 2153 2794 2208 hos
2813 2151 2950 2207 duos
2961 2167 3086 2206 cum
3105 2152 3249 2206 omni
3273 2155 3471 2208 sondro
3491 2169 3608 2219 suo,

2031 2262 2098 2302 ex
2116 2245 2351 2318 integro.
2384 2243 2461 2298 De
2478 2241 2730 2310 Selaune,
2758 2241 3025 2318 Lidorius,
3071 2241 3306 2306 Maurus,
3334 2242 3609 2308 Befanins,

2033 2314 2318 2393 Sicbari'us
2341 2352 2355 2390 :
2378 2334 2470 2390 isti
2493 2346 2683 2391 omnes
2699 2314 2826 2389 cum
2855 2332 3115 2390 uxoribus
3143 2341 3200 2388 et
3241 2332 3365 2388 ﬁliis
3391 2335 3521 2395 suis.
3557 2344 3614 2390 ct

2032 2445 2156 2488 cum
2180 2428 2328 2485 omni
2365 2425 2570 2483 sondro
2596 2441 2712 2488 suo,
2737 2437 2806 2479 ex
2851 2424 3084 2496 integro.
3123 2424 3258 2480 Item
3293 2424 3518 2495 Species
3546 2426 3614 2482 de

2031 2521 2289 2586 Andeste,
2314 2518 2620 2583 Aantius,
2642 2516 3026 2584 Montanarius,
3051 2517 3369 2582 Exolierius,
3390 2517 3616 2573 Frictel-

2032 2615 2194 2682 linus,
2225 2614 2542 2672 Johannes:
2579 2612 2669 2670 isti
2698 2625 2888 2667 omnes
2920 2627 3047 2666 cum
3093 2611 3353 2667 uxoribus
3387 2619 3444 2668 et
3486 2609 3616 2669 (iliis

2033 2705 2169 2772 suis,
2195 2720 2318 2761 cum
2347 2703 2494 2759 omni
2523 2701 2722 2758 sondro
2747 2715 2845 2756 suo
2869 2714 2936 2756 ex
2955 2701 3187 2772 integro.
3225 2701 3358 2756 Item
3383 2702 3452 2758 de
3499 2703 3616 2773 ipsa

2032 2805 2206 2862 curte,
2257 2794 2566 2858 Maurelius,
2599 2795 2928 2861 Dominicus,
2976 2793 3234 2852 Donatius
3261 2811 3278 2850 :
3306 2793 3396 2850 isti
3425 2809 3617 2850 omnes

2034 2900 2160 2943 cum
2206 2885 2470 2942 uxoribus
2519 2893 2576 2942 et
2623 2885 2750 2942 ﬁliis
2791 2885 2926 2952 suis,
2975 2899 3188 2957 agrum,
3232 2885 3482 2956 predum,
3528 2887 3616 2943 vel

2032 2976 2294 3048 quidquid
2319 2976 2466 3032 circa
2491 2975 2639 3046 ipsas
2661 2990 2818 3032 casas
2843 2976 3168 3047 adpertinet,
3209 2977 3395 3033 omnia
3426 2993 3495 3033 ex
3533 2977 3618 3032 in-

2032 3075 2206 3139 tegro.
2223 3067 2336 3124 Leo
2355 3081 2584 3138 persona
2603 3065 2737 3122 sola.
2761 3065 3054 3124 Fescianus
3075 3080 3202 3122 cum
3220 3080 3391 3122 uxore
3417 3075 3474 3122 et
3491 3065 3619 3124 ﬁliis

2031 3158 2168 3224 suis,
2201 3157 2342 3228 agri,
2371 3155 2562 3228 prada,
2585 3165 2644 3212 et
2667 3171 2790 3212 cum
2815 3155 2966 3212 anni
2991 3155 3193 3213 sondro
3220 3171 3342 3222 suo,
3381 3170 3446 3212 ex
3471 3157 3614 3212 inte-

2031 3261 2130 3320 gro
2161 3264 2175 3301 :
2203 3247 2292 3303 isti
2315 3258 2508 3302 omnes
2528 3252 2870 3301 revertantur
2891 3253 3010 3314 post
3025 3243 3235 3300 obium
3267 3252 3514 3300 nostrum
3541 3245 3617 3302 ad

2033 3339 2210 3408 ipsum
2229 3335 2620 3393 monasterium
2641 3343 2841 3391 sanetae
2862 3333 3046 3390 Maria
3069 3349 3168 3392 seu
3188 3335 3369 3390 sancti
3396 3334 3616 3392 Martini

2031 3440 2128 3484 seu
2149 3427 2323 3484 sancti
2344 3426 2513 3483 Petri.
2539 3426 2672 3485 Item
2692 3427 2748 3484 ia
2769 3427 2946 3495 Maiis,
2967 3427 3109 3499 agri,
3130 3428 3324 3498 prada,
3347 3427 3484 3494 sola,
3503 3429 3617 3485 orti

2032 3533 2157 3576 cum
2186 3518 2485 3591 pomiferis,
2513 3528 2777 3590 quantum
2831 3521 2902 3577 ad
2947 3537 3040 3577 me
3080 3521 3320 3594 legitime
3359 3523 3615 3594 muniet,

2033 3628 2230 3684 printer
2276 3621 2481 3668 terram
2539 3613 2806 3680 ecclesiis,
2833 3613 3138 3685 portionem
3167 3629 3347 3670 meam
3373 3630 3446 3670 ex
3472 3615 3616 3670 inte-

2033 3721 2132 3776 gro
2162 3722 2176 3759 :
2206 3713 2262 3761 et
2303 3713 2504 3776 prater
2537 3704 2825 3772 coloniam,
2849 3721 2973 3775 qua
2995 3707 3239 3762 concessi
3267 3705 3469 3776 iuniori
3494 3722 3617 3762 meo

2035 3797 2284 3855 Senatori
2312 3811 2413 3868 pro
2435 3797 2661 3854 servitio
2680 3803 2779 3853 snio
2803 3798 2858 3852 in
2885 3799 3004 3868 ipso
3028 3797 3208 3854 Maile.
3232 3797 3364 3854 Item
3387 3799 3444 3854 in
3468 3798 3616 3856 Can-

2032 3889 2222 3960 pellos,
2243 3905 2427 3960 agros,
2453 3889 2647 3962 prada,
2673 3889 2808 3955 sola,
2839 3897 2990 3945 ortos
3027 3905 3150 3946 cum
3175 3882 3454 3960 pomiferis
3477 3891 3614 3955 suis,

2032 3989 2090 4037 et
2105 3981 2366 4052 quidquid
2378 3982 2447 4036 ad
2461 3997 2550 4037 me
2567 3980 2809 4052 legitime
2825 3981 3082 4052 pertinet,
3093 3983 3276 4042 munia
3295 3997 3363 4038 ex
3384 3983 3616 4057 integro.

2035 4072 2300 4129 Similiter
2323 4081 2382 4130 et
2403 4073 2539 4129 silva
2566 4071 2730 4128 Plana
2758 4088 2920 4145 super
2945 4072 3124 4140 Maile,
3151 4081 3412 4146 quantum
3433 4077 3502 4132 ad
3533 4091 3618 4132 me

2033 4163 2272 4238 legitime
2303 4165 2560 4235 pertinet,
2587 4165 2660 4221 sit
2681 4166 2867 4221 datum
2893 4172 2951 4219 et
2980 4179 3297 4221 concessum
3343 4165 3414 4221 ad
3441 4167 3617 4236 ipsum

2034 4259 2424 4336 monasterium
2450 4266 2652 4314 sancta:
2677 4254 2880 4324 Mariae,
2909 4271 3005 4311 seu
3047 4257 3217 4312 sancti
3255 4256 3493 4324 Martini,
3522 4274 3617 4314 seu

2035 4350 2209 4407 sancti
2247 4348 2417 4404 Petri.
2462 4347 2598 4403 Item
2646 4345 2841 4411 silvas,
2892 4345 3067 4402 scales
3108 4343 3435 4413 fructiferas,
3479 4362 3618 4417 quas

2036 4440 2228 4496 damus
2251 4439 2321 4494 ad
2342 4437 2519 4508 ipsum
2545 4435 2958 4500 monasterium,
2995 4435 3140 4504 quod
3165 4435 3413 4504 superius
3438 4437 3584 4490 acini
3601 4468 3616 4478 -

2037 4529 2305 4592 navimus,
2333 4541 2497 4597 super
2515 4525 2738 4591 Iliande,
2768 4533 3030 4596 quantum
3057 4525 3126 4580 ad
3151 4539 3238 4580 me
3269 4526 3525 4597 pertinet,
3549 4544 3616 4582 ex

2035 4621 2267 4690 integro.
2297 4618 2429 4674 item
2455 4617 2510 4672 in
2527 4616 2746 4672 Rncene
2761 4623 2972 4684 curtem
2997 4629 3172 4672 meam
3191 4631 3315 4672 cum
3333 4615 3464 4682 sala,
3491 4634 3615 4674 enni

2037 4710 2277 4775 cellario,
2329 4723 2453 4766 eum
2479 4707 2770 4772 caminata,
2793 4720 2920 4762 cum
2971 4705 3192 4771 salario,
3219 4721 3342 4762 eum
3374 4707 3614 4772 turbare,

2037 4821 2160 4864 eum
2187 4803 2421 4870 stabulo,
2455 4816 2580 4859 cum
2603 4801 2820 4866 bareca,
2842 4814 2966 4856 cum
2997 4798 3256 4863 tabulata,
3298 4813 3423 4854 eum
3472 4809 3620 4864 orto,

2037 4906 2096 4954 et
2121 4895 2380 4969 quidquid
2405 4894 2551 4951 circa
2579 4893 2750 4964 ipsam
2781 4899 2988 4948 curtem
3013 4889 3339 4961 adpertinet,
3385 4903 3508 4944 eum
3531 4889 3616 4943 in-

2035 4989 2202 5044 troitu
2225 5003 2344 5052 suo,
2360 4995 2416 5042 et
2439 4985 2611 5048 exitu,
2635 4997 2760 5039 cum
2782 4983 2958 5052 aquis,
2981 4995 3104 5037 cuin
3126 4979 3340 5052 pascuis
3359 4979 3416 5034 in
3433 4979 3614 5036 silvis:

2038 5081 2169 5136 item
2199 5077 2542 5134 Roboredum
2589 5075 2776 5130 subter
2804 5072 3042 5137 Iinoene,
3091 5085 3160 5126 ex
3205 5070 3436 5142 integro.
3485 5068 3619 5124 Item

2038 5171 2218 5242 Alpes,
2245 5185 2382 5239 quas
2407 5169 2600 5224 damus
2623 5167 2691 5220 ad
2719 5166 2892 5234 ipsum
2933 5161 3338 5226 monasterium,
3362 5159 3504 5231 quod
3529 5177 3616 5216 su-

2037 5260 2221 5331 perius
2247 5257 2644 5314 nominavimus
2689 5273 2702 5309 :
2760 5254 2930 5309 Naulo
2975 5253 3174 5318 media,
3205 5251 3466 5308 Mendane
3493 5267 3618 5307 cum

2043 5352 2239 5410 Secivo
2262 5366 2382 5418 suo,
2405 5364 2473 5406 ex
2491 5349 2721 5420 integro.
2743 5345 2800 5401 In
2821 5344 3097 5401 Fadoiiine
3121 5343 3420 5414 portionem
3441 5356 3620 5398 meam

2028 5460 2110 5515 ex
2140 5444 2371 5513 integro.
2400 5440 2461 5496 In
2483 5438 2716 5510 Ceipene
2737 5436 3041 5508 portionem
3079 5449 3256 5490 meam
3281 5448 3350 5489 ex
3385 5433 3621 5504 integro.

2041 5535 2177 5591 Item
2199 5531 2490 5589 deﬁnimus
2515 5529 2582 5585 de
2597 5527 2842 5584 ﬁdelibus
2859 5525 3078 5590 nostris,
3106 5525 3326 5596 quibus,
3355 5533 3622 5594 quanmm
3682 5581 3727 5596 κ

2041 5621 2410 5680 concessimus
2421 5618 2578 5674 nobis
2589 5617 2914 5684 viventibus,
2935 5623 3124 5688 etpost
3143 5614 3350 5671 obitum
3370 5622 3628 5670 nostrum

2041 5715 2327 5772 donamus.
2355 5711 2412 5768 In
2439 5709 2632 5782 primis
2658 5707 2912 5766 Lidorius
2955 5715 3105 5764 tenet
3149 5707 3416 5780 apemtum,
3459 5719 3628 5777 (pem
