4046 6172
490 5546 541 5561 ﬂ

579 294 727 353 i559

1575 283 1841 343 SIECULI
1885 284 1992 340 VIII
2032 281 2470 338 MONUMENI‘A
2507 281 2841 340 SELECTA.

3614 298 3707 352 15m

578 408 711 465 colit
739 407 957 465 Vidales
987 425 999 459 ε
1034 407 1149 474 ipse
1190 413 1493 459 revertatur
1520 409 1644 471 post
1683 400 1889 454 obitum
1921 405 2164 451 nostrum
2196 402 2239 459 Α
2268 406 2558 464 potestate,
2586 407 2641 452 et
2659 399 2876 453 donatio
2901 400 3016 454 haec
3056 409 3172 469 post
3210 404 3394 459 obitum
3429 423 3571 465 meum
3603 413 3711 472 ﬁrma

578 499 648 553 ad
677 498 849 567 ipsum
869 496 1255 551 monasterium
1281 508 1402 548 cum
1423 491 1569 547 omni
1598 489 1991 559 adpertinentia
2017 502 2112 542 sua
2146 507 2158 540 :

580 586 833 642 similiter
851 593 907 639 et
931 594 1078 639 terra
1107 599 1267 653 quam
1298 582 1412 652 ipse
1439 581 1687 635 Lidorius
1710 579 1966 660 possidet.
1994 578 2166 631 Dona-

580 693 705 732 mus
730 677 779 732 ei
800 691 980 746 agros,
1010 676 1198 745 prada,
1227 674 1487 729 modiales
1506 671 1874 742 septuaginta;
1901 683 2023 722 nam
2044 682 2163 721 om-

580 767 672 821 nia
702 782 822 836 quae
848 781 1011 836 super
1030 767 1175 820 hunc
1197 779 1481 819 numerum
1503 764 1707 818 habere
1733 762 1964 825 videtur,
1987 774 2167 813 rever-

581 863 768 911 tantur
787 855 855 908 ad
883 869 1044 923 supra
1070 854 1271 909 dictum
1292 852 1704 908 monasterium.
1734 850 1867 905 Item
1893 858 1948 904 et
1967 849 2167 903 Alecus

581 956 729 1002 tenet
756 947 808 1001 in
836 946 952 1015 ipso
980 945 1181 1001 lliande
1200 961 1389 1016 agrum
1422 944 1681 999 modiales
1714 944 2090 1015 quadraginta,
2112 951 2168 998 et

581 1039 695 1109 ipse
740 1045 1048 1093 revertatur
1084 1046 1204 1107 post
1231 1038 1435 1092 obitum
1466 1045 1710 1091 nostrum
1743 1036 1808 1090 ad
1839 1036 2015 1105 ipsum
2048 1050 2166 1090 mo-

582 1127 900 1182 nasterium.
950 1125 1083 1180 Item
1110 1125 1444 1181 Gaudentius
1486 1134 1632 1182 tenet
1671 1141 1881 1196 agrum,
1912 1124 2169 1180 modiales

579 1218 909 1288 quindecim,
941 1226 998 1272 et
1019 1218 1193 1286 ipsum
1219 1226 1524 1272 revertatur
1543 1227 1665 1287 post
1692 1219 1894 1273 obitum
1921 1227 2167 1273 nostrum

580 1308 647 1361 ad
667 1308 841 1378 ipsum
868 1309 1275 1362 monasterium.
1302 1307 1437 1362 Item
1452 1307 1866 1363 Crescentianus
1886 1316 2033 1362 tenet
2050 1323 2171 1377 spe-

580 1399 723 1454 cium
752 1400 805 1453 in
833 1397 1077 1464 Ilucrne,
1106 1407 1160 1453 et
1189 1408 1424 1468 quatuor
1474 1399 1736 1455 modiales
1784 1400 1838 1454 in
1884 1400 2078 1465 Renio,
2116 1405 2169 1455 et

581 1491 757 1560 ipsum
782 1501 1104 1559 revertatur,
1142 1494 1282 1548 sicut
1311 1494 1580 1563 superius.
1625 1494 1756 1549 Item
1786 1493 2044 1549 Leontius
2077 1509 2171 1548 ca-

584 1584 854 1639 merarius
879 1592 1025 1639 tenet
1046 1585 1309 1640 modiales
1334 1586 1572 1655 quinque
1596 1586 1663 1641 de
1679 1585 1986 1656 IIelanengo
2008 1604 2020 1639 :
2041 1586 2169 1641 item

580 1674 864 1745 presbyter
875 1675 1101 1744 Vigilius
1123 1683 1269 1729 tenet
1288 1675 1544 1730 modiales
1568 1683 1680 1730 tres
1701 1676 1766 1730 de
1790 1674 2165 1746 Helarinengo,

2266 499 2579 559 permaneat
2608 498 2717 544 tam
2745 492 2908 560 agris,
2939 506 3097 561 quam
3124 495 3313 562 pradis,
3335 497 3463 562 solis,
3483 504 3603 568 ortis,
3625 508 3711 562 edi-

2267 578 2424 642 hciis,
2465 576 2760 644 farinariis,
2806 580 3036 650 alpibus,
3078 583 3237 647 silvis,
3267 586 3422 655 aquis,
3454 593 3715 657 pascuis,»

2266 670 2622 733 cessionibus,
2649 670 2844 734 vineis,
2873 672 3188 740 pomiferiis,
3216 675 3435 742 peculiis,
3459 680 3716 748 majore,mi.

2267 772 2419 823 nore,
2451 761 2780 824 :eramentis,
2805 759 3106 825 ferraturis,
3131 761 3437 829 loramentis,
3468 769 3596 833 vasis,
3612 781 3718 828 uten-

2266 851 2473 914 silibus,
2498 851 2694 906 mobile
2715 860 2770 905 et
2794 852 3067 907 immobile
3087 869 3260 919 omne,
3300 856 3523 927 quidquid
3538 861 3591 915 ad
3604 864 3716 919 vitam

2267 940 2502 994 hominis
2524 941 2778 1011 pertinet,
2836 944 2907 997 sit
2947 943 3148 1008 datum,
3204 954 3356 1015 atque
3394 963 3642 1007 concessum
3675 958 3718 1011 ad

2266 1031 2443 1100 ipsum
2472 1032 2859 1087 monasterium
2910 1041 3112 1088 sancta:
3160 1033 3346 1101 Mariae,
3372 1052 3457 1092 seu
3474 1041 3607 1093 sancti
3627 1041 3720 1097 llat-

2268 1126 2388 1189 tini,
2418 1126 2533 1179 sive
2561 1125 2737 1180 sancti
2780 1125 2947 1189 Petri,
2991 1126 3131 1196 quod
3176 1137 3483 1197 nuncupatur
3504 1130 3720 1187 Desertina.

2270 1215 2329 1271 Si
2352 1217 2475 1286 quis
2504 1216 2671 1286 (quod
2700 1215 2941 1271 futurum
2967 1232 3091 1273 esse
3130 1233 3232 1272 non
3259 1221 3517 1291 credimus)
3537 1224 3642 1291 quod
3659 1240 3722 1293 ego

2272 1306 2354 1378 (ut
2376 1305 2541 1379 absit)
2568 1316 2663 1362 aut
2704 1307 2850 1362 ullus
2895 1308 2962 1363 de
3008 1309 3305 1374 heredibus,
3344 1311 3419 1366 vel
3443 1313 3728 1380 proheredilms

2272 1396 2430 1461 meis,
2462 1404 2573 1451 tam
2599 1397 2773 1451 virilis
2794 1411 2971 1456 sexus.
3007 1413 3167 1467 quam
3194 1397 3395 1455 feminei
3435 1416 3592 1471 genere
3610 1414 3725 1469 ortus,

2272 1502 2368 1541 seu
2397 1488 2464 1542 de
2485 1488 2649 1542 certis
2674 1486 2758 1542 vel
2785 1489 3027 1554 incertis,
3055 1497 3148 1543 aut
3169 1492 3473 1559 praetextatis
3490 1495 3729 1563 cognationi-

2274 1576 2375 1632 bus
2403 1576 2536 1641 nati,
2581 1585 2693 1630 tam
2722 1577 3011 1649 propinqui
3063 1594 3130 1633 ex
3168 1595 3353 1650 genere
3388 1597 3509 1645 meo,
3549 1598 3726 1652 quamet

2275 1668 2570 1740 longinquo
2592 1668 2724 1723 mihi
2753 1669 3015 1739 proximi,
3040 1669 3125 1723 vel
3163 1671 3398 1741 quaslibet
3430 1681 3631 1726 extranea
3650 1688 3729 1743 pcr-

582 1772 639 1820 et
668 1763 841 1832 ipsum
870 1772 1174 1818 revertatur
1217 1771 1340 1833 post
1387 1763 1593 1818 obitum
1624 1773 1867 1819 nostrum
1897 1766 1965 1819 ad
1994 1766 2166 1835 ipsum
2202 1750 2243 1807 Β
2271 1775 2425 1826 sona,
2454 1760 2679 1815 minima
2700 1760 2787 1815 vel
2815 1760 3078 1827 maxime,
3108 1761 3304 1832 judicia
3348 1777 3511 1834 agens,
3541 1779 3652 1827 cura,
3673 1774 3730 1817 aut

583 1856 993 1911 monasterium.
1040 1855 1172 1910 Item
1220 1854 1426 1910 Goneio
1474 1862 1624 1910 tenet
1668 1856 1722 1910 in
1755 1856 2164 1927 Vorce‘agrum,

582 1944 844 2000 modiales
862 1945 1157 2015 octoginta,
1187 1952 1241 1998 et
1264 1944 1439 2015 ipsum
1469 1953 1775 1999 revertatur
1801 1953 1923 2015 post
1961 1947 2169 2002 obitum

584 2044 827 2092 nostrum
842 2036 912 2091 ad
933 2036 1108 2107 ipsum
1122 2036 1509 2092 monasterium
1541 2056 1553 2090 :
1574 2038 1699 2092 item
1723 2038 2005 2095 Vadardus
2026 2047 2171 2096 tenet

590 2144 779 2200 agrum
802 2129 1065 2191 modiales
1092 2129 1502 2200 quinquaginta,
1531 2130 1705 2200 ipsum
1726 2140 2030 2186 revertatur
2050 2142 2173 2201 post

589 2220 795 2274 obitum
829 2226 1076 2274 nostrum
1120 2220 1187 2273 ad
1241 2219 1417 2289 ipsum
1466 2221 1855 2276 monasterium
1889 2223 2057 2277 :item
2083 2221 2173 2276 Ja-

589 2308 813 2362 nuarius
840 2314 984 2361 tenet
1013 2306 1065 2361 in
1092 2306 1371 2362 Tauronto
1401 2308 1536 2364 duas
1574 2308 1815 2364 colonias
1858 2319 2057 2380 praeter
2081 2311 2175 2365 ho-

589 2398 790 2463 mines;
823 2404 879 2452 et
922 2398 1051 2467 ipsa:
1078 2405 1423 2453 revertantur
1463 2399 1531 2453 ad
1568 2399 1742 2469 ipsum
1786 2402 2172 2456 monasterium

590 2498 712 2559 post
756 2488 961 2542 obitum
1009 2496 1276 2542 nostrum.
1330 2488 1461 2542 Item
1509 2504 1673 2559 quam
1723 2490 1990 2545 coloniam
2029 2498 2178 2546 tenet

591 2579 873 2649 presbyter
903 2577 1173 2639 Silvanus,
1205 2579 1341 2649 agri,
1374 2579 1560 2648 prada,
1603 2580 1740 2645 sola,
1784 2581 1911 2647 orti,
1947 2580 2173 2636 mdiﬁcia

590 2668 717 2723 cum
770 2669 916 2723 omni
970 2668 1363 2738 adpertinentia
1388 2678 1444 2725 et
1482 2686 1606 2725 cum
1639 2671 1757 2741 ipso
1783 2686 1941 2727 servo
1965 2681 2171 2735 nostro,

592 2760 814 2816 nomine
835 2763 1105 2830 Viventio,
1152 2766 1246 2836 qui
1289 2767 1341 2820 in
1382 2767 1497 2837 ipsa
1548 2784 1672 2823 casa
1716 2769 1925 2823 habitat
1956 2786 1968 2823 :
1995 2784 2178 2823 rever-

597 2861 782 2907 tantur
800 2853 915 2909 htec
934 2855 1114 2909 omnia
1137 2866 1261 2925 post
1283 2858 1490 2912 obitum
1520 2874 1765 2914 nos.rum
1781 2861 1845 2916 ad
1872 2861 2047 2930 ipsum
2069 2876 2178 2916 mo.

593 2942 916 2997 nasterium.
941 2943 1071 2998 Item
1095 2944 1334 3000 colonias
1362 2961 1498 3015 quas
1525 2955 1669 3001 tenet
1693 2950 1978 3019 presbyter
1999 2949 2177 3019 Lepus

593 3030 650 3086 in
673 3030 901 3096 Falarie,
930 3048 1037 3087 una
1062 3048 1185 3088 cum
1216 3034 1454 3100 homine,
1483 3035 1587 3089 alia
1643 3037 1758 3090 sine
1790 3038 2024 3100 homine,
2052 3053 2175 3107 pra-

594 3121 722 3176 dum
751 3122 1078 3191 quindecim,
1120 3138 1307 3194 agrum
1356 3125 1410 3179 in
1461 3125 1779 3192 Roncalina,
1813 3128 2071 3183 modiales
2098 3129 2178 3182 vi-

595 3213 731 3284 ginti
764 3232 778 3268 :
811 3222 1157 3270 revertantur
1200 3218 1316 3272 hmc
1342 3218 1522 3273 omnia
1549 3227 1672 3288 post
1699 3219 1904 3274 obitum
1934 3229 2177 3275 nostrum

594 3312 708 3361 tam
737 3306 898 3370 servi,
933 3321 1095 3376 quam
1128 3315 1270 3362 terra
1302 3308 1369 3362 ad
1386 3308 1571 3385 ipsum
1598 3309 2005 3363 monasterium.
2047 3309 2180 3364 Item

599 3397 808 3454 colonia
836 3399 893 3453 in
934 3399 1054 3470 ipso
1109 3400 1338 3467 Falarie,
1365 3417 1530 3472 quam
1561 3402 1687 3458 colit
1714 3403 1979 3469 laetatus,
2008 3406 2181 3476 ipsam

595 3488 860 3545 donamus
880 3488 1083 3558 iuniori
1114 3499 1300 3547 nostro
1347 3491 1595 3548 Senatori
1631 3502 1739 3548 tam
1785 3509 1886 3550 nos
1913 3496 2179 3562 viventes,

594 3593 759 3647 quam
778 3586 902 3648 post
922 3579 1129 3635 obitum
1150 3589 1395 3637 nostrum
1419 3581 1485 3637 ad
1509 3583 1909 3652 possidendum.
1934 3584 2066 3640 Item
2091 3599 2183 3641 co-

597 3669 799 3725 loniam
826 3684 991 3740 quam
1017 3680 1165 3728 tenet
1182 3672 1433 3740 Amieho,
1463 3676 1578 3743 ipsa
1605 3682 1908 3730 revertatur
1926 3686 2048 3746 post
2067 3678 2184 3733 obi-

598 3767 714 3814 tum
744 3770 991 3816 nostrum
1017 3762 1084 3817 ad
1110 3763 1281 3832 ipsam
1304 3756 1613 3819 ecclesiam.
1635 3764 1766 3819 Item
1787 3766 1995 3821 colonia
2018 3782 2181 3837 quam

601 3859 749 3906 tenet
774 3850 984 3907 Laveso
1026 3854 1081 3908 in
1129 3853 1336 3920 Fleme,
1390 3871 1551 3925 quam
1597 3857 1727 3911 colit
1754 3854 2036 3923 Orsianus,
2068 3859 2182 3928 ipsa

600 3947 906 3996 revertatur
941 3949 1065 4011 post
1090 3943 1297 3997 obitum
1323 3954 1567 4000 nostrum
1590 3947 1658 4001 ad
1687 3948 1862 4017 ipsum
1906 3958 2182 4006 monaste-

598 4030 762 4085 rium.
789 4029 922 4085 Item
948 4032 1002 4085 in
1024 4032 1333 4089 Valendano
1356 4034 1646 4104 Majorinus
1674 4047 1821 4093 tenet
1845 4020 2045 4109 agrum.
2068 4055 2185 4097 mo-

601 4119 772 4176 diales
793 4120 983 4191 viginti
1020 4121 1277 4193 quinque,
1324 4124 1440 4194 ipse
1486 4135 1791 4181 revertatur
1826 4137 1950 4198 post
1975 4130 2183 4186 obitum

600 4218 842 4265 nostrum
858 4212 927 4267 ad
944 4212 1117 4281 ipsum
1133 4214 1542 4271 monasterium.
1567 4215 1828 4273 Similiter
1843 4229 1900 4275 et
1912 4220 1966 4274 in
1980 4220 2184 4276 Amede

603 4299 892 4367 coloniam,
928 4317 1092 4371 quam
1140 4304 1253 4373 ipse
1292 4305 1549 4374 possidet,
1600 4308 1796 4364 haheat
1841 4314 2183 4368 commenda-

600 4389 770 4455 tione,
803 4391 915 4460 ipse
945 4391 1236 4464 Majorinus
1258 4410 1381 4449 cum
1403 4396 1514 4466 ipsa
1536 4397 1746 4453 colonia
1775 4400 1840 4454 ad
1869 4401 2045 4469 ipsum
2067 4417 2181 4456 mo-
2215 4437 2262 4497 υ

600 4482 902 4536 nasterium
949 4498 1072 4538 cum
1118 4499 1286 4539 uxore
1339 4495 1394 4540 et
1442 4487 1569 4544 liliis
1608 4490 1721 4544 suis
1767 4492 2177 4547 nutrimentum.

601 4572 754 4638 Quod
785 4573 832 4627 si
859 4574 1210 4644 semetipsum
1253 4578 1322 4632 ab
1367 4578 1483 4647 ipso
1511 4579 1630 4633 loco
1666 4581 2015 4646 abstraxerit,
2065 4583 2180 4653 ipsa

604 4662 868 4731 possessio
897 4662 952 4716 in
983 4663 1098 4731 ipso
1119 4666 1450 4733 monasterio
1474 4667 1683 4722 stabilis
1727 4669 1798 4723 sit
1840 4684 2178 4738 permanere,

603 4768 703 4807 nec
750 4752 913 4808 liccat
951 4753 1112 4809 alicui
1147 4756 1218 4810 ab
1246 4755 1365 4831 .hoc
1404 4758 1747 4813 abstrahere.
1800 4757 1933 4813 Item
1977 4769 2180 4815 terram

602 4859 765 4913 quam
791 4854 937 4900 tenet
958 4846 1158 4903 Drucio
1201 4847 1256 4901 in
1278 4847 1542 4914 Castrice,
1583 4850 1696 4920 ipsa
1727 4860 2035 4907 revertatur
2060 4862 2185 4923 post

604 4934 815 4990 obitum
859 4943 1105 4991 nostrum
1160 4937 1229 4992 ad
1256 4938 1624 5008 supradictum
1664 4943 2076 5007 monasterium,
2131 4951 2187 4997 et

602 5037 778 5094 .psum
802 5024 1127 5080 Drucionem
1155 5035 1453 5083 statuemus
1480 5029 1547 5083 ad
1573 5030 1748 5098 ipsum
1767 5030 1944 5087 locum
1967 5047 2185 5088 sacrum

607 5131 731 5173 esse
759 5122 1212 5175 commendatum.
1236 5121 1351 5177 Iloc
1369 5123 1787 5179 stabilimentum
1810 5127 2183 5195 proponimus,

604 5217 661 5262 et
687 5210 948 5281 quidquid
989 5211 1335 5269 immemores
1380 5214 1600 5282 fuimus,
1657 5225 1752 5271 aut
1802 5218 1857 5271 in
1884 5219 1987 5273 hac
2014 5218 2185 5273 dona-

607 5305 751 5361 tione
776 5316 1085 5362 sanctorum
1105 5324 1211 5362 non
1235 5310 1679 5379 conscripsimus,
1696 5319 1896 5380 praeter
1910 5319 2179 5380 quartam,

606 5409 770 5463 quam
801 5397 1115 5466 reliquimus
1134 5398 1274 5453 curti
1296 5407 1497 5454 nostra:
1526 5398 1777 5464 Flamini,
1821 5401 1889 5454 de
1911 5401 2184 5457 ominibus

606 5486 777 5539 rebus
800 5489 1001 5541 nostris
1049 5488 1446 5544 absolucionem
1493 5490 1571 5544 uti
1598 5491 1901 5560 conscripta
1928 5499 2031 5555 est,
2061 5506 2185 5560 per-

611 5587 856 5627 manere.
887 5575 955 5629 Et
987 5576 1114 5629 dum
1154 5578 1286 5632 mihi
1313 5580 1654 5650 omnipotens
1698 5583 1839 5638 Deus
1880 5582 1931 5636 in
1956 5583 2059 5637 hoc
2085 5597 2185 5638 sac-

609 5661 734 5718 culo
776 5662 942 5716 vitam
993 5668 1341 5733 concesserit,
1374 5672 1553 5725 omnia
1598 5674 1653 5727 in
1688 5689 1808 5729 mea
1836 5682 2186 5744 permaneant

2200 3089 2247 3151 C

2271 1847 2467 1922 regalis
2493 1859 2759 1920 potestas,
2791 1851 2874 1907 vel
2899 1851 3097 1921 aliquis
3123 1866 3217 1922 per
3241 1853 3475 1924 regalium
3498 1862 3731 1923 potestatem

2270 1957 2609 2009 concessam,
2658 1951 2753 1997 aut
2810 1942 3081 2014 dogalium
3134 1943 3450 2014 praesentiam
3484 1953 3733 2007 commotam,

2271 2040 2365 2089 aut
2391 2048 2489 2105 per
2515 2033 2758 2089 muneris
2780 2033 2939 2095 dona,
2986 2033 3074 2088 vel
3105 2042 3358 2103 potestate
3394 2033 3573 2103 propria
3616 2033 3736 2102 inepte

2271 2126 2505 2197 superba
2529 2124 2843 2190 crediderit,
2891 2133 2986 2179 aut
3018 2140 3187 2180 ausus
3228 2123 3380 2179 fuerit
3403 2125 3461 2178 ab
3478 2124 3548 2178 his
3568 2121 3739 2177 ecclesiis

2273 2217 2615 2283 abstrahere,
2645 2225 2700 2273 et
2721 2226 2909 2272 contra
2938 2217 3042 2272 hoc
3065 2216 3265 2273 factum
3291 2224 3527 2280 nostrum,
3550 2221 3622 2269 aut
3641 2213 3738 2285 geni-

2273 2310 2408 2365 toris
2434 2310 2560 2374 mei,
2591 2311 2733 2380 quod
2767 2310 2882 2380 ipse
2909 2310 3188 2380 praecepit,
3231 2318 3288 2364 ut
3326 2309 3395 2364 ita
3418 2308 3562 2371 ﬁeret,
3582 2307 3739 2362 manda-

2274 2406 2423 2463 tum,
2478 2407 2537 2453 ut
2590 2400 2706 2454 haec
2761 2398 3090 2469 conscriptio
3149 2398 3469 2469 proprietatis
3509 2396 3739 2450 facultatum

2274 2499 2582 2543 nostrarum
2608 2488 2782 2554 ﬁeret,
2812 2498 2924 2544 tam
2950 2490 3018 2545 de
3050 2490 3428 2560 compactione,
3446 2504 3579 2559 quam
3593 2487 3739 2556 depro-

2275 2581 2526 2649 prietate,
2580 2578 2646 2634 de
2693 2577 3076 2649 qualicumque
3132 2587 3320 2644 tractu,
3346 2577 3422 2632 vel
3449 2575 3683 2645 conquisita
3697 2572 3742 2627 ad

2275 2685 2375 2725 nos
2398 2685 2557 2726 nosse
2583 2671 2917 2740 pervenisse.
2944 2670 3059 2726 Hoc
3100 2671 3494 2726 stabilimentum
3511 2665 3744 2734 redemptio-

2275 2761 2362 2816 nis
2383 2769 2730 2831 peccatorum
2759 2768 3067 2817 nostrorum
3099 2762 3378 2817 statuimus
3401 2761 3587 2820 habere,
3602 2766 3644 2811 et
3659 2769 3745 2809 con-

2276 2853 2446 2908 sortio
2470 2861 2783 2907 sanctorum
2807 2852 3114 2919 obﬁrmari,
3158 2853 3297 2924 quod
3319 2866 3410 2923 ego
3438 2851 3638 2921 indignus
3657 2860 3747 2901 sana

2277 2951 2457 2997 mente
2476 2950 2532 2997 et
2556 2943 2757 3013 sospite
2785 2942 2971 3008 corde,
3009 2957 3101 2998 me
3126 2944 3354 3007 vivente,
3381 2940 3529 3012 patris
3552 2939 3632 2993 mei
3652 2950 3747 3005 pre

2278 3041 2455 3102 cepta,
2480 3048 2600 3089 mea
2626 3033 2890 3088 desideria
2911 3034 3101 3089 curavi
3130 3033 3425 3104 adimplere,
3449 3038 3501 3085 ut
3518 3044 3598 3094 pro
3614 3041 3693 3091 me,
3712 3035 3748 3079 et

2278 3138 2379 3193 pro
2428 3124 2679 3179 omnibus
2718 3132 3003 3193 parentum
3052 3139 3319 3189 meorum,
3347 3122 3429 3192 qui
3452 3120 3749 3189 superiuscon-

2278 3216 2464 3284 scripti
2514 3224 2659 3282 sunt,
2689 3217 2758 3272 ab
2787 3216 3054 3272 altissimo
3083 3216 3272 3273 Iudice
3313 3226 3578 3270 mereamur
3597 3208 3749 3263 veniam

2279 3309 2347 3362 de
2385 3310 2624 3378 peccatis
2649 3309 2970 3379 promereri.
3004 3308 3236 3380 Propter
3270 3310 3369 3364 hoc
3408 3305 3561 3362 mundi
3593 3301 3751 3357 Creato-

2280 3414 2395 3452 rem
2424 3398 2578 3468 posui
2601 3399 2978 3453 intermedium
3005 3400 3260 3471 judicari,
3294 3409 3351 3454 ut
3369 3396 3564 3453 infestus
3579 3392 3753 3447 ﬁatoons

2280 3499 2364 3544 tra
2391 3505 2536 3555 eum,
2553 3490 2643 3560 qui
2668 3499 2856 3544 contra
2886 3489 3092 3546 factum
3124 3491 3270 3546 istud
3292 3505 3447 3545 ausus
3464 3486 3586 3541 fuerit
3603 3483 3753 3536 inrum-

2281 3596 2431 3652 pere,
2456 3590 2550 3635 aut
2576 3589 2861 3650 temptare,
2910 3581 2994 3637 vel
3018 3582 3266 3651 quolibet
3294 3580 3490 3652 ingenio
3519 3569 3753 3631 calnnmiam

2280 3681 2470 3726 contra
2496 3672 2641 3740 ipsas
2658 3671 2916 3727 ecclesias
2934 3673 3346 3743 praesumpserit
3368 3680 3602 3742 generare.
3617 3662 3662 3716 In
3676 3657 3755 3728 ντί·

2282 3762 2386 3817 mis
2412 3762 2548 3816 iram
2594 3761 2807 3817 Domini
2860 3764 3032 3818 nostri
3060 3761 3195 3818 Jesu
3234 3760 3426 3818 Christi
3453 3756 3755 3815 incurrat.eu

2283 3860 2469 3908 sancta
2500 3851 2788 3917 Trinitate,
2817 3852 2872 3907 id
2897 3860 3003 3918 est,
3030 3851 3238 3920 Patris,
3266 3863 3320 3908 et
3359 3850 3491 3911 Filii,
3531 3856 3578 3900 et
3596 3840 3759 3911 Spiritus

2283 3941 2478 4008 sancti,
2503 3942 2793 3998 anathema
2815 3941 2930 4009 ﬁat,
2950 3943 3180 4013 parique
3208 3944 3365 3999 modo
3394 3943 3444 3996 in
3467 3939 3542 3994 die
3558 3931 3696 3993 iudicii
3713 3927 3757 3981 ad

2284 4032 2561 4088 sinistram
2586 4047 2710 4087 cum
2736 4032 2918 4103 impiis
2946 4034 3001 4088 in
3030 4033 3357 4105 profundum
3401 4030 3569 4088 inferni
3600 4027 3760 4081 descen-

2283 4122 2396 4188 dat,
2450 4122 2590 4177 sicut
2641 4122 2849 4177 Datban
2902 4132 2959 4178 et
2997 4123 3226 4191 Abiron,
3269 4133 3325 4180 et
3365 4124 3511 4187 Core,
3533 4117 3757 4191 quiem"!

2285 4211 2503 4282 Moysen
2534 4211 2761 4268 rebelles
2788 4221 3071 4279 steterant,
3103 4216 3184 4271 sic
3226 4216 3336 4281 ille,
3378 4216 3508 4270 sicut
3529 4210 3760 4272 illi,semet-

2284 4302 2459 4370 ipsum
2490 4302 2645 4357 hiato
2669 4310 2828 4358 terrm
2847 4304 3127 4377 demergat
3160 4325 3173 4360 :
3202 4315 3259 4361 et
3285 4308 3419 4361 sicut
3439 4304 3582 4359 ludas
3601 4295 3758 4353 tradito!

2285 4391 2520 4457 Domini,
2550 4393 2897 4462 semetipsum
2947 4395 3001 4448 in
3027 4395 3223 4465 laqueo
3251 4395 3543 4467 suspendat,
3566 4392 3761 4458 ωῳυεεί

2288 4484 2522 4540 animam
2567 4487 2859 4557 poenalium
2902 4489 3148 4559 gehenna
3191 4490 3311 4545 sine
3349 4488 3451 4543 ﬁne
3475 4483 3763 4542 obtineatzel

2288 4586 2549 4647 quantum
2599 4581 2666 4635 de
2709 4581 2947 4650 peccatis
2995 4582 3219 4647 nostris,
3257 4592 3313 4639 et
3347 4589 3601 4652 parentum
3618 4580 3766 4628 nostro-

2288 4683 2432 4732 rum,
2455 4678 2509 4723 et
2535 4669 2771 4725 fidelium
2799 4681 3113 4728 nostrorum
3138 4675 3321 4729 divina
3340 4675 3501 4745 pietas
3517 4684 3600 4741 pro
3621 4660 3764 4721 hisde-

2289 4767 2502 4816 menter
2522 4759 2749 4829 jusserit
2774 4763 3074 4834 indulgere,
3113 4766 3310 4821 horum
3365 4765 3581 4819 omnium
3616 4759 3767 4829 pecu“

2289 4863 2401 4910 tota
2431 4870 2593 4925 super
2614 4856 2789 4927 ipsum
2814 4858 3052 4915 veniant.
3070 4867 3268 4914 etcum
3293 4857 3496 4914 diabolo
3515 4863 3565 4908 et
3584 4844 3769 4906 ministris

2284 4943 2403 5013 ejus
2431 4946 2832 5003 damnationem
2872 4948 3121 5019 accipiat,
3165 4959 3225 5004 et
3245 4965 3278 5004 a
3303 4957 3593 5004 cunctorum
3613 4933 3770 4994 catholi-

2286 5050 2472 5091 corum
2505 5036 2742 5093 ﬁdelium
2772 5042 3047 5096 consortio
3069 5049 3362 5096 extraneas
3397 5043 3636 5110 appareat.
3670 5030 3769 5084 lnﬂ'

2285 5140 2385 5196 per
2410 5134 2467 5182 et
2489 5126 2544 5181 in
2574 5130 2970 5200 resurrectione
2997 5131 3217 5186 humani
3242 5131 3459 5201 generis
3488 5134 3660 5197 septem
3674 5118 3771 5173 dan-

2286 5225 2533 5280 nationes
2559 5224 2751 5279 mortis
2792 5224 2846 5279 in
2888 5233 3078 5296 stagno
3105 5227 3245 5296 ignis
3273 5239 3432 5295 super
3454 5226 3608 5294 ipsum
3630 5217 3770 5271 innim-

2287 5314 2436 5369 bant.
2466 5314 2645 5368 Prima
2679 5295 3030 5379 damnatioaa
3057 5295 3261 5370 sanctis
3282 5312 3557 5385 separatio.
3598 5295 3770 5362 Secundi

2290 5419 2321 5458 a
2349 5403 2486 5459 facie
2512 5404 2724 5460 Domini
2748 5405 3001 5474 repulsio.
3035 5406 3217 5461 Tertia
3260 5406 3314 5459 in
3340 5403 3539 5458 inferno
3562 5388 3768 5453 denm-

2289 5494 2490 5562 Quarta
2517 5496 2699 5565 operis
2724 5495 2842 5566 ejus
2870 5497 3169 5553 retributio.
3199 5497 3396 5563 Quinta
3439 5495 3546 5549 sine

2290 5586 2385 5651 tia,
2417 5586 2541 5653 quia
2574 5586 2715 5640 nulla
2741 5588 2847 5641 erit
2875 5588 3136 5642 remissio.
3174 5586 3340 5642 Sexta
3375 5587 3484 5640 sine
3516 5581 3608 5635 ﬁne
3627 5578 3772 5629 cmﬂi'

2292 5674 2386 5732 tio.
2427 5674 2687 5747 Septima,
2726 5677 2965 5732 omnium
3008 5692 3291 5749 poenarum
3318 5690 3424 5731 non
3442 5671 3539 5729 erit
3568 5661 3718 5724 ﬁnitio,
3738 5658 3775 5706 ⁸²
