4046 6172
347 328 474 384 1561

1081 328 1320 383 Pli‘l‘iNl
1348 370 1361 395 ,
1402 326 1898 385 CAROLOMANNI
1940 328 2029 383 ET
2064 328 2376 386 ALIORUM
2417 331 2833 388 DIPLOMATA.

3470 339 3610 393 1569.

341 446 408 499 ab
436 446 551 515 ipso
573 443 845 498 consortio
889 443 981 511 qui
1012 442 1120 497 illic
1157 443 1247 497 diu
1276 430 1544 512 noctuque
1581 440 1913 496 deserviunt.
1944 443 1998 502 Α
2022 440 2249 507 vientes,
2299 457 2392 497 seu
2434 441 2718 497 luminaria
2773 443 2945 513 ipsius
2976 443 3219 499 ecclesiae
3251 451 3604 514 procuranda,

341 536 411 591 Et
428 550 586 605 super
610 535 725 590 haec
746 535 924 588 omnia
947 535 1166 602 insuper
1193 534 1264 588 sit
1284 534 1568 603 culpabilis
1614 533 1680 587 ad
1710 540 1924 588 actores

341 639 485 696 saepe
504 625 661 681 dictis
675 625 919 680 ecclesiis
940 625 1057 679 auri
1079 624 1243 679 libras
1270 625 1460 694 viginti
1481 632 1536 678 et
1562 624 1773 693 argenti
1791 637 1926 693 pon-

339 716 443 773 dus
478 717 850 787 quadraginta,
882 726 936 771 et
964 716 1107 784 quod
1138 716 1351 785 repetit,
1371 716 1423 769 in
1447 714 1593 769 nullo
1614 714 1803 784 petitio
1825 729 1922 768 sua

342 808 585 862 obtineat
625 807 894 872 effectum,
927 808 1019 861 sed
1062 805 1176 870 ﬁat,
1228 814 1288 860 ut
1336 806 1510 867 decet,
1560 804 1820 859 confusus
1858 804 1925 859 de

341 898 611 952 omnibus.
629 897 697 951 Et
722 898 895 953 cessio
919 913 1037 951 mea
1066 912 1227 966 quam
1243 912 1341 967 ego
1371 907 1617 967 prompta
1646 896 1923 951 voluntate

340 996 396 1043 et
409 990 602 1044 devota
619 996 797 1043 mente
815 989 995 1059 rogavi
1020 987 1157 1053 ﬁeri,
1180 987 1492 1043 inconvulsa
1511 988 1658 1042 omni
1681 998 1923 1057 tempore

342 1095 512 1150 usque
541 1079 593 1134 in
621 1087 937 1149 perpetuum
974 1080 1214 1133 obtineat
1236 1078 1549 1133 ﬁrmitatem
1575 1077 1922 1147 stipulatione

337 1172 601 1225 subnexa.
632 1170 785 1224 Anno
834 1169 900 1223 ⁸15
950 1170 1049 1225 sub
1077 1185 1245 1239 regno
1266 1170 1465 1225 domini
1496 1169 1668 1223 nostri
1708 1168 1919 1239 Pippini

339 1260 503 1330 regis,
534 1259 677 1329 quod
706 1266 791 1314 est
812 1275 944 1313 xvm
962 1260 1080 1313 Kal.
1104 1259 1409 1325 Ianuarias,
1444 1258 1585 1315 facta
1614 1259 1800 1314 charta
1826 1260 1921 1314 do-

336 1350 571 1405 nationis
611 1359 941 1405 sanctorum.
972 1350 1105 1405 Acta
1149 1351 1309 1406 Curia
1358 1352 1410 1406 in
1438 1351 1654 1407 civitate
1678 1351 1916 1422 publica,

336 1443 435 1497 sub
451 1443 735 1511 praisentia
752 1442 992 1496 virorum
1014 1444 1278 1497 bonorum
1301 1443 1654 1513 plurimorum
1678 1444 1914 1497 testium.

334 1533 374 1604 1-
400 1533 623 1603 Signum
647 1550 838 1589 manus
859 1534 1068 1590 Domini
1096 1535 1328 1590 Tellonis
1349 1535 1584 1606 episcopi
1612 1535 1912 1605 largitoris,
1946 1588 1951 1591 .

334 1624 426 1693 qui
459 1624 571 1679 hmc
601 1624 717 1678 ﬁeri
737 1624 899 1694 jussi,
949 1633 1005 1679 et
1046 1640 1210 1679 manu
1256 1640 1375 1680 mea
1418 1625 1634 1695 propria
1682 1624 1914 1679 ﬁrmavi.

334 1718 375 1787 1-
403 1716 626 1786 Signum
659 1720 957 1791 presbyteri
989 1719 1194 1775 Silvani
1222 1722 1392 1776 testis.
1416 1721 1456 1792 1-
1477 1721 1704 1792 Signum
1724 1736 1916 1777 manus

2025 530 2111 585 vel
2140 531 2404 601 stipendia
2431 546 2751 602 pauperum,
2797 534 2997 589 ibidem
3034 535 3292 603 praedicta
3333 536 3460 592 villa
3487 553 3613 607 pro-

2025 620 2187 677 ﬁcere
2215 621 2408 678 debeat
2433 623 2488 678 in
2532 632 2901 693 augmentum,
2945 631 3002 677 et
3050 631 3112 677 ut
3148 624 3342 679 melius
3380 626 3613 681 delectet

2025 712 2172 782 ipsos
2200 713 2492 769 monachos
2516 728 2615 782 pro
2636 713 2814 778 nobis,
2841 713 2925 768 vel
2969 715 3124 769 bona:
3161 716 3437 770 memoriae
3482 732 3608 787 ger-

2022 819 2184 858 mano
2202 812 2388 859 nostro
2407 803 2758 874 Kallomagno
2786 805 3077 873 quondam,
3113 820 3206 860 seu
3247 807 3612 877 subsequente

2022 896 2279 967 pregenie
2303 904 2508 959 nostra,
2536 898 2623 952 die
2652 905 2925 966 noctuque
2950 897 3161 951 Domini
3182 899 3609 955 misericordiam

2022 988 2282 1043 attentius
2310 988 2621 1057 deprecare.
2649 989 2818 1057 igitur
2842 989 3102 1058 praedicta
3130 988 3253 1042 villa
3284 1005 3409 1044 cum
3433 993 3580 1045 omni
3620 1012 3631 1021 ο

2020 1082 2124 1136 bus
2144 1081 2407 1136 theloneis
2435 1081 2685 1151 publicis,
2709 1090 2764 1136 et
2792 1096 2919 1136 cum
2957 1083 3135 1147 terris,
3183 1082 3451 1146 domibus,
3481 1085 3608 1138 aedi-

2021 1171 2181 1238 ﬁciis,
2212 1172 2518 1236 accolabus,
2548 1172 2855 1241 mancipiis,
2910 1173 3103 1236 vineis,
3160 1172 3332 1237 silvis,
3378 1174 3606 1243 campis,

2019 1261 2207 1331 pratis,
2253 1262 2408 1332 aquis
2448 1276 2778 1331 aquarumve
2831 1263 3169 1328 decursibus,
3222 1262 3512 1318 mobilibus
3554 1271 3611 1317 et

2020 1352 2411 1416 immobilibus,
2443 1351 2738 1418 farinariis,
2787 1354 2929 1408 sicut
2971 1368 3133 1422 supra
3179 1354 3434 1418 diximus,
3483 1369 3607 1408 cum

2006 1432 2170 1497 omni
2205 1443 2517 1514 integritate
2560 1458 2688 1512 pars
2739 1444 2981 1512 praedicti
3030 1444 3343 1499 monasterii
3384 1442 3610 1513 ejusque

2019 1541 2262 1587 rectores
2308 1534 2563 1598 habeant,
2613 1541 2834 1589 teneant
2884 1542 3046 1603 atque
3088 1535 3420 1603 possideant,
3457 1542 3512 1587 et
3539 1536 3607 1587 ad

2021 1623 2136 1692 ipsa
2152 1637 2276 1677 casa
2294 1622 2388 1676 Dei
2415 1623 2470 1676 in
2490 1631 2674 1677 nostra
2688 1623 3028 1694 eleemosyna
3048 1623 3131 1677 vel
3150 1638 3407 1693 germano
3422 1630 3608 1677 nostro

2019 1727 2193 1781 usque
2217 1712 2271 1766 in
2298 1719 2618 1782 perpetuum
2638 1713 2842 1780 absque
2871 1713 3034 1768 ullius
3064 1715 3394 1784 repetieione
3412 1716 3608 1769 debeat

331 1780 620 1862 ἰυειίίτίαηί
646 1780 847 1875 iudicis
876 1810 1048 1865 testis.
1070 1811 1110 1879 1
1134 1810 1358 1881 Signum
1385 1780 1672 1867 Ρί-ωεέηιίε
1698 1812 1917 1867 curialis
1950 1780 1992 1839 ⁸
2018 1780 2137 1858 esse
2158 1803 2282 1873 iure
2297 1804 2508 1873 integro
2534 1801 2875 1858 conﬁrmata-
2892 1804 2961 1858 Et
2982 1813 3044 1859 ιιι
3067 1805 3183 1859 haec
3205 1806 3381 1860 cessio
3402 1806 3608 1860 ﬁrmior

334 1898 506 1953 testis.
530 1898 569 1969 1-
595 1898 821 1970 Signum
841 1899 1163 1956 Lobucionis
1182 1902 1249 1957 de
1270 1902 1472 1958 Amede
1492 1903 1714 1958 curialis
1741 1904 1911 1959 testis.

328 1986 619 2059 1-Signnm
663 1989 945 2046 Constanti
996 1991 1064 2047 de
1115 1991 1431 2064 Senegaune
1482 1994 1703 2048 curialis
1739 1993 1913 2049 testis”.

330 2078 372 2149 1-
390 2076 615 2149 Signum
632 2080 953 2136 Lobueionis
967 2082 1033 2137 de
1056 2082 1213 2138 Maile
1240 2084 1425 2139 militis
1443 2086 1616 2140 testis.
1636 2086 1672 2155 1
1689 2084 1915 2156 Signum

328 2166 482 2223 Pauli
515 2169 862 2226 dc.Tremine
891 2173 1079 2227 militis
1108 2173 1282 2229 testis.
1307 2175 1347 2245 1-
1371 2174 1593 2244 Signum
1619 2175 1829 2231 Claudii
1851 2178 1916 2233 de

331 2257 492 2314 Curia
532 2261 753 2317 curialis
792 2264 964 2317 testis.
987 2265 1027 2334 1-
1054 2262 1276 2334 Signum
1333 2265 1589 2321 Urseceni
1622 2268 1687 2322 de
1716 2267 1917 2321 Scana-

329 2348 451 2404 vico
474 2351 695 2406 curialis
718 2353 944 2425 testis.1-
973 2352 1196 2426 Signum
1218 2356 1452 2411 Victoris
1483 2356 1576 2412 ﬁlii
1604 2358 1916 2415 Prmstantis

328 2442 519 2497 miiitis
545 2445 718 2499 testis.
742 2445 782 2516 1-
808 2443 1031 2517 Signuni
1056 2446 1343 2502 Justiniani
1386 2449 1451 2504 de
1494 2449 1625 2506 Vico
1674 2450 1775 2505 Mcl
1796 2452 1916 2507 'one

328 2532 515 2589 militis
541 2535 713 2589 testis.
739 2535 1023 2607 1-Signum
1072 2537 1350 2593 Foscionis
1400 2541 1467 2595 de
1521 2540 1686 2611 Pogio
1728 2542 1917 2599 militis

331 2623 505 2679 testis.
538 2624 605 2679 Et
626 2640 725 2697 ego
753 2626 944 2682 Foscio
973 2630 1257 2701 presbyter
1273 2629 1458 2698 jussus
1488 2647 1518 2684 a
1547 2632 1765 2687 domino
1793 2648 1915 2688 meo

330 2714 548 2771 Tellone
584 2718 835 2789 epise0po
884 2720 1026 2775 hanc
1054 2721 1393 2776 donationem
1426 2723 1639 2793 scripsi,
1669 2731 1724 2777 et
1752 2739 1915 2778 manu

326 2820 448 2863 mea
474 2807 688 2878 propria
715 2809 1029 2881 subscripsi.

1010 2923 1229 2979 XXXII.

329 3003 663 3086 Prwceptum_
712 3009 953 3086 Pippini_
974 3016 1127 3086 regis,
1176 3033 1279 3086 quo
1317 3016 1493 3071 villam
1527 3018 1770 3074 Emonam
1798 3039 1912 3078 mo-

470 3081 696 3134 nasterio
722 3081 888 3135 sancti
919 3081 1156 3154 Dionysii
1188 3081 1408 3140 restituit
1433 3090 1591 3159 (anno
1619 3089 1764 3164 766).

757 3171 848 3231 (Ex
884 3172 941 3221 D.
967 3173 1212 3237 Bouquet,
1250 3185 1364 3225 tom.
1389 3176 1473 3239 γ.)

396 3246 653 3319 Pippinus
706 3266 799 3306 rex
846 3252 1181 3310 Francorum
1219 3257 1304 3312 vir
1350 3258 1576 3314 illuster.
1627 3260 1911 3320 Credimus

328 3341 486 3396 nobis
509 3344 648 3413 apud
678 3352 936 3401 internum
976 3347 1213 3418 judicem
1242 3350 1296 3406 in
1336 3354 1583 3408 mercede
1603 3355 1831 3420 sociare,
1863 3357 1910 3411 si

329 3428 433 3485 hoc
464 3435 859 3505 cognoscimus,
885 3439 1026 3507 quod
1044 3439 1109 3494 ad
1136 3439 1251 3496 loca
1278 3449 1587 3496 sanctorum
1625 3443 1791 3511 fuisse
1812 3444 1909 3499 dc-

328 3517 582 3589 legatum,
632 3530 687 3578 et
723 3537 822 3592 per
877 3528 1290 3596 praeceptionem
1344 3528 1675 3583 anteriorum
1722 3546 1908 3601 regum

325 3627 489 3665 manu
518 3615 784 3683 suseripta
811 3617 940 3670 inibi
968 3618 1379 3673 conﬁrmatione
1423 3634 1520 3689 per
1548 3622 1765 3691 nostris,
1780 3640 1907 3679 ora-

332 3701 469 3757 culis
493 3717 593 3772 pro
633 3718 818 3758 amore
864 3704 979 3769 Dei,
1020 3714 1073 3761 et
1123 3708 1530 3764 retributionem
1574 3720 1906 3782 sanctorum,

325 3791 672 3847 aiiirmamus.
718 3793 948 3865 Ideoque
994 3798 1317 3855 venerabilis
1365 3801 1451 3855 vir
1477 3800 1739 3859 Folradns
1768 3807 1906 3862 abba

325 3882 393 3937 de
416 3883 638 3939 basilica
668 3884 957 3954 peculiaris
977 3888 1190 3956 patroni
1222 3891 1392 3945 nostri
1436 3893 1609 3947 sancti
1642 3893 1902 3966 Dionysii,

325 3974 417 4029 ubi
449 3974 562 4045 ipse
589 3976 859 4045 pretiosus
884 3987 1092 4049 martyr
1117 3994 1238 4034 cum
1263 3982 1423 4037 sociis
1442 3983 1557 4045 suis
1599 3984 1652 4038 in
1682 4001 1907 4055 corpore

325 4062 605 4133 quiescere
627 4064 857 4130 videtur,
889 4065 973 4120 vel
998 4067 1111 4135 ipse
1139 4068 1276 4123 abba
1309 4084 1415 4123 una
1438 4086 1557 4124 eum
1587 4078 1763 4126 turma
1788 4074 1907 4143 plu-

326 4157 465 4212 rima
492 4159 880 4214 monachorum
916 4161 1109 4231 degere
1133 4162 1404 4229 videntur,
1436 4164 1520 4218 vel
1551 4165 1778 4222 Domino
1805 4168 1907 4222 mi-

323 4247 482 4304 litare
509 4257 824 4314 noscuntur,
855 4251 1020 4306 missa
1051 4252 1310 4322 petitione
1343 4255 1499 4311 nobis
1524 4267 1907 4327 suggesserunt

324 4355 391 4397 eo
423 4342 567 4412 quod
613 4342 918 4399 Clotharius
960 4360 1055 4399 rex
1112 4345 1443 4421 Francorum
1489 4364 1587 4418 per
1630 4366 1727 4405 sua
1768 4367 1906 4421 pra:-

2015 1893 2298 1956 habeatur,
2344 1907 2444 1947 nos
2490 1906 2610 1947 eam
2655 1891 3201 1958 subterﬁrmavimus,
3247 1893 3423 1971 vel'de
3445 1893 3607 1950 anulo

2015 1991 2203 2040 nostro
2224 1982 2459 2055 sigillare
2484 1982 2808 2039 studuimus.

2088 2074 2314 2146 Signum
2340 2076 2381 2145 1-
2404 2074 2614 2144 Pippini
2655 2074 3031 2144 gldriosissimi
3057 2075 3221 2146 regis.

2084 2164 2141 2219 lu
2170 2165 2265 2220 Dei
2290 2166 2507 2220 nomine
2536 2165 2760 2222 Baddilo
2787 2168 3121 2237 recognovit.

2087 2259 2280 2314 Datum
2320 2260 2375 2313 in
2398 2274 2584 2315 mense
2608 2259 2772 2324 Julio,
2811 2275 2954 2315 anno
2981 2261 3192 2315 decimo
3220 2262 3411 2331 quinto
3452 2263 3604 2333 regni

2014 2350 2187 2404 nostri
2226 2349 2535 2407 Aurelianis
2587 2351 2808 2407 civitate
2847 2352 3082 2421 publice.
3126 2352 3358 2411 ltherius
3386 2355 3607 2425 scripsit

2015 2440 2266 2496 feliciter.
2291 2440 2486 2495 Amen.

2685 2532 2924 2587 XXXIII.

2014 2620 2243 2676 Donatio
2299 2620 2513 2693 Pippini
2562 2626 2882 2679 monasterio
2933 2626 3104 2680 sancti
3153 2628 3402 2682 Antonini
3440 2628 3604 2699 (anno

2735 2714 2882 2787 767).

2170 2802 2408 2866 (Histoire
2431 2806 2498 2855 du
2523 2807 2829 2870 Lnnguedoc,
2852 2816 2983 2858 tome
3012 2809 3049 2868 l,
3090 2810 3251 2871 prob.,
3275 2824 3321 2872 p.
3344 2811 3448 2872 23.)

2087 2886 2287 2942 Nutitia
2336 2889 2617 2944 traditoria
2665 2899 2827 2960 atque
2882 2891 3269 2945 forbamlitoria
3313 2901 3529 2961 peracta
3570 2907 3602 2947 a

2010 2975 2232 3031 domino
2262 2977 2453 3048 Pipino
2481 2993 2606 3050 rege
2628 2981 2973 3035 seri-nissimo
3001 2979 3331 3035 Francorum
3363 2989 3417 3036 et
3436 2982 3604 3050 Aqui-

2012 3077 2283 3133 tanorum,
2310 3068 2363 3122 in
2394 3070 2665 3138 presentia
2694 3078 2855 3139 atque
2881 3085 3040 3123 manu
3085 3071 3337 3125 Fedancii
3387 3072 3601 3125 abbatis

2014 3160 2256 3216 ecclesiae
2298 3161 2471 3215 sancti
2513 3161 2768 3215 Antonini
2820 3162 3096 3230 martyris,
3149 3176 3269 3229 qua:
3295 3170 3380 3215 est
3409 3162 3511 3215 sita
3541 3162 3596 3216 in

2012 3250 2153 3303 valle
2176 3266 2298 3320 qua:
2311 3250 2510 3304 dicitur
2537 3250 2734 3306 nobilis
2756 3251 2846 3304 ubi
2870 3250 3136 3306 terminus
3160 3265 3280 3305 esse
3301 3251 3602 3306 dinoscitur

2011 3341 2065 3394 in
2091 3356 2230 3411 pago
2254 3339 2526 3394 Rutinico.

2080 3430 2160 3483 Ad
2185 3430 2325 3485 hanc
2349 3430 2691 3485 traditionem
2718 3429 2922 3486 aﬁ'uere
2951 3430 3053 3486 viri
3086 3431 3321 3502 religiosi
3359 3439 3596 3487 testes...

2010 3521 2223 3576 abbatis
2270 3520 2522 3576 Fedancii
2564 3522 2770 3577 scilicet
2812 3522 3114 3579 lldebaldus
3158 3523 3598 3593 archiepiscopus

2008 3612 2153 3667 sedis
2184 3612 2483 3676 Remensis,
2512 3627 2610 3668 nec
2633 3628 2738 3667 non
2760 3613 3012 3668 Aimarus
3050 3614 3407 3670 Bituricensis
3451 3616 3599 3671 sedis

2009 3702 2460 3774 archiepiscOpus,
2491 3721 2596 3760 una
2640 3723 2762 3762 eum
2795 3716 3011 3763 caterva
3042 3710 3418 3779 episcoporum
3448 3719 3537 3765 cet
3556 3728 3593 3754 '-

2007 3810 2192 3850 rerum
2215 3812 2440 3854 numero
2458 3814 2555 3866 xu,
2591 3800 2735 3855 inter
2754 3816 2890 3870 quos
2923 3801 3094 3856 adfuit
3117 3802 3365 3858 Justinus
3388 3804 3596 3874 cpisco-

2005 3902 2108 3958 pus
2141 3890 2332 3946 morbo
2378 3892 2528 3963 regio
2583 3908 2891 3963 percussus,
2943 3895 3033 3965 qui
3079 3902 3382 3964 prostratus
3409 3911 3593 3951 coram

2007 3978 2178 4033 altare
2203 3981 2292 4035 ubi
2335 3990 2497 4052 erput
2543 3985 2717 4040 sancti
2749 3985 3004 4040 Antonini
3047 3988 3449 4042 custodiebatur
3475 3988 3595 4059 glo-

2006 4071 2290 4127 riosissimi
2317 4075 2594 4146 martyris,
2622 4077 2801 4131 subito
2825 4077 3003 4132 divina
3035 4079 3369 4147 protectione
3412 4080 3595 4137 muni-

2006 4167 2094 4215 tus
2114 4168 2170 4216 et
2202 4160 2319 4230 ejus
2339 4163 2645 4219 interventu
2669 4164 2927 4221 liberatus
2948 4176 3051 4221 est.
3075 4167 3187 4223 Hac
3208 4177 3422 4223 caterva
3452 4170 3594 4225 resi-

2007 4253 2167 4309 dente
2189 4256 2348 4310 simul
2376 4257 2563 4311 aderat
2591 4259 2749 4312 turba
2779 4257 3008 4310 militum
3033 4264 3089 4310 et
3130 4258 3412 4322 comitum,
3448 4258 3592 4313 inter

2006 4357 2144 4412 quos
2167 4353 2284 4399 erat
2312 4344 2657 4416 Bertalargns
2678 4362 2881 4411 comes,
2918 4346 3263 4410 Vulfrandus,
3288 4346 3589 4414 Dotelinns,

322 4432 570 4501 ceptione
597 4433 663 4487 ad
692 4433 804 4503 ipsa
829 4450 954 4491 casa
985 4436 1165 4492 domui
1191 4438 1428 4511 Dionysii
1456 4440 1756 4513 delegasset
1780 4443 1900 4496 villa
1924 4457 1972 4515 ι)
2005 4436 2233 4493 Paletini
2262 4439 2509 4504 comites,
2533 4447 2589 4492 et
2607 4439 2696 4493 alii
2724 4454 2950 4493 numero
2974 4455 3087 4493 xvr.
3130 4439 3231 4506 Qui
3263 4455 3452 4495 omnes
3476 4456 3584 4498 una

322 4523 736 4592 cognominante
759 4524 964 4592 Exona,
982 4528 1083 4583 sita
1109 4545 1269 4599 super
1293 4531 1454 4588 ﬂuvio
1475 4533 1661 4589 Exone
1684 4536 1735 4589 in
1760 4534 1903 4606 Pago

324 4611 590 4679 parisiaco
616 4628 631 4666 :
667 4621 721 4669 et
746 4623 932 4685 postea
962 4616 1289 4675 Chlodovius
1328 4638 1424 4678 rex
1448 4622 1779 4680 Francorum
1805 4625 1904 4679 ite-

324 4717 444 4755 rum
479 4704 546 4758 ad
586 4706 803 4762 basilica
851 4709 966 4780 ipsa
1012 4714 1446 4771 reconﬁrmasset
1495 4733 1591 4788 per
1638 4735 1732 4775 sua
1760 4737 1901 4790 pra:-

324 4793 571 4861 ceptione
601 4809 616 4848 :
646 4798 788 4852 unde
816 4808 871 4853 et
898 4802 1041 4870 ipsas
1074 4806 1459 4874 praeceptiones
1487 4809 1640 4865 nobis
1666 4813 1903 4868 ostendit

418 4882 752 4954 relegendas,
784 4889 874 4942 ubi
906 4890 1207 4949 invenimus
1238 4898 1378 4965 quod
1408 4913 1505 4969 per
1528 4900 1711 4970 iniqua
1747 4906 1901 4973 cupi-

323 4968 493 5028 ditate
521 4989 553 5027 a
583 4974 832 5046 malignis
858 4978 1165 5039 hominibus
1190 4994 1373 5054 postea
1404 4968 1515 5057 ipsa
1556 4968 1682 5046 villa
1714 4968 1900 5049 Exona

324 5060 390 5115 de
414 5062 528 5133 ipsa
548 5078 674 5119 casa
706 5065 764 5119 S.
796 5066 1034 5139 Dionysii
1055 5072 1156 5125 fuit
1181 5075 1576 5142 abstracta,vel
1597 5080 1899 5137 imminuta.

323 5150 494 5208 Peciit
538 5154 652 5224 ipse
680 5158 817 5215 abba
836 5199 849 5223 ,
884 5160 968 5215 vel
998 5161 1111 5230 ipsa
1140 5169 1490 5239 congregacio
1529 5170 1899 5229 celsitudinem

323 5246 476 5317 regni
508 5250 698 5315 nostri,
726 5260 785 5306 ut
812 5266 909 5322 per
936 5255 1400 5316 conﬁrmationem
1431 5271 1669 5319 nostram
1699 5266 1783 5321 vel
1807 5268 1901 5323 de-

320 5334 704 5396 liberaeionem
748 5353 987 5401 nostram
1015 5348 1123 5404 tale
1162 5353 1402 5409 emanire
1429 5354 1745 5413 deberemus
1763 5374 1900 5429 pra:-

322 5439 561 5499 ceptum,
585 5433 800 5490 utsicut
820 5451 850 5490 a
878 5437 1187 5495 Bemehone
1213 5444 1410 5499 comite
1429 5460 1526 5515 per
1547 5459 1788 5503 nostrum
1811 5451 1900 5505 be-

323 5519 575 5576 neﬁcium
602 5539 773 5595 usque
813 5529 973 5584 modo
1024 5528 1124 5584 fuit
1162 5547 1429 5601 possessa,
1483 5553 1605 5591 cum
1648 5526 1901 5597 omnibus

324 5612 572 5669 terminis
592 5615 675 5670 vel
700 5619 1033 5687 appendiciis
1063 5622 1195 5685 suis,
1226 5622 1300 5677 ita
1344 5640 1465 5679 cum
1507 5627 1653 5681 omni
1681 5629 1899 5701 integri-

324 5713 436 5762 tate
466 5706 532 5763 ad
554 5707 671 5780 ipso
692 5713 1022 5769 monasterio
1046 5714 1131 5770 vel
1157 5718 1455 5774 monachus
1498 5719 1693 5775 ibidem
1716 5721 1899 5779 descr-

1964 4528 1969 4532 ’
2004 4542 2137 4583 voce
2161 4542 2383 4582 censere
2408 4543 2509 4583 nec
2524 4543 2630 4582 non
2653 4528 3020 4583 aeelamavere
3040 4544 3162 4584 eum
3183 4530 3415 4584 maxima
3432 4532 3588 4586 turba

2001 4618 2320 4689 populorum
2349 4618 2441 4689 qui
2468 4618 2540 4673 ibi
2574 4619 2818 4681 aderant,
2852 4618 3071 4690 dignum
3101 4634 3223 4675 esse
3249 4622 3587 4689 augmentari

2003 4724 2184 4765 casam
2209 4709 2304 4765 Dei
2326 4709 2395 4765 ob
2425 4723 2664 4765 amorem
2694 4719 2748 4765 et
2774 4712 3130 4766 reverentiam
3161 4713 3306 4768 beati
3327 4714 3586 4769 Antonini

2003 4802 2284 4872 martyris,
2329 4801 2421 4871 qui
2448 4800 2701 4857 defensor
2740 4810 2796 4857 et
2842 4810 3122 4873 protector
3164 4817 3379 4874 semper
3403 4804 3586 4859 extitit

2004 4893 2117 4962 regi
2151 4901 2206 4947 et
2241 4892 2386 4947 omni
2423 4892 2684 4947 exercitui
2725 4905 2844 4948 suo.
2875 4891 2957 4947 Ad
2985 4907 3215 4961 quorum
3241 4892 3585 4948 acclamatio-

2004 5000 2127 5040 nem
2153 4984 2384 5054 Pipinus
2399 5001 2493 5041 rex
2515 4984 2895 5041 serenissimus
2920 4985 3195 5055 adquievit
3242 4986 3580 5056 augmentari

2002 5089 2183 5129 casam
2214 5075 2309 5130 Dei
2346 5075 2616 5147 regalibus
2645 5075 3044 5131 donationibus.
3088 5076 3274 5145 itaque
3301 5090 3424 5131 cum
3467 5075 3583 5133 suis

2002 5164 2279 5220 consultus
2304 5165 2663 5236 magnatibus,
2686 5166 3070 5220 monasterium
3098 5166 3155 5221 S.
3185 5165 3330 5221 Petri
3352 5156 3605 5236 apostoli

2001 5256 2144 5325 quod
2168 5255 2366 5309 dicitur
2390 5255 2710 5319 Mortnacus,
2726 5255 2871 5324 quod
2892 5264 2975 5311 est
2996 5257 3157 5311 situm
3185 5256 3239 5312 in
3268 5271 3407 5327 pago
3430 5265 3583 5312 catu-

2000 5346 2154 5401 cirno
2182 5360 2344 5415 super
2375 5344 2536 5399 lluvio
2574 5345 2880 5412 Avarionis,
2933 5346 2989 5401 in
3031 5348 3308 5417 proprium
3358 5349 3581 5406 tradidit

1998 5439 2142 5493 beati
2188 5438 2447 5492 Antonini
2493 5438 2747 5508 martyris
2791 5439 2957 5509 capiti
2985 5448 3040 5495 et
3063 5440 3243 5506 altari,
3268 5440 3322 5495 in
3348 5456 3457 5511 quo
3482 5442 3578 5498 Dei

2001 5540 2204 5593 honore
2229 5544 2283 5591 et
2307 5535 2677 5590 benedictione
2705 5537 2954 5606 quiescit,
3006 5544 3059 5592 et
3102 5536 3282 5591 abbati
3308 5536 3578 5593 Fedancio

1999 5630 2291 5687 venerabili
2323 5628 2436 5683 \‘iro
2457 5637 2511 5683 et
2543 5630 2821 5685 monachis
2846 5639 2903 5685 et
2941 5630 3151 5686 clericis
3176 5630 3302 5685 inihi
3333 5630 3577 5702 degenti-

1998 5724 2100 5779 bus
2124 5721 2461 5794 presentibus
2484 5729 2538 5777 et
2557 5720 2773 5778 futuris.
2824 5722 2937 5779 lioc
2970 5739 3002 5777 ιι
3022 5722 3354 5779 onastcrium
3400 5730 3573 5777 totum
