4046 6172
473 290 610 347 1565

1457 288 1724 347 ειεευιι
1765 288 1874 345 VIII
1912 290 2345 348 MONUMENTA
2385 294 2713 352 SELECTA.

3602 305 3740 362 1564

466 406 767 478 prodictum
792 413 848 460 et
874 405 941 459 ab
967 404 1232 474 integrum
1257 420 1381 459 cum
1397 404 1510 459 suis
1532 403 1865 472 adjacentiis,
1896 402 2042 458 scili-
2070 411 2114 466 Α
2145 404 2463 464 decursibus
2502 408 2791 487 mobilibus
2817 419 2873 465 ct
2904 411 3273 467 immobilibus
3300 414 3444 469 sicut
3467 432 3629 487 supra
3657 420 3743 477 di-

465 505 555 553 cet
580 512 705 553 cum
733 497 858 553 aliis
881 495 1094 555 duabus
1133 496 1381 552 ecclesiis
1426 512 1658 566 quarum
1698 511 1805 550 una
1836 496 2051 551 Morna-

465 589 640 660 gullus
659 598 713 644 et
741 588 845 643 alla
866 587 1070 658 capella
1099 586 1271 642 sancti
1304 586 1558 658 martyris
1577 585 1796 652 Felicis,
1819 601 1920 641 nec
1940 602 2049 641 non

462 690 521 739 et
537 698 662 740 cum
682 682 962 738 monachis
980 689 1039 737 et
1077 681 1361 752 mancipiis
1380 690 1436 737 et
1472 681 1725 737 omnibus
1752 682 2051 751 possessio-

465 778 626 835 nibus
650 794 756 849 que
782 779 849 833 ad
872 778 1001 833 illud
1022 779 1385 848 pertinebant,
1416 787 1474 833 et
1509 778 1564 833 in
1590 778 1793 844 loturo,
1817 780 2049 835 Domino

464 880 753 937 annuente,
781 870 1056 943 largienda
1080 879 1274 934 erunt;
1303 886 1427 926 cum
1455 871 1649 936 vineis,
1684 871 1841 936 ortis,
1887 872 2049 927 terris

432 974 447 987 ‘
464 963 626 1018 cultis
649 970 704 1017 et
730 961 967 1026 incultis,
981 961 1136 1031 aquis
1158 976 1490 1031 aquarumve
1513 961 1855 1027 decursibus,
1880 976 2049 1032 paxe-

464 1056 581 1121 riis,
612 1055 935 1112 molendinis
954 1055 1100 1125 quod
1131 1070 1292 1111 omne
1337 1054 1478 1109 ultra
1503 1053 1725 1110 lluvium
1751 1069 1871 1110 vnn
1897 1054 2049 1110 cubi-

464 1144 553 1211 tis,
571 1145 720 1200 dedit
740 1160 772 1199 a
790 1145 1022 1199 termino
1039 1144 1238 1201 montis
1253 1142 1511 1199 Cussonis
1534 1158 1706 1212 usque
1724 1146 1791 1199 ad
1816 1144 2046 1199 mediam

461 1251 648 1290 aurem
676 1242 733 1291 et
759 1250 929 1306 usque
971 1235 1041 1289 ad
1077 1250 1142 1291 os
1164 1233 1372 1304 antiqui
1409 1234 1574 1289 vasis.
1604 1234 1877 1301 Quantum
1906 1234 2046 1289 intra

460 1326 584 1383 illos
604 1327 738 1382 ﬁnes
757 1326 1099 1383 concluditur
1119 1334 1291 1382 totum
1319 1333 1378 1382 et
1398 1326 1467 1382 ab
1507 1326 1798 1397 integrum,
1822 1326 1970 1382 dedit
1988 1326 2047 1382 in

455 1418 737 1491 proprium
771 1418 980 1474 alodem
1007 1433 1168 1488 supra
1194 1418 1352 1475 dicta:
1396 1431 1538 1472 casae
1583 1416 1702 1471 Dei.
1744 1415 1823 1472 De
1848 1415 2048 1486 repeti-

459 1510 605 1566 tione
632 1524 762 1565 vero
786 1509 831 1565 si
861 1508 986 1580 quis
1011 1509 1308 1579 imperator
1330 1506 1417 1564 vel
1461 1522 1559 1564 rex
1583 1515 1679 1563 aut
1701 1508 1832 1573 dux,
1863 1520 2046 1563 comes

456 1599 543 1656 vel
570 1599 689 1655 vice
708 1614 894 1656 comes
914 1607 1008 1654 aut
1037 1600 1224 1665 abbas,
1253 1598 1337 1653 vel
1358 1612 1592 1668 persona
1627 1596 1886 1668 qualibet
1924 1612 2045 1652 ma-

2152 494 2331 551 ximus
2356 512 2480 551 cum
2506 498 2654 564 omni
2683 500 2997 570 integritate
3022 502 3279 572 quicquid
3307 508 3565 574 praesenti
3598 518 3739 566 tem-

2148 600 2282 655 pore
2309 597 2493 644 nostra
2527 589 2726 646 ibidem
2753 591 2967 649 videtur
2990 608 3115 649 esse
3142 598 3413 665 possessio
3440 614 3571 669 pars
3602 616 3743 671 pra-

2149 675 2277 730 dicti
2308 686 2613 751 monastery
2643 680 2910 751 huiusque
2938 692 3181 740 rectores
3207 685 3476 754 habeant,
3519 697 3742 749 teneant

2146 775 2311 836 atque
2336 771 2679 838 possedcant,
2710 780 2767 825 et
2788 772 2858 827 ad
2880 773 2998 843 ipsa
3024 790 3151 830 casa
3179 775 3276 831 Dei
3315 777 3370 833 in
3413 789 3600 835 nostra
3629 783 3741 854 ely-

2147 858 2357 913 mosina
2407 859 2490 914 vel
2543 875 2801 931 germano
2847 872 3039 919 nostro
3085 881 3258 935 usque
3308 866 3362 922 in
3416 880 3740 940 perpetuum

2146 949 2353 1018 absque
2401 950 2563 1007 ullius
2609 953 2926 1023 repetitione
2968 956 3165 1012 debeat
3206 973 3328 1015 esse
3363 958 3492 1029 jure
3523 963 3741 1038 integro

2146 1040 2496 1109 conﬁrmata;
2549 1053 2606 1099 et
2652 1052 2713 1099 ut
2748 1045 2867 1102 haec
2904 1047 3080 1105 cessio
3106 1048 3316 1106 ﬁrmior
3342 1053 3614 1111 habeatur
3638 1073 3742 1115 nos

2146 1143 2271 1277 eami
2294 1133 2483 1188 subter
2509 1132 2847 1193 ﬁrmavimus
2873 1137 2961 1194 vel
2984 1138 3051 1195 de
3076 1140 3236 1197 anolo
3268 1153 3459 1202 nostro

2146 1230 2234 1277 stu
2272 1224 2471 1277 nimus.

2144 1224 2471 1282 studuimus.

2217 1312 2444 1386 Signum
2467 1318 2509 1388 -ι-
2536 1317 2748 1391 Pippini
2768 1320 3147 1395 gloriosissimi
3174 1326 3340 1398 regis.

2215 1405 2275 1461 In
2302 1406 2400 1463 Dei
2421 1410 2641 1468 nomine
2661 1412 2889 1472 Baddilo
2910 1418 3224 1486 recognovit
3249 1427 3307 1475 et
3328 1420 3669 1492 subscripsit.

2217 1496 2413 1555 Datum
2448 1500 2506 1555 in
2539 1515 2726 1560 mense
2754 1502 2898 1562 Iulio
2939 1522 3086 1564 anno
3127 1508 3317 1579 quinto
3343 1510 3555 1567 decimo
3579 1514 3737 1585 regni

2144 1591 2317 1646 nostri
2351 1600 2533 1648 actum
2564 1593 2861 1653 Aurilionis
2886 1598 3110 1656 civitate
3134 1602 3351 1672 publice
3391 1604 3449 1659 in
3495 1603 3596 1659 Dei
3640 1622 3741 1660 no-

456 1707 561 1764 gna
590 1692 673 1747 vel
697 1707 862 1763 parva
893 1708 925 1747 a
950 1706 1077 1747 casa
1101 1690 1198 1746 Dei
1231 1690 1550 1746 abstrahere
1583 1690 1701 1745 haec
1731 1689 2040 1759 supradicta
2074 1754 2116 1764 _
2145 1682 2293 1739 mine
2318 1682 2599 1743 Hitherius
2618 1689 2837 1758 scripsit
2862 1690 3098 1749 feliciter
3119 1705 3170 1748 ι.

454 1754 715 1850 voluerit;
735 1784 978 1839 omnium
1002 1781 1437 1852 supradictorum
1458 1754 1835 1850 episcoporum
1862 1779 2042 1849 gladio
2071 1754 2120 1817 Β

453 1874 816 1932 anathematis
842 1874 1071 1930 feriatur
1086 1880 1142 1928 et
1170 1887 1295 1928 cum
1327 1871 1540 1926 Dathan
1568 1878 1625 1926 et
1647 1870 1852 1926 Abiron
1875 1870 1933 1925 in
1955 1870 2041 1925 in-

455 1964 608 2020 ferno
634 1966 941 2037 sepeliatur.
992 1964 1126 2019 Data
1172 1980 1211 2019 ιι
1260 1963 1379 2017 Kal.
1407 1962 1581 2034 April.
1627 1968 1770 2018 anno
1798 1963 1866 2018 16
1887 1962 2041 2032 regni

456 2054 626 2126 Pipini
676 2055 1010 2111 serenissimi
1040 2053 1403 2125 imperatoris.
1448 2051 1774 2125 Sigiltredus
1795 2053 2038 2126 scripsit.

451 2143 677 2217 Signum
701 2145 874 2217 Pipini
899 2146 1116 2218 regis-l-

1122 2238 1368 2295 XXXIV.

455 2325 664 2400 Ρὶρρὶηί
694 2330 831 2399 regis
852 2340 1166 2401 pra-ceptum
1201 2348 1305 2401 quo
1348 2330 1611 2386 Fuldenst'
1649 2328 1879 2385 ecclesia!
1904 2329 2039 2385 Aut-

684 2401 975 2455 mundistat
998 2401 1175 2457 villam
1200 2401 1430 2474 largitur
1450 2403 1612 2473 (anno
1645 2401 1792 2473 768).

659 2490 823 2555 (Apud
849 2492 907 2541 D.
930 2491 1181 2555 Bouquet.
1206 2498 1324 2544 tom.
1350 2492 1411 2553 V,
1434 2505 1497 2543 ex
1523 2490 1838 2554 Schannato.)

518 2573 777 2645 Pippinus
809 2590 905 2631 rex
934 2575 1268 2633 Francorum
1294 2575 1380 2631 vir
1407 2575 1656 2641 inluster,
1693 2583 1749 2630 et
1770 2573 1895 2645 quia
1919 2588 2041 2629 mo-

450 2674 609 2721 nente
640 2665 921 2738 Scriptura
950 2666 1024 2722 ita
1050 2677 1299 2737 oporteat
1325 2683 1763 2739 unumquemque
1789 2675 2045 2722 constan-

449 2766 532 2814 ter
568 2774 873 2829 prteparare
914 2768 1183 2830 quatenus
1233 2761 1484 2816 veniente
1525 2761 1580 2816 in
1627 2766 1920 2830 conspectu
1950 2774 2043 2814 su-

446 2850 602 2922 perni
622 2847 830 2906 Iudicis
849 2850 996 2907 illam
1019 2862 1294 2908 mereatur
1315 2852 1528 2908 Domini
1555 2854 1699 2923 piam
1728 2867 1914 2909 vocem
1945 2868 2043 2908 au-

446 2943 583 3007 dire,
608 2956 771 3013 quem
787 2956 977 2998 omnes
993 2939 1127 3011 justi
1153 2958 1221 2998 ex
1252 2942 1410 2999 bonis
1427 2942 1640 2998 actibus
1662 2950 1823 2997 erunt
1845 2943 2039 3013 gavisi,

446 3042 779 3105 quapropter
803 3048 903 3089 nos
929 3033 1244 3098 salubriter,
1279 3041 1342 3088 ut
1373 3033 1663 3097 credimus,
1692 3033 2043 3089 consideran-

2831 1802 3051 1860 XXXV.

2143 1885 2371 1958 Sigfridi
2390 1889 2627 1961 dynastw
2651 1892 2710 1948 in
2733 1892 2946 1969 Alsacia
2964 1896 3169 1969 jitterte
3193 1899 3264 1952 ad
3289 1899 3460 1969 ﬁlum
3484 1902 3741 1958 Attumn—

2214 1974 2338 2040 παίει
2359 1998 2375 2023 ,
2438 1977 2548 2041 qua
2590 1967 2909 2041 magnetem
2950 1965 3298 2040 Gregoriano‘
3321 1970 3555 2041 plurima
3596 1974 3742 2031 bona

2212 2030 2633 2103 assignat(anno
2663 2032 2812 2107 768).

2413 2121 2575 2184 (Apud
2598 2122 2887 2187 Scbmpllin.
2911 2125 3097 2177 Alsatia
3119 2126 3471 2194 diplomatica.)

2213 2201 2572 2261 Dilectissimo
2600 2212 2659 2262 et
2702 2210 3080 2266 amantissimo
3123 2210 3236 2268 ﬁlio
3265 2228 3385 2268 meo
3412 2213 3737 2275 Altmanno.

2141 2293 2255 2365 Ego
2303 2294 2358 2349 in
2398 2294 2496 2350 Dei
2545 2312 2741 2353 nomen
2789 2297 3140 2369 Sighil‘ridus,
3191 2302 3437 2375 cogitans
3484 2321 3589 2376 pro
3638 2306 3739 2366 Dei

2142 2397 2349 2449 antore,
2374 2392 2435 2438 ut
2463 2385 2561 2441 tibi
2598 2387 2937 2443 tradidissem
2987 2404 3076 2445 res
3120 2405 3271 2447 meas
3315 2393 3370 2447 in
3411 2397 3741 2466 pagoAlsa-

2141 2472 2309 2537 cinse,
2338 2482 2394 2529 et
2429 2474 2575 2544 ipsas
2601 2491 2689 2532 res
2717 2486 2845 2533 sunt
2870 2479 2923 2533 in
2949 2479 3104 2536 villas
3126 2492 3503 2552 nuncupantes
3535 2485 3592 2540 in
3624 2486 3740 2543 ﬁne

2142 2560 2316 2633 Sigolt
2346 2564 2373 2605 δ
2401 2580 2618 2632 marca,
2649 2573 2704 2621 et
2754 2567 2809 2621 in
2858 2567 3094 2625 Altheim
3122 2581 3144 2610 ο
3179 2571 3307 2627 villa
3330 2613 3346 2641 ,
3397 2583 3455 2629 et
3497 2574 3554 2630 in
3596 2575 3741 2632 alias

2139 2654 2352 2714 duabus
2391 2656 2547 2712 villas
2580 2658 2673 2727 qui
2712 2658 2918 2715 dixitur
2957 2659 3200 2719 Saxones
3222 2663 3274 2729 ἀ,
3310 2665 3451 2720 etin
3491 2665 3615 2722 villa
3647 2670 3740 2724 vel

2142 2745 2196 2803 in
2223 2745 2328 2803 ﬁne
2358 2746 2700 2804 Heiderheim
2727 2760 2751 2790 α
2779 2766 2988 2818 marca,
3020 2761 3076 2809 et
3120 2753 3176 2808 in
3223 2754 3350 2809 villa
3382 2754 3469 2811 vel
3513 2756 3569 2811 in
3623 2756 3741 2814 ﬁne

2141 2836 2479 2894 Tessinheim
2511 2837 2532 2877 τ
2567 2855 2772 2906 marca,
2819 2849 2874 2898 et
2910 2842 2966 2897 in
3012 2843 3138 2898 villa
3186 2842 3553 2917 Tuginisheim
3578 2850 3605 2887 ⁸
3637 2850 3740 2919 qui

2141 2938 2227 2986 est
2266 2930 2322 2986 in
2357 2947 2539 2987 marca
2567 2931 2932 2991 Heruncheim
2952 2935 2981 2976 δ
3009 2944 3067 2992 et
3119 2937 3175 2992 in
3217 2939 3336 3009 ipso
3379 2938 3486 2994 ﬁne
3519 2938 3742 2997 ﬂerun—

2143 3023 2321 3081 cheim
2356 3026 2372 3066 ί
2403 3041 2609 3094 marca,
2654 3026 2723 3084 de
2771 3029 2906 3085 silva
2930 3070 2948 3099 ,
3002 3033 3146 3088 unde
3189 3042 3368 3104 potest
3423 3036 3738 3096 incrassare

448 3104 532 3182 tias
573 3124 808 3197 qualiter
834 3139 901 3181 ex
935 3125 1167 3181 terrenis
1194 3126 1358 3181 rebus
1384 3112 1583 3196 quibus
1606 3124 1788 3180 divina
1832 3126 2043 3181 miseri-
2069 3104 2117 3172 ο
2145 3129 2340 3185 Ρονοοε
2361 3117 2770 3190 qniuquaginta,
2801 3127 2857 3176 et
2886 3121 2941 3176 in
2963 3122 3079 3192 ipsa
3100 3139 3287 3182 marca
3311 3124 3681 3185 Heruncheim
3708 3132 3723 3182 ἱ

449 3216 636 3274 cordia
681 3217 838 3272 nobis
883 3215 1166 3272 alﬁuenter
1213 3216 1267 3273 in
1317 3216 1423 3272 hoc
1468 3214 1667 3272 saeculo
1715 3215 1911 3287 largire
1954 3216 2039 3271 di-

449 3317 613 3379 gnata
637 3316 722 3364 est
749 3307 929 3363 saltim
973 3308 1057 3363 vel
1098 3307 1153 3363 in
1190 3307 1517 3378 pauperibus
1538 3323 1608 3364 ex
1650 3307 1755 3365 hoc
1800 3308 2042 3364 tribucre

446 3403 790 3465 deberemus,
832 3399 978 3456 unde
1022 3399 1451 3456 misericordiam
1494 3397 1614 3468 ejus
1651 3399 1903 3470 adaepisci
1949 3414 2040 3455 va-

450 3490 677 3555 leamus,
707 3490 911 3546 ideirco
941 3489 1211 3547 donatnus
1244 3505 1344 3546 nos
1370 3505 1470 3560 pro
1495 3490 1691 3548 anima:
1730 3501 1932 3548 nostra:
1955 3506 2042 3548 re-

447 3579 685 3636 medium
713 3578 795 3634 vel
826 3580 981 3634 bonte
1007 3577 1283 3635 memoria:
1304 3592 1564 3650 germano
1602 3586 1788 3637 nostro
1810 3578 2037 3637 Carolo-

446 3686 649 3727 ntanno
669 3672 962 3741 quondam,
988 3671 1057 3726 ad
1085 3671 1477 3728 monasterium
1500 3670 1670 3727 Fulda
1691 3671 1786 3729 ubi
1809 3672 2039 3729 domnus

442 3760 770 3819 Bonel‘acius
812 3775 1041 3832 corpore
1089 3760 1397 3831 requiescit,
1442 3759 1582 3817 Villa
1614 3760 1794 3831 aliqua
1834 3775 2040 3817 noncu—

446 3859 612 3923 pante
636 3851 1092 3916 Autmundistast,
1126 3853 1218 3922 qui
1245 3853 1464 3923 ponitur
1489 3853 1545 3908 in
1574 3867 1714 3924 pago
1741 3853 2040 3925 Moinigan—

444 3942 538 4013 gio
583 3956 747 4011 super
789 3939 979 3995 Fluvio
1015 3940 1277 3997 Riechina
1325 3957 1448 3997 cum
1499 3942 1753 3998 omnibus
1790 3942 2038 3998 terminis

450 4030 534 4088 vel
562 4030 888 4100 appendicys
919 4028 1035 4084 suis
1056 4037 1116 4083 ut
1147 4044 1272 4085 cum
1293 4031 1443 4087 omni
1482 4029 1794 4102 integritate
1822 4032 1891 4089 ad
1918 4033 2038 4102 ipso

442 4122 777 4178 monasterio
815 4120 899 4177 vel
928 4120 1212 4178 monachis
1253 4120 1455 4177 ibidem
1485 4121 1914 4178 deservieutibus
1940 4136 2036 4179 seu

446 4212 758 4270 Luminaria
785 4212 954 4283 ipsius
979 4212 1238 4271 Ecclesia:
1273 4214 1617 4284 procuranda
1650 4212 1736 4270 vel
1764 4214 2036 4284 stipendia

442 4319 766 4376 pauperum,
790 4305 990 4361 ibidem
1013 4304 1272 4377 praedicta
1300 4304 1428 4360 villa
1458 4305 1726 4377 proﬁcere
1755 4306 1949 4362 debeat
1978 4307 2034 4362 in

445 4405 814 4469 augmentum,
845 4405 901 4453 et
942 4405 1003 4453 ut
1042 4395 1235 4452 melius
1277 4395 1500 4452 dilectat
1544 4397 1692 4469 ipsos
1735 4398 2032 4453 monachus

2140 3203 2207 3260 de
2237 3216 2415 3277 prata,
2453 3208 2594 3264 unde
2619 3218 2800 3281 potest
2827 3225 3013 3270 secare
3040 3213 3109 3270 de
3136 3212 3259 3271 leno
3292 3217 3551 3274 carradas
3598 3233 3741 3275 cen-

2144 3303 2257 3350 tum
2290 3297 2570 3367 tringinta,
2602 3309 2830 3372 excepto
2853 3304 3151 3374 particulas
3170 3305 3312 3374 illas,
3338 3308 3429 3378 qui
3453 3323 3552 3379 per
3571 3324 3743 3366 casas

2141 3384 2238 3440 Dei
2277 3383 2726 3445 condonavimus.
2756 3391 2957 3447 lterum
2984 3395 3139 3451 trado
3170 3395 3316 3466 ipsas
3355 3413 3444 3454 res
3478 3400 3741 3455 denomi-

2140 3484 2316 3543 natas,
2343 3480 2488 3549 quod
2513 3480 2763 3551 superius
2785 3482 3041 3553 diximus,
3068 3493 3182 3542 tam
3206 3502 3361 3545 casas
3394 3504 3549 3559 quam
3596 3507 3744 3550 cur-

2140 3568 2264 3626 tiles
2301 3570 2550 3639 ediﬁciis,
2582 3574 2887 3647 mancipiis,
2910 3578 3107 3646 vineis,
3144 3582 3329 3648 terris,
3353 3582 3567 3652 campis,
3593 3599 3743 3655 pra-

2139 3662 2233 3729 tis,
2261 3661 2432 3730 silvis,
2462 3665 2639 3736 aquis,
2663 3682 2996 3738 aquarumve
3020 3671 3361 3740 decursibus,
3389 3673 3531 3730 dono
3562 3684 3745 3747 atque

2139 3754 2476 3814 transfundo.
2507 3756 2692 3829 Siquis
2711 3774 2812 3831 ego
2840 3760 2956 3832 ipse
2983 3770 3077 3817 aut
3100 3763 3168 3819 de
3180 3763 3340 3819 heres
3366 3780 3432 3820 ac
3451 3780 3553 3835 pro
3574 3767 3746 3823 here-

2136 3844 2296 3903 dibus
2320 3848 2458 3904 meis
2483 3848 2569 3905 vel
2612 3850 2869 3920 quislibet
2914 3851 3022 3908 ulla
3069 3855 3315 3927 opposita
3359 3871 3595 3928 persona
3641 3862 3746 3929 qui

2138 3944 2325 3993 contra
2355 3936 2493 3996 hanc
2514 3939 2861 3996 traditionem
2879 3942 3066 3999 venire
3088 3944 3383 4010 conaverit,
3408 3954 3503 4000 aut
3532 3945 3747 4004 infran-

2137 4042 2265 4100 gere
2302 4028 2553 4097 voluerit,
2582 4031 2641 4086 in
2670 4033 2861 4102 primis
2890 4032 3028 4088 iram
3069 4034 3167 4091 Dei
3211 4036 3457 4092 incurrat
3491 4038 3747 4098 offensus

2136 4127 2193 4175 et
2224 4119 2295 4175 ab
2335 4120 2485 4177 omni
2521 4119 2707 4179 limine
2748 4132 3063 4181 sanctorum
3104 4129 3612 4187 excommunicatus
3641 4149 3746 4204 ap-

2136 4218 2345 4283 pareat,
2375 4219 2431 4268 et
2459 4213 2701 4270 sociante
2723 4213 2855 4271 ﬁsco
2879 4217 3001 4271 auri
3034 4218 3224 4275 uncias
3252 4236 3315 4277 ιιι
3336 4230 3393 4277 et
3412 4222 3479 4278 de
3503 4239 3747 4297 argento

2134 4301 2373 4373 pondera
2398 4318 2433 4358 v
2455 4313 2676 4361 coactus
2701 4307 2968 4363 exsolvat.

2206 4392 2402 4448 Actum
2452 4394 2507 4450 in
2557 4395 2684 4450 villa
2737 4395 3100 4455 Heruncheim
3143 4400 3169 4441 ιι
3207 4401 3441 4473 publice.
3502 4403 3744 4477 Signum

444 4459 549 4558 pro
567 4489 723 4545 nobis
743 4459 828 4544 vel
849 4503 1109 4559 germano
1132 4498 1322 4545 nostro
1346 4504 1444 4545 seu
1464 4459 1883 4559 subsequentem
1909 4459 2109 4559 pro-.B
2137 4484 2433 4558 Sighifrido
2450 4487 2545 4559 qui
2565 4488 2704 4545 hanc
2725 4490 3072 4547 traditionem
3098 4459 3227 4549 ﬁeri
3240 4459 3746 4568 rogavit-{signum

442 4582 617 4654 genia:
654 4589 860 4646 nostra,
890 4581 978 4638 die
1005 4588 1278 4651 noctuque
1303 4580 1519 4637 Domini
1545 4580 1916 4639 misericordia
1939 4583 2035 4639 ad-

447 4675 649 4730 tentius
694 4674 1019 4745 deprecare;
1072 4673 1240 4747 igitur
1280 4674 1543 4744 praedicta
1588 4674 1713 4730 villa
1758 4690 1867 4731 uua
1909 4690 2036 4731 cum

445 4768 635 4832 terris,
696 4767 973 4833 domibus.
1035 4766 1300 4839 aediﬁcys,
1354 4768 1678 4835 accolabus,
1732 4769 2034 4841 mancipys,

442 4859 631 4925 salvis,
677 4858 905 4929 campis,
951 4857 1154 4929 pratis.
1201 4858 1448 4931 pascuis,
1480 4859 1660 4930 aquis,
1704 4873 2037 4931 aquarumve

519 4987 548 5018 ι
582 4974 640 5031 ιιι
675 4975 780 5056 hoc
803 4974 1140 5056 autographo
1166 4971 1496 5056 subscriptio
1533 4972 1844 5056 cancellarii
1870 4989 2038 5056 ere-

442 5049 608 5123 ginne
1099 5044 1246 5116 regis
1277 5044 1453 5123 posita
1473 5054 1627 5123 _es_t,__
1648 5044 1826 5123 sigillo
1868 5046 2038 5100 inter-

446 5114 647 5198 Iuedio,
676 5117 821 5189 quod
859 5114 1099 5198 eﬂigie_m_
1119 5114 1391 5198 quandam
1432 5114 1867 5198 hispidincapitis,
1896 5132 2037 5173 certe

447 5204 582 5248 cavo
608 5184 927 5261 impressam
952 5184 1194 5261 Exhibet.
1216 5184 1425 5261 Badillo
1453 5184 1812 5261 caiicellarius
1838 5199 2039 5258 praeter

449 5276 655 5316 morem
682 5256 1038 5315 invocatione
1068 5258 1240 5312 utitur
1282 5256 1361 5327 in;
1383 5257 1808 5321 subscribendo;
1840 5256 2036 5327 quem-

447 5330 738 5386 admodum
763 5328 1062 5394 Hitherius,
1092 5328 1185 5399 qui
1214 5325 1589 5399 subiPippino,
1607 5344 1715 5383 non
1743 5325 2036 5398 alio—quam

448 5401 644 5471 notarii
670 5399 847 5471 ollicio
868 5399 1099 5471 functus
1112 5398 1222 5471 est,
1244 5398 1507 5471 quidquid
1527 5398 1721 5471 alleget
1743 5399 1803 5471 in
1820 5406 2038 5471 contra-

446 5472 590 5529 rium
621 5470 957 5541 Mahillonius
978 5470 1044 5527 de
1070 5467 1510 5541 Re_diplom.'lib.
1542 5486 1603 5534 ιι,
1632 5467 1753 5541 cap.
1784 5469 1870 5523 l2.

518 5541 547 5581 ι»
585 5540 934 5610 Sigoltzheim
956 5555 1123 5611 prope
1151 5539 1614 5611 Keisersbergam.

521 5620 543 5648 ο
585 5608 1049 5676 Rappoltsweiler,
1082 5610 1413 5665 Ribanviler.

518 5678 547 5718 ιι
586 5679 752 5732 Vicus
775 5678 917 5730 inter
940 5678 1257 5749 Ccllenberg
1276 5688 1335 5737 et
1361 5679 1608 5741 Ostbeim
1638 5682 1820 5753 periit.

526 5759 551 5788 ο
585 5746 948 5804 Sasseubcim.

526 5759 551 5788 ⁸
585 5759 948 5804 Sassenuctm.

2136 4576 2428 4647 Luitgbero
2465 4579 2506 4651 ·ι-
2542 4579 2761 4652 signum
2808 4582 3167 4652 Sigbimundo
3192 4588 3234 4660 -ι-
3260 4590 3475 4660 signum
3502 4591 3749 4649 Marcol—

2133 4677 2204 4733 do
2236 4678 2278 4748 -ι-
2302 4677 2518 4749 signum
2557 4677 2876 4736 Siwall'uino
2912 4680 2955 4752 -ι-
2984 4682 3200 4753 signum
3247 4682 3554 4742 Borsenino
3579 4688 3631 4760 1-
3662 4692 3747 4745 εἰς

2132 4787 2301 4844 gnum
2344 4773 2622 4830 Eborniuo
2644 4775 2684 4847 -ι-
2711 4775 2924 4847 signum
2970 4775 3217 4834 Raﬁ'aldo
3240 4779 3283 4850 -ι-
3307 4778 3521 4850 signum
3566 4780 3746 4840 Bero.

2134 4865 2332 4921 Datum
2373 4865 2521 4937 quod
2559 4866 2692 4923 fecit
2738 4866 2823 4923 dei
2875 4866 3159 4925 Dominico
3183 4886 3284 4926 vnt
3330 4870 3451 4926 Kal.
3498 4872 3751 4946 Augusti

2133 4976 2699 5120 wglgeitfrpéz’paulo
2720 4993 2887 5050 supra
2913 4994 3117 5037 novum
3137 4979 3452 5047 Brisaeum;
3473 4982 3596 5039 Δις.
3633 4986 3752 5052 ἰΙΙ..

2210 5122 2236 5161 ε
2268 5118 2641 5176 Fessenheim.

2205 5190 2235 5231 ιι
2273 5191 2583 5263 Ensisheim
2629 5188 2927 5260 superioris
2975 5190 3197 5248 Alsatim
3245 5192 3541 5263 oppidum;
3602 5194 3751 5253 ibid.

2694 5330 2858 5387 unius
2881 5332 3069 5405 bone
3091 5333 3271 5403 spatio
3314 5349 3479 5405 supra
3532 5352 3758 5395 nom

2137 5402 2450 5480 Brisacum;
2477 5402 2590 5459 Als.
2616 5402 2691 5456 ill.
2720 5411 2852 5484 tom.
2881 5402 2923 5466 l,
2950 5419 3005 5485 p.
3039 5402 3164 5460 733.
3380 5402 3399 5405 “

2137 5544 2172 5557 η
2196 5485 2248 5557 ἰ-
2274 5472 2492 5557 Capella
2535 5470 2834 5557 vulg-riter
2871 5472 3117 5545 (Drusen)
3159 5474 3425 5546 appellata
3445 5478 3754 5549 subsistit;

2135 5544 2268 5600 ibid.
2293 5552 2427 5597 tom.
2455 5542 2498 5609 l,
2523 5558 2582 5626 ρ.
2609 5542 2735 5626 733..
2881 5542 2889 5545 ⁷
3193 5542 3209 5546 “
3233 5542 3244 5544 ἡ
3738 5542 3751 5549 ⁷

2140 5683 2172 5692 __
2198 5616 2247 5692 ἰ.
2276 5613 2827 5692 Herckhetm,__v_1cus
2874 5614 3093 5673 hiborio
3142 5632 3306 5688 supra
3358 5617 3756 5692 militat-iam;

2138 5683 2269 5743 ibid.
2303 5691 2437 5743 tom.
2462 5685 2506 5751 l,
2533 5699 2589 5755 p.
2619 5684 2745 5740 724.

2135 5401 2450 5467 Brisacum;
2477 5401 2590 5459 Als.
2616 5400 2691 5456 ill.
2720 5411 2852 5457 tom.
2881 5401 2923 5466 l,
