4046 6172
415 322 552 384 1565

1151 328 1422 396 PlPi‘lNl,
1458 327 1953 386 CAROLOMANNI
1994 324 2083 382 ET
2122 325 2432 384 ALIORUM
2470 327 2891 384 DIPLOMATA.

3537 333 3678 391 l566

412 457 555 499 anno
597 443 753 498 18—
773 449 1030 512 regnante
1078 443 1295 499 domino
1338 444 1563 515 Pippino
1606 444 1993 516 gloriosissimo
2019 444 2066 502 Α
2094 451 2248 511 parte
2278 442 2606 511 Epanevilla,
2637 450 2690 498 et
2717 458 2880 512 supra
2917 444 3139 514 scriptio
3179 444 3404 501 Pntiolis
3426 456 3481 502 et
3511 448 3680 504 ltum.

414 551 597 696 “$38.0
634 624 891 680 llurulfus
929 624 1078 679 haesi
1130 624 1378 696 indignus
1414 633 1670 695 Ρθοθθίθτ
1717 625 1999 696 pra!)wa

411 715 555 771 hanc
589 715 938 772 tradicionem
966 714 1173 786 rogites
1203 714 1394 785 scripsi
1424 723 1479 770 et
1507 714 1823 785 subscripsi.

1086 826 1326 882 XXXVI.

414 917 975 990 Prwceptum_Pipgirti
1005 919 1160 990 regis,
1201 936 1304 990 quo
1330 917 1458 990 silua
1485 917 1997 990 Equalinﬁqgmona-

537 988 695 1043 sterio
722 988 1194 1057 Sari-Dionysium
1215 988 1517 1042 conceditur
1538 988 1699 1058 (anno
1738 988 1886 1060 768).

935 1076 1094 1138 (Apud
1119 1077 1178 1127 D.
1203 1078 1470 1140 Bouquet.)

480 1159 740 1230 Pippinns
775 1161 950 1232 gratia
985 1161 1080 1217 Dei
1118 1176 1211 1216 rex
1257 1161 1592 1217 Francorum
1638 1162 1724 1216 vir
1746 1162 1994 1229 inluster,

412 1251 659 1306 Omnibus
680 1251 962 1322 agentibus
984 1260 1093 1307 tam
1123 1253 1480 1323 praesentibus
1506 1269 1670 1323 quam
1700 1260 1756 1310 et
1777 1254 1994 1309 futuris.

412 1337 713 1409 Optabilem
774 1354 896 1395 esse
954 1349 1171 1410 oportet
1218 1342 1283 1397 de
1330 1343 1643 1397 transitoria
1698 1343 1998 1414 promereri

411 1436 630 1489 mterna,
657 1429 741 1483 vel
766 1430 832 1483 de
859 1432 1061 1485 caduca
1085 1430 1388 1485 substantia
1425 1434 1753 1501 erogandum
1785 1434 1999 1488 lucrare

411 1520 607 1590 gaudia
633 1520 981 1589 sempiterna.
1012 1520 1181 1591 Igitur
1210 1538 1308 1578 nos
1344 1523 1533 1578 eadem
1571 1540 1630 1580 re
1650 1526 2000 1581 consideran-

412 1614 515 1673 tes,
554 1610 817 1664 donamus
851 1611 921 1665 ad
947 1611 1223 1667 basilicam
1266 1614 1436 1668 sancti
1467 1614 1726 1685 Dionysii,
1757 1615 1848 1669 ubi
1884 1617 1997 1683 ipse

410 1697 680 1767 pretiosus
705 1713 933 1769 corpore
958 1700 1248 1769 requiescit
1284 1718 1407 1757 cum
1430 1704 1543 1759 suis
1577 1705 1780 1760 sanctis
1811 1706 1993 1772 sociis,

2097 533 2284 587 beiitto
2298 532 2715 603 (Rambouillet);
2739 534 2804 588 de
2821 534 2977 587 tertia
2993 549 3120 588 vero
3146 544 3298 604 parte
3323 534 3677 594 llermolitutn

2097 620 2462 693 (Hermeray);
2494 622 2561 677 de
2592 632 2782 691 quarta
2814 623 2978 694 igitur
3023 634 3176 693 parte
3201 625 3533 681 Adtanevilla
3560 627 3680 699 (Αε-

2098 711 2347 785 tainville)
2401 722 2457 767 et
2514 712 2849 769 Burdoniaco
2906 714 3268 787 (Bourdonné)
3331 726 3387 770 et
3439 718 3679 775 Condato

2097 802 2319 875 (Condé)
2362 813 2417 859 et
2440 805 2705 869 Vitriaco;
2755 807 2823 860 de
2854 807 3037 876 quinta
3068 808 3232 878 igitur
3265 818 3418 879 parte
3466 810 3680 867 Pineio-

2096 902 2349 948 nemonte
2378 893 2679 966 (Montforl)
2708 905 2763 950 et
2809 896 3028 951 Villare.
3058 896 3181 951 Haec
3224 900 3403 953 omnia
3433 902 3681 968 su,erins

2097 983 2483 1053 comprehensa
2510 984 2579 1038 ab
2604 984 2865 1039 hodierno
2908 985 2995 1045 die
3022 994 3262 1041 rectores
3303 987 3470 1056 ipsius
3506 991 3678 1044 sancti

2097 1071 2200 1127 loci
2242 1072 2464 1142 pmfata
2486 1073 2633 1144 sylva
2665 1073 2953 1144 lEqnalina
2979 1076 3080 1130 sub
3099 1077 3426 1132 (emunitatis
3464 1081 3680 1134 nomine

2098 1165 2350 1231 habeant,
2369 1174 2607 1230 teneant,
2627 1175 2790 1235 atque
2816 1167 2869 1220 in
2898 1183 2998 1221 usu
3026 1168 3196 1238 ipsius
3217 1170 3529 1223 monasterii
3558 1187 3682 1239 pos-

2097 1256 2311 1310 sideant
2351 1265 2406 1311 et
2440 1256 2708 1311 fruantur.
2753 1258 3139 1313 Verumtamen
3211 1259 3456 1315 volumus
3520 1273 3680 1331 atque

2097 1348 2466 1418 praecipimus,
2514 1357 2575 1403 ut
2621 1348 2765 1402 nulla
2801 1349 3151 1419 prmsumptio
3186 1349 3485 1421 judiciarim
3533 1363 3683 1422 pote-

2096 1440 2251 1494 statis
2283 1455 2380 1510 pro
2408 1441 2727 1510 quibusdam
2752 1442 3145 1517 occasionibus,
3175 1452 3268 1495 aut
3291 1442 3491 1512 aliquid
3520 1458 3679 1500 exer-

2097 1530 2373 1584 citandum
2402 1530 2796 1594 venationibus,
2826 1530 3030 1601 absque
3057 1531 3415 1601 permissuum
3457 1534 3683 1589 rectoris

2098 1616 2270 1691 ipsius
2298 1622 2611 1677 monasterii
2641 1622 2753 1678 ullo
2784 1637 3024 1693 unquam
3067 1631 3311 1692 tempore
3355 1623 3495 1678 infra
3537 1624 3683 1694 ipsos

2100 1713 2361 1768 terminos
2390 1713 2588 1768 ibidem
2615 1712 2821 1783 ingredi
2845 1713 3081 1782 poenitus
3105 1729 3212 1768 non
3249 1722 3561 1783 praesumat,
3587 1714 3685 1771 sed

411 1796 466 1845 et
498 1788 764 1847 Fulradus
790 1792 930 1847 abba
972 1800 1154 1849 rector
1179 1809 1412 1864 przeesse
1440 1796 1676 1862 videtur,
1704 1796 1992 1852 donatumd
2025 1782 2073 1843 Β
2098 1804 2239 1858 sicut
2277 1804 2330 1857 in
2366 1811 2552 1858 nostra
2586 1782 2928 1874 elerémosyna
2956 1782 3345 1869 concessimus,
3373 1804 3448 1858 ita
3480 1804 3535 1859 in
3562 1819 3686 1874 pcr-

411 1895 518 1950 que
562 1880 616 1935 in
663 1888 982 1951 perpetuum
1030 1897 1130 1952 pro
1174 1884 1369 1940 animae
1420 1894 1621 1941 nostra;
1658 1887 1999 1952 remedium,

412 1985 507 2025 seu
559 1978 616 2026 et
661 1978 883 2041 propter
926 1971 1105 2026 locum
1152 1974 1441 2044 sepultum
1468 1976 1711 2045 corporis
1746 1976 1874 2041 mei,
1929 1976 1997 2029 ad

410 2061 639 2115 eundem
669 2068 917 2116 sanctum
962 2062 1139 2118 locum
1184 2078 1305 2119 esse
1336 2065 1602 2122 volumus.
1640 2065 1744 2120 hoc
1785 2074 1870 2120 est
1919 2064 2000 2119 fo-

412 2163 559 2208 reste
596 2161 783 2209 nostra
822 2155 1236 2226 cognominante
1266 2154 1555 2225 Equalina
1583 2156 1659 2228 (la
1704 2157 1837 2226 foret
1876 2156 1997 2211 Ive-

411 2244 559 2314 line),
611 2261 735 2301 cum
764 2247 911 2301 omni
959 2247 1153 2303 merito
1197 2257 1250 2303 et
1294 2248 1563 2304 soliditate
1589 2265 1706 2313 sua,
1745 2249 2000 2319 quiequid

412 2336 481 2388 ad
525 2335 637 2404 ipsa
683 2336 831 2407 sylva
863 2337 1107 2406 aspicere
1157 2338 1239 2392 vel
1283 2341 1553 2409 pertinere
1595 2340 1831 2403 videtur,
1862 2341 2001 2395 sicut

412 2440 585 2495 usque
605 2443 746 2482 nunc
775 2442 805 2481 a
835 2428 991 2482 nobis
1012 2428 1110 2482 fuit
1133 2444 1399 2499 possessa.
1424 2429 1713 2501 Propterea
1739 2445 1837 2501 per
1861 2431 2001 2486 hanc

411 2516 828 2586 prmceptionem
868 2519 1158 2588 specialius
1188 2519 1473 2589 iubemus;
1518 2528 1679 2591 atque
1704 2529 1999 2591 perpetua-

413 2606 538 2661 liter
591 2615 854 2663 statutum
900 2624 1023 2665 esse
1073 2610 1353 2677 volumus,
1405 2620 1466 2665 ut
1508 2610 1621 2680 jam
1667 2611 1809 2667 dicta
1850 2610 2000 2682 sylva

411 2695 702 2767 Equalina
724 2714 844 2754 cum
867 2700 1013 2754 omni
1033 2700 1344 2771 integritate
1364 2716 1480 2765 sua,
1505 2700 1759 2771 quicquid
1786 2701 2001 2756 deintus

412 2802 507 2841 seu
536 2786 704 2843 aforis
728 2788 926 2843 ibidem
967 2790 1157 2858 aspicit
1187 2808 1200 2843 :
1249 2790 1304 2844 id
1327 2797 1411 2845 est
1435 2799 1542 2844 tam
1563 2790 1785 2856 mansis,
1816 2791 1998 2859 terris,

412 2876 683 2943 domibus,
715 2877 975 2943 aediﬁciis,
1007 2878 1314 2946 accolabus,
1357 2880 1658 2950 mancipiis,
1701 2880 1884 2952 sylvis,
1911 2883 1997 2937 vi-

413 2966 548 3029 neis,
580 2968 804 3037 campis,
831 2969 1019 3038 pratis,
1069 2969 1308 3039 pascuis,
1335 2970 1492 3040 aquis
1520 2984 1853 3041 aquarumve
1898 2972 1996 3028 de-

412 3056 683 3122 cursibus,
715 3058 1001 3115 mobilibus
1030 3069 1085 3115 et
1114 3061 1496 3128 immobilibus,
1529 3063 1791 3134 pecuniis,
1828 3078 1996 3133 pecu-

411 3148 503 3203 liis
528 3149 813 3219 utriusque
852 3165 1038 3216 sexus,
1065 3151 1244 3223 gregis
1271 3167 1394 3206 cum
1430 3153 1761 3223 pastoribus,
1790 3167 1996 3208 necnon

411 3247 469 3295 et
495 3240 707 3294 diversa
730 3240 1049 3296 feraminutn
1079 3257 1299 3314 genera,
1331 3257 1427 3299 seu
1452 3252 1511 3298 et
1535 3242 1849 3300 forestarios
1874 3261 1998 3301 cum

410 3328 654 3399 ipsorum
701 3330 979 3387 mansibtts
1020 3332 1074 3387 in
1124 3332 1241 3404 ipsa
1272 3333 1473 3390 forests
1505 3350 1605 3405 per
1635 3336 1847 3392 diversa
1882 3336 2000 3391 loca

410 3433 818 3480 commanentes
857 3442 871 3479 :
915 3425 971 3481 id
1019 3434 1105 3482 est
1143 3426 1462 3483 Cotonarias
1509 3427 1829 3499 (Couviéres)
1874 3442 1998 3483 cum

410 3515 558 3569 omni
587 3515 917 3586 integritate,
964 3525 1023 3571 et
1048 3517 1102 3571 in
1150 3517 1479 3587 Ultrasiagas
1520 3532 1740 3571 mansos
1761 3518 1915 3583 duos,
1947 3524 2002 3574 et

412 3606 796 3663 llumlonarias
838 3622 964 3662 cum
1008 3609 1354 3678 integritate;
1407 3608 1669 3666 Visiniolo
1716 3611 1997 3680 similiter,

415 3698 835 3755 Ursionevillare
860 3698 1138 3767 similiter;
1179 3701 1234 3756 in
1274 3699 1822 3774 Putiolis(Puisieux)
1845 3721 2000 3760 man-

414 3804 505 3845 sos
549 3791 703 3852 duos,
734 3798 791 3845 et
837 3790 1443 3864 Adsummumbragium
1473 3803 1501 3833 ι
1532 3809 1655 3849 cum
1686 3796 1834 3851 omni
1861 3797 2001 3851 inte-

413 3884 629 3955 gritate,
649 3891 849 3954 praeter
872 3900 1119 3939 mansum
1145 3885 1455 3951 dimidium;
1481 3894 1536 3941 et
1557 3887 1609 3941 in
1637 3886 2002 3943 Villarcelium

415 3975 770 4048 (Villarceau)
816 3992 1064 4033 mansum
1105 3993 1302 4045 unum;
1342 3978 1396 4033 in
1431 3978 1718 4051 Brogarias
1754 3994 2003 4036 mansum

414 4085 606 4137 unum,
633 4079 688 4125 et
714 4069 1115 4125 Actricomonte
1138 4084 1259 4124 eum
1294 4070 1627 4141 integritate,
1650 4071 1782 4126 etin
1806 4071 2005 4127 Asber-

415 4159 669 4214 tovicinio
693 4160 973 4225 similiter;
1002 4160 1056 4214 in
1080 4160 1280 4215 Villare
1303 4161 1323 4233 (
1337 4159 1565 4233 Villiers)
1587 4176 1804 4218 mansos
1832 4162 2000 4229 duos;

417 4251 470 4306 in
499 4250 823 4324 Popiniagas
850 4267 1099 4309 mansum
1134 4269 1323 4319 unum,
1354 4262 1410 4310 et
1446 4254 1499 4309 in
1523 4254 1689 4311 Vallis
1712 4255 2001 4312 similiter:

414 4344 595 4398 omnia
635 4352 691 4399 et
727 4359 795 4399 ex
829 4344 1100 4411 omnibus,
1137 4343 1278 4401 sicut
1319 4345 1575 4411 diximus,
1625 4354 1797 4401 totum
1843 4356 1899 4402 et
1937 4347 2006 4402 ad

415 4434 686 4505 integrum
725 4443 923 4505 praeter
954 4443 1164 4490 tantum
1195 4436 1337 4506 quod
1376 4445 1533 4492 antea
1570 4436 1766 4493 exinde
1800 4437 1867 4492 ad
1888 4436 2004 4492 loca

415 4532 728 4578 sanctorum
759 4538 859 4594 per
886 4532 1188 4579 strumenta
1231 4534 1505 4581 cartarum
1552 4526 1796 4582 noscitur
1834 4525 2003 4581 fuisse

414 4628 763 4679 concessum;
789 4614 842 4669 id
863 4623 990 4670 sunt
1017 4616 1085 4670 ad
1108 4623 1354 4669 sanctum
1383 4615 1713 4671 Germanum
1733 4616 2004 4672 Parisien-

417 4725 552 4771 sem,
581 4720 636 4765 et
660 4708 728 4763 ad
757 4710 947 4765 cellam
969 4725 1091 4781 quae
1127 4719 1354 4765 vocatur
1378 4710 1620 4767 Fossatis
1645 4726 1766 4781 qum
1796 4712 1897 4765 sita
1918 4720 2005 4767 est

419 4797 470 4851 in
511 4799 626 4867 ipso
663 4798 941 4855 Parisiaco
960 4808 1015 4855 et
1048 4800 1115 4855 ad
1137 4810 1382 4855 sanctum
1421 4800 1770 4856 Benedictum
1798 4801 2008 4857 Floria-

417 4888 593 4943 censis
613 4890 945 4953 monasterii,
969 4899 1024 4945 et
1044 4891 1111 4946 ad
1131 4891 1427 4946 Ecelesiam
1450 4901 1650 4948 sancta:
1671 4892 1855 4949 Maria:
1874 4893 2007 4950 Car-

416 4980 661 5035 notensis
681 4980 834 5043 urbe,
862 4990 916 5035 et
937 4982 1003 5036 ad
1024 4990 1265 5037 sanetam
1294 4981 1517 5038 Mariam
1536 4982 2010 5054 Argentogelensis

421 5071 733 5127 monasterii
757 5078 812 5126 et
837 5070 903 5125 ad
932 5081 1177 5128 sanctum
1207 5071 1429 5128 Petrum
1455 5074 1801 5130 Pectavensis
1824 5075 2011 5130 Eccle-

419 5163 515 5218 siae
544 5181 556 5215 :
586 5164 639 5216 in
673 5163 895 5233 reliquis
939 5178 1068 5218 vero
1094 5179 1223 5235 pars
1266 5164 1477 5235 prtel'ati
1528 5166 1842 5221 monasterii
1868 5182 1899 5220 a
1923 5167 2011 5223 die

419 5263 684 5325 prtesente
735 5255 1123 5326 perpetualiter
1184 5258 1411 5327 recipiat
1470 5257 1538 5313 ad
1589 5259 2005 5329 possedendum.

419 5346 662 5401 Conﬁnia
698 5362 826 5401 vero
862 5346 930 5403 de
980 5347 1097 5417 ipsa
1146 5347 1347 5405 foreste
1409 5352 1525 5406 lucc
1577 5359 1747 5405 sunt:
1785 5350 1851 5405 de
1902 5366 2010 5407 una

419 5450 574 5511 parte
640 5441 1037 5512 suprascriptas
1092 5441 1452 5505 Cotoniarias,
1506 5449 1562 5496 et
1614 5441 1906 5509 Watreias,
1955 5450 2013 5498 et

424 5534 710 5589 Sarnetum
759 5531 1031 5604 (Sernay),
1083 5540 1137 5588 et
1184 5540 1340 5587 vetus
1390 5533 1734 5599 monasterii;
1789 5548 1855 5587 ex
1905 5533 2009 5591 alia

1763 5687 1816 5741 ui
1866 5687 2009 5743 idem

1768 5759 1856 5814 ist.
1882 5758 2007 5814 abb.

494 5699 519 5726 ει
563 5684 1124 5755 Assummunbragium
1169 5685 1297 5757 legit
1343 5685 1677 5752 Felibianus,

423 5764 751 5830 praeceptum
774 5772 841 5812 ex
862 5757 1197 5828 autographo
1216 5757 1383 5813 edidit
1403 5758 1456 5814 in
1478 5759 1690 5831 probat.

2096 1903 2317 1966 petuum
2337 1895 2408 1949 sit
2427 1894 2756 1949 omnimodis
2775 1904 3176 1951 conservatum.
3202 1894 3373 1961 Quam
3397 1910 3526 1949 vero
3550 1910 3687 1964 pra:-

2098 1986 2419 2055 ceptioncm,
2460 1993 2519 2040 ut
2548 1985 2759 2040 ﬁrmior
2805 1985 3093 2052 habeatur,
3128 1986 3316 2041 subter
3341 1998 3465 2042 eam
3500 1986 3686 2043 decre-

2097 2073 2276 2128 vimus
2296 2074 2605 2130 adlirmare.

2170 2164 2396 2235 Signum
2431 2170 2489 2227 >14
2520 2164 2730 2235 Pippini
2758 2164 2978 2236 gloriosi
3011 2164 3173 2235 regis.

2170 2257 2199 2297 ιι
2231 2255 2509 2310 lii.berius
2528 2256 2813 2326 recognovi
2841 2264 2896 2310 ct
2921 2255 3072 2311 subs.

2170 2348 2307 2405 Data
2337 2350 2390 2404 in
2419 2365 2604 2406 mense
2641 2350 3001 2421 Septembrio,
3034 2367 3178 2406 anno
3211 2351 3420 2407 decimo
3446 2352 3690 2423 Septimo

2100 2441 2253 2512 regni
2282 2441 2474 2496 nostri.
2521 2440 2718 2497 Actum
2761 2441 2837 2496 in'
2858 2442 3190 2498 monasterio
3234 2445 3406 2525 sancti
3448 2444 3689 2516 Dionysii

2100 2531 2346 2588 feliciter.

2749 2623 3017 2680 XXXVII.

2101 2716 2433 2788 Praeceptum
2481 2713 2711 2788 Pippini
2734 2716 2870 2788 regis
2896 2715 2981 2788 Ade
3010 2716 3338 2788 immunitate
3388 2718 3688 2773 monasterii

2490 2784 2660 2841 sancti
2684 2784 2925 2855 Dionysii
2962 2785 3126 2856 (anno
3154 2786 3300 2855 768).

2511 2873 2674 2939 (Apud
2700 2874 2761 2926 D.
2786 2874 3033 2938 Bosquet,
3061 2881 3180 2924 tom.
3214 2874 3298 2937 V.)

2173 2976 2431 3049 Pippinus
2459 2992 2556 3033 rex
2583 2975 2917 3033 Francorum
2958 2975 3043 3029 vir
3079 2966 3328 3032 inluster.
3376 2976 3689 3048 incipientia

2100 3069 2257 3141 regni
2287 3067 2459 3124 nostri
2488 3066 2684 3123 all'ectu
2707 3068 2773 3122 de
2802 3074 2987 3121 nostra
3015 3067 3291 3122 erectione
3312 3068 3520 3138 integre
3539 3069 3693 3123 anxi-

2104 3165 2268 3220 liante
2287 3162 2517 3218 Domino
2538 3161 2753 3231 vigilavi
2779 3167 2834 3216 et
2858 3176 2958 3231 pro
2987 3160 3101 3231 ipsa
3129 3161 3268 3216 bona
3288 3176 3451 3231 opera
3472 3170 3691 3217 auctum

2101 3270 2223 3311 cum
2252 3252 2482 3309 consilio
2523 3249 2866 3322 pontel‘ecum
2887 3289 2903 3318 ,
2933 3250 3018 3306 vel
3053 3251 3330 3308 seniorum
3369 3251 3690 3322 optimatum

2097 3355 2408 3401 nostrorum
2432 3343 2752 3408 emunitate,
2781 3358 2880 3414 pro
2915 3351 3103 3399 nostro
3135 3343 3564 3399 conﬁrmandum
3596 3357 3693 3401 re-

2100 3451 2264 3507 gnum
2290 3443 2348 3490 et
2371 3434 2641 3501 mercide,
2671 3434 2754 3489 vel
2781 3434 2941 3489 adine
2979 3436 3291 3505 piscendam
3329 3434 3497 3490 vitam
3536 3443 3689 3493 aeter-

2102 3542 2227 3582 nam
2253 3540 2517 3581 renovare
2545 3526 2893 3581 deberimus:
2921 3527 3064 3595 quod
3092 3526 3167 3581 ita
3192 3536 3247 3579 et
3276 3525 3523 3582 fecimus.
3548 3527 3691 3599 Ergo

2100 3628 2313 3690 oportet
2347 3619 2639 3676 climentiaa
2670 3618 2957 3690 principali
3004 3619 3147 3673 inter
3182 3619 3379 3673 citcras
3404 3619 3695 3687 petitiones

2102 3711 2233 3766 illud
2263 3710 2406 3781 quod
2429 3727 2529 3782 pro
2550 3711 2724 3766 salute
2746 3709 3093 3773 adscribitur,
3121 3717 3177 3763 et
3195 3723 3293 3778 pro
3316 3708 3496 3763 divine
3516 3708 3694 3763 nomi-

2102 3802 2189 3857 nis
2214 3802 2538 3871 postulatur,
2579 3801 2845 3872 placabile
2882 3799 3122 3855 auditum
3153 3799 3460 3867 suscipere,
3488 3806 3545 3853 et
3572 3815 3697 3868 pro-

2105 3894 2192 3948 cul
2226 3893 2451 3949 dubium
2480 3893 2550 3948 ad
2574 3891 2823 3948 eﬁ‘ectum
2850 3890 3151 3961 perducere
3168 3931 3183 3953 ,
3213 3897 3481 3959 quatenus
3509 3889 3577 3943 de
3604 3904 3695 3942 ca-

2104 3983 2260 4038 ducis
2310 3983 2475 4039 rebus
2527 3982 2814 4053 przesentis
2869 3980 3051 4036 smculi
3106 3988 3308 4036 aeterna
3362 3979 3698 4050 conquiritur

2101 4075 2258 4146 juxta
2285 4085 2616 4148 praeceptum
2652 4075 2863 4130 Domini
2885 4073 3114 4130 dicentis
3140 4091 3153 4127 :
3183 4071 3367 4127 Facite
3392 4073 3533 4128 vobis
3561 4073 3696 4127 ami-

2106 4187 2193 4225 cos
2215 4169 2280 4223 de
2317 4183 2620 4223 mammona
2660 4167 2953 4238 iniquitatis
2983 4165 3135 4237 (Luc.
3184 4181 3273 4219 xvi
3295 4205 3310 4229 ,
3340 4164 3421 4235 9).
3451 4164 3591 4235 Ergo
3629 4162 3698 4219 de

2107 4274 2414 4315 mammona
2442 4258 2761 4328 iniquitatis,
2784 4256 2937 4324 juxfa
2969 4256 3139 4326 ipsius
3163 4256 3367 4311 dictqu
3402 4271 3500 4312 nos
3527 4270 3693 4325 opor-

2109 4357 2187 4405 tet
2237 4363 2479 4403 mcrcare
2523 4357 2728 4403 acterna
2771 4345 3041 4411 cmlestia;
3083 4353 3139 4399 et
3183 4346 3309 4399 dum
3356 4346 3696 4401 sacerdotum

2108 4453 2349 4508 congrua
2377 4436 2721 4507 itupertimur
2744 4434 3027 4497 beneﬁcia,
3059 4434 3448 4490 retributorem
3471 4434 3699 4491 Domino

2110 4529 2519 4601 [retributorem
2547 4525 2855 4598 Dominum]
2876 4541 2941 4581 ex
2967 4525 3069 4580 hoc
3088 4524 3289 4581 habere
3313 4540 3622 4581 mereamur
3643 4526 3699 4582 in

2107 4629 2312 4675 attenta
2339 4616 2716 4674 tabernacula.
2746 4615 2917 4687 igitur
2956 4616 3281 4673 venerabilis
3319 4616 3403 4670 vir
3436 4616 3700 4672 Fulradus

2105 4712 2244 4767 abba
2296 4710 2365 4767 de
2420 4710 2643 4765 basilica
2695 4708 2985 4779 peculiaris
3032 4710 3242 4779 patroni
3297 4710 3469 4765 nostri
3513 4709 3698 4783 domm

2107 4800 2347 4872 Dionysii
2373 4799 2761 4870 martyris,ubi
2788 4797 2904 4869 ipse
2929 4799 3198 4868 pretiosus
3230 4799 3465 4852 domnus
3494 4798 3547 4851 in
3577 4814 3701 4851 eor-

2107 4907 2240 4963 pore
2266 4892 2580 4962 requiescit,
2605 4890 2897 4946 climentiae
2926 4889 3075 4959 regni
3098 4890 3270 4945 nostri
3296 4889 3616 4959 supplicavit
3634 4903 3701 4943 eo

2110 4985 2253 5055 quod
2302 4986 2371 5039 ab
2426 4982 2860 5038 antecessoribus
2905 4979 3124 5051 regibus
3171 4995 3204 5034 a
3253 4979 3413 5050 longo
3460 4986 3700 5049 tempore

2110 5075 2287 5130 omnis
2333 5072 2648 5129 emunitatis
2691 5072 2759 5126 de
2784 5071 2944 5126 villas
2984 5070 3226 5141 praefata
3270 5068 3445 5124 sancti
3481 5067 3698 5124 Basilici

2110 5166 2214 5222 fuit
2239 5176 2590 5230 concessum,
2623 5164 2765 5218 unde
2805 5170 2861 5217 et
2906 5162 3051 5232 ipsas
3080 5160 3458 5232 praeeptiouis
3502 5175 3562 5216 se
3606 5174 3702 5229 per

2110 5259 2361 5315 manibus
2388 5259 2589 5313 habere
2608 5256 2880 5322 adﬁrmat,
2907 5263 2964 5310 et
2991 5255 3096 5310 boc
3122 5261 3295 5323 usque
3315 5268 3458 5309 nunc
3480 5252 3704 5307 inviola-

2110 5351 2293 5407 biliter
2317 5349 2522 5405 adserit
2543 5363 2664 5404 esse
2694 5349 3074 5403 conservatum
3098 5360 3112 5399 :
3134 5344 3275 5400 unde
3311 5344 3466 5415 petiit
3500 5352 3562 5399 ut
3597 5344 3702 5401 hoc

2109 5454 2209 5512 pro
2229 5447 2470 5495 nostram
2500 5437 2822 5493 auctoritate
2841 5436 3005 5491 dinuo
3032 5451 3133 5507 pro
3152 5435 3231 5492 rei
3251 5435 3526 5502 ﬁrmitate,
3554 5435 3700 5492 circa

2114 5532 2233 5602 ipso
2280 5540 2472 5586 sancto
2513 5529 2632 5584 loco
2655 5527 2740 5584 vel
2782 5528 3017 5583 hominis
3040 5527 3134 5599 qui
3160 5528 3208 5583 si
3235 5541 3364 5583 eum
3397 5524 3702 5583 substantia

2114 5691 2173 5748 S.
2200 5687 2460 5757 Dionysii.

2187 5759 2217 5801 b
2256 5756 2381 5814 llaec
2412 5757 2561 5815 addit
2583 5756 2892 5815 Felibianus
2922 5771 2987 5813 ex
3012 5757 3361 5828 autographo.
