4046 6172
516 304 656 362 I567

1495 288 1764 346 SIECULI
1804 287 1913 343 NII!
1950 282 2381 342 MONUMENTA
2421 280 2753 337 SELECTA.

3565 287 3677 345 I568

511 438 697 480 eorum
727 420 792 474 ad
821 422 931 488 ipsa
961 415 1178 471 basilica
1206 413 1423 467 tradunt
1449 413 1532 467 vel
1567 412 1900 472 condonant,
1925 406 2077 474 iuxta
2105 403 2156 457 Α
2183 395 2333 488 regni
2362 395 2531 450 nostri
2560 392 2753 449 aﬁ‘ectu
2780 392 2848 447 de
2870 400 3048 447 nostra
3070 394 3329 449 erectione
3354 396 3534 466 integre
3549 405 3668 456 auxi-

510 511 653 582 quod
672 509 973 563 anteriores
999 506 1137 574 regis
1161 519 1261 572 per
1282 518 1468 557 eorum
1497 502 1847 556 auctoritates
1876 499 1941 552 ad
1966 499 2081 567 ipsa

513 600 733 653 basilica
758 600 855 651 hoc
879 595 1239 665 prsestiterunt
1263 601 1320 646 et
1337 591 1743 653 conﬁrmarunt,
1770 590 1870 643 hoc
1893 589 2084 641 iterato

512 695 657 751 circa
688 694 803 762 ipso
844 690 1034 743 abbate
1069 686 1361 742 concedere
1398 693 1451 738 et
1489 684 1811 737 conﬁrmare
1855 680 2082 734 debere-

510 799 653 840 mus.
683 783 805 837 Ideo
828 785 1115 849 cognuscat
1156 774 1466 844 magnitudo
1497 788 1589 825 seu
1626 771 1830 824 utilitas
1873 777 2082 831 vestra,

510 873 653 943 quod
690 886 788 925 nos
813 884 912 938 pro
946 865 1243 921 reverentia
1282 863 1447 933 ipsius
1491 860 1663 916 sancti
1705 860 1839 922 loci,
1874 858 1957 912 vel
1986 872 2084 926 pro

511 963 677 1033 quieti
711 962 766 1015 in
793 960 985 1014 ibidem
1014 958 1181 1011 Deum
1220 954 1589 1009 famulantium
1624 950 2084 1021 promptissimam

509 1054 834 1110 voluntatem
864 1050 1029 1103 dinuo
1053 1047 1381 1103 concessisse
1399 1085 1413 1109 ,
1443 1053 1498 1098 et
1525 1044 1577 1097 in
1615 1040 1864 1095 omnibus
1889 1036 2086 1094 conﬁr-

511 1160 718 1208 masse,
769 1152 945 1198 vestra
988 1149 1277 1211 cognoscat
1317 1138 1557 1193 solertia.
1613 1136 1952 1203 Quapropter
1987 1146 2087 1202 per

511 1237 651 1301 hanc
678 1241 1003 1303 pratccptum
1041 1232 1181 1300 quod
1211 1228 1496 1298 specialius
1540 1226 1908 1288 decernimus,
1936 1232 1993 1278 et
2030 1224 2084 1277 in

510 1333 827 1396 perpetuum
850 1324 1097 1377 volumus
1130 1337 1248 1376 esse
1275 1333 1607 1383 mansurum,
1634 1316 1884 1385 iubemus
1910 1323 1971 1370 ut
1994 1330 2087 1370 ne-

509 1433 614 1488 que
643 1432 757 1481 vos,
791 1430 965 1487 neque
983 1414 1249 1484 iuniores,
1277 1425 1371 1466 seu
1400 1422 1737 1464 successores
1759 1407 1957 1470 vestri,
1985 1420 2088 1460 nec

508 1509 762 1578 quislibet
788 1508 853 1563 de
879 1514 1143 1576 potestate
1173 1503 1457 1571 iudiciaria
1487 1503 1795 1564 accinctus,
1824 1500 1876 1554 in
1905 1506 2088 1554 curtcs

508 1598 748 1670 praefatis
779 1599 951 1653 sancti
979 1596 1184 1653 basilici
1213 1595 1392 1650 domui
1415 1593 1674 1664 Dionysii,
1701 1590 1793 1645 ubi
1820 1599 1876 1644 et
1894 1589 2007 1653 ubi,
2032 1589 2087 1643 in

506 1702 875 1759 quascumque
921 1702 1090 1756 pagus
1137 1686 1193 1740 in
1234 1698 1400 1755 regno
1434 1683 1546 1737 Deo
1588 1681 1820 1751 propitio
1859 1688 2081 1742 nostro,

509 1779 652 1848 quod
675 1778 742 1832 ad
769 1778 857 1832 die
878 1792 1005 1846 pars
1028 1776 1196 1846 ipsius
1223 1774 1550 1829 monasterio
1576 1772 1856 1842 possidere
1874 1771 1961 1826 vel
1992 1771 2088 1826 do-

509 1870 720 1929 minare
748 1869 981 1932 videtur,
1008 1867 1093 1921 vel
1113 1866 1255 1934 quod
1281 1881 1312 1919 a
1333 1864 1646 1920 timentibus
1668 1862 1837 1917 Deum
1858 1860 2090 1916 homini-

511 1962 612 2016 bus
634 1974 732 2029 per
753 1960 991 2031 legitima
1014 1959 1373 2013 instrumenta
1400 1955 1501 2010 fuit
1520 1954 1724 2010 ibidum
1748 1966 2086 2015 concessum,

509 2056 603 2103 aut
626 2048 841 2103 inantea
870 2047 1032 2104 fuerit
1059 2047 1327 2109 additum,
1357 2055 1519 2115 atque
1542 2044 1863 2113 dilegatum,
1897 2056 1994 2096 nec
2021 2040 2090 2094 ad

468 2160 473 2173 ι
510 2152 705 2193 causas
732 2137 1055 2193 audiendum
1076 2176 1091 2202 ,
1119 2144 1213 2190 aut
1250 2132 1593 2202 ﬁdeiussores
1636 2131 1960 2194 tollendum,
1990 2143 2091 2184 nec

509 2231 579 2287 ad
604 2230 757 2286 [reda
793 2230 1145 2301 exigendum,
1175 2242 1276 2282 nec
1307 2225 1377 2280 ad
1416 2222 1712 2279 mansionis
1749 2219 2088 2284 faciendum,

510 2336 613 2380 nec
636 2330 875 2392 paratas,
906 2335 1009 2375 nec
1033 2318 1169 2374 ullas
1193 2316 1542 2373 redibitiones
1574 2312 1977 2383 requirendum,
2002 2310 2088 2364 in-

511 2413 737 2485 gredere
757 2427 857 2467 nec
873 2411 1088 2482 exigere
1106 2422 1322 2479 quoquo
1342 2415 1584 2475 tempore
1602 2404 1817 2475 penitus
1839 2417 1943 2457 non
1957 2416 2092 2472 pra:-

510 2513 771 2565 sumatur,
796 2501 896 2555 nisi
916 2498 1171 2570 quicquid
1199 2497 1394 2552 exinde
1416 2497 1651 2567 potuerit
1676 2508 1895 2565 sperare
1930 2492 2092 2546 ﬁscus

513 2602 717 2658 noster,
747 2592 928 2647 omnia
967 2599 1023 2646 et
1057 2605 1126 2645 ex
1160 2588 1442 2651 omnibus,
1484 2600 1585 2655 pro
1619 2582 1885 2638 mercedis
1921 2579 2093 2635 nostri

510 2683 908 2753 compendium,
931 2696 1053 2736 eum
1074 2679 1327 2733 omnibus
1354 2675 1521 2731 {redis
1544 2675 1610 2729 ad
1635 2675 1905 2743 integrum
1933 2671 2093 2726 simet

511 2788 817 2834 muccssus,
843 2782 903 2827 ut
922 2773 1126 2826 dictum
1149 2780 1250 2836 est,
1279 2771 1551 2838 inspectas
1592 2768 1735 2836 ipsas
1776 2763 2095 2835 prrcceptio-

513 2881 610 2921 nes
635 2865 965 2919 anteriorum
994 2877 1201 2933 regum,
1229 2860 1313 2913 vel
1339 2858 1496 2927 juxta
1530 2857 1675 2928 quod
1716 2868 1958 2927 praesens
1991 2868 2092 2907 no-

513 2967 627 3012 stra
680 2956 959 3011 continere
1018 2953 1231 3007 videtur
1290 2949 1586 3005 auctoritas
1610 2988 1625 3013 ,
1671 2944 1931 3017 quicquid
1979 2944 2091 3013 ipse

513 3056 732 3106 sanctus
760 3048 908 3101 locus
940 3045 1008 3101 ad
1036 3044 1125 3100 die
1147 3049 1417 3113 praesente
1438 3078 1455 3105 ,
1484 3046 1547 3094 ut
1580 3037 1813 3093 diximus
1835 3074 1853 3101 ,
1892 3030 2093 3088 habere

512 3141 748 3204 videtur,
779 3152 941 3207 quam
960 3135 1106 3205 quod
1128 3130 1544 3202 impostmodum
1588 3144 1619 3183 a
1655 3127 1825 3181 Deum
1854 3123 2095 3179 timenti-

515 3232 617 3286 bus
642 3228 968 3291 bominibus,
996 3224 1081 3279 vel
1109 3239 1141 3279 a
1162 3221 1320 3277 nobis
1341 3220 1541 3275 ibidem
1564 3217 1728 3273 fuerit
1746 3215 1989 3271 additum
2011 3211 2093 3267 vel

511 3322 814 3387 conlatum,
862 3333 957 3375 seu
996 3317 1425 3387 quibuscumque
1458 3310 1604 3381 iuste
1627 3318 1682 3365 et
1704 3305 2098 3363 rationabiliter

513 3432 637 3473 cum
667 3427 827 3469 omne
854 3409 1157 3467 substantia
1183 3423 1282 3463 sua
1304 3408 1373 3462 ad
1398 3406 1515 3476 ipso
1544 3400 1879 3459 monasterio
1901 3414 1959 3455 se
1985 3408 2097 3453 tra-

512 3504 741 3569 dederit,
763 3510 818 3557 et
848 3514 936 3555 res
963 3514 1091 3553 suas
1112 3512 1212 3567 per
1235 3496 1486 3566 legitcma
1511 3492 1871 3548 instrumenta
1895 3488 2096 3545 ibidem

511 3591 841 3665 delegaverit
869 3590 955 3645 vel
981 3587 1299 3650 ﬁrmaverit,
1329 3587 1429 3641 sub
1457 3585 1668 3655 integra
1694 3581 1993 3637 emunitate
2028 3578 2097 3634 ad

514 3685 601 3739 die
625 3688 890 3755 prasente
916 3680 1094 3734 valeat
1122 3678 1369 3733 resedere
1402 3675 1617 3745 quietus
1642 3682 1805 3742 atque
1831 3684 2054 3727 securus
2079 3686 2092 3722 :

515 3783 589 3840 et,
622 3783 683 3827 ut
711 3773 912 3829 dictum
957 3777 1069 3833 est,
1119 3767 1376 3838 quicquid
1420 3764 1615 3820 exinde
1662 3762 1888 3819 forsitan
1933 3761 2098 3817 ﬁscus

516 3872 703 3919 uoster
721 3876 941 3931 sperare
964 3867 1245 3930 potuerat,
1281 3858 1335 3911 in
1379 3854 1767 3920 luminaribus,
1787 3852 1875 3907 vel
1902 3852 1958 3907 in
2001 3851 2098 3907 sti-

517 3956 760 4026 pendiis,
791 3969 887 4008 seu
908 3964 964 4006 et
1002 3952 1056 4005 in
1080 3950 1349 4005 alimoniis
1388 3963 1684 4019 pauperum
1712 3947 1881 4016 ipsius
1905 3959 2096 4000 mona-

519 4045 691 4111 sterii,
721 4042 1034 4115 perenniter
1054 4056 1152 4110 pro
1172 4041 1373 4095 nostris
1395 4038 1633 4094 oraculis
1658 4037 1727 4093 ad
1748 4039 2018 4107 integrum
2040 4035 2096 4089 in

517 4137 699 4192 omnia
727 4145 783 4189 et
804 4150 872 4190 ex
897 4132 1149 4188 omnibus
1176 4130 1248 4186 sit
1274 4144 1591 4185 concessum
1612 4136 1775 4197 atque
1799 4126 2062 4181 indultum
2078 4164 2094 4190 ,

520 4235 581 4284 ut
622 4224 739 4296 eius
781 4223 920 4298 [eos]
966 4222 1159 4278 melius
1199 4221 1420 4276 dilectet
1459 4235 1559 4290 pro
1605 4218 1903 4274 stabilitate
1943 4215 2096 4287 regni

520 4321 728 4384 nostri,
771 4319 856 4374 vel
901 4331 999 4387 pro
1040 4315 1264 4386 quietim
1307 4312 1636 4384 quibuslibet
1675 4309 1886 4366 cunctis
1925 4307 2099 4363 leudis

520 4413 720 4469 nostris
762 4408 975 4466 Domini
1016 4406 1442 4463 misericordiam
1477 4404 1750 4461 adtentius
1780 4406 2092 4475 deprecare.

522 4508 586 4563 Et
614 4515 676 4563 ut
713 4507 830 4563 haec
855 4505 1151 4561 auctoritas
1180 4504 1382 4558 nostris
1421 4510 1477 4557 et
1522 4500 1717 4557 futuris
1764 4498 2100 4569 temporibus

519 4600 665 4656 circa
694 4602 812 4671 ipso
839 4607 1026 4655 saneto
1053 4597 1172 4653 loco
1198 4596 1510 4667 perenniter
1555 4595 1711 4649 ﬁrma
1750 4602 1808 4648 et
1842 4591 2099 4648 inviolata

524 4696 858 4761 permaneat,
887 4688 969 4742 vel
998 4699 1096 4755 per
1121 4692 1362 4755 tempora
1380 4684 1566 4739 iulatsa
1589 4682 1922 4739 custodiatur
1939 4689 2102 4751 atque

519 4787 886 4847 conservetur,
914 4787 970 4834 et
998 4780 1067 4835 ab
1093 4778 1345 4834 omnibus
1361 4775 1573 4847 iudices
1600 4775 1791 4830 melius
1824 4774 2097 4839 credatur,

520 4872 739 4944 pmpria
756 4885 915 4925 manu
941 4869 1289 4924 annotatione
1313 4865 1619 4923 studuimus
1643 4865 1993 4921 adumbrare.

593 4965 820 5037 Signum
842 4964 884 5034 -ι-
908 4961 1119 5033 Pippini
1146 4959 1518 5031 gloriosissimi
1546 4959 1709 5030 regis.

593 5057 869 5113 llitherins
890 5054 1178 5126 recognovi
1198 5060 1255 5107 et
1275 5051 1596 5120 subscripsi.

594 5153 728 5208 Data
781 5166 924 5207 nono
974 5149 1090 5204 Kal.
1137 5146 1358 5202 Octobr.
1404 5160 1546 5201 anno
1595 5145 1662 5198 I7
1710 5144 1860 5215 regni
1905 5144 2098 5200 nostri.

524 5246 717 5303 Actum
747 5246 801 5300 in
828 5246 944 5313 ipso
978 5239 1309 5297 monasterio
1332 5239 1504 5294 sancti
1528 5237 1784 5307 Dionysii.

1179 5326 1461 5383 XXXVIII.

527 5418 854 5493 Prwceptum
897 5418 1108 5493 Pippini
1151 5419 1240 5493 de‘
1263 5416 1659 5493 conﬁrmatione
1713 5413 2105 5493 priuilegiorum

746 5486 1048 5545 monasterii
1071 5488 1241 5543 sancti
1262 5488 1504 5559 Dionysii
1535 5488 1696 5557 (anno
1725 5486 1870 5558 768).

926 5578 1087 5641 (Apud
1110 5578 1170 5629 ι).
1190 5577 1454 5641 Bouquet.,
1473 5587 1587 5629 tom.
1618 5576 1698 5641 V.)

594 5682 855 5755 Pippinus
894 5693 989 5735 rex
1019 5678 1350 5735 Francorum
1389 5681 1473 5734 vir
1514 5680 1741 5735 illustcr.
1788 5670 2105 5751 lncipieu'tia

2182 483 2347 538 liante
2374 483 2603 537 Domino
2630 481 2866 551 vigilavi,
2889 489 2942 535 et
2961 497 3058 550 pro
3083 483 3197 550 ipso
3225 483 3356 537 bono
3374 499 3515 553 opere
3532 503 3672 545 actum

2182 589 2304 629 cum
2337 573 2562 628 consilio
2600 571 2947 641 pontiﬁcum,
2989 570 3072 625 vel
3114 572 3378 626 seniorum
3415 577 3673 643 optimatum

2183 671 2490 717 nostrorum
2532 677 2631 730 pro
2671 669 2859 715 nostro
2907 660 3268 715 conﬁrmando
3310 676 3485 730 regno,
3522 673 3566 718 et
3603 681 3679 737 pro

2184 754 2453 818 mercede,
2478 752 2558 805 vel
2587 751 2930 821 adipiscenda
2956 751 3064 803 vita
3103 757 3296 803 aeterna
3314 790 3327 813 ,
3364 759 3416 804 et
3444 767 3528 820 pro
3560 769 3656 809 neve

2184 842 2357 896 rentia
2380 842 2548 897 sancti
2573 840 2816 911 Dionysii
2841 840 3110 908 martyris,
3131 838 3332 892 Rustici
3353 850 3403 894 et
3425 840 3679 909 Eleutherii,

2184 934 2276 1004 qui
2316 934 2551 1002 glorioso
2589 947 2653 987 ac
2692 931 3002 1001 triumphali
3044 939 3167 986 voto
3198 947 3292 1001 pro
3331 931 3522 987 Christo
3542 950 3683 991 amore

2185 1039 2440 1078 coronam
2470 1023 2715 1094 martyrii
2743 1021 3016 1076 consecuti
3036 1030 3190 1084 sunt,
3214 1021 3279 1075 ad
3308 1021 3553 1076 basilicam
3575 1023 3681 1093 ipso-

2185 1127 2328 1178 rum,
2348 1113 2440 1168 ubi
2468 1112 2811 1181 requiescere
2838 1110 3108 1175 videntur,
3137 1118 3193 1163 et
3222 1109 3273 1162 in
3299 1110 3545 1165 miraculis
3565 1126 3683 1165 coru-

2185 1213 2341 1260 scant
2364 1244 2381 1270 ,
2426 1205 2494 1259 ad
2538 1205 2682 1273 ipsos
2724 1200 3015 1256 monachos
3041 1239 3055 1264 ,
3105 1200 3199 1269 qui
3241 1200 3427 1255 ibidem
3471 1202 3684 1257 deservire

2184 1297 2455 1359 videntur,
2485 1295 2584 1349 sub
2613 1294 2863 1347 libertate
2889 1289 3198 1360 evangelica
3228 1290 3521 1361 regulariter
3541 1292 3682 1348 virea-

2185 1394 2270 1443 tes
2285 1427 2300 1452 ,
2326 1386 2468 1442 sicut
2489 1385 2699 1454 antiqui
2741 1392 2924 1453 patres
2944 1382 3030 1437 vel
3060 1381 3354 1436 anteriores
3378 1396 3518 1450 reges
3539 1386 3682 1439 contir-

2186 1484 2490 1541 maverunt,
2520 1491 2619 1530 nos
2644 1475 2822 1529 denuo
2848 1474 2902 1527 in
2929 1473 3047 1542 ipso
3073 1480 3260 1527 sancto
3285 1471 3395 1526 loco
3416 1479 3575 1526 nostro
3595 1488 3681 1526 mu-

2186 1580 2317 1620 nere
2342 1563 2683 1635 privilegium
2720 1576 2987 1617 renovare
3034 1561 3380 1615 deberemus:
3403 1561 3528 1630 quod
3561 1561 3617 1614 ita
3647 1569 3687 1615 et

2185 1658 2434 1713 fecimus.
2459 1657 2602 1727 Ergo
2628 1664 2840 1726 oportet
2859 1655 3205 1711 clementiam
3243 1654 3557 1725 principalem
3585 1655 3688 1710 inter

2115 1734 2162 1795 Β
2189 1755 2415 1804 caeteras
2441 1748 2728 1818 petitiones
2756 1746 2905 1810 illud,
2934 1745 3079 1815 quod
3105 1760 3206 1814 pro
3229 1744 3393 1799 salute
3412 1744 3688 1804 adscribitur.

2186 1839 2273 1895 vel
2313 1855 2414 1909 pro
2451 1838 2634 1894 divino
2665 1838 2883 1893 nomine
2918 1836 3255 1906 postulatur,
3292 1835 3516 1905 placabili
3552 1835 3689 1888 auditu

2188 1931 2465 1999 suscipere
2493 1938 2550 1983 et
2574 1928 2641 1982 ad
2661 1927 2911 1983 eﬁ‘ectum
2935 1925 3254 1997 perducere,
3281 1934 3339 1978 ut
3362 1924 3445 1979 ﬁat
3465 1925 3511 1978 in
3536 1940 3693 1978 merce-

2189 2020 2274 2075 dis
2297 2016 2752 2087 conjunctionem,
2776 2017 2903 2075 dum
2931 2031 3031 2087 pro
3048 2016 3240 2086 quiete
3266 2029 3520 2071 servorum
3539 2013 3615 2067 Dei
3633 2013 3695 2067 vel

2189 2107 2540 2179 congruentia
2570 2106 2704 2161 locis
2750 2103 3160 2160 venerabilibus
3203 2102 3488 2171 impertitur
3522 2100 3692 2170 peticio.

2189 2199 2334 2270 Ergo
2357 2198 2483 2253 dum
2513 2203 2568 2251 et
2599 2194 2939 2265 omnipotens
2960 2192 3149 2257 Pater,
3169 2191 3260 2261 qui
3288 2190 3415 2244 dixit
3434 2192 3492 2245 de
3512 2188 3697 2244 tenebris

2190 2290 2373 2345 lumen
2418 2288 2835 2358 explendescere
2860 2326 2876 2351 ,
2901 2300 2997 2355 per
3024 2283 3409 2340 lncaruationis
3446 2282 3697 2353 mysterium

2191 2379 2451 2450 unigeniti
2474 2377 2593 2432 Filii
2623 2376 2706 2431 sui
2734 2374 2945 2430 Domini
2974 2375 3153 2430 nostri
3177 2373 3303 2430 Jesu
3324 2373 3523 2436 Christi,
3548 2372 3616 2425 vel
3638 2370 3699 2425 iu-

2190 2470 2563 2526 lustratioucm
2587 2467 2823 2538 Spiritus
2843 2465 3017 2521 sancti
3044 2465 3224 2520 illuxit
3264 2465 3314 2518 in
3358 2464 3503 2519 corda
3535 2471 3699 2517 sancto-

2191 2580 2313 2619 rum
2361 2563 2814 2625 christiauorum,
2860 2575 2959 2630 pro
2989 2557 3147 2627 cuius
3187 2574 3365 2613 amore
3404 2565 3453 2611 et
3488 2556 3696 2611 desiderio

2192 2660 2334 2714 inter
2360 2666 2585 2713 caeteros
2610 2656 2912 2726 triumphos
2935 2653 3204 2725 gloriosos
3226 2662 3499 2724 martyrum
3517 2693 3531 2717 ,
3554 2654 3700 2706 beatus

2192 2747 2502 2819 Dionysius,
2528 2755 2583 2802 et
2608 2760 2750 2815 smpe
2780 2743 2895 2813 iam
2922 2745 3103 2799 dictus
3134 2744 3382 2799 Rusticus
3420 2752 3467 2797 et
3499 2741 3700 2796 Eleuthe-

2193 2843 2330 2909 rius,
2358 2841 2450 2912 qui
2482 2840 2643 2911 primi
2671 2846 2796 2909 post
2836 2837 3111 2909 apostolos
3143 2840 3244 2894 sub
3264 2836 3569 2894 ordinatione
3591 2833 3700 2890 beati

2193 2932 2509 2995 Clementis,
2536 2930 2683 2987 Petri
2708 2928 2934 2999 apostoli
2958 2930 3312 2992 successoris,
3342 2929 3393 2984 in
3412 2930 3536 2987 hanc
3550 2925 3704 2981 Callia-

2119 3071 2164 3132 Ο
2197 3039 2341 3132 rum.
2374 3022 2707 3092 provinciam
2758 3022 3096 3077 advenerunt
3117 3061 3134 3089 ,
3188 3021 3364 3091 ibique
3416 3019 3706 3092 pradicantes

2197 3114 2525 3185 baptismum
2551 3113 2883 3184 paenitentiae
2907 3112 2962 3167 in
2990 3114 3363 3169 remissionem
3397 3120 3705 3182 peccatorum.

2197 3206 2326 3260 dum
2360 3204 2415 3258 in
2441 3205 2586 3259 hunc
2611 3204 2828 3259 modum
2852 3203 3173 3268 certabant,
3218 3203 3292 3259 ibi
3331 3208 3603 3259 meruerunt
3621 3197 3707 3268 pal-

2197 3311 2343 3351 mam
2381 3295 2627 3367 martyrii
2668 3303 2727 3350 ct
2766 3310 2998 3351 coronas
3037 3295 3324 3367 percipere
3367 3288 3709 3367 gloriosasmhi

2194 3402 2293 3457 per
2322 3385 2492 3441 multa
2522 3395 2763 3454 tempora
2791 3394 2848 3440 et
2873 3399 3043 3455 usque
3062 3401 3219 3441 nunc
3247 3386 3301 3441 in
3326 3400 3498 3441 eorum
3517 3381 3707 3438 basilica.

2196 3476 2253 3531 in
2281 3492 2387 3546 qua
2414 3491 2602 3531 eorum
2622 3489 2849 3545 corpora
2876 3473 3232 3544 requiescere
3257 3474 3508 3537 videntur,
3526 3485 3608 3525 non
3625 3466 3703 3522 mi-

2197 3566 2344 3620 nima
2376 3563 2635 3621 miracula
2675 3564 2937 3619 virtutum
2963 3562 3223 3620 Christus
3250 3580 3347 3635 pro
3380 3563 3498 3635 ipsis
3514 3560 3708 3631 dignatur

2194 3657 2411 3729 operari
2441 3675 2455 3711 :
2486 3657 2542 3712 in
2569 3671 2677 3727 qua
2705 3656 2867 3711 etiam
2899 3656 3134 3712 domnus
3164 3657 3487 3728 Dagobertus
3502 3651 3712 3723 quondam

2197 3764 2292 3804 rex
2314 3748 2530 3803 videtur
2557 3747 2860 3821 quiescere,
2889 3747 3096 3802 utinam
3121 3757 3186 3803 et
3208 3764 3307 3804 nos
3326 3764 3418 3819 per
3440 3740 3717 3801 intercessio-

2196 3858 2319 3898 nem
2344 3849 2655 3897 sanctorum
2686 3840 2924 3911 ipsorum
2949 3840 3003 3894 in
3028 3840 3244 3897 cmlesti
3271 3856 3431 3912 regno
3454 3854 3559 3894 cum
3579 3832 3717 3889 omni-

2196 3935 2298 3990 bus
2322 3932 2525 3989 sanctis
2547 3947 2855 3987 mereamur
2878 3931 3230 4002 participari,
3254 3941 3310 3987 et
3336 3932 3490 3985 vitam
3512 3936 3717 3983 mter-naut

2197 4022 2493 4094 percipere.
2538 4020 2705 4091 Igitur
2748 4021 2834 4075 vir
2878 4020 3207 4077 venerabilis
3245 4020 3496 4076 Folradus
3529 4014 3641 4070 abba
3671 4011 3720 4064 de

2199 4114 2315 4183 ipsa
2341 4110 2569 4167 basilica
2597 4109 2887 4180 peculiaris
2906 4109 3120 4179 patroni
3145 4110 3317 4166 nostri
3339 4106 3511 4164 domui
3530 4099 3718 4171 Dionysii

2196 4203 2499 4259 clementiae
2529 4201 2682 4272 regni
2716 4200 2887 4256 nostri
2917 4201 3149 4256 credidit
3176 4199 3582 4272 suggerendum,
3614 4188 3722 4261 quod

2199 4315 2229 4353 a
2258 4298 2416 4367 longo
2445 4306 2686 4365 tempore
2705 4312 2736 4350 a
2764 4294 3111 4366 pontiﬁcibus
3141 4295 3470 4350 Parisiorum
3510 4288 3638 4344 urbis
3664 4284 3723 4337 in—

2130 4429 2180 4490 D
2203 4400 2412 4461 tegrum
2443 4387 2779 4459 privilegium
2808 4385 2876 4440 ad
2902 4386 3075 4456 ipsam
3117 4386 3397 4441 basilicam
3434 4379 3595 4436 domui
3632 4375 3724 4428 Dio-

2203 4487 2341 4559 nysii
2372 4485 2562 4542 fuisset
2589 4499 2938 4547 concessum,
2978 4483 3132 4539 etab
3172 4480 3516 4537 interioribus
3556 4470 3725 4542 resimis

2198 4578 2510 4650 parentibus
2532 4576 2735 4633 nostris
2763 4577 2920 4631 deeo
2949 4583 3194 4644 tempore
3221 4584 3394 4642 usque
3424 4582 3556 4624 nunc
3573 4559 3724 4618 contir-

2199 4677 2404 4725 matum
2428 4686 2442 4722 :
2470 4667 2564 4739 qui
2591 4674 2649 4723 et
2671 4666 2847 4736 ipsum
2875 4664 3218 4735 privilegium
3249 4676 3343 4717 seu
3371 4668 3425 4714 et
3462 4657 3590 4727 ipsas
3615 4661 3724 4720 prm-

2199 4758 2474 4829 ceptiones
2493 4738 2579 4811 vel
2600 4753 3039 4812 conﬁrmatioues
3068 4767 3126 4808 se
3159 4765 3276 4820 prae
3315 4746 3553 4803 manibus
3571 4738 3727 4829 habet:

2200 4821 2450 4913 aﬁirmat;
2472 4846 2570 4902 sed
2587 4860 2689 4916 pro
2711 4844 2922 4914 integra
2946 4841 3206 4896 ﬁrmitate
3237 4837 3404 4909 peciit
3425 4835 3503 4890 vir
3519 4833 3620 4901 ipse
3634 4821 3725 4878 Μ’

2200 4941 2364 4998 radus
2375 4940 2512 4996 abba
2527 4955 2559 4993 a
2571 4936 2888 4993 celsitudine
2911 4941 3097 4990 nostra
3110 4939 3168 4988 ut
3191 4946 3295 4986 nos
3318 4930 3508 4984 iterato
3523 4936 3609 4994 per
3625 4930 3729 4987 prb

2200 5032 2501 5104 ceptiouem
2527 5037 2766 5085 nostram
2783 5028 2886 5082 hoc
2900 5025 3224 5080 deberemus
3244 5011 3728 5078 atﬁrmare.0uomm

2200 5135 2311 5182 tam
2342 5124 2645 5194 religiosam
2667 5120 2979 5191 petitionem
2999 5114 3356 5172 libentissime
3384 5104 3732 5194 suscepisses}:t

2201 5217 2256 5272 in
2284 5214 2536 5270 omnibus
2559 5209 2907 5267 conﬁrmasse
2930 5215 3110 5263 vestra
3131 5202 3430 5274 comperiat
3450 5188 3729 5267 magnitudo.

2202 5307 2309 5364 Sed
2353 5305 2479 5376 quia
2525 5320 2556 5357 a
2602 5299 3007 5371 suprascriptis.
3030 5295 3370 5368 principibus
3393 5290 3474 5346 vel
3510 5304 3540 5342 a
3563 5276 3732 5376 caeteris

2200 5367 2395 5469 priscis
2418 5395 2634 5467 regibus
2659 5367 2822 5449 etiam
2848 5367 2903 5447 et
2928 5406 2959 5445 a
2991 5367 3159 5444 Deum
3198 5384 3511 5441 timentibus
3545 5367 3730 5469 humi-113'

2202 5460 2303 5544 bus
2327 5460 2652 5543 Christianis
2681 5483 2856 5554 ipsum
2889 5480 3143 5549 templum
3159 5516 3174 5541 ,
3196 5475 3287 5531 vel
3311 5476 3427 5545 ipse
3450 5476 3647 5528 sanctus
3668 5460 3728 5515 lo-

2201 5597 2300 5638 cus
2341 5586 2565 5650 propter
2608 5588 2848 5632 amorem
2897 5573 2992 5628 Dei
3038 5580 3094 5627 et
3119 5571 3286 5625 vitam
3330 5576 3575 5623 aeternam
3606 5554 3730 5650 rehut

2202 5647 2418 5730 videtur
2443 5647 2564 5727 esse
2592 5670 2824 5739 ditatus,
2852 5674 3038 5722 nostra
3080 5664 3291 5732 integra
3327 5654 3532 5714 devotio
3566 5657 3666 5706 est.
3687 5647 3730 5695 ιιι
