4018 6174
329 273 469 329 1560
1117 275 1384 344 PIPPINI,
1424 276 1919 335 CAROLOMANNI
1959 278 2047 333 ET
2081 279 2392 336 ALlORUM
2430 280 2846 340 DIPLOMATA.
3461 291 3562 347 157

321 404 578 462 Superius
609 391 997 459 intimaviinus,
1033 403 1092 448 ut
1116 396 1457 466 privilegium
1485 397 1553 450 ad
1590 397 1765 466 ipsum
1789 412 1915 451 san-
1942 399 1988 458 Δ
2018 393 2122 448 fuit
2148 394 2446 461 institutus,
2470 396 2609 451 sicut
2636 399 2770 453 ordo
2794 407 3017 471 sanctus
3053 399 3272 464 edocet,
3301 402 3387 457 die
3412 416 3602 460 noctu-

321 490 471 537 ctum
502 482 679 537 locum
708 478 892 538 abbati
919 484 1005 537 vel
1034 484 1293 540 fratribus
1334 486 1529 541 ibidem
1568 486 1916 542 consistenti-
2015 500 2121 555 que
2146 487 2459 556 perenniter
2478 488 2530 542 in
2566 489 2682 558 ipso
2708 498 2897 544 sancto
2926 489 3045 545 loco
3071 491 3399 547 celebretur.
3426 493 3600 562 Quam

321 576 424 630 bus
451 573 631 630 facere
656 575 742 630 vel
771 576 1091 632 conﬁrmare
1117 594 1216 648 pro
1243 578 1425 648 quiete
1466 577 1648 633 futura
1691 577 1915 649 debere-
2014 577 2425 643 auctoritatem,
2453 578 2671 634 Christo
2696 581 2747 634 in
2772 582 3021 638 omnibus
3050 583 3209 639 nobis
3244 583 3600 655 sulfragante,

318 682 464 731 mus,
496 676 555 721 ut
582 666 797 722 facilius
820 668 924 738 ipsi
953 668 1360 739 congregationi
1393 668 1553 724 liceat
1587 684 1685 738 pro
1709 668 1914 724 stabili-
2013 667 2337 723 conﬁdimus
2364 671 2489 739 quia
2519 669 2735 737 adjuvat
2757 672 2830 726 illi
2859 674 3278 741 consentientes,
3301 686 3355 731 et
3375 677 3604 748 despicit

321 770 432 815 tate
463 761 611 831 regni
642 761 813 816 nostri
843 763 910 816 ad
940 761 1125 816 limina
1152 762 1236 816 vel
1263 762 1330 816 ad
1356 762 1638 831 sepulchra
1672 761 1910 831 ipsorum
2012 755 2162 811 illam
2193 758 2473 814 destruere
2508 761 2808 829 cupientes.
2836 763 2903 816 Et
2936 772 2995 816 ιιι
3033 762 3323 820 ﬁrmiorem
3360 768 3603 823 obtineat

319 861 624 921 martyrum
639 849 844 922 jugiter
866 866 1113 905 exorare.
1139 850 1250 906 Nos
1271 867 1400 921 ergo
1427 866 1524 920 per
1547 851 1687 905 hanc
1710 850 1909 905 seriem

317 944 663 999 auctoritatis
685 952 906 1005 nostrae,
929 940 1083 1009 juxta
1107 943 1253 1012 quod
1281 958 1378 1011 per
1405 941 1774 1010 supradictum
1800 941 1911 1011 pri-

315 1034 575 1104 vilegium
604 1049 634 1087 a
665 1032 1010 1102 pontiﬁcibus
1036 1031 1240 1086 factum
1275 1041 1391 1096 est,
1422 1032 1503 1086 vel
1544 1032 1908 1087 anterioribns

315 1125 536 1195 regibus
560 1122 959 1187 conﬁrmatum,
987 1139 1088 1192 pro
1110 1125 1409 1178 reverentia
1439 1124 1678 1192 ipsorum
1702 1132 1907 1194 marty-

314 1231 436 1270 rum
460 1213 862 1281 conﬁrmamus,
889 1222 949 1268 ut
967 1217 1013 1269 si
1033 1230 1139 1285 qua
1161 1215 1228 1269 ad
1258 1216 1432 1285 ipsum
1459 1225 1701 1269 sanctum
1724 1214 1903 1269 locum

314 1317 428 1363 tam
453 1308 508 1362 in
538 1308 788 1373 villabus,
822 1309 1127 1378 mancipiis,
1156 1308 1241 1363 vel
1273 1309 1326 1362 in
1354 1307 1784 1377 quibuscumque
1819 1321 1903 1360 re-

312 1402 415 1456 bus
454 1408 616 1470 atque
659 1399 978 1469 corporibus
1029 1415 1061 1453 a
1104 1400 1301 1471 priscis
1344 1397 1705 1470 principibus,
1747 1412 1840 1452 seu
1868 1413 1900 1451 a

310 1493 482 1547 Deum
528 1492 845 1547 timentibus
892 1492 1201 1547 hominibus
1249 1499 1468 1561 propter
1513 1504 1753 1543 amorem
1804 1487 1898 1543 Dei

307 1579 416 1635 fuit
444 1580 643 1637 ibidem
667 1581 993 1651 delegatum,
1018 1588 1110 1635 aut
1139 1581 1395 1649 deinceps
1428 1578 1592 1633 fuerit
1620 1579 1860 1634 additum
1877 1618 1895 1644 ,

306 1672 436 1726 dum
459 1681 515 1726 et
538 1685 606 1725 ex
630 1672 1002 1727 muniﬁcentia
1032 1687 1239 1742 regum,
1263 1679 1324 1725 ut
1353 1670 1608 1734 diximus,
1640 1670 1752 1739 ipse
1771 1685 1896 1724 san—

2008 852 2268 923 vigorem.
2311 863 2367 908 et
2409 860 2612 910 nostris
2650 872 2715 912 ac
2753 856 2946 912 futuris
2968 859 3301 927 temporibus
3321 858 3434 914 Deo
3456 863 3605 916 auxi-

2009 942 2175 997 liante
2201 943 2363 997 illaesa
2386 946 2744 1012 custodiatur,
2768 959 2822 1002 et
2844 963 2943 1017 per
2965 956 3204 1019 tempora
3228 960 3598 1018 conservetur,

2006 1036 2225 1104 propria
2252 1051 2416 1091 manu
2445 1039 2751 1093 studuimus
2770 1041 3116 1096 adumbrare.

2079 1124 2301 1194 Signum
2331 1133 2388 1190 ἦ
2418 1127 2630 1197 Pippini
2652 1130 3029 1199 gloriosissimi
3059 1133 3222 1200 regis.

2077 1215 2211 1269 Data
2235 1233 2378 1272 nono
2405 1218 2522 1273 Kal.
2549 1219 2740 1277 Octob.
2763 1237 2905 1278 anno
2926 1224 2990 1277 l7
3011 1224 3161 1295 regni
3184 1225 3373 1279 nostri.
3397 1224 3600 1297 Actum

2004 1304 2060 1359 in
2083 1307 2200 1377 ipso
2220 1312 2550 1366 monasterio
2573 1314 2745 1368 sancti
2772 1315 3031 1386 Dionysii.

2677 1445 2919 1500 XXXIX.

2002 1563 2028 1592 ι
2069 1551 2313 1635 Diploma
2352 1553 2559 1638 Pippini
2603 1559 2737 1628 regis
2795 1557 3157 1626 Francorum,
3204 1578 3306 1630 quo
3352 1560 3594 1618 Fulrado

2069 1623 2242 1675 abbati
2287 1635 2453 1675 sancti
2496 1626 2737 1675 Diomtsii
2780 1639 2828 1675 et
2872 1629 3139 1675 canellmm
3178 1649 3274 1675 mn
3315 1633 3594 1675 conﬁrmat

2069 1626 2244 1677 abbati
2287 1626 2455 1678 sancti
2496 1626 2737 1696 Dionysii
2780 1639 2828 1683 et
2872 1629 3139 1699 capellano
3178 1626 3274 1685 suo
3315 1633 3594 1701 conﬁrmat

2069 1694 2404 1771 traditionem
2424 1695 2504 1748 illi
2532 1697 2728 1771 factum
2750 1717 2782 1771 a
2810 1698 3033 1771 Widoge
3053 1700 3271 1755 Alsatia’
3294 1703 3517 1771 dynasta
3536 1705 3596 1757 in

305 1771 430 1819 ctus
452 1764 604 1819 locus
632 1764 844 1818 videtur
867 1779 986 1819 esse
1006 1764 1207 1819 ditatus
1232 1761 1316 1816 vel
1338 1760 1607 1825 conditus,
1638 1768 1695 1815 ut
1717 1760 1896 1814 nullus
1927 1758 1972 1819 Β
2068 1762 2299 1843 Certior;
2342 1758 2546 1843 sancto:
2578 1766 2858 1843 Ilippglyto
2877 1807 2911 1843 ,_
2948 1768 3228 1843 Εῃςὴεἱῃξ,
3287 1758 3594 1843 δὲιιιτπεροε-

304 1853 684 1923 episcoporum
730 1869 845 1908 nec-
876 1861 1172 1924 prmsentes
1209 1868 1311 1908 nec
1346 1852 1439 1922 qui
1479 1850 1647 1906 futuri
1679 1851 1894 1906 luerunt

305 1960 683 2011 successores,
715 1955 809 2000 aut
852 1960 1042 2002 eorum
1079 1946 1419 2002 ordinatores
1443 1985 1458 2008 ,
1509 1945 1592 1999 vel
1642 1944 1896 2014 quailibet

304 2053 559 2109 persona,
587 2053 692 2093 non
722 2039 892 2108 possit
921 2038 1103 2108 aliquo
1130 2039 1321 2093 ordine
1365 2037 1432 2094 de
1468 2039 1585 2093 loco
1629 2038 1748 2109 ipso
1792 2038 1895 2092 ali-

303 2128 434 2196 quid
463 2127 710 2193 aul‘crre,
738 2135 832 2182 aut
879 2128 1114 2197 aliquam
1162 2135 1483 2195 potestatem
1533 2127 1634 2181 sibi
1683 2128 1737 2181 in
1778 2127 1894 2197 ipso

303 2219 635 2273 monasterio
659 2234 938 2289 usurpare,
965 2218 1047 2273 vel
1080 2217 1284 2287 aliquid
1324 2218 1480 2286 quasi
1518 2217 1893 2272 commutatio-

301 2310 389 2366 nis
416 2311 571 2364 titulu
597 2310 801 2380 absque
821 2312 1101 2377 voluntate
1130 2310 1300 2380 ipsius
1333 2308 1542 2365 abbatis
1560 2349 1577 2373 ,
1603 2308 1686 2362 vel
1726 2307 1893 2376 ipsius

301 2403 737 2474 congregationis
759 2402 840 2457 vel
870 2411 1058 2457 nostro
1084 2402 1369 2471 permissu,
1397 2410 1452 2456 et
1473 2416 1647 2471 neque
1673 2400 1889 2464 calices,

300 2506 479 2561 neque
518 2507 736 2557 cruces,
766 2507 862 2547 seu
905 2491 1221 2546 indumenta
1267 2491 1551 2556 altarium,
1581 2490 1666 2545 vel
1706 2505 1890 2545 sacros

300 2582 539 2645 codices,
565 2589 657 2635 aut
683 2598 893 2645 aurum,
924 2590 1019 2637 aut
1039 2590 1322 2654 argentum
1341 2623 1356 2646 ,
1402 2582 1485 2636 vel
1518 2582 1887 2652 qualemcum-

298 2686 406 2742 que
435 2672 700 2741 speciem,
729 2673 796 2728 de
821 2689 928 2743 quo
956 2673 1153 2731 ibidem
1195 2673 1447 2728 collatum
1478 2672 1666 2738 fuerit,
1691 2673 1775 2743 vel
1802 2674 1887 2727 in—

297 2770 461 2819 antea
497 2763 753 2828 dandum,
781 2763 995 2818 auferre
1024 2772 1117 2818 aut
1146 2763 1420 2828 minuere,
1464 2779 1638 2833 neque
1652 2765 1731 2819 .ad
1757 2763 1890 2818 civi-

298 2860 467 2908 tatem
499 2852 708 2908 deferre
732 2854 948 2924 penitus
980 2854 1061 2908 eis
1091 2854 1280 2918 liceat,
1315 2871 1415 2910 nec
1456 2854 1635 2910 facere
1677 2871 1885 2926 praesn-

297 2946 606 3001 mantzsed
632 2946 791 3000 liceat
826 2947 927 3016 ipsi
965 2956 1166 3002 sancta:
1206 2948 1611 3019 congregationi
1653 2948 1738 3003 vel
1783 2949 1886 3019 ipsi

2067 1833 2226 1908 Iwim.
2256 1833 2598 1908 Grgsenheim
2627 1833 3130 1908 e't'Rappolsweiler.
3169 1833 3365 1895 Datum
3394 1833 3468 1898 25
3491 1841 3591 1898 Se-

2067 1903 2313 1973 ptembris
2339 1903 2460 1959 768.

1982 2031 1991 2038 ·
2078 2016 2248 2078 (Apud
2274 2016 2588 2077 Grandidier,
2617 2017 2740 2069 Hist.
2768 2018 2830 2070 de
2852 2018 3051 2085 l'Bglt'se
3074 2022 3136 2073 de
3167 2023 3501 2087 Slrasbom'g.)

2064 2119 2323 2190 Pippinus
2362 2138 2457 2176 rex
2497 2121 2859 2189 Francorum,
2904 2126 2990 2180 vir
3038 2127 3286 2183 inluster.
3329 2128 3591 2185 Omnibus

1991 2213 2291 2284 episcopis,
2325 2216 2409 2270 ab!
2432 2216 2646 2281 atibus,
2673 2232 2768 2271 seu
2804 2220 3125 2286 comitibus,
3159 2221 3243 2276 vel
3275 2222 3591 2290 proceribus

1992 2303 2193 2358 n0stris
2220 2312 2383 2374 atque
2409 2305 2592 2365 missis
2627 2322 2656 2360 a
2695 2307 2895 2377 palatio
2933 2317 3116 2364 nostro
3150 2311 3349 2381 ubique
3383 2311 3593 2366 discur-

1992 2398 2254 2453 rentibus.
2284 2399 2347 2452 Et
2375 2400 2500 2468 quia
2532 2414 2632 2468 per
2660 2400 2755 2454 Dei
2786 2401 3208 2457 misericordiam
3242 2418 3403 2474 regna
3429 2414 3589 2459 terra:

1990 2489 2292 2558 gubernare
2315 2490 2579 2556 videmur,
2606 2502 2820 2560 oportet
2847 2494 2985 2548 eain
3016 2494 3110 2549 Dei
3140 2495 3356 2550 nomine
3386 2496 3585 2551 indesi-

1990 2588 2186 2635 nenter
2208 2582 2561 2652 perpendere,
2586 2593 2854 2653 quatenus
2878 2585 3091 2641 illorum
3117 2598 3302 2642 nostra
3329 2588 3587 2658 propitia-

1990 2674 2066 2727 tie
2091 2680 2323 2739 tueatur,
2351 2687 2580 2742 quorum
2619 2675 2774 2730 nobis
2811 2676 3114 2731 sollicitudo
3144 2676 3431 2731 commissa
3466 2691 3588 2734 esse

1985 2767 2220 2832 videtur,
2252 2768 2486 2836 qualiter
2513 2776 2570 2821 et
2606 2767 2724 2824 illos
2750 2768 2842 2837 qui
2881 2768 3175 2822 munimine
3217 2767 3459 2839 indigent
3489 2770 3585 2824 de-

1987 2858 2291 2924 fendamus,
2325 2869 2486 2930 atque
2528 2868 2676 2914 recto
2703 2861 2920 2914 tramite
2950 2868 3332 2916 sustentemus.
3364 2859 3498 2914 Nam
3529 2861 3583 2915 in

1986 2951 2070 3006 his
2115 2953 2383 3021 prmcipuc
2428 2953 2601 3005 honor
2641 2960 2825 3005 noster
2871 2951 3239 3006 indesinenter
3283 2951 3586 3007 clarescere

295 3045 487 3093 sancto
515 3036 632 3092 loco
659 3039 802 3108 quod
829 3040 910 3094 eis
938 3055 1034 3109 per
1063 3047 1268 3095 rectam
1297 3040 1687 3111 delegationem
1722 3041 1886 3096 colla-
1931 3110 1952 3112 _
1988 3044 2165 3108 debet,
2195 3044 2289 3112 qui
2316 3058 2419 3096 non
2444 3043 2616 3096 solum
2645 3042 2802 3095 ﬁdem
2826 3041 3089 3095 intlsesam
3116 3056 3244 3111 erga
3267 3056 3368 3095 nos
3393 3041 3446 3095 iu
3468 3057 3587 3095 om—

296 3135 411 3180 tnm
442 3137 543 3191 est,
569 3130 829 3197 perpetim
870 3129 1165 3199 possidere.
1200 3130 1334 3185 Illud
1360 3110 1486 3186 vero
1508 3132 1560 3185 in
1587 3132 1689 3186 hoc
1719 3133 1886 3201 privie
1912 3110 1959 3173 (ἶ
1988 3135 2147 3188 nibus
2173 3110 2274 3189 visi
2299 3143 2423 3188 sunt
2449 3132 2741 3195 custodire,
2767 3132 2863 3185 sed
2890 3131 3054 3184 etiam
3076 3110 3446 3184 assiduitatem
3471 3146 3586 3184 ser-

294 3216 438 3286 legio
466 3226 664 3271 nostrae
691 3221 998 3275 serenitatis
1031 3221 1231 3289 placuit
1269 3220 1638 3286 inserendum,
1671 3232 1731 3277 ut
1762 3238 1886 3278 cum

295 3307 435 3360 abba
482 3309 548 3360 de
581 3308 693 3375 ipsa
717 3323 842 3361 casa
888 3308 982 3363 Dei
1029 3311 1094 3364 de
1139 3311 1242 3365 hoc
1290 3311 1487 3366 saeculo
1529 3322 1661 3366 nutu
1702 3312 1886 3367 divino

298 3398 461 3452 fuerit
486 3408 766 3463 evocatus,
815 3400 972 3454 liceat
1001 3402 1099 3471 ipsi
1142 3413 1345 3457 sanctae
1382 3403 1784 3474 congregationi
1819 3404 1886 3458 de

296 3490 418 3558 ipso
445 3491 774 3544 monasterio
800 3506 864 3545 ex
893 3494 1199 3563 semetipsis
1228 3495 1458 3563 eligere,
1503 3504 1560 3548 et
1589 3510 1748 3564 quem
1784 3496 1882 3550 bo-

293 3594 425 3634 nuin
437 3590 492 3655 e_t
510 3581 832 3649 condignum
850 3584 1169 3648 invenerint,
1192 3584 1286 3652 qui
1308 3584 1482 3652 ipsum
1498 3599 1636 3638 onus
1655 3585 1885 3640 abbatiie

295 3673 590 3728 secundum
619 3674 866 3729 ordinem
893 3683 1139 3729 sanctum
1166 3675 1337 3745 possit
1363 3690 1548 3745 regere
1577 3675 1661 3729 vel
1688 3676 1885 3745 guber-

292 3780 449 3830 nare,
474 3774 528 3820 et
556 3767 884 3822 unanimiter
907 3768 1280 3822 consenserint
1299 3808 1315 3833 ,
1341 3767 1466 3822 data
1494 3768 1817 3822 auctoritate
1850 3782 1884 3822 a

293 3859 481 3922 nobis,
510 3859 591 3913 vel
637 3875 667 3912 a
709 3860 1115 3914 successoribus
1155 3860 1384 3924 nostris,
1420 3860 1615 3915 ibidem
1661 3860 1714 3914 in
1767 3859 1882 3930 ipsa

290 3966 418 4005 casa
460 3950 554 4004 Dei
591 3950 903 4005 instituatur
929 3949 1104 4014 abba,
1151 3958 1205 4004 et
1245 3966 1345 4020 pro
1397 3950 1688 4005 stabilitate
1730 3950 1881 4019 regni

291 4042 486 4106 nostri,
513 4042 596 4096 vel
620 4058 720 4112 pro
749 4043 960 4097 cunctis
988 4042 1162 4098 leudis
1194 4043 1394 4097 nostris
1412 4083 1425 4107 ,
1459 4058 1553 4097 Seu
1582 4058 1681 4113 pro
1708 4043 1882 4099 salute

288 4132 503 4202 patriae,
528 4133 739 4188 Domini
763 4133 1188 4189 miscricordiam
1209 4132 1413 4204 jugiter
1434 4133 1648 4188 valeant
1691 4150 1883 4189 exora-

290 4235 371 4274 re.
425 4220 560 4287 Quia
616 4237 714 4277 nos
757 4238 856 4292 pro
900 4222 995 4277 Dei
1044 4238 1265 4289 amore,
1308 4224 1389 4277 Vel
1434 4240 1533 4295 pro
1580 4227 1881 4281 reverentia

290 4312 534 4381 ipsorum
607 4321 919 4369 sanctorum
992 4324 1292 4387 martyrum
1322 4358 1337 4383 ,
1419 4326 1476 4372 et
1537 4319 1880 4388 adipiscenda

289 4403 402 4457 vita
454 4411 693 4469 aeterna,
763 4404 865 4460 hoc
902 4405 1223 4462 beneﬁcium
1279 4409 1346 4463 ad
1393 4408 1570 4479 ipsum
1628 4421 1875 4466 sanctum

292 4495 508 4560 locum,
565 4495 648 4552 vel
690 4496 757 4550 ad
808 4497 981 4566 ipsum
1034 4500 1422 4555 monasterium
1452 4541 1466 4565 ,
1513 4516 1610 4570 per
1654 4515 1878 4556 consen-

286 4602 410 4641 sum
458 4587 807 4657 pontiﬁcum,
855 4590 1208 4659 optimatum,
1264 4592 1553 4646 illustrium
1608 4593 1877 4655 virorum,

291 4690 599 4738 nostrorum
645 4699 965 4752 procerum,
1008 4687 1316 4755 gratissimo
1350 4688 1531 4742 animo
1577 4696 1632 4742 ct
1675 4689 1881 4760 integra

291 4772 577 4828 devotione
604 4772 704 4829 visi
732 4772 932 4829 fuimus
958 4776 1274 4845 praestitisse
1308 4777 1393 4833 vel
1423 4780 1755 4833 concessisse
1773 4820 1787 4844 ,
1817 4795 1883 4834 eo

291 4861 501 4917 scilicet
536 4863 749 4928 ordine,
780 4872 841 4918 ut
867 4864 1009 4919 sicut
1032 4873 1273 4935 tempore
1310 4870 1645 4924 anteriorem
1693 4887 1878 4941 regum

289 4950 489 5009 ibidem
516 4954 572 5008 in
603 4954 719 5023 ipsa
745 4963 934 5009 sancta
961 4955 1181 5011 basilica
1214 4958 1518 5026 psalencius
1552 4975 1650 5029 per
1677 4971 1883 5017 turmas

362 5134 390 5164 ι
414 5122 713 5178 Ediderunt
730 5123 973 5195 Felibien
997 5123 1229 5180 Histoire
1248 5125 1311 5179 de
1333 5124 1701 5195 Saint-Dcnys,
1724 5126 1884 5181 Pren-

291 5209 396 5256 πε,
417 5210 539 5263 pag.
564 5209 704 5260 xxx;
743 5194 1011 5276 Mabillon,
1037 5196 1205 5278 deﬂe
1225 5195 1499 5267 diplomat.
1534 5194 1730 5279 lib."_vi,
1754 5213 1874 5268 pag.

295 5263 419 5329 495,
455 5271 507 5335 et
543 5263 869 5333 Bouquetus,
912 5282 965 5319 in
1009 5266 1272 5335 Scriptor.
1318 5282 1424 5320 rer.
1474 5266 1875 5334 Francicarnm,

294 5344 425 5389 tom.
452 5334 516 5396 γ,
552 5349 674 5405 pag.
707 5334 830 5390 708.
859 5335 966 5391 Sed
1000 5353 1103 5390 non
1132 5334 1270 5393 satis
1292 5345 1499 5393 exacte.
1532 5336 1662 5390 llud
1697 5354 1879 5393 corn,-

292 5412 441 5458 ctum
470 5405 678 5469 damus,
707 5406 848 5460 sicut
870 5421 937 5461 ex
963 5407 1273 5465 authentico
1301 5407 1459 5464 nobis
1482 5409 1783 5463 transmisit
1811 5408 1873 5463 D.

294 5474 375 5545 lia
395 5473 636 5545 Fprcade
657 5491 819 5545 supra
842 5476 1108 5535 laudatus.

366 5544 394 5584 ι»
420 5543 684 5600 Fulradus
708 5543 934 5602 vocatur
958 5547 1362 5612 amabilissimus
1396 5547 1554 5602 abbas
1572 5589 1587 5612 ,
1634 5545 1878 5603 Francia:

293 5615 721 5688 archipresbyter,
745 5614 798 5670 in
833 5618 1055 5686 epistola
1081 5614 1300 5673 Adriani
1334 5633 1483 5688 papa:
1512 5617 1579 5672 ad
1609 5616 1877 5687 Tilpinum

294 5683 655 5742 Rhemensem
692 5683 1186 5760 archiepiscopum,
1227 5683 1529 5758 conscripta
1562 5683 1749 5744 versus
1776 5702 1874 5741 an-

1986 3225 2103 3278 vitii
2138 3225 2263 3278 totis
2288 3225 2493 3278 viribus
2524 3222 2728 3289 junctis
2758 3236 2864 3275 non
2900 3229 3116 3274 cessant
3156 3219 3486 3288 impendere.
3518 3218 3587 3272 Et

1986 3317 2106 3370 ideo
2141 3325 2286 3370 recte
2320 3330 2440 3369 esse
2470 3328 2783 3374 censemus,
2810 3320 2869 3365 ut
2905 3311 2997 3380 qui
3034 3310 3159 3365 talia
3187 3324 3443 3363 exercere
3481 3323 3581 3363 no-

1986 3415 2230 3470 scuntur,
2259 3413 2314 3459 et
2354 3405 2554 3458 nostris
2594 3402 2928 3472 temporibus
2958 3401 3120 3454 vitam
3152 3414 3340 3455 eorum
3379 3398 3581 3453 faciant

1983 3494 2262 3565 paciﬁcam
2293 3496 2508 3559 ducere,
2535 3502 2591 3547 et
2618 3491 2830 3555 futuris,
2859 3491 2981 3560 jure
3009 3490 3321 3545 ﬁrmissimo
3347 3504 3433 3553 ea,
3460 3504 3583 3558 qua:

1984 3602 2015 3641 a
2054 3586 2209 3641 nobis
2251 3601 2506 3641 concessa
2550 3594 2693 3648 sunt,
2732 3585 2936 3654 absque
2980 3584 3348 3654 inquietudine
3394 3582 3582 3637 liberis

1982 3678 2373 3748 potestatibus,
2421 3676 2637 3732 Christo
2682 3677 2930 3747 praesule,
2968 3676 3182 3731 valeant
3228 3675 3281 3729 in
3328 3674 3580 3729 omnibus

1983 3770 2284 3824 dominare.
2336 3770 2672 3840 Quapropter
2720 3770 2846 3823 dum
2892 3768 3136 3838 pluribus
3180 3767 3419 3822 noscitur
3459 3781 3580 3820 esse

1984 3870 2348 3931 compertum,
2387 3872 2652 3930 quatenus
2683 3860 2825 3916 ﬁdeli
2870 3860 2978 3915 Deo
3005 3859 3238 3930 propitio
3274 3866 3460 3913 nostro
3497 3864 3581 3911 at-

1983 3966 2089 4021 que
2136 3952 2254 4006 viro
2300 3952 2592 4007 venerabili
2640 3951 2872 4007 Fulrado
2915 3952 3193 4022 capellano
3235 3961 3420 4006 nostro
3464 3952 3581 4007 sive

1983 4045 2455 4116 archipresbytero
2485 4045 2513 4083 δ
2543 4051 2668 4099 ante
2707 4045 2804 4100 hos
2833 4045 2948 4100 dies
2976 4044 3281 4100 advenienti
3310 4058 3472 4099 causa
3500 4042 3581 4098 la-

1982 4133 2132 4188 boris
2159 4133 2468 4203 pacriculum
2496 4149 2632 4203 pene
2659 4134 2851 4188 mortis
2878 4142 3086 4188 constat
3108 4150 3230 4189 eum
3260 4132 3428 4188 luisse
3449 4147 3581 4188 con-

1982 4241 2200 4283 nexum.
2249 4226 2314 4278 Et
2356 4226 2475 4279 ideo
2508 4225 2726 4279 tradens
2765 4224 2918 4277 nobis
2947 4238 3033 4277 res
3065 4224 3409 4293 proprietatis
3442 4238 3572 4285 sum,

1982 4332 2119 4385 quas
2156 4316 2316 4369 homo
2346 4316 2560 4384 aliquus
2589 4314 2802 4369 nomine
2836 4312 2996 4367 Wido
3024 4325 3044 4351 ε
3078 4313 3252 4367 eidem
3291 4312 3570 4382 delegave-

1987 4416 2098 4471 rat,
2126 4417 2186 4460 ut
2210 4422 2310 4475 pro
2345 4406 2462 4474 ejus
2497 4407 2675 4460 anima
2708 4404 2850 4473 ipsas
2886 4418 2973 4458 res
3019 4403 3087 4457 ad
3116 4402 3232 4456 loca
3264 4410 3575 4456 sanctorum

1983 4499 2309 4555 conﬁrmare
2334 4498 2670 4552 deberemus.
2702 4495 2809 4549 Sed
2835 4496 2984 4564 quia,
3016 4493 3365 4548 subveniente
3394 4493 3574 4548 divina

1980 4587 2373 4651 misericordia,
2410 4588 2463 4641 in
2492 4586 2773 4657 pristinam
2801 4584 2976 4639 denuo
3010 4582 3292 4637 restitutus
3321 4590 3403 4636 est
3429 4583 3576 4637 sani-

1981 4690 2169 4747 tatem,
2198 4681 2486 4751 przedictas
2514 4680 2710 4735 iterum
2740 4692 2827 4732 res
2863 4678 3033 4748 ipsius
3070 4675 3300 4730 Fulrado
3326 4675 3423 4730 visi
3467 4675 3572 4751 fai-

1980 4792 2101 4831 mus
2139 4775 2455 4830 tradedisse.
2497 4773 2603 4829 Sed
2643 4788 2836 4827 verens
2866 4773 2980 4841 ipse
3005 4770 3161 4841 quasi
3208 4785 3305 4838 per
3338 4750 3570 4837 quodam

1987 4867 2245 4940 temporis
2273 4869 2513 4938 spacium
2541 4884 2637 4938 pro
2663 4865 2972 4937 cupiditatis
2997 4878 3181 4917 amore
3207 4862 3452 4916 homines
3478 4859 3576 4913 ali-

1988 4964 2078 5032 qui
2101 4964 2232 5032 ipsis
2250 4962 2522 5033 praedictis
2541 4962 2703 5017 rebus
2722 4973 3028 5030 requerere,
3051 4955 3134 5010 vel
3155 4970 3253 5024 pro
3275 4954 3387 5025 ipsa
3408 4967 3570 5007 causa

1987 5153 2115 5193 num
2164 5137 2285 5198 775.
2332 5138 2471 5208 apud
2517 5136 2904 5208 Flodoardum,
2949 5134 3002 5187 in
3026 5130 3283 5208 ΔΗίερρνίιι
3328 5129 3570 5208 ecclesiae

1987 5197 2309 5264 Rhemensis
2326 5250 2342 5275 ,
2364 5197 2475 5263 llih.
2520 5225 2580 5273 ll,
2609 5223 2727 5277 cap.
2753 5207 2845 5277 i7.
2872 5197 3120 5277 Appellat
3144 5202 3294 5277 illum
3324 5197 3566 5269 Capella-

1989 5296 2112 5335 num
2148 5271 2338 5348 palatii
2366 5279 2448 5332 sui
2484 5271 2708 5334 Carolus
2748 5271 2987 5348 Magnus,
3031 5275 3085 5348 in
3110 5271 3422 5348 _(_iip|_(_)_mate
3468 5284 3569 5348 pro

1984 5341 2313 5431 monasterio
2341 5348 2621 5431 Salonepsi
2648 5347 2773 5401 anni
2796 5341 2922 5410 777,
2946 5346 3086 5415 apud
3110 5341 3469 5405 Mabillonem,
3501 5341 3568 5395 dc

1980 5419 2062 5474 Re
2095 5419 2315 5541 diplom.
2340 5434 2461 5490 pag.
2492 5419 2614 5491 499.
3259 5484 3270 5497 ι

2002 5560 2014 5565 _
2056 5502 2078 5529 ο
2111 5490 2145 5565 ﬁ
2187 5490 2400 5565 idon_er_n
2430 5498 2698 5565 potentem
2722 5487 3014 5565 multorum
3034 5486 3088 5540 in
3102 5484 3306 5565 Alsatia
3324 5483 3564 5565 locorum

1983 5559 2257 5613 dominum
2298 5554 2464 5613 fuisse
2505 5560 2696 5629 probat
2740 5556 3117 5631 Schoepflinus,
3157 5555 3326 5610 Alsat.
3367 5554 3563 5609 illustr.

1985 5636 2111 5682 tom.
2140 5628 2182 5694 l,
2207 5643 2331 5700 pag.
2358 5628 2481 5683 667.
