4018 6174
495 283 628 342 1571

1499 272 1769 330 δέΕΕυιΙ
1808 271 1917 327 Vlll
1959 271 2391 329 MONUMENTA
2434 272 2771 332 SELECTA.

491 400 540 453 ei
570 393 892 452 calumniam
916 406 1176 462 generare
1217 390 1505 454 deberent;
1552 387 1755 442 idcirco
1789 385 1941 456 petiit
1978 385 2090 441 cel—
2120 397 2167 449 Α

3644 278 3760 336 15ἳῖ

2939 384 3052 439 XL.

491 486 779 543 situdinem
805 491 1064 543 nostram,
1091 490 1151 535 ιιι
1174 495 1276 552 pro
1302 479 1418 551 ipsa
1448 479 1738 534 traditione
1772 478 1826 532 in
1854 478 2087 547 idipsum
2193 474 2516 548 Pra’ccptum
2554 476 2929 552 Carolgmdnni
2960 477 3116 552 regis,
3150 476 3334 552 fratris
3369 475 3550 531 Caroli
3582 476 3759 552 Magni,

494 583 735 630 nostram
779 571 1194 644 praeceptionem
1225 570 1548 625 deberemus
1585 568 1911 639 generaliter
1949 583 2083 625 con-

493 664 740 726 firmare;
774 662 916 732 quod
949 670 1002 716 et
1031 675 1130 715 nos
1154 667 1402 730 gratante
1424 659 1605 713 animo
1630 659 1700 712 ita
1734 658 2079 727 przestetisse,

491 753 575 807 vel
602 752 655 807 in
679 752 932 807 omnibus
957 748 1307 804 conﬁrmasse
1337 748 1663 819 cognoscite.
1703 746 2083 817 Pnacipientes

490 845 635 910 enim
663 853 721 899 ut
746 833 1035 913 praedictus
1070 840 1155 893 vir
1182 840 1503 894 venerabilis
1544 838 1809 892 Fulradus
1833 838 2079 908 Capella-

492 951 595 990 nus
619 940 803 987 noster
841 932 984 1001 ipsas
1012 945 1116 991 res,
1155 944 1291 997 quas
1326 938 1656 983 memoratus
1687 928 1844 982 Wido
1877 929 1926 982 ci
1963 936 2078 983 tra-

489 1023 643 1088 didit,
676 1022 729 1077 id
752 1029 855 1087 est,
887 1020 1171 1076 Ghosmari
1199 1032 1247 1083 ει,
1276 1018 1688 1074 Audaldovilare
1726 1020 1773 1082 ιι,
1818 1018 2081 1074 Ansulﬁs-

487 1116 634 1171 hnim
658 1125 704 1179 π,
738 1113 940 1169 Suntor
962 1112 1009 1176 ἀ,
1042 1111 1392 1168 Grucinhaim
1426 1124 1471 1177 θ,
1505 1112 1765 1167 Ratberto
1801 1112 2004 1166 V'illare
2030 1111 2074 1175 τ,

484 1206 568 1259 vel
594 1206 849 1278 quicquid
870 1222 971 1277 per
998 1206 1167 1275 ipsius
1191 1204 1423 1260 Fulrado
1452 1206 1694 1276 precaria
1732 1208 1756 1245 ε
1786 1208 2077 1275 praedictus

485 1298 645 1354 Wido
670 1299 959 1369 possedere
988 1298 1218 1363 videtur,
1249 1298 1391 1369 quod
1416 1298 1571 1353 nobis
1601 1297 1867 1352 Fulradus
1892 1297 2077 1352 trade-

482 1388 580 1451 dit,
614 1404 737 1443 cum
763 1388 909 1444 omni
937 1389 1267 1459 integritate,
1302 1397 1409 1443 tam
1436 1389 1615 1454 terris,
1647 1389 1911 1451 domibus,
1946 1388 2077 1443 tudi-

481 1480 639 1544 ﬁciis,
684 1479 991 1543 accolahus,
1030 1479 1337 1550 mancipiis,
1373 1478 1564 1544 vineis,
1619 1477 1788 1536 silvis.
1844 1478 2071 1548 campis,

481 1573 668 1641 pratis,
700 1571 935 1641 pascuis,
962 1571 1138 1641 aquis,
1168 1584 1498 1641 aquarumvc
1521 1569 1857 1632 decursibus,
1895 1568 2072 1622 mobi-

481 1661 618 1718 libus
637 1670 691 1717 et
710 1661 1094 1726 immobilibus,
1109 1660 1366 1732 pecuniis,
1383 1659 1607 1730 peculiis
1621 1660 1901 1729 utriusque
1912 1674 2074 1714 sexus

2254 563 2356 617 quo
2373 547 2683 601 monasterii
2710 547 3025 617 Dionysiani
3052 547 3409 617 immunitates
3438 557 3486 601 ct
3517 566 3549 601 a
3573 547 3762 606 teloneii

2254 618 2629 687 exemptionem
2678 617 2917 671 omnibus
2956 616 3026 669 ad
3075 616 3407 685 festivitatem
3450 633 3543 671 seu
3586 634 3762 674 nterm-

2254 688 2560 827 tztg‘r’t)aancti
2594 686 2836 758 Dionysii
2860 703 3151 740 concurren
3177 687 3295 740 ibus
3322 687 3602 756 conﬁrmat
3629 689 3758 759 (ean.

2513 848 2609 912 (Ex
2635 848 2843 909 Mabill.,
2862 848 2928 898 de
2945 848 3022 897 lle
3048 846 3402 910 diplomatica.)

2250 952 2679 1007 Carolomannus
2712 966 2807 1006 rex
2836 949 3173 1006 Francorum
3203 951 3289 1005 vir
3314 951 3563 1006 inluster.
3598 952 3757 1009 Omni-

2180 1043 2281 1097 bus
2320 1042 2609 1113 episcopis,
2638 1042 2946 1105 abbatibus,
2978 1042 3224 1107 ducibus,
3255 1043 3567 1107 comitibus,
3593 1046 3755 1103 domo.

2177 1134 2350 1197 sticis,
2374 1133 2625 1197 vecariis,
2655 1132 3018 1195 centenariis,
3048 1132 3133 1187 vel
3160 1147 3355 1188 otnnes
3389 1143 3629 1202 agentes,
3663 1144 3754 1190 tam

2179 1227 2555 1297 praesentibus,
2592 1240 2753 1295 quam
2787 1235 2842 1278 et
2872 1224 3093 1289 futuris,
3132 1240 3229 1280 seu
3264 1234 3321 1279 et
3361 1241 3550 1281 omnes
3584 1228 3754 1282 missus

2179 1325 2394 1370 nostros
2421 1316 2620 1384 ubique
2652 1315 3039 1370 discurrentes.
3069 1314 3238 1386 Igitur
3258 1325 3549 1385 cognoscat
3575 1318 3752 1375 utilitas

2178 1420 2272 1461 seu
2300 1405 2610 1477 magnitudo
2634 1415 2839 1471 vestra,
2882 1407 3010 1475 quia
3047 1404 3134 1459 vir
3157 1407 3489 1461 venerabilis
3510 1407 3750 1466 Fulradus

2177 1499 2315 1554 abba
2346 1498 2414 1554 de
2438 1498 2659 1554 basilica
2684 1498 2973 1568 peculiaris
3003 1498 3220 1568 patroni
3251 1498 3425 1553 nostri
3452 1499 3612 1555 sancti
3636 1499 3746 1557 Dio-

2177 1590 2323 1656 nisii,
2354 1590 2445 1645 ubi
2482 1591 2597 1659 ipse
2633 1589 2905 1659 pretiosus
2952 1588 3185 1644 domnus
3211 1590 3266 1644 in
3294 1604 3523 1661 corpore
3553 1591 3745 1660 requie.

2177 1696 2329 1737 scere
2355 1681 2589 1745 videtur,
2615 1681 2700 1735 vel
2736 1680 2848 1750 ipse
2876 1680 3016 1736 abba
3038 1696 3147 1736 una
3176 1695 3302 1736 cum
3336 1691 3507 1737 turma
3534 1682 3744 1752 piorum

479 1749 660 1820 gregis
692 1765 816 1804 cum
841 1749 1163 1843 pastoribus,
1190 1748 1273 1802 vel
1310 1748 1455 1843 omni
1485 1746 1870 1818 suppellectile,
1897 1763 2070 1843 quan-
2108 1752 2151 1812 Β
2178 1772 2566 1827 monachorum
2604 1770 2660 1826 in
2706 1746 2824 1841 ip'so
2864 1772 3114 1828 ρωποι)ίο
3138 1773 3399 1843 degerem
3426 1746 3648 1837 vim,
3672 1775 3746 1830 ττι

481 1850 828 1909 truncumque
860 1840 924 1893 de
966 1849 1220 1908 paterno,
1250 1837 1334 1891 vel
1364 1836 1430 1892 de
1475 1847 1747 1902 materno,
1777 1852 1869 1892 seu
1902 1837 2072 1891 unde-

476 1946 709 2001 cumque
758 1931 826 1984 ab
882 1930 998 2000 ipso
1018 1922 1268 1983 ‘Widone
1314 1927 1554 1999 legitimo
1602 1928 1789 1982 ordine
1832 1926 2075 1981 noscitur

476 2023 790 2092 pervenire,
820 2019 1072 2091 quicquid
1105 2020 1160 2075 in
1199 2019 1490 2075 Alsacense
1515 2026 1569 2074 et
1599 2019 1651 2073 in
1692 2017 2072 2088 Mordenaugia

476 2115 678 2169 habere
704 2114 849 2169 visus
871 2122 983 2178 est;
1009 2122 1177 2167 totum
1202 2120 1257 2166 et
1280 2112 1346 2165 ad
1371 2111 1660 2181 integrum,
1683 2111 1828 2180 quod
1852 2109 1904 2164 in
1928 2110 2073 2180 ipsos

474 2224 642 2281 pagos
667 2225 762 2264 sua
793 2207 893 2263 fuit
914 2207 1214 2279 possessio,
1242 2214 1295 2260 et
1326 2204 1559 2260 Fulrado
1589 2203 1840 2266 tradedit,
1870 2212 1925 2259 et
1958 2204 2075 2273 ipse

475 2301 652 2365 nobis,
678 2308 740 2354 ut
767 2314 930 2369 supra
957 2298 1206 2359 diximus,
1257 2297 1308 2350 in
1336 2283 1435 2352 sua
1474 2295 1788 2349 inﬁrmitate
1818 2292 2069 2355 tradealit,

475 2396 639 2459 atque
666 2402 765 2443 nos
791 2389 966 2442 denuo
997 2386 1165 2456 ipsius
1204 2384 1439 2440 Fulrado
1478 2383 1841 2448 tradcdimus;
1869 2382 1939 2437 ab
1968 2383 2071 2437 hac

475 2480 564 2533 die
591 2494 659 2533 ex
688 2487 870 2534 nostra
894 2476 1261 2532 muniﬁcentia
1289 2476 1564 2532 licentiam
1594 2474 1792 2529 habeat
1817 2473 2071 2543 deinceps

475 2568 621 2639 ipsas
658 2584 745 2623 res
773 2567 1027 2633 habendi,
1060 2567 1299 2631 tenendi,
1332 2565 1515 2631 dandi,
1540 2563 1814 2627 vindenzli,
1845 2577 2070 2617 conmu-

475 2658 655 2722 tandi;
690 2658 856 2711 etiam
880 2657 967 2711 vel
994 2656 1039 2711 si
1074 2671 1173 2727 pro
1199 2654 1400 2711 Christi
1433 2667 1621 2709 amore
1652 2665 1708 2707 et
1738 2668 1847 2708 sua:
1874 2654 2069 2707 auium

473 2746 776 2801 remedium
805 2746 951 2815 ipsas
979 2760 1068 2801 res
1091 2746 1161 2800 ad
1188 2745 1305 2800 loca
1329 2744 1657 2800 Sanctorum
1685 2742 1936 2814 delegare
1968 2756 2065 2795 vo-

474 2834 653 2898 luerit,
695 2833 1019 2902 ubicumque
1055 2833 1105 2889 ei
1144 2834 1282 2888 bene
1326 2833 1587 2902 placitum
1624 2830 1806 2898 fuerit,
1846 2847 1912 2903 ex
1943 2847 2069 2901 pcr—

474 2926 641 2981 Inisso
666 2934 852 2980 nostro
884 2926 1087 2994 absque
1120 2925 1283 2979 ullius
1312 2922 1513 2992 judicis
1540 2923 1624 2978 vel
1655 2922 1769 2978 ﬁsci
1797 2924 2067 2994 inquietu-

473 3014 622 3080 dine,
642 3014 757 3069 sive
780 3024 937 3069 extra
962 3014 1130 3084 ipsius
1160 3013 1387 3069 Widoue
1413 3013 1654 3069 haeredes
1679 3012 2061 3085 rcfragatione,

474 3104 701 3160 liberam
747 3119 812 3159 ac
857 3103 1223 3159 ﬁrmissimam
1269 3104 1323 3160 in
1359 3104 1609 3160 omnibus
1646 3104 1714 3159 de
1743 3103 1875 3173 ipsis
1905 3106 2067 3162 rebus
2093 3100 2140 3165 C

470 3196 653 3253 habiat
677 3204 1000 3266 potestatem
1038 3195 1270 3252 faciendi
1311 3195 1567 3266 quiequid
1606 3194 1855 3251 voluerit.
1891 3194 2066 3262 Quam

472 3302 600 3343 vero
630 3287 1032 3352 auctoritatem,
1060 3293 1121 3341 ut
1148 3285 1355 3341 ﬁrmior
1382 3285 1669 3353 habeatur,
1696 3285 1780 3341 vel
1805 3301 1902 3355 per
1929 3294 2069 3342 tem-

471 3394 600 3450 pora
630 3376 818 3432 melius
841 3386 1214 3440 conservetur,
1252 3378 1436 3432 subter
1462 3392 1583 3433 eam
1611 3376 1964 3443 ﬁrmavimus,
1980 3376 2066 3433 vel

471 3470 540 3526 de
577 3469 777 3524 annulo
805 3478 992 3524 nostro
1024 3468 1396 3540 sigillavimus.

540 3581 765 3652 Signum
786 3582 825 3651 -ι-
845 3581 1071 3651 Pippino
1096 3580 1483 3653 gloriosissimo
1501 3595 1642 3653 rege.
1665 3580 1901 3636 Hiterius
1917 3596 2064 3637 reco-

470 3676 654 3747 gnovit
681 3684 735 3731 et
763 3676 1080 3745 subscripsit
1107 3675 1159 3728 ιι.

541 3787 672 3841 Data
691 3802 829 3841 nono
852 3785 1117 3839 Kalendas
1131 3783 1380 3839 Octobris
1396 3798 1536 3837 anno
1561 3783 1624 3837 Π
1645 3784 1791 3852 regni
1816 3783 1984 3838 nostri
2016 3784 2060 3837 ί.

470 3877 662 3934 Actum
692 3877 744 3930 in
774 3880 889 3945 ipso
918 3875 1247 3929 monasterio
1274 3874 1444 3929 sancti
1477 3874 1734 3944 Dionysii.

535 4122 565 4151 ι
590 4107 909 4173 Ghosmari,
939 4114 1165 4162 vocatus
1193 4106 1248 4161 in
1288 4113 1613 4161 testamento
1645 4104 1863 4160 Fulradi
1899 4103 2058 4161 Guir-

467 4181 625 4239 mari,
649 4188 734 4235 est
760 4180 921 4234 hodie
947 4177 1259 4248 oppidulum
1287 4176 1485 4248 Gennar
1512 4176 1674 4231 situm
1696 4177 1750 4231 in
1778 4175 1862 4230 via
1886 4177 2053 4247 regia,

464 4269 588 4324 qua:
599 4249 920 4324 Selestadio
936 4246 1262 4324 Colmariam
1293 4246 1459 4324 ducit.
1535 4315 1548 4324 _
1562 4288 1575 4301 .

540 4322 567 4362 ι)
598 4320 766 4402 Hodie
800 4318 1202 4402 oppidulumjn
1235 4315 1605 4402 Letharingia,
1632 4316 1777 4402 quod
1814 4332 1843 4371 a
1880 4316 2053 4402 sancti

468 4390 737 4469 liippolvti
787 4386 1039 4469 reliquiis
1080 4388 1279 4469 dicitur
1339 4386 1810 4469 Saintéyippolyte
1830 4428 1851 4469 ε
1892 4387 2053 4469 vulgo

469 4444 764 4523 snio—Bm,
794 4460 862 4515 de
886 4444 996 4530 quo
1025 4458 1144 4530 lege
1165 4458 1483 4522 Calmetum,
1519 4444 1707 4511 Notice
1727 4444 1801 4512 He
1832 4444 1885 4512 ια
1917 4444 2049 4512 Loi—
2082 4444 2133 4505 ι)

467 4532 635 4601 tuine,
666 4541 796 4601 tom.
821 4529 860 4594 l,
885 4528 1008 4601 pag.
1033 4528 1157 4582 572.

538 4611 562 4639 ο
596 4596 1005 4665 Ansulﬁsheini,
1053 4598 1196 4669 quod
1242 4604 1635 4669 testamentum
1668 4596 2052 4669 Fulradianum

352 4650 357 4653 ’
463 4650 1090 4733 νορεὶῖηέὖιέὲέίἷέίῖηῗ
1100 4650 1206 4722 ἧὸῆ
1240 4650 1699 4737 afﬁnitas...
1724 4650 2054 4737 pedamen:

465 4741 731 4805 mariam,
779 4749 841 4795 ut
893 4740 1188 4794 arbitratur
1239 4737 1624 4808 Schoepﬁinus,
1668 4736 1837 4808 Alsat.
1886 4739 2047 4795 illust.

468 4819 598 4864 tom.
622 4811 661 4874 Ι,
688 4826 810 4880 pag.
836 4810 957 4864 7l5.
982 4808 1090 4880 Sed
1110 4809 1261 4864 vicus
1288 4806 1766 4880 Ane'schaim,_sive
1795 4807 2052 4880 Enshcim

466 4881 677 4963 bihorio
691 4877 742 4934 Ἀ
752 4877 995 4963 rgentina
1016 4878 1239 4963 distans,
1270 4878 1613 4963 adndontinos
1636 4877 1865 4963 lora
1888 4878 2050 4962 l’lob-

464 4952 636 5005 διιείιη
662 4947 959 5035 minsas.
986 4948 1426 5035 antiquum“?!
1461 4947 2052 5035 omnem»

462 5036 588 5075 cum
628 5017 799 5075 sancti
834 5018 1103 5089 Hippolyti
1131 5017 1335 5089 ’oppido
1373 5019 1610 5089 feudum.
1636 5017 1829 5071 Exstat
1863 5019 1914 5072 in
1946 5017 2051 5073 En-

462 5087 917 5172 sbeinLcuriaad
940 5087 1622 5172 hospitale—Argentinense
1646 5097 1915 5158 spectans,
1949 5090 2047 5143 ho-

463 5160 551 5215 die
575 5162 751 5217 adhuc
779 5162 922 5215 dicta
948 5158 1099 5215 curia
1126 5160 1298 5229 sancti
1314 5158 1585 5229 Dionysii.

531 5230 558 5268 ἀ
590 5229 812 5296 Suntor,
844 5246 1004 5300 quem
1038 5228 1305 5300 Fulradus
1331 5229 1395 5300 in
1418 5228 1742 5300 testamento
1770 5243 1867 5300 suo
1884 5237 2051 5300 vocat

464 5296 877 5369 Scaserisheim,
905 5309 992 5355 est
1014 5300 1166 5355 vicus
1195 5297 1627 5355 Schicﬂ'ersheim
1660 5299 2049 5369 prope‘Erstei-

464 5367 632 5446 nium,
648 5373 925 5452 pertinens
940 5370 1006 5425 ad
1021 5371 1330 5440 episcopum
1345 5365 2048 5492 Argzentinensem..Sch(ep-

463 5435 643 5495 ﬁmus.
672 5441 841 5495 Alsat.
870 5440 1035 5495 ullust.
1069 5449 1196 5495 tom.
1216 5439 1262 5495 l.
1290 5455 1411 5495 nan.
1472 5440 1562 5495 33.
1586 5437 1787 5494 Suntor
1816 5448 2047 5495 mtenre-

628 5478 643 5501 ,
672 5455 841 5495 Alsal.
870 5455 1035 5495 must.
1069 5455 1196 5496 tom.
1221 5455 1262 5506 ι,
1290 5455 1411 5506 pag.
1447 5455 1562 5504 too,
1586 5455 1787 5494 Suntor
1816 5456 1831 5493 ι

465 5454 643 5501 mnus,
672 5454 841 5495 Alsal.
870 5454 1035 5495 utuSt.
1069 5454 1196 5496 tom.
1221 5454 1262 5506 ι,
1290 5455 1411 5510 pag.
1440 5454 1562 5504 too,
1586 5454 1787 5494 δυηιοι·
1816 5454 2047 5509 ιηιρρνρ·

465 5512 608 5579 tatur
632 5507 965 5579 Sundhol'en,
991 5510 1084 5579 qui
1113 5520 1198 5566 est
1218 5511 1370 5565 vicus
1392 5509 1556 5566 leuca:
1585 5508 1757 5579 spatio
1776 5508 2047 5564 Colmaria

464 5574 685 5651 distans.
715 5578 820 5633 Sed
841 5574 1199 5651 praeterquam
1228 5581 1372 5650 quod
1400 5574 1628 5651 ipsemet
1642 5579 1840 5651 alleget
1865 5594 2047 5634 exem-

463 5642 715 5719 pla_tunc
748 5642 1006 5719 temporis
1039 5642 1139 5705 nec
1181 5642 1356 5704 locum
1404 5642 1891 5713 Sundhol‘enfnec
1929 5651 2046 5719 ejus

461 5713 699 5770 decimas
730 5713 1055 5786 pertinuisse
1081 5719 1148 5772 ad
1171 5719 1481 5786 Fulradum,
1513 5719 1669 5788 hujus
1699 5719 1932 5776 nominis
1957 5713 2040 5775 in-

2173 1863 2449 1918 dominum
2478 1862 2710 1918 militare
2746 1873 3073 1930 noscuntur;
3108 1864 3273 1919 missa
3317 1866 3576 1935 petitione
3612 1866 3747 1921 nobis

2173 1962 2576 2025 suggesserunt,
2601 1969 2668 2009 eo
2691 1955 2835 2024 quod
2862 1956 3018 2010 bona:
3044 1955 3326 2012 memoria:
3350 1956 3582 2013 domnus
3607 1966 3657 2012 et
3672 1973 3747 2029 ge-

2173 2049 2317 2103 nitor
2343 2048 2602 2120 Pippinus
2625 2047 2896 2117 quondam
2921 2063 3037 2113 rex,
3066 2047 3150 2103 vel
3177 2048 3347 2103 ceteri
3373 2058 3742 2111 antecessoies,

2171 2139 2263 2209 qui
2290 2146 2419 2194 ante
2442 2139 2616 2209 ipsum
2639 2138 2721 2194 vel
2746 2153 2848 2193 nos
2864 2137 3225 2210 gubernacula
3254 2139 3402 2209 regni
3432 2138 3745 2196 Francorum

2174 2239 2480 2297 tenuerunt,
2521 2245 2619 2301 per
2644 2245 2834 2286 eorum
2870 2229 3106 2287 oraculis
3131 2245 3431 2299 eorumque
3462 2246 3652 2285 manu
3675 2249 3745 2284 ro-

2171 2323 2389 2377 boratas
2418 2322 2524 2377 tale
2549 2322 2873 2377 beneﬁcium
2910 2321 2979 2375 ad
3015 2336 3142 2376 casa
3173 2321 3348 2375 sancti
3377 2321 3602 2377 Dionisii
3630 2338 3743 2376 con-

2169 2421 2451 2469 cesserunt
2476 2411 2612 2468 infra
2637 2428 2774 2484 pago
2793 2412 3090 2483 l'arisiago,
3114 2412 3184 2467 de
3208 2411 3301 2466 illa
3329 2412 3620 2468 festivitate
3638 2428 3745 2467 san-

2168 2504 2241 2560 cti
2271 2504 2497 2561 Dionisii
2524 2505 2774 2575 patronis.
2802 2504 2990 2565 nostri,
3028 2504 3081 2558 in
3108 2503 3162 2558 id
3193 2503 3333 2574 ipso,
3362 2520 3458 2559 seu
3486 2519 3583 2574 per
3607 2505 3742 2558 villa-

2169 2596 2285 2654 bus.
2319 2595 2404 2650 vel
2432 2609 2529 2666 per
2561 2610 2743 2666 agros,
2770 2603 2880 2648 tam
2921 2593 3142 2661 ibidem,
3168 2608 3336 2664 quam
3375 2602 3433 2649 et
3462 2594 3648 2648 alicubi
3681 2592 3743 2646 ad

2169 2687 2560 2757 negociandum
2602 2686 2687 2741 vel
2732 2686 2951 2757 negocia
2985 2685 3217 2756 plurima
3260 2685 3637 2748 exercendum,
3668 2685 3744 2741 vel

2171 2777 2293 2832 vina
2317 2777 2737 2848 commrandum
2771 2778 2824 2831 in
2865 2786 3055 2847 portus
3074 2784 3127 2832 et
3157 2791 3257 2847 per
3279 2777 3496 2832 diversa
3526 2777 3741 2841 ﬂumina,

2167 2868 2259 2938 qui
2282 2868 2349 2922 ad
2372 2867 2486 2939 ipsa
2513 2866 2804 2924 festivitate
2827 2868 3146 2923 advenerim
3167 2884 3184 2922 :
3207 2878 3266 2923 ut
3284 2868 3401 2938 ipse
3424 2870 3674 2925 telloncos
3696 2871 3741 2924 in

2168 2959 2378 3030 integra
2409 2959 2476 3015 de
2503 2959 2619 3031 ipsa
2644 2960 2762 3015 vice
2784 2962 2850 3014 ad
2875 2976 3001 3016 casa
3021 2962 3193 3016 sancti
3215 2960 3444 3017 Dionisii
3468 2962 3601 3017 intra
3624 2976 3744 3032 page

2168 3053 2445 3124 Parisiago
2469 3053 2858 3109 concessissent
2877 3052 2959 3108 vel
2984 3053 3399 3109 conﬁrmassent
3423 3056 3527 3109 sub
3545 3055 3745 3124 integri-

2172 3153 2299 3200 tate.
2323 3144 2478 3201 Unde
2505 3153 2562 3200 et
2588 3146 2733 3215 ipsas
2756 3145 3147 3216 praeceptiones
3170 3146 3572 3215 pradietorum,
3594 3156 3646 3201 et
3662 3145 3742 3213 ju-

2168 3235 2391 3290 dieiaria
2407 3250 2503 3290 seu
2528 3244 2583 3290 et
2606 3235 3044 3291 conﬁrmationes
3070 3235 3407 3292 anteriorum
3434 3251 3615 3306 regum
3629 3236 3741 3305 (sic-

2167 3334 2228 3382 ut
2255 3327 2506 3398 superius
2535 3328 2794 3383 insertum
2829 3326 2937 3399 est)
2967 3327 3123 3383 nobis
3162 3328 3217 3383 in
3248 3338 3511 3399 prasente
3547 3326 3742 3383 obtule-

2166 3429 2296 3475 runt
2342 3420 2410 3475 ad
2463 3419 2776 3492 relegendas
2824 3438 2838 3474 :
2892 3421 3122 3477 relectas
3176 3429 3233 3477 et
3273 3436 3552 3492 percursas
3604 3420 3740 3487 ipsas

2165 3514 2554 3585 praeceptiones
2582 3530 2675 3569 seu
2714 3523 2772 3569 et
2799 3514 3269 3579 contirmationes,
3306 3513 3385 3568 vel
3427 3512 3512 3566 illa
3531 3510 3736 3579 judicio

2163 3602 2470 3659 evindicato
2499 3604 2640 3673 quod
2680 3605 2835 3659 bona:
2875 3604 3155 3660 memorias
3189 3606 3384 3660 domno
3414 3610 3467 3656 et
3500 3601 3736 3673 geniem

2162 3692 2388 3764 Pippino
2422 3697 2692 3765 quondam
2740 3710 2890 3767 rege,
2936 3694 3022 3751 vel
3061 3695 3431 3761 Cbildebcrto,
3464 3699 3741 3749 καθα

2161 3786 2474 3844 Grimoaldo
2500 3787 2764 3858 majorum
2791 3790 2969 3852 domo,
2994 3803 3155 3858 quem
3184 3794 3408 3859 agentes
3426 3788 3598 3842 sancti
3622 3786 3734 3841 Dio-

2162 3879 2284 3934 nisii
2316 3894 2481 3950 super
2513 3887 2734 3951 agentes
2768 3880 3100 3935 anteriorum
3128 3879 3373 3950 judieum
3410 3879 3738 3935 evindicavc-

2164 3978 2306 4034 runt,
2337 3970 2480 4040 ipsos
2516 3970 2670 4025 nobis
2702 3970 3014 4025 obtulerunt
3041 3972 3109 4027 ad
3143 3971 3512 4043 relegendum.
3554 3970 3612 4024 Et
3649 3985 3733 4040 po-

2161 4110 2369 4172 terpres
2392 4112 2476 4157 est
2504 4103 2677 4174 ipsum
2702 4105 2829 4159 anni
2852 4103 2952 4157 777
2981 4114 3364 4161 testamentum
3392 4105 3628 4165 Fulradi.
3653 4104 3734 4174 qui

2158 4186 2485 4227 enumerans
2513 4173 2628 4227 loca
2661 4191 2690 4229 a
2719 4174 2947 4229 Widone
2975 4175 3074 4230 sibi
3100 4178 3299 4231 tradita
3330 4193 3437 4231 non
3461 4177 3593 4232 dicit
3615 4173 3734 4230 Sun-

2158 4250 2263 4306 tor,
2289 4245 2382 4299 sed
2407 4242 2818 4299 Scaserishaim.

2231 4324 2254 4351 °
2278 4312 2660 4378 Grusenheim,
2702 4316 2855 4370 vicus
2894 4315 3037 4370 inter
3071 4316 3323 4374 Rhenum
3364 4326 3424 4375 et
3463 4318 3628 4373 Ellum
3666 4316 3727 4371 ad

2157 4381 2642 4454 Rathsamhausios
2669 4393 2937 4454 spectans.

2233 4450 2251 4538 ξ
2284 4454 2452 4509 Hodie
2487 4450 2930 4538 Rappol'svveiler,
2963 4456 3164 4514 Gallice
3203 4457 3556 4524 Ribcauvillé,
3589 4456 3729 4527 oppi-

2158 4522 2343 4579 dulum
2370 4522 2665 4594 superioris
2688 4526 2926 4581 Alsatiae.

2229 4597 2254 4634 ⁸
2281 4595 2539 4668 Chartam
2563 4597 2862 4668 precariam
2894 4596 3032 4652 infra
3059 4598 3460 4668 explicabimus
3482 4615 3627 4654 num.
3651 4597 3734 4663 49,

2155 4664 2388 4751 intnp'ti‘s‘
2423 4666 3005 4751 testamentiﬁemigii.
3035 4664 3737 4751 epiécppiArgentinensis.
3845 4707 3849 4713 ν

2223 4735 2250 4774 ιι
2282 4733 2570 4819 ΗὶιιιρνὶυξΔ
2606 4735 2815 4819 Pippini
2858 4733 3424 4819 archicanccllarius:
3448 4740 3597 4819 idem
3632 4739 3738 4819 olli-

2153 4804 2294 4858 cium
2317 4806 2578 4881 _exercuit
2612 4804 2928 4881 aliineunte
2968 4807 3144 4881 Caroli
3194 4809 3368 4880 Magni
3410 4811 3736 4881 principatu,

2154 4875 2617 4947 teste__Bouqueto,
2640 4887 2771 4947 tom.
2806 4878 2864 4936 ν.
2893 4893 3013 4947 pag.
3035 4878 3161 4932 695.

2230 4947 2244 4987 ί
2280 4944 2393 5001 Hoc
2417 4944 2651 5069 diploma
2677 4944 2910 5028 refertur
2929 4944 3363 5034 allabillonead
3385 4965 3603 5006 annum
3627 4950 3738 5012 767,

2230 5016 2430 5069 lmale.
2503 5032 2589 5069 am
2626 5034 2692 5069 ex
2736 5016 3028 5069 Ealnhardl
3076 5018 3395 5069 Annalnus-
3433 5022 3580 5069 annd
3618 5020 3738 5069 Briu-

2150 5017 2246 5071 sed
2273 5016 2430 5070 male.
2455 5016 2692 5092 Nam_ex
2736 5016 3028 5092 Eginbardi
3076 5018 3395 5092 Annalibus,
3433 5022 3580 5092 apud
3618 5020 3741 5092 lim-

2150 5093 2370 5156 quetum
2399 5094 2547 5175 tom;
2566 5086 2637 5175 νε
2654 5086 3021 5175 ρθξέβθρληεῑ
3044 5105 3127 5175 ἐξ
3155 5090 3277 5146 aliis
3315 5086 3744 5175 con§.'at__l‘ippi—

2150 5155 2278 5231 num
2304 5170 2487 5231 mense
2514 5155 2846 5231 septembris
2868 5157 2968 5211 767
2990 5158 3060 5231 ad
3080 5159 3377 5231 Garumna:
3418 5162 3574 5216 ﬂuvii
3616 5155 3743 5231 ripas

2150 5227 2206 5304 in
2248 5227 2509 5304 extremis
2544 5226 2848 5304 Aquitania
2890 5230 3196 5304 regionibus
3241 5230 3447 5304 bellum
3500 5226 3736 5304 gessi'me.

2150 5296 2565 5369 .Undegdiplolna
2596 5296 2725 5369 illud
2754 5313 2877 5369 cum
2916 5296 3194 5369 Bouqneto
3230 5296 3532 5358 referimus
3565 5305 3634 5358 ad
3661 5318 3742 5357 an-

2148 5366 2777 5456 999-Z§8:_T932c:29ie
2800 5366 3064 5456 Risum
3080 5372 3463 5456 egrotanti"
3501 5375 3738 5456 ίιικριηεν

2148 5439 2385 5511 nasterio
2407 5437 2577 5511 sancti
2595 5437 2869 5511 Dionysii,
2888 5437 3022 5494 teste
3049 5437 3319 5511 anonymo
3342 5437 3603 5511 chronici
3633 5442 3736 5495 Ρη»

2147 5507 2422 5583 degariani
2464 5507 2840 5583 continuatam
2862 5548 2907 5583 ,Α
2925 5510 3065 5583 apud
3099 5507 3350 5583 eumdem
3378 5510 3736 5583 Bouquetani,

2144 5578 2267 5648 pag.
2308 5578 2362 5641 9,
2378 5586 2447 5653 _e_t
2484 5578 3327 5653 obiit__ibidem24'Septembris
3367 5582 3463 5637 die
3504 5578 3737 5653 sequenti

2147 5647 2389 5702 concessi
2421 5648 2582 5718 hujus
2608 5647 2932 5718 diplomatis.
