4046 6172
332 325 472 380 15Ἱ3

1124 323 1385 390 PIPPINI,
1425 323 1916 380 CAROLOMANNI
1950 322 2040 380 ET
2077 323 2386 383 ALIORUM
2426 324 2838 382 DIPLOMATA.

3452 329 3479 384 l
3493 333 3599 388 ὅτι

331 448 447 493 stes
490 436 810 509 suggerebat
843 436 957 507 ipse
998 435 1284 504 Fulradus,
1324 439 1407 491 vel
1453 441 1697 495 monachi
1742 437 1915 495 sancti
1941 440 1994 501 Α
2019 436 2164 507 ipsas
2187 439 2560 509 pmceptionis
2585 439 2666 493 vel
2684 439 2919 508 judicius
2944 440 3279 498 evindicatus
3306 443 3374 498 ad
3403 445 3602 500 donum

332 527 578 593 Dionisii,
609 527 788 581 ethoc
815 526 1092 593 dicebant,
1124 534 1182 580 ut
1224 528 1297 582 illi
1341 530 1602 585 telloneos
1631 531 1700 585 de
1733 530 1825 586 illo
1856 531 1913 586 in

331 619 562 674 villabus
590 619 674 673 vel
698 634 856 689 agros
882 634 1087 682 eorum,
1118 626 1259 673 totus
1280 620 1482 690 absque
1501 621 1699 690 iudicis
1724 623 1915 679 introi-

334 717 448 763 tum
476 710 543 764 ad
566 724 689 764 casa
714 708 893 763 domui
922 708 1161 781 Dyonisii
1188 709 1375 765 adesse
1393 712 1642 779 debebat,
1666 725 1721 769 et
1742 728 1766 754 ι
1793 713 1917 769 Ful-

335 803 497 855 radus
522 801 660 855 abba
689 816 784 856 seu
814 801 1122 871 capellanus
1150 813 1331 857 noster
1347 801 1608 872 judicium
1644 807 1916 863 evindica—

335 897 448 943 tum
476 904 570 943 seu
609 897 665 942 et
685 888 1095 944 conﬁrmatione
1122 889 1319 945 domno
1356 899 1410 946 et
1446 894 1689 962 genitore
1731 903 1916 951 nostro

333 977 560 1048 Pippino
585 977 973 1048 gloriosissimo
1001 992 1127 1048 rege
1150 995 1247 1050 per
1272 982 1521 1037 manibus
1545 982 1748 1039 adserit
1772 991 1919 1040 retu-

333 1069 480 1133 lisse,
507 1067 592 1122 vel
625 1069 895 1139 quomodo
931 1084 962 1123 a
1004 1067 1164 1141 longo
1206 1079 1447 1141 tempore
1487 1089 1675 1142 regum
1717 1076 1917 1132 ibidem

334 1157 436 1211 fuit
458 1159 804 1221 consuetudo,
834 1158 919 1213 vel
946 1159 1013 1213 ad
1044 1159 1157 1231 ipsa
1185 1176 1311 1215 casa
1343 1161 1438 1216 Dei
1467 1163 1773 1235 integritate
1803 1167 1917 1238 ipse

336 1249 593 1304 telloneos
622 1248 721 1303 fuit
748 1264 1035 1306 concessus
1063 1251 1145 1305 vel
1167 1262 1538 1307 conservatus.
1571 1255 1638 1309 Et
1658 1257 1784 1311 dum
1814 1258 1917 1315 hac

333 1355 494 1394 causa
521 1341 599 1395 sic
627 1348 743 1394 acta
765 1339 848 1393 vel
874 1349 1178 1412 perpetrata
1206 1343 1534 1400 invenissent
1556 1362 1656 1416 per
1681 1350 1918 1405 anterio-

335 1447 454 1485 rum
491 1446 705 1500 regum,
743 1431 878 1486 tales
925 1434 1310 1503 praeceptiones
1350 1436 1436 1491 vel
1479 1438 1917 1497 conﬁrmatioues

334 1522 490 1576 nobis
518 1522 847 1576 obtullerunt
875 1521 1205 1593 relegendas.
1242 1525 1309 1579 Et
1334 1526 1511 1583 denuo
1549 1530 1744 1585 iterum
1781 1546 1915 1587 con-

332 1612 615 1676 cessimus,
639 1614 783 1668 utab
808 1613 910 1668 hac
931 1614 1018 1669 die
1042 1615 1219 1671 nullus
1240 1633 1305 1673 ex
1320 1617 1603 1687 iudiciaria
1628 1631 1912 1691 potestate,

332 1718 433 1758 nec
460 1703 512 1757 in
540 1704 655 1773 ipso
683 1705 956 1771 marcado,
982 1720 1089 1761 nec
1115 1722 1213 1776 per
1240 1723 1426 1764 eorum
1454 1726 1635 1781 agros,
1660 1728 1761 1768 nec
1787 1730 1914 1784 por-

332 1802 439 1860 tus,
469 1810 569 1850 nec
596 1795 661 1850 de
690 1796 936 1852 homines
962 1812 1166 1863 eorum,
1197 1816 1296 1855 nec
1322 1816 1511 1856 eorum
1545 1806 1912 1873 negociantes,
1943 1797 1991 1858 Β

332 1900 434 1942 nec
453 1886 518 1942 de
541 1901 728 1943 omnes
752 1889 1006 1945 uacioues
1031 1906 1412 1962 quascumque,
1436 1895 1527 1964 qui
1551 1896 1620 1951 ad
1634 1896 1748 1965 jam
1769 1899 1915 1956 dicto

333 1979 586 2033 marcado
607 1979 917 2046 adveniunt,
947 1996 1046 2035 nec
1069 1997 1168 2051 per
1186 1983 1340 2038 villas
1364 1999 1568 2050 eorum,
1594 2002 1697 2043 nec
1722 1987 1788 2043 de
1812 2004 1913 2043 na-

332 2066 494 2138 vigia,
521 2081 620 2123 nec
657 2068 725 2123 de
752 2077 961 2138 portus,
992 2085 1093 2124 nec
1125 2071 1191 2126 de
1230 2087 1386 2127 carra
1407 2114 1423 2137 ,
1455 2089 1555 2129 nec
1598 2076 1665 2130 de
1699 2092 1916 2134 saumas

332 2157 478 2212 mille
504 2158 750 2223 telloneo,
777 2175 876 2214 nec
901 2159 1154 2227 foratico,
1182 2178 1283 2218 nec
1308 2165 1557 2231 retatico,
1588 2182 1690 2224 nec
1719 2178 1913 2239 penta-

333 2249 461 2314 tieo,
506 2265 605 2305 nec
640 2251 929 2319 portatico,
965 2268 1068 2308 nec
1103 2252 1408 2322 salutatico,
1451 2272 1554 2313 nec
1590 2258 1913 2330 cispitatico,

333 2356 433 2396 nec
455 2343 732 2408 mutatico,
756 2358 856 2400 nec
872 2344 980 2399 ulla
1006 2353 1194 2403 exacta
1233 2350 1638 2418 consuetudine,
1664 2368 1767 2409 nec
1799 2353 1919 2409 nul-

331 2431 417 2487 lus
446 2431 688 2490 dinarius
716 2443 950 2505 quatuor
974 2437 1041 2493 de
1067 2453 1255 2495 omnes
1276 2442 1524 2498 nationes
1548 2445 1694 2515 quod
1717 2446 1916 2503 ibidem

331 2521 399 2576 ad
424 2522 538 2591 ipso
559 2525 809 2579 marcado
826 2526 1119 2582 adveniunt
1139 2545 1300 2599 quem
1320 2530 1660 2590 Sonachildis
1676 2543 1732 2591 et
1753 2534 1919 2592 Guai—

331 2607 544 2667 reridus
568 2612 738 2667 comis
765 2611 846 2686 (ut
872 2628 1033 2685 supra
1061 2621 1503 2694 memoravimus)
1533 2623 1587 2678 in
1625 2636 1915 2682 consuetu—

332 2698 458 2755 dine
482 2700 777 2768 miserunt,
805 2704 873 2760 ad
906 2705 1020 2775 ipsa
1053 2710 1426 2777 necuciantes,
1469 2728 1571 2770 nec
1615 2715 1757 2771 infra
1800 2717 1918 2787 ipse

330 2805 470 2862 pago
503 2790 800 2865 Parisiago,
839 2811 940 2853 nec
975 2798 1090 2869 ipsa
1126 2800 1343 2859 civitate
1382 2805 1449 2861 de
1484 2805 1600 2876 ipsa
1642 2807 1780 2875 vice,
1817 2824 1918 2866 nec

332 2883 498 2938 aliubi
522 2885 613 2955 qui
639 2886 707 2942 ad
731 2886 845 2957 ipsa
871 2887 1162 2949 festivitate
1186 2894 1496 2963 adveniunt,
1532 2898 1676 2954 nulla
1703 2909 1913 2968 exacta,

330 2990 432 3031 uec
452 2978 851 3047 contrarietate,
875 2979 1051 3052 neque
1070 2998 1188 3050 vos,
1210 3001 1384 3056 neque
1398 2985 1659 3056 iuniores,
1679 3005 1773 3046 seu
1795 3005 1918 3049 sue-

329 3082 574 3125 cessores
609 3071 774 3126 vestri
809 3072 1045 3144 exigere,
1074 3088 1175 3131 nec
1199 3086 1449 3135 exactare
1474 3096 1581 3135 non
1613 3097 1913 3152 praesuma-

330 3155 439 3211 tis:
473 3157 575 3213 nisi
607 3158 688 3230 (ut
715 3161 968 3233 diximus)
992 3165 1246 3237 quicquid
1285 3169 1480 3226 exinde
1523 3170 1687 3229 ﬁscus
1729 3183 1916 3231 noster

329 3244 553 3301 forsitan
590 3251 659 3304 ad
702 3259 857 3320 parte
890 3263 1098 3323 nostra,
1133 3271 1227 3313 seu
1257 3266 1311 3314 et
1347 3260 1416 3316 ad
1454 3277 1645 3320 omnes
1679 3272 1915 3336 Agentes

328 3344 546 3393 nostros
568 3348 821 3415 potuerat
851 3359 1100 3414 sperare,
1126 3351 1306 3407 omnia
1331 3361 1390 3409 et
1420 3368 1487 3410 ex
1521 3358 1772 3414 omnibus
1799 3359 1915 3428 ipse

330 3426 589 3485 telloneos
613 3431 682 3486 ad
705 3432 820 3502 ipsa
854 3452 980 3492 casa
1009 3439 1103 3496 Dei
1140 3441 1197 3496 in
1226 3443 1493 3516 integrum
1521 3447 1596 3502 sit
1624 3426 1916 3504 concessus

328 3523 491 3588 atque
520 3519 755 3580 indultus
782 3525 867 3581 vel
890 3529 1226 3588 evindicatus
1256 3552 1269 3587 :
1302 3535 1375 3588 ita
1403 3543 1463 3589 ut
1483 3534 1679 3593 futuris
1703 3547 1912 3608 tempo-

328 3608 480 3665 ribus
502 3626 599 3680 per
638 3624 823 3669 nostra
865 3622 1188 3675 auctoritate
1226 3622 1310 3676 vel
1347 3626 1683 3684 anteriorum
1725 3647 1913 3703 regum

329 3694 568 3753 habeant
591 3701 966 3760 conﬁrmatum
987 3707 1069 3762 vel
1094 3709 1473 3780 evindicatum,
1500 3716 1627 3786 quia
1658 3735 1758 3776 nos
1782 3694 1913 3793 pro-

327 3795 452 3859 pter
476 3788 643 3847 Deum
668 3803 724 3848 et
754 3800 1055 3854 reverentia
1080 3802 1285 3871 praefati
1313 3807 1486 3862 sancti
1516 3808 1739 3869 Dionisii
1764 3788 1913 3872 mar-

254 3950 261 3956 ‘
330 3878 470 3946 tiris,
495 3895 590 3936 seu
616 3898 715 3953 pro
747 3887 942 3944 anima:
968 3900 1167 3957 nostra:
1201 3898 1496 3954 remedium
1533 3904 1617 3957 vel
1645 3907 1913 3964 stabilita-

330 3977 439 4025 tem
470 3975 619 4045 regni
647 3976 1000 4049 Francorum,
1027 3985 1111 4039 vel
1140 3985 1385 4047 Proceris
1412 3996 1614 4051 nostris
1650 4006 1706 4053 et
1728 4010 1913 4069 poste-

332 4061 489 4118 ritate
520 4079 709 4120 eorum
750 4069 852 4125 hoc
886 4071 941 4126 in
967 4073 1318 4133 luminaribus
1346 4081 1414 4135 ad
1441 4082 1557 4153 ipsa
1589 4101 1713 4143 casa
1728 4061 1912 4147 sancti

331 4148 553 4207 Dionisii
578 4154 663 4209 vel
687 4157 755 4211 ad
782 4157 899 4227 ipso
925 4164 1239 4232 monachus,
1266 4184 1360 4223 seu
1387 4148 1651 4242 pauperes
1673 4185 1724 4234 et
1753 4194 1911 4249 pere-

328 4242 536 4312 grinus,
570 4244 624 4300 in
649 4256 833 4305 nostra
870 4252 1148 4312 elimosina
1179 4259 1280 4314 hoc
1316 4261 1371 4315 in
1403 4265 1657 4323 omnibus
1691 4285 1914 4330 conces-

330 4332 500 4390 simus
527 4336 612 4392 vel
656 4339 1038 4401 conﬁrmamus
1074 4364 1087 4399 :
1125 4356 1186 4403 ut
1212 4351 1292 4406 eis
1328 4353 1521 4410 melius
1561 4357 1778 4415 dilectet
1815 4378 1914 4432 pro

329 4431 633 4490 stabiletate
659 4436 808 4507 regni
832 4439 1002 4494 nostri
1033 4442 1116 4496 vel
1144 4458 1245 4513 pro
1269 4449 1479 4504 cunctis
1508 4449 1677 4506 leudis
1700 4431 1912 4511 nostros

330 4520 541 4579 Domini
574 4528 942 4587 misericordia
967 4534 1247 4594 adtencius
1274 4539 1595 4610 deprecare,
1621 4554 1676 4600 et
1702 4555 1761 4602 ut
1799 4549 1914 4605 evis

328 4619 386 4667 et
414 4619 667 4682 perennis
698 4621 1028 4689 temporibus
1050 4624 1118 4679 ad
1142 4626 1256 4694 ipsa
1287 4643 1413 4685 casa
1460 4631 1555 4687 Dei
1584 4636 1832 4703 proﬁciat
1858 4640 1914 4694 in

329 4715 695 4774 augmentum.
726 4708 793 4763 Et
821 4719 882 4766 ut
909 4712 1024 4768 haec
1048 4714 1387 4774 conﬁrmatio
1419 4729 1605 4777 nostra
1643 4724 1915 4795 inspectas

400 4826 428 4907 ἶ
458 4816 1149 4907 Ὦρςὶἓξςξςοιοφαηηνε
1186 4826 1499 4907 Fulraduut,
1539 4833 1618 4886 uti
1646 4842 1700 4888 et
1734 4835 1916 4907 Pippi-

330 4899 450 4978 nus,
479 4884 824 4978 Capenatium
848 4902 1081 4978 nostram!
1109 4906 1307 4977 .vocat,
1335 4884 1698 4978 idemque—se

329 4951 660 5036 Francorum
841 4951 1315 5036 pro‘veterimore',
1338 4951 1916 5036 qiiodjaliter'obtribui:

329 5024 437 5110 tua
455 5023 712 5110 Ludovici
746 5023 980 5110 uirtutis
1030 5035 1263 5110 regibus,
1303 5023 1400 5106 ἰιίιί
1432 5039 1485 5110 in
1510 5023 1914 5110 "diﬁbrh'a'iiﬁi;

330 5094 445 5174 suis
468 5093 641 5174 solum
670 5097 815 5167 regis
832 5099 1047 5155 titulum
1090 5093 1351 5172 ’ῥητέηὲ
1378 5093 1916 5174 ademi—misso-

332 5162 845 5252 iluineflrancmum,
894 5178 954 5225 ut
976 5162 1179 5239 passim
1223 5162 1425 5246 legitur
1445 5162 1915 5252 iidiﬁiiiiﬁiiiiiﬁs

331 5231 507 5288 Caroli
532 5233 702 5293 Calvi.

408 5300 438 5342 δ
458 5302 650 5387 Exstat
672 5307 865 5387 vitiose
890 5311 1031 5387 apud
1052 5312 1243 5387 Lunig.

329 5384 454 5455 pag.
498 5374 547 5455 1.
533 5374 660 5442 097,
676 5386 778 5455 _et_
787 5374 942 5452 Apud
987 5374 1252 5455 Bouqué't.

333 5451 467 5499 tom.
501 5444 566 5511 ν,
595 5461 650 5515 p.
676 5446 799 5503 715.
835 5444 854 5452 ’
1118 5444 1137 5455 ⁸
1424 5444 1443 5459 ⁵
1560 5444 1599 5446 “’

400 5521 428 5614 ,ἴ
467 5512 1384 5614 ῗῖἓὲἑέἷίξεηὶηέτλΕὲτπη,ο,,ξ’ξέ¹⁸ξ;ρ.
1440 5597 1453 5614 ,
1587 5601 1599 5614 .

400 5581 754 5680 Leu-{013:1},
769 5581 1041 5680 Διξιιιίιιοιι,
1090 5595 1252 5666 vulgo
1290 5594 1506 5666 Uﬂiolz,
1548 5601 1703 5661 vicus
1743 5621 1912 5680 prope

330 5652 584 5723 Oppidum
614 5652 849 5714 Sennen.
1028 5652 1038 5659 ’
1185 5652 1217 5666 “’
1340 5652 1353 5666 ’
1492 5652 1505 5665 ’
1563 5652 1702 5661 Ἰη-
1744 5652 1915 5703 rwrv‘

408 5733 432 5763 ε
453 5724 807 5798 Attiniacum,
833 5739 986 5789 vetus
1003 5732 1248 5794 Francia:
1267 5750 1451 5809 regum
1476 5741 1755 5815 palatium,
1785 5763 1908 5809 cum

1347 5316 1453 5394 icil.
1475 5319 1670 5377 eccles.
1692 5333 1838 5381 cont.
1856 5327 1910 5394 ί,

1376 5388 1505 5459 ript.
1557 5406 1665 5448 rer.
1711 5388 1909 5455 Frauc.

2014 524 2241 596 Pippino
2274 542 2398 599 rege
2423 529 2508 585 vel
2533 531 2768 585 aliorum
2794 546 2982 603 regum
3007 532 3214 588 ﬁrmior
3240 535 3522 600 habeatur,
3547 548 3604 591 et

2013 614 2159 671 circa
2199 617 2315 687 ipsa
2359 632 2487 673 casa
2525 619 2621 673 Dei
2658 621 2969 691 perenniter
3006 633 3388 688 conservetur;
3439 640 3601 680 manu

2013 714 2199 762 nostra
2227 708 2414 764 subter
2432 724 2554 764 eam
2577 712 2915 767 decrevimus
2939 713 3241 784 adsignare,
3265 723 3321 768 et
3347 715 3414 771 de
3439 718 3605 773 anulo

2012 807 2201 854 nostro
2229 801 2416 855 subter
2440 801 2693 873 sigillare.

2086 885 2308 958 Signum
2335 890 2373 960 -ί-
2397 889 2792 947 Carolomanno
2819 892 3208 962 gloriosissimo
3242 910 3386 966 rege.

2085 977 2416 1049 Magiuarius
2442 984 2727 1053 recognovi
2753 993 2807 1038 et
2831 986 3145 1055 subscripsi.

2087 1065 2221 1121 Data
2252 1069 2306 1123 in
2331 1086 2517 1125 mense
2545 1071 2818 1138 Januario,
2843 1090 2985 1128 anno
3022 1074 3197 1145 primo
3222 1076 3370 1148 regni
3407 1078 3602 1135 nostri.

2015 1153 2210 1211 Actum
2261 1157 2639 1230 Salmunciago
2668 1163 2878 1232 palacio
2917 1164 3132 1233 publico
3172 1166 3224 1219 in
3255 1166 3348 1220 Dci
3385 1169 3604 1224 nomine

2016 1247 2269 1307 feliciter.

2740 1328 2877 1383 XLI.

2016 1409 2393 1470 Carolomanni
2421 1417 2555 1487 regis
2577 1417 2606 1458 ι)
2626 1418 2810 1491 charta
2825 1436 2920 1491 pro
2949 1426 3263 1480 monasterio
3288 1430 3459 1484 sancti
3473 1428 3601 1487 Cre-

2537 1490 2672 1558 gorii
2710 1490 2859 1560 (ann.
2894 1491 3039 1564 769).

2266 1576 2433 1640 (Apud
2457 1576 2763 1643 Schuepﬁim,
2789 1580 2977 1633 Alsatta
2997 1583 3355 1652 dlplomatiea.)

2084 1654 2478 1715 Carlomannus
2507 1662 2679 1732 gratia
2704 1664 2800 1717 Dei
2835 1679 2931 1719 rex
2954 1665 3311 1738 Francorum,
3344 1673 3430 1728 vir
3463 1675 3602 1730 inlu-

2015 1752 2130 1800 ster
2152 1745 2392 1806 Garinus
2418 1750 2608 1815 comis,
2640 1750 2770 1806 illud
2804 1753 2959 1809 nobis
2980 1755 3050 1810 ad
3073 1757 3421 1816 stabilitatem
3450 1764 3604 1835 regni

2018 1838 2188 1891 nostri
2210 1840 2401 1907 procul
2431 1841 2656 1896 dubium
2683 1842 2738 1897 in
2759 1842 2856 1898 Dei
2876 1846 3096 1902 nomine
3138 1850 3411 1908 credimus
3434 1856 3605 1922 perti-

2015 1942 2170 1995 nere,
2190 1942 2253 1984 se
2272 1931 2632 2000 peticionibus
2658 1936 3000 2018 sacerdotum
3014 1948 3123 1994 aut
3144 1941 3515 2013 ecclesiarum,
3547 1947 3603 2004 in

2015 2033 2124 2088 quo
2162 2030 2365 2077 nostra:
2403 2021 2604 2079 fuerint
2649 2027 2874 2083 auribus
2902 2029 3129 2099 prolata;
3156 2034 3504 2103 producimus
3533 2040 3603 2095 ad

2014 2108 2265 2165 effectum
2292 2122 2457 2184 atque
2500 2115 2621 2171 ideo
2648 2129 2943 2182 cognuscat
2984 2123 3300 2194 magnitudo
3331 2141 3426 2183 seu
3460 2129 3605 2185 utili-

2015 2208 2123 2267 tas,
2168 2203 2297 2272 quia
2334 2206 2658 2261 venerabilis
2697 2208 2783 2261 vir
2806 2210 3064 2266 Restoin
3105 2213 3302 2271 abbate
3335 2228 3606 2275 monaste-

2017 2295 2153 2350 riolo
2192 2297 2337 2352 inter
2396 2298 2533 2354 duas
2555 2299 2822 2357 Pachinas
2846 2313 2868 2342 ο
2897 2319 3000 2374 pro
3039 2315 3222 2362 nostra
3261 2312 3511 2368 mercede
3534 2313 3604 2369 de

2017 2384 2149 2442 ﬁsco
2174 2396 2363 2443 nostro
2390 2387 2544 2458 juxta
2566 2390 2828 2448 Aufoldus
2846 2392 2873 2433 ἀ
2898 2409 2966 2449 ex
2993 2403 3178 2452 nostra
3224 2400 3604 2459 muniﬁcencia

2014 2473 2174 2545 plena
2205 2485 2261 2532 et
2288 2478 2494 2550 integra
2522 2481 2705 2551 gracia
2732 2485 3102 2542 concessimus
3126 2487 3290 2543 talem
3324 2497 3381 2545 et
3400 2492 3605 2560 praesti-

2018 2567 2184 2624 timus
2227 2571 2570 2638 beneﬁcium,
2613 2582 2676 2628 ut
2730 2585 3227 2650 quantumcumque
3257 2581 3324 2638 de
3358 2583 3606 2641 homines

2017 2656 2220 2714 ﬁscalis
2240 2669 2457 2716 nostros
2478 2675 2816 2732 comparare,
2855 2676 2949 2721 aut
2969 2668 3034 2723 de
3055 2671 3298 2739 quidibet
3324 2682 3606 2731 contracto

2017 2747 2218 2804 addere
2247 2759 2353 2805 .aut
2384 2759 2600 2807 atraere
2645 2757 2939 2824 potuerint,
2989 2759 3093 2816 hoc
3120 2771 3304 2817 nostra
3337 2766 3606 2824 serenitas

2019 2837 2166 2893 circa
2211 2840 2331 2910 ipso
2377 2845 2761 2901 monasteriolo
2804 2848 2873 2902 ad
2918 2849 3089 2918 ipsius
3119 2851 3375 2910 Rcstomo
3408 2858 3607 2915 abbate

2017 2930 2094 2984 vil
2120 2933 2341 3002 suisque
2378 2937 2786 2993 successoribus
2812 2941 3139 3010 generaliter
3165 2946 3491 3006 conﬁrmare
3519 2952 3607 3008 de-

2018 3018 2291 3100 heremus,
2317 3024 2678 3095 precipientes
2709 3029 2853 3082 enim
2879 3038 2941 3084 ut
2972 3045 3147 3102 neque
3189 3050 3288 3092 vos
3312 3053 3488 3108 neque
3522 3039 3607 3109 ju-

2017 3092 2199 3166 niores
2236 3127 2331 3167 seu
2357 3128 2804 3186 successoresque
2835 3121 3002 3175 vestri
3030 3122 3205 3178 eidem
3235 3128 3450 3195 penitus
3476 3144 3606 3184 con-

2017 3201 2186 3255 traria
2232 3216 2338 3255 non
2369 3203 2665 3266 exsistatis,
2707 3205 2812 3260 nisi
2850 3209 2996 3276 quod
3042 3209 3278 3267 diximus
3313 3224 3605 3284 quantum-
3696 3264 3702 3269 .

2014 3302 2292 3359 cunque...
2323 3290 2559 3359 scriptus
2584 3290 2877 3349 Bestuinus
2918 3295 3057 3351 abba
3102 3312 3171 3353 ex
3219 3310 3405 3357 nostra
3433 3306 3607 3360 muni-

2014 3377 2230 3433 ﬁcentia
2253 3394 2417 3448 quam
2442 3379 2508 3435 de
2532 3393 2865 3452 comparato,
2892 3386 2976 3441 vel
3000 3387 3068 3443 de
3097 3391 3347 3460 qualebet
3370 3403 3604 3455 attracto

2014 3466 2084 3519 ad
2126 3467 2243 3535 ipso
2290 3471 2673 3527 monasteriolo
2718 3474 2918 3530 addere
2944 3485 3040 3531 aut
3069 3482 3414 3541 attrahere...
3441 3497 3603 3544 erent

2013 3554 2193 3611 nullus
2223 3556 2423 3612 ﬁscalis
2452 3559 2519 3613 ad
2548 3570 2701 3630 parte
2725 3573 2912 3619 nostra
2938 3566 2988 3621 ei
3013 3582 3081 3622 ex
3111 3570 3217 3627 hoc
3265 3588 3373 3629 non
3429 3578 3607 3648 requi-

2014 3654 2190 3711 ratur,
2219 3648 2323 3703 uisi
2345 3648 2511 3705 liceat
2550 3651 2603 3706 ei
2640 3653 2709 3708 ad
2736 3656 2910 3725 partis
2951 3657 3122 3727 ipsius
3147 3665 3479 3721 monasterie
3500 3670 3604 3726 sub

2018 3739 2334 3795 emunitatis
2367 3740 2583 3796 titulum
2622 3752 2732 3799 tam
2774 3747 2942 3817 ipsius
2976 3751 3188 3809 abbatis
3225 3754 3331 3811 C...
3357 3761 3603 3818 onaculis

2012 3828 2109 3896 qui
2147 3828 2214 3883 ad
2257 3830 2375 3900 ipso
2414 3836 2796 3891 monasteriolo
2846 3839 3119 3898 deservire
3164 3847 3418 3904 videntur
3442 3891 3458 3917 ,
3508 3862 3603 3909 aut

2013 3932 2204 3973 eorum
2232 3925 2651 3981 successorebus
2675 3928 2859 3985 vivere
2881 3941 2939 3986 et
2966 3935 3216 3991 resedere
3244 3954 3369 3995 cum
3396 3945 3598 4012 quiete,

2013 4016 2074 4063 ut
2097 4010 2177 4065 eis
2196 4012 2389 4070 melius
2416 4016 2645 4074 delectet
2671 4035 2769 4091 pro
2791 4024 3140 4081 stabilitatem
3170 4032 3319 4099 regni
3358 4010 3599 4091 nostri...

2014 4110 2306 4174 nostraque
2352 4122 2581 4166 exorare
2629 4120 2686 4166 et
2734 4122 2794 4169 ut
2828 4115 2942 4171 hate
2974 4123 3277 4191 przecepcio
3302 4123 3597 4193 pleniorem

2012 4193 2257 4250 obtineat
2288 4198 2551 4269 vigorem,
2600 4218 2794 4259 manus
2836 4215 3036 4263 nostrae
3070 4211 3362 4281 signaculis
3403 4232 3596 4288 super-

2013 4281 2246 4350 scriptas
2277 4298 2396 4339 eam
2423 4287 2764 4346 decrevinms
2800 4295 3075 4350 roborare.

2085 4372 2416 4445 Magiuarius
2443 4383 2730 4451 recognovi
2757 4391 2809 4437 et
2835 4386 3151 4455 subscripsr.

1943 4481 1992 4544 υ
2086 4460 2310 4531 Signum
2344 4472 2404 4529 vi:
2431 4467 2787 4526 Carlomanno
2823 4473 3214 4543 gloriosissimo
3245 4497 3373 4556 rege
3409 4486 3594 4545 datum

2013 4550 2115 4606 sub
2144 4553 2230 4607 die
2268 4554 2326 4607 ll
2357 4555 2473 4609 Kal.
2500 4555 2719 4628 Aprilis,
2741 4576 2883 4618 anno
2908 4566 3085 4633 primo
3113 4550 3372 4641 regnante
3397 4576 3598 4640 domno

2010 4651 2199 4699 nostro
2222 4644 2619 4705 Carolomanno
2644 4651 3032 4723 gloriosissimo
3060 4665 3203 4732 rege.
3235 4662 3465 4723 Hactum
3492 4670 3593 4728 At-

2015 4738 2218 4811 tiniago
2249 4752 2272 4780 ο
2300 4742 2508 4811 palacio
2534 4743 2589 4798 in
2616 4745 2711 4801 Dei
2739 4750 2955 4807 nomine
2984 4750 3233 4810 feliciter.

2013 4848 2081 4943 ad
2101 4849 2344 4943 Axonam
2383 4853 2437 4907 in
2465 4852 2645 4943 Garoli
2675 4856 2880 4943 Magni.
2895 4864 3146 4943 portione
3171 4868 3356 4943 _situm
3406 4871 3594 4943 fuerit,

2012 4916 2466 5001 Carolomannum
2515 4932 2629 5001 mm
2679 4916 2824 5001 eum
2834 4999 2842 5001 Α
2854 4916 3033 5001 ἰήιηέ
3045 4916 3059 4919 ⁷
3074 4916 3593 5001 iﬁidéiamkr‘éﬁféi

2012 5002 2159 5082 esse,
2184 4992 2710 5082 gx‘diplo'uiatehoc
2743 4998 3067 5082 colligimus.
3090 5004 3296 5082 __Simile
3331 4992 3596 5082 quid—Kh:

2012 5058 2163 5145 nales
2183 5058 2376 5145 Frane.
2409 5063 2603 5119 Tiliani
2628 5067 2704 5145 ad
2725 5084 2853 5145 ann.
2870 5058 2989 5128 "769
3014 5058 3292 5145 indica—ut:

2012 5127 2623 5220 llus‘cut'r‘tgg-erinanosuo
2662 5135 3016 5220 Gerlomanno
3038 5127 3594 5220 ίίἧ-Ῐδῷῗᾳῖιῖάῖἓῖλέν

2012 5197 2151 5290 «έμῄαὲ
2169 5197 2366 5290 35995,!
2379 5201 2600 5290 junctus
2632 5208 2911 5290 scribitur,
2949 5197 3077 5290 dum
3090 5197 3479 5290 gratia“:
3483 5197 3592 5282 ’ἶιῖί

2010 5266 2620 5365 diemfil‘tris'tinatgem
2635 5266 2976 5365 celebr‘avera
2983 5266 3463 5365 t,i
3472 5266 3594 5365 p2:

2193 5338 2631 5436 Fer‘Dgas-Dives
2642 5345 2785 5436 forte
2793 5338 3080 5408 Dusiacum
3095 5338 3592 5436 ipiéiiiﬁiilflﬁéid

2095 5423 2184 5501 neA
2192 5424 2257 5464 ac
2276 5410 2610 5501 .ﬁttiniacum
2627 5458 2642 5482 ,
2678 5433 2724 5501 au
2737 5432 2865 5501 q_uu_
2880 5437 2988 5501 non
3024 5410 3596 5501 multum—dis—mtrha:

2010 5479 2128 5561 τρια
2150 5479 2494 5561 Aquitaniam
2523 5479 2727 5561 petenti
2755 5479 2827 5544 'in
2851 5492 3045 5549 itinere
3069 5479 3473 5560 océiiiiii'iiié
3496 5479 3592 5561 7-3-

2010 5494 2128 5560 roto
2150 5494 2494 5605 Alamannam
2523 5494 2727 5555 petenti
2771 5494 2827 5544 in
2851 5494 3045 5549 itinere
3069 5500 3326 5579 occurrit.
3363 5494 3473 5560 nat:
3512 5521 3592 5561 ra-

2010 5556 2159 5632 tione
2273 5553 2620 5632 rolomanuus
2666 5556 2893 5632 fratrem
2937 5580 2967 5617 a
2994 5564 3226 5623 Dnstaco
3269 5571 3336 5625 ad
3362 5572 3592 5632 Attinia-

2010 5623 2998 5717 ffﬂﬁssrseﬂeﬁuasacﬂame
3032 5635 3214 5709 ibique
3240 5623 3339 5711 νεὶ
3363 5623 3586 5717 διῖᾶίίεὶι

2011 5695 2222 5759 tempus
2248 5691 2552 5751 substitisse
2577 5697 2812 5754 videtur.
