4046 6172
538 278 559 331 1
571 278 673 335 575

1246 392 1400 445 XLII.

539 512 565 540 "
597 504 915 573 Pnrceptum
942 500 1277 555 Carlomanm’
1307 504 1441 573 regis
1490 502 1556 556 de
1578 503 1906 573 immunitate
1940 505 2102 561 eccle-

931 573 1025 625 sia:
1053 571 1337 640 Argeutoili
1369 572 1528 642 (anno
1551 572 1697 644 769).

624 701 784 764 (Apud
807 699 866 749 D.
890 699 1064 759 Bouq.,
1084 698 1279 749 Remisit
1301 699 1388 748 des
1419 698 1567 761 Hist.,
1590 711 1651 749 ex
1674 700 2004 761 authentico.)

601 822 1021 879 Carolomannns
1048 822 1215 893 gratia
1244 822 1336 875 Dei
1365 839 1457 876 rex
1483 822 1831 889 Francorum,
1858 825 1942 878 vir
1968 825 2103 879 inlu-

531 926 661 969 ster.
711 914 874 969 Decet
909 913 1052 966 enim
1099 912 1292 980 regalis
1337 913 1635 983 clementim
1688 914 1799 969 suis
1854 910 2103 970 ﬁdelibus

529 1015 792 1076 oportuna
839 1005 1098 1060 beneﬁcia
1148 1005 1332 1059 libenti
1386 1004 1663 1076 [libenter]
1713 1014 1995 1074 praestare,
2046 1015 2103 1062 et

529 1096 672 1165 quod
700 1094 830 1149 recti
859 1093 1146 1162 postulavit
1186 1092 1435 1147 eﬁ‘ectum
1484 1094 1791 1162 mancipare
1832 1102 1886 1147 et
1914 1093 2095 1148 ﬁdem.

526 1184 756 1255 Optenta
800 1183 1059 1239 beneﬁcia
1106 1183 1247 1251 quod
1294 1182 1362 1236 ab
1406 1183 1836 1237 antecessoribus
1891 1183 2091 1237 nostris

527 1281 822 1328 noscuntur
866 1271 1065 1325 habere
1114 1270 1338 1335 indulta,
1385 1285 1483 1338 pro
1537 1270 1736 1325 nostris
1776 1270 1994 1325 oracula
2042 1271 2097 1324 in

526 1363 714 1418 eodem
740 1360 983 1415 volumus
1013 1359 1247 1423 ﬁrmare,
1279 1367 1339 1413 ut
1371 1359 1451 1413 eis
1487 1356 1678 1413 melius
1710 1357 1939 1413 delectet
1972 1371 2100 1428 erga

527 1454 789 1526 regimine
811 1461 994 1505 nostro
1022 1450 1249 1505 ﬁdeliter
1272 1449 1551 1505 famulare.
1585 1448 1753 1519 Igitur
1805 1448 1858 1501 in
1880 1447 2099 1503 Christo

526 1545 753 1599 Domino
782 1541 1009 1612 Sagrata
1037 1541 1213 1595 Ailina
1242 1541 1514 1595 abbatissa
1537 1537 1605 1594 de
1634 1538 1961 1593 monasterio
1998 1537 2101 1590 Ar-

527 1637 815 1706 gentolaio,
843 1634 1127 1690 climentia:
1150 1633 1302 1704 regni
1329 1634 1501 1687 nostri
1522 1633 1737 1697 direxit,
1768 1632 2102 1704 suggerendo

1553 280 1822 339 S£CULI
1861 284 1969 338 V'Ill
2008 284 2436 344 MONUMENTA
2474 287 2804 344 SELECTA.

2129 405 2179 463 Α
2207 400 2397 453 nostri.
2431 399 2621 453 Actum
2648 399 2909 455 Pontione
2942 401 3142 469 palatio
3176 402 3425 472 publico,
3473 404 3527 459 in
3558 404 3650 461 Dei
3684 425 3780 465 ω-

3639 299 3777 355 1576

2204 500 2328 540 men
2354 484 2602 541 feliciter.

2906 557 3081 611 XLIII.

2203 639 2617 699 Carolomannus
2642 644 2907 709 justitiam
2937 647 3104 698 reddit
3136 649 3453 702 monasterio
3487 648 3777 709 Prumiensi

2553 713 2751 767 deloco
2779 713 3055 784 Benutfeld
3081 716 3253 785 (Anno
3279 717 3425 787 770.)

2558 808 2720 872 (Apud
2743 809 3020 874 Hontheim,
3047 811 3174 861 Hist.
3196 811 3413 875 Trevir.)

2271 906 2692 966 Carolomannus
2724 912 2897 983 gratia
2935 913 3031 969 Dei
3069 929 3164 969 rex
3205 915 3540 974 Francorum
3577 924 3663 977 vir
3700 925 3780 978 in-

2200 997 2388 1055 luster.
2442 1001 2693 1072 Regalem
2739 1005 2960 1074 quidem
3007 1021 3296 1062 exoramus
3346 1009 3687 1067 clementiam
3731 1023 3787 1069 et

2202 1089 2413 1146 animos
2444 1090 2679 1147 ﬁdelium
2707 1100 3015 1148 nostrorum
3050 1095 3378 1161 adortamus,
3421 1099 3465 1153 si
3497 1100 3641 1154 circa
3668 1118 3783 1170 eos,

2201 1181 2292 1249 qui
2319 1189 2430 1235 tam
2458 1196 2586 1255 erga
2614 1183 2857 1254 genitore
2896 1195 3099 1251 nostro,
3129 1201 3290 1255 quam
3316 1198 3373 1243 et
3402 1205 3501 1245 nos
3530 1192 3783 1250 illibatam

2203 1269 2364 1325 ﬁdem
2389 1279 2445 1326 et
2479 1287 2660 1327 veram
2693 1273 3002 1329 ﬁdelitatem
3038 1290 3208 1345 usque
3241 1292 3385 1332 nunc
3408 1293 3780 1346 exercuerunt,

2198 1360 2475 1428 petitionis
2494 1361 2708 1417 illorum
2727 1362 2779 1416 in
2801 1378 2908 1432 quo
2928 1364 3129 1419 nostris
3152 1365 3375 1420 auribus
3394 1369 3781 1436 patefecerunt,

2202 1457 2257 1504 et
2282 1450 2491 1505 animos
2530 1449 2772 1517 illorum,
2815 1468 2952 1522 quos
2988 1453 3213 1508 nuncin
3252 1464 3497 1511 nostrum
3525 1459 3783 1515 habemus

2203 1540 2497 1595 dominium
2525 1541 2893 1598 delectabilem
2920 1552 2976 1598 et
3016 1545 3333 1613 amabilem,
3364 1549 3508 1603 circa
3537 1561 3781 1606 nostrum

2203 1630 2482 1685 servitium
2503 1631 2569 1686 de
2591 1631 2679 1686 die
2700 1632 2753 1686 in
2779 1633 2918 1687 diem
2942 1634 3222 1690 hilariores
3244 1645 3404 1711 atque
3428 1641 3785 1710 promptiores

526 1743 593 1781 eo
627 1727 770 1795 quod
813 1725 1169 1779 antecesseris
1194 1724 1365 1777 nostri
1405 1724 1676 1793 quondam
1706 1724 1851 1794 regis
1878 1739 1977 1794 per
1999 1738 2097 1778 eo-
2131 1743 2172 1800 B
2202 1733 2322 1773 esse
2346 1718 2565 1773 scimus.
2591 1719 2822 1790 Ideoque
2848 1720 3035 1785 ﬁdelis,
3068 1721 3179 1776 Deo
3206 1726 3454 1795 propitio,
3485 1741 3672 1783 noster
3703 1731 3785 1784 in.

527 1829 649 1867 rum
699 1813 1072 1867 auctoritatem
1122 1826 1308 1866 eorum
1373 1826 1566 1866 manus
1618 1813 1898 1867 roboratas
1951 1812 2099 1867 omni

525 1904 836 1960 azmunitate
873 1905 929 1958 in
967 1903 1161 1974 integri
1189 1904 1255 1958 de
1292 1903 1447 1957 villas
1482 1902 1725 1958 ecclesiae
1761 1918 1872 1958 suae
1898 1903 2102 1972 absque

527 1998 748 2052 introitu
785 1995 1024 2065 iudicum
1051 1995 1446 2050 concessissent
1466 1994 1552 2050 vel
1579 1993 1906 2059 ﬁrmassent,
1942 1994 2016 2048 ita
2043 2003 2102 2048 ut

530 2102 701 2156 neque
719 2085 884 2155 iudex
916 2085 1161 2155 publicus
1198 2099 1299 2138 nec
1326 2084 1392 2139 ad
1420 2084 1708 2155 agendum,
1738 2099 1838 2138 nec
1864 2082 1932 2138 ad
1960 2082 2101 2137 irida

523 2178 867 2245 exigendum,
906 2190 1008 2230 nec
1045 2175 1111 2229 ad
1142 2175 1450 2229 mansiones
1497 2172 1821 2239 faciendum,
1866 2188 1966 2229 nec
1993 2173 2101 2228 ulla

526 2270 877 2326 retributione
913 2268 1292 2338 requirendum
1324 2267 1391 2322 de
1423 2266 1577 2321 villas
1596 2265 1709 2334 iam
1745 2265 1892 2321 dicto
1919 2280 2101 2320 mona-

521 2364 722 2427 steriae,
754 2361 1009 2431 quicquid
1036 2360 1199 2415 ﬁscus
1243 2365 1429 2414 noster
1454 2358 1648 2413 exinde
1679 2365 1930 2428 potuerat
1957 2357 2096 2413 reci-

520 2469 669 2523 pere,
702 2454 948 2524 ingerere
980 2467 1087 2507 non
1115 2452 1329 2506 debeat.
1360 2450 1511 2506 Unde
1538 2460 1593 2506 et
1618 2451 1731 2520 ipsa
1751 2450 2099 2520 preceptione

521 2554 925 2600 antecessorum
952 2550 1258 2598 nostrorum
1306 2556 1403 2612 per
1430 2541 1678 2595 manibus
1704 2542 1905 2597 habere
1931 2539 2096 2595 adﬁr-

524 2643 658 2697 mat,
686 2634 811 2687 dum
840 2641 896 2687 et
924 2633 1038 2702 ipsa
1080 2632 1133 2686 in
1165 2638 1431 2700 praesente
1466 2630 1663 2685 obtulit
1698 2629 2016 2701 relegenda,
2041 2636 2098 2683 et

523 2722 623 2791 ipsi
655 2721 948 2777 beneﬁcius
973 2721 1042 2776 ab
1071 2722 1213 2790 ipsos
1252 2735 1407 2791 reges
1434 2720 1482 2776 ei
1520 2719 1621 2775 fuit
1646 2720 1933 2786 indultum,
1962 2728 2099 2775 tem-

520 2824 650 2880 pore
690 2818 942 2880 presente
986 2810 1054 2864 ab
1104 2810 1323 2865 eosdem
1369 2825 1584 2865 aserere
1619 2809 1707 2866 vel
1750 2825 2094 2866 conservare.

521 2900 626 2954 Sed
654 2914 752 2969 pro
794 2899 1000 2969 integra
1040 2898 1295 2955 ﬁrmitate
1321 2900 1477 2970 petiit
1522 2900 1896 2957 celsitudinem
1923 2901 2096 2956 nostri

523 2998 581 3042 ut
615 2989 759 3044 circa
799 2990 913 3059 ipsa
943 2998 1128 3044 nostra
1156 2989 1260 3044 hoc
1294 2988 1503 3060 plenius
1542 2989 1757 3045 deberit
1801 2991 2096 3045 auctoritas

2204 1807 2372 1862 luster
2389 1809 2475 1862 vir
2496 1808 2818 1865 Dirodoinus
2837 1824 3016 1866 comes
3036 1810 3221 1880 palatii
3246 1814 3414 1869 nostri
3440 1815 3783 1877 clementiam

2202 1897 2351 1968 regni
2374 1898 2485 1953 Deo
2504 1898 2790 1967 adiuvante
2816 1900 2987 1954 nostri
3010 1901 3263 1967 innotuit,
3294 1904 3519 1959 dicendo
3544 1922 3611 1962 eo
3639 1909 3785 1977 quod

2202 1997 2573 2045 antecessores
2592 1991 2859 2060 quondam
2889 1991 3078 2057 nostri,
3104 1992 3214 2047 Deo
3239 1994 3467 2048 instituti
3496 2012 3669 2066 reges,
3691 2013 3788 2067 per

2201 2085 2503 2132 strumenta
2540 2078 2734 2133 seriem
2773 2086 3077 2146 certarum,
3119 2080 3189 2135 ad
3228 2082 3538 2153 genealogia
3574 2100 3671 2138 sua
3705 2088 3787 2140 vel

2200 2167 2562 2236 subsequente
2591 2167 2758 2238 ipsius
2783 2169 3058 2239 progenie,
3085 2183 3182 2239 per
3200 2185 3388 2225 eorum
3408 2175 3785 2240 auctoritates,

2199 2272 2494 2325 eorumque
2531 2245 2721 2313 manus
2756 2259 3057 2322 roboratas,
3101 2258 3185 2313 vel
3219 2259 3660 2317 conﬁrmationes
3698 2279 3786 2319 re-

2198 2362 2324 2418 gum
2350 2346 2717 2411 indulsissent,
2745 2355 2906 2415 atque
2934 2346 3130 2415 iniure
3151 2361 3337 2402 eorum
3364 2358 3630 2418 potestate
3652 2369 3786 2408 con-

2197 2436 2505 2491 ﬁrmassent
2531 2436 2665 2491 silva
2692 2435 2868 2506 aliqua
2897 2436 2952 2491 in
2977 2436 3117 2503 Ioco,
3145 2439 3239 2508 qui
3264 2438 3461 2494 dicitur
3487 2441 3782 2512 Benutl'elt,

2199 2525 2339 2581 infra
2369 2528 2395 2566 δ
2424 2528 2640 2582 centina
2683 2527 2981 2599 Belslango,
3028 2528 3169 2583 infra
3214 2540 3368 2585 vasta
3409 2532 3681 2598 Ardenna,
3734 2547 3785 2591 et

2197 2618 2457 2673 cessionis
2478 2634 2662 2689 regum
2688 2619 2741 2673 in
2765 2620 3050 2688 pnesentia
3077 2629 3259 2676 nostra
3283 2623 3348 2677 de
3376 2623 3490 2693 ipsa
3517 2625 3664 2695 sylva
3696 2643 3784 2683 rc-

2196 2706 2319 2761 tulit
2344 2708 2411 2762 ad
2439 2707 2813 2779 relegendum,
2843 2718 2899 2764 et
2928 2710 3159 2769 innotuit
3182 2711 3354 2774 nobis,
3383 2720 3444 2766 ut
3470 2724 3784 2783 peracturos

2197 2797 2455 2868 iniquiter
2481 2799 2595 2868 ipsa
2628 2799 2776 2870 sylva
2815 2815 2882 2856 ex
2920 2808 3075 2870 parte
3103 2801 3453 2869 invasissent,
3486 2813 3539 2858 et
3567 2808 3785 2876 genitor

2197 2904 2350 2946 meus
2370 2891 2627 2962 Pippinus
2652 2892 3070 2963 gloriosissimus
3094 2909 3187 2948 rex
3214 2896 3468 2965 pmdicto
3487 2897 3785 2955 Dirodoino

2195 2980 2282 3034 vel
2316 2981 2430 3035 suis
2456 2992 2479 3021 α
2510 2983 2897 3053 gamaladionis
2926 2985 2993 3038 de
3033 2984 3147 3053 ipsa
3178 2985 3309 3039 silva
3336 2985 3365 3025 ἀ
3396 3003 3558 3042 manu
3584 2992 3785 3044 vestita

519 3077 849 3134 ροηηηηδη,
904 3078 1010 3134 sed
1057 3088 1348 3150 εοεηοεοειι
1394 3078 1596 3134 minus
1647 3094 1741 3136 εεο
1783 3081 2094 3151 magnitudo
2122 3086 2167 3148 ρ
2198 3067 2434 3135 fecisset,
2459 3071 2586 3126 dum
2611 3073 2678 3128 de
2705 3074 2806 3128 hac
2831 3089 2993 3129 causa
3021 3076 3099 3130 sic
3129 3083 3253 3130 ante
3279 3091 3378 3131 nos
3403 3075 3506 3131 fuit
3532 3081 3673 3135 ratio
3697 3082 3786 3135 dc-

521 3178 717 3233 vestra,
760 3171 905 3241 quod
952 3185 1051 3226 nos
1089 3171 1231 3226 hunc
1278 3170 1599 3227 beneﬁcium
1641 3187 1740 3243 pro
1785 3172 1881 3228 Dei
1910 3189 2095 3230 amore

516 3258 827 3328 plenissima
862 3258 1125 3313 voluntati
1164 3258 1328 3314 dinuo
1369 3259 1732 3316 conﬁrmassit
1758 3262 1843 3317 vel
1874 3278 2096 3319 conces-

517 3348 678 3402 sisse.
722 3344 952 3403 Proinde
990 3361 1118 3419 ergo
1142 3347 1395 3416 iubemus
1419 3357 1478 3403 ut
1519 3351 1644 3405 dum
1685 3352 1826 3406 sicut
1854 3356 1920 3406 ab
1948 3354 2095 3423 ipsos

516 3439 658 3509 regis
700 3447 1069 3493 antecessores
1110 3448 1324 3494 nostros
1369 3455 1465 3509 per
1505 3456 1691 3495 eorum
1723 3445 2096 3513 preceptiones

518 3538 710 3585 manus
757 3546 884 3586 suas
934 3532 1217 3587 roboratas
1261 3540 1573 3586 memoratu:
1610 3536 1970 3601 monasteria,
2010 3536 2094 3591 vel

507 3619 625 3689 iam
673 3620 832 3677 dictae
868 3620 1094 3676 Ailiante
1128 3622 1414 3678 abbatissae
1450 3623 1516 3678 de
1555 3637 1744 3677 omnes
1782 3623 1941 3679 villas
1969 3640 2095 3681 suas

516 3711 720 3780 absque
747 3711 1027 3765 introitum
1068 3710 1313 3780 iudicum
1342 3713 1559 3783 integra
1575 3713 1879 3779 temunitas,
1909 3722 1969 3769 ut
1992 3715 2095 3771 hoc

514 3801 756 3871 presenti
785 3810 1027 3870 tempore
1054 3810 1109 3858 et
1147 3801 1388 3857 futurum
1416 3803 1519 3858 hoc
1542 3803 1862 3858 beneﬁcium
1898 3806 1967 3860 ab
2003 3820 2095 3860 ea-

514 3892 637 3945 dem
667 3905 985 3945 conservare
1013 3892 1280 3957 videntur,
1312 3907 1488 3961 neque
1514 3908 1628 3959 vos,
1654 3909 1830 3964 neque
1852 3891 2094 3962 iuniores

514 3997 608 4037 seo
631 3996 973 4037 successores
994 3982 1181 4046 vestri,
1225 3983 1309 4037 vel
1334 3984 1589 4052 quislibet
1616 3984 1905 4053 iudiciaria
1947 3998 2096 4055 pote—

516 4079 631 4124 stas
675 4070 731 4122 in
770 4068 941 4123 curtis
980 4068 1145 4137 ipsius
1174 4070 1535 4134 monasteria),
1564 4071 1650 4125 vel
1671 4071 1784 4139 iam
1815 4073 1974 4141 dictae
1999 4074 2093 4128 Ai-

514 4164 692 4218 linane
731 4160 1022 4225 abbatisse,
1055 4174 1153 4213 nec
1192 4158 1259 4212 ad
1286 4159 1574 4229 agendum,
1612 4177 1680 4215 ne
1709 4162 1776 4216 ad
1806 4162 1941 4218 t‘rida
1980 4165 2093 4219 exi-

512 4254 762 4325 gendum,
794 4268 893 4307 nec
920 4253 1230 4307 mansiones
1268 4249 1598 4316 faciendum,
1643 4268 1745 4309 nec
1780 4253 1888 4308 ulla
1934 4255 2093 4309 retri-

514 4347 733 4401 butione
784 4344 1179 4414 requirendum,
1212 4345 1467 4415 quicquid
1496 4345 1657 4402 ﬁscus
1693 4356 1875 4403 noster
1898 4350 2092 4404 exinde

2198 3157 2377 3224 ducta,
2408 3167 2464 3214 et
2493 3175 2646 3215 suam
2674 3161 2759 3217 vel
2795 3163 2909 3217 suis
2941 3161 3340 3219 Gamaladionis
3367 3174 3476 3237 tam
3509 3180 3534 3207 ε
3563 3184 3665 3238 per
3695 3187 3785 3225 ve-

2196 3263 2357 3319 ragos
2382 3252 2656 3315 homines,
2688 3267 2959 3324 quamque
2985 3268 3081 3323 per
3106 3255 3531 3313 conﬁrmationis
3559 3258 3783 3331 [conﬁr-

2194 3340 2485 3413 mationes]
2514 3357 2701 3413 regum
2730 3344 3096 3414 cognovimus,
3135 3343 3400 3412 iustitiam
3427 3347 3477 3401 ei
3507 3349 3787 3405 reddimus

2195 3430 2264 3485 de
2297 3431 2435 3497 loco,
2475 3432 2568 3501 qui
2597 3433 2798 3488 dieitur
2832 3433 3143 3495 Benezvelt,
3175 3436 3242 3489 de
3278 3434 3367 3489 illa
3394 3435 3622 3499 fontana,
3654 3454 3782 3507 qua:

2196 3523 2253 3577 in
2274 3522 2391 3593 ipsa
2416 3521 2543 3578 villa
2570 3531 2673 3587 est,
2701 3522 2835 3577 infra
2858 3538 3288 3594 unamquamque
3318 3535 3510 3595 partem
3535 3528 3780 3582 debeant

2196 3613 2398 3669 habere
2433 3621 2695 3682 quantum
2731 3613 2799 3667 ad
2841 3629 2941 3668 nos
2978 3615 3231 3683 pertinet,
3272 3625 3328 3671 et
3364 3617 3554 3671 actoris
3595 3620 3780 3672 nostri

2196 3716 2354 3762 antea
2393 3721 2518 3762 eum
2559 3707 2644 3762 vel
2688 3707 2801 3763 suis
2842 3708 3228 3778 gamaladionis
3271 3711 3465 3780 iniuste
3506 3713 3788 3768 contradi-

2196 3806 2413 3863 xerunt,
2441 3806 2497 3852 et
2524 3798 2663 3854 infra
2692 3801 2869 3855 hanno
2898 3798 3000 3855 fuit
3024 3817 3132 3855 una
3158 3818 3293 3857 vena
3325 3804 3390 3858 de
3419 3805 3532 3875 ipsa
3557 3804 3787 3861 fontana

2195 3889 2250 3943 in
2278 3889 2509 3944 circuitu
2537 3905 2636 3960 per
2660 3889 2777 3945 loca
2806 3891 3040 3957 diversa,
3068 3906 3187 3961 quae
3211 3893 3277 3948 de
3307 3903 3488 3949 nostra
3518 3907 3681 3966 parte
3703 3898 3793 3965 in-

2192 3980 2331 4036 dicis
2360 3980 2528 4036 nostri
2560 3981 2817 4050 iuiquiter
2842 3983 2973 4053 ipsis
3000 3984 3461 4040 contradixerunt.
3492 3985 3787 4054 Jubemus,

2195 4079 2255 4125 ut
2279 4071 2347 4125 ab
2380 4072 2483 4126 hac
2511 4072 2597 4127 die
2640 4073 2752 4142 ipsa
2791 4072 2939 4143 sylva
2972 4075 3039 4128 de
3070 4074 3181 4143 iam
3221 4076 3381 4131 dictis
3410 4079 3662 4147 partibus
3692 4098 3794 4137 no-

2193 4161 2341 4226 stris,
2383 4176 2542 4231 qnam
2582 4170 2638 4217 et
2675 4160 2871 4219 futuris
2914 4166 3263 4235 temporibus,
3303 4176 3363 4220 ut
3403 4167 3580 4223 nullus
3611 4170 3792 4238 index

2193 4251 2438 4320 publicus
2477 4252 2543 4307 de
2580 4254 2825 4322 partibus
2859 4257 3061 4310 nostris
3103 4257 3213 4312 ullo
3256 4274 3491 4328 unquam
3532 4270 3794 4332 tempore

2194 4342 2530 4407 abstrahere,
2579 4357 2679 4397 nec
2726 4344 2990 4410 minuere,
3036 4361 3209 4416 neque
3251 4350 3625 4404 contradicere
3675 4369 3791 4406 non

510 4444 760 4507 potuerat
802 4450 1042 4505 sperare,
1095 4434 1343 4506 ingerere
1370 4451 1469 4491 nec
1498 4436 1714 4508 exigere
1758 4454 1864 4493 non
1898 4455 2089 4509 presu-
2121 4423 2388 4487 Ddebeat
2422 4433 2487 4487 de
2521 4432 2635 4502 ipsa
2670 4434 2817 4504 sylva
2852 4435 3011 4501 infra,
3048 4437 3161 4505 ipsa
3189 4452 3327 4491 vena
3355 4440 3423 4493 de
3450 4456 3795 4512 unaquaque

512 4537 713 4592 matur,
745 4526 847 4581 nisi
876 4540 943 4579 ex
978 4535 1160 4580 nostra
1200 4526 1535 4597 indulgencia
1562 4529 1947 4598 perpetualiter
1975 4546 2088 4584 ma-

511 4627 637 4671 neat
693 4615 1085 4670 inconvulsum.
1152 4614 1219 4668 Et
1270 4615 1377 4670 huc
1424 4617 1540 4671 baac
1585 4617 1879 4673 auctoritas
1931 4618 2089 4674 ﬁrma

510 4713 840 4777 permaneat,
870 4720 1027 4759 manu
1056 4714 1241 4759 nostra
1266 4705 1598 4777 signaculum
1630 4708 1820 4763 subter
1840 4709 2080 4765 decrevi-

512 4812 632 4851 mus
660 4796 937 4850 roborare.

584 4886 807 4957 Signum
832 4891 890 4949 ἦ(
916 4886 1115 4941 domno
1134 4885 1522 4943 Carolomanno
1542 4887 1927 4957 gloriosissimo
1946 4890 2082 4960 regi.

581 4973 909 5044 Maginarius
941 4976 1228 5044 recognovi
1252 4984 1308 5029 et
1334 4973 1393 5029 S.

582 5064 771 5117 Datum
814 5064 869 5117 in
905 5077 1089 5118 mense
1122 5062 1430 5131 Novembri,
1470 5080 1611 5122 anno
1654 5067 1890 5123 secundo
1930 5069 2084 5139 regni

581 5238 607 5267 ι
631 5225 743 5283 Hoc
772 5227 1003 5305 diploma
1049 5229 1102 5286 in
1146 5231 1341 5305 angulo
1380 5234 1550 5305 _turris
1592 5236 1785 5291 domus
1824 5238 2083 5305 prioralis

506 5295 960 5368 Argentogilensis
1007 5295 1332 5355 monasterio
1377 5301 1652 5359 inventum
1697 5321 1727 5359 a
1781 5295 2083 5364 clarissimo

508 5372 565 5418 et
588 5367 949 5423 eruditissimo
994 5368 1187 5425 abbate
1210 5370 1427 5426 domino
1465 5372 1687 5429 Claudio
1712 5375 1913 5441 Fleuri,
1941 5377 2082 5445 eius-

510 5433 632 5487 dem
659 5434 764 5487 loci
795 5439 993 5487 nriore.

546 5446 632 5505 em
659 5446 764 5505 ioci
790 5446 993 5505 priore.

552 5501 619 5580 ,δ’
646 5501 862 5558 Gemina
889 5506 1194 5582 Belslgngo.
1225 5508 1393 5564 Sicuti
1426 5510 1551 5581 pagi
1577 5512 1631 5567 in
1658 5517 1975 5582 comitatus,
2006 5519 2081 5573 ita

508 5568 673 5654 IliJit't
709 5582 959 5628 centenas
1003 5568 1405 5654 dividebantur;
1426 5568 1575 5654 ierat
1628 5568 2081 5654 itaquel—centena“!

509 5635 785 5705 Belslanqo
809 5653 934 5706 pars
964 5645 1179 5712 maioris
1203 5649 1325 5718 pagi
1352 5635 1672 5707 Arduennae.

2187 4536 2362 4599 parte,
2403 4538 2513 4582 tam
2543 4528 2597 4583 in
2637 4529 2801 4599 sylvis
2827 4544 3096 4601 quamque
3137 4533 3189 4586 in
3225 4534 3407 4600 terris,
3446 4536 3615 4605 agris,
3662 4555 3797 4607 per-

2184 4618 2360 4684 misis,
2380 4618 2605 4688 campis,
2632 4620 2818 4689 pratis,
2844 4623 3078 4690 pascuis,
3108 4625 3264 4692 aquis
3287 4640 3666 4695 aquarumque
3696 4631 3797 4682 de—

2186 4708 2453 4773 cursibus,
2480 4708 2764 4776 adiunctis,
2790 4708 3124 4777 adiacentiis,
3151 4716 3333 4768 omnia
3355 4724 3409 4769 et
3429 4731 3493 4770 ex
3518 4720 3800 4774 omnibus

2187 4802 2288 4856 sub
2309 4802 2633 4871 integritate,
2655 4802 2920 4871 sicutiam
2942 4805 3199 4871 diximus,
3220 4807 3413 4864 debeat
3432 4810 3643 4865 habere
3671 4815 3799 4883 ipse

2189 4890 2508 4946 Dirodoinus
2531 4891 2616 4946 vel
2652 4892 2731 4946 sui
2770 4894 3184 4963 gamaladionis,
3216 4913 3482 4969 quamque
3510 4910 3564 4955 et
3593 4915 3800 4973 pasti,»

2184 4978 2321 5033 ritas
2346 4994 2531 5034 eorum
2554 4981 2943 5049 evindicatum,
2977 4994 3030 5039 et
3055 4985 3364 5043 elidieatum
3382 5031 3397 5055 ,
3428 5000 3482 5045 et
3506 4993 3799 5063 quidquid

2188 5067 2256 5124 de
2290 5070 2405 5139 ipsa
2428 5071 2580 5143 sylva
2606 5072 2784 5129 facere
2809 5075 3097 5141 voluerint,
3122 5092 3190 5133 ex
3232 5091 3415 5139 nostra
3443 5086 3801 5141 auctoritate

2260 5244 2737 5332 s_§umaMdio§is.
2764 5248 2849 5330 Ita
2887 5252 3526 5332 vocantur-liberi'justis
3561 5262 3799 5332 gupliis

2184 5319 2481 5394 procreati,
2513 5319 2580 5371 ad
2617 5319 2905 5394 discrimen
2936 5321 3281 5376 naturalium.
3311 5319 3431 5379 Vid.
3463 5326 3533 5380 du
3560 5319 3795 5387 Fresne

2184 5384 2239 5437 in
2266 5384 2528 5448 Glossar.,
2558 5401 2688 5442 voce
2714 5386 2977 5443 Gamales.

2184 5453 2290 5576 (1.3,
2318 5453 2482 5577 gluttu
2516 5457 2696 5510 vestita
2737 5457 2959 5525 fecisset.
2995 5461 3049 5515 Id
3079 5471 3196 5527 est,
3227 5466 3632 5533 possessionem
3670 5478 3791 5525 tra-

2221 5538 2237 5577 ι
2278 5538 2323 5577 IS
2353 5539 2382 5576 e
2410 5562 2425 5577 .

2221 5538 2425 5577 ιαιεεθῑ.

2258 5603 2283 5631 ε
2322 5592 2430 5667 (fer
2456 5596 2945 5667 magosghominea.
2983 5600 3039 5654 Id
3072 5610 3155 5656 est
3186 5617 3438 5667 veraces,
3476 5618 3569 5658 seu
3602 5614 3786 5664 testes

2184 5661 2288 5716 ﬁde
2313 5661 2521 5732 dignos.
2549 5661 2628 5718 Du
2658 5665 2857 5721 Fresne
2881 5667 3117 5728 Glossar.
3152 5674 3206 5727 h.
3235 5688 3384 5739 voce,
3407 5661 3532 5728 edit.
3557 5661 3707 5732 nov.
