4046 6172
399 269 402 272 ’
464 282 598 337 4379

1423 270 1709 331 'SECULI
1751 267 1859 327 V'lll
1901 264 2332 325 MONUMENTA
2372 260 2704 322 SELECTA.

3572 265 3698 321 1580

453 396 586 454 suis.
633 391 691 444 ln
721 388 878 444 Sulza
911 399 934 425 τι
967 401 1088 442 eum
1120 385 1368 439 omnibus
1398 385 1465 437 ad
1511 398 1568 437 se
1593 379 2017 451 pertinentibus;
2049 381 2096 439 Α
2126 376 2264 434 tudo,
2297 391 2391 431 seu
2437 375 2641 430 utilitas
2679 383 2878 438 vestra,
2917 374 3061 443 quod
3083 374 3148 429 de
3173 373 3506 454 monasterio
3529 373 3696 428 Gran-

457 489 510 537 in
535 477 856 535 Burchheim
883 477 931 540 δ,
961 476 1014 528 in
1038 474 1414 544 Lagelenbeim
1444 483 1490 536 ε,
1519 471 1572 525 in
1593 469 1957 524 Gruzenheim
1976 466 2026 532 ἀ,

456 569 510 623 in
538 564 913 638 Sigoltesheim
939 572 986 628 ε,
1014 561 1068 615 ἰη
1090 561 1446 616 Racenhusen
1482 558 1524 622 ί,
1559 559 1610 612 in
1635 555 1951 613 Oleswilern
1980 556 2028 621 Β,

456 661 512 714 ὶιι
539 654 923 712 Seerenwilere
965 655 1012 716 ιι,
1056 652 1110 706 in
1139 651 1565 705 Sarmeresheim
1617 651 1660 714 ί,
1712 649 1767 702 in
1814 647 2030 702 Huden-

458 728 602 802 heim
631 745 676 809 i,
722 746 776 798 in
804 742 1037 796 Northus
1063 741 1108 804 ι,
1161 756 1284 794 cum
1337 740 1486 793 omni
1535 738 1742 792 decima
1793 737 2030 804 ipsorum

458 837 783 908 prediorum.
834 832 1019 886 Nullus
1054 830 1219 899 judex
1266 830 1534 898 publicus,
1565 827 1709 882 nulla
1746 825 2034 893 judiciaria

459 939 697 1000 potestas
722 925 924 996 ingredi
953 931 1247 992 presumat,
1276 937 1376 976 nec
1395 921 1627 990 aliquem
1654 919 1930 973 hominum
1961 918 2035 971 ibi

460 1019 811 1084 constringat,
842 1029 939 1067 nec
973 1026 1166 1067 causas
1206 1009 1409 1073 audiat,
1458 1025 1557 1064 nec
1602 1007 1809 1062 fredam
1862 1005 2031 1071 tollat,

459 1125 558 1163 nec
584 1108 906 1170 mansiones,
933 1113 1026 1158 aut
1056 1112 1277 1172 paratas
1303 1102 1375 1155 ibi
1405 1099 1586 1164 faciat,
1619 1115 1716 1153 nec
1743 1099 2035 1168 quidquam

460 1201 526 1253 de
556 1199 684 1252 ﬁsco
712 1203 896 1250 nostro
923 1195 1181 1263 requirat.
1234 1190 1338 1246 Sed
1369 1191 1648 1261 predictus
1681 1190 1847 1242 abbas
1887 1188 2034 1240 Isen-

462 1291 680 1351 bardus,
727 1286 946 1356 ejusque
995 1298 1339 1339 successores
1387 1281 1606 1336 easdem
1645 1267 1749 1335 'res
1783 1294 2037 1334 auemen-

463 1381 644 1443 tando,
674 1394 736 1433 ac
766 1375 1095 1430 melioraudo
1147 1372 1477 1442 potestative
1519 1368 1846 1440 possideant.
1881 1366 1949 1421 Et
1977 1375 2038 1420 ut

461 1473 562 1526 hec
597 1468 888 1523 auctoritas
919 1473 1100 1519 nostra
1141 1463 1294 1516 firma
1337 1469 1392 1514 et
1424 1459 1675 1514 inviolata
1701 1465 2033 1528 permaneat,

460 1576 654 1615 manus
696 1566 878 1612 nostre
927 1553 1412 1624 subseriptionibus
1454 1551 1642 1605 subter
1684 1548 2034 1619 signavimus,

462 1662 518 1708 et
547 1653 612 1706 de
643 1650 841 1705 annulo
871 1657 1055 1702 nostro
1082 1648 1269 1700 subter
1299 1643 1672 1713 sigillavimus.

2131 466 2356 531 devalle,
2417 467 2469 519 in
2515 466 2776 520 honorem
2827 474 3029 519 sancta:
3083 463 3265 517 Maria:
3302 453 3530 533 virginis
3576 479 3696 518 cou-

2133 564 2358 620 Structo,
2380 565 2434 610 et
2459 563 2484 590 ο
2510 553 2654 609 Cella
2685 554 2934 608 Verteme
2957 553 3012 606 in
3049 555 3308 606 honorem
3335 552 3505 607 sancti
3537 552 3699 618 Pauli,

2133 655 2188 701 et
2226 645 2370 702 Cella
2413 645 2581 700 sancti
2624 644 2856 700 Ursicini
2904 643 3249 704 confessoris,
3285 643 3389 697 sibi
3432 640 3700 711 subjectis,

2135 736 2223 789 ubi
2275 735 2360 788 vir
2391 735 2737 790 Gundoaldus
2779 734 3103 788 venerabilis
3143 734 3280 787 abba
3310 747 3543 800 praeesse
3566 733 3702 787 vide-

2137 833 2244 885 tur,
2297 824 2458 878 missa
2486 823 2742 893 petitione
2773 823 3028 887 innotuit,
3051 837 3119 877 eo
3144 822 3287 892 quod
3307 823 3466 877 bonae
3511 838 3704 877 meme-

2137 916 2230 969 riae
2267 915 2475 984 genitor
2496 922 2678 968 noster
2721 913 2940 984 Pipinus
2962 928 3079 978 rex,
3119 912 3203 966 vel
3233 913 3418 966 caeteri
3469 923 3703 966 anteces-

2135 1020 2319 1060 sorum
2348 1020 2519 1074 reges,
2547 1005 2638 1072 qui
2673 1014 2798 1058 ante
2838 1004 3013 1073 ipsum
3059 1002 3140 1057 vel
3196 1017 3295 1056 nos
3344 1003 3700 1072 gubernacula

2137 1096 2286 1166 regni
2325 1094 2688 1150 Franchorum
2730 1103 3019 1150 tenuerunt
3189 1109 3489 1163 eorumque
3524 1108 3704 1148 manus

2138 1187 2434 1249 roboratas,
2489 1185 2594 1239 tale
2619 1183 2937 1240 beneﬁcium
2970 1184 3037 1238 ad
3078 1185 3250 1252 ipsam
3278 1199 3462 1238 casam
3517 1184 3704 1238 dictam

2136 1283 2434 1340 cesserunt,
2461 1283 2519 1329 ut
2553 1274 2619 1330 de
2645 1274 2785 1329 villis
2820 1289 3006 1329 eorum
3035 1275 3245 1344 integre
3288 1275 3569 1328 emunitati
3594 1273 3704 1341 ejus

2137 1367 2330 1421 merito
2365 1365 2700 1435 compellenti
2748 1367 3042 1421 secundum
3083 1381 3271 1422 eorum
3319 1367 3700 1435 perceptiones.

2137 1455 2278 1524 quod
2312 1463 2677 1510 antecessores
2710 1456 2878 1509 nostri
2907 1456 2973 1510 de
3002 1464 3269 1525 potestate
3307 1456 3375 1509 ad
3418 1455 3582 1524 ipsam
3606 1472 3701 1510 ca-

2139 1559 2252 1598 sam
2271 1553 2672 1609 coneesserunt,
2704 1545 2860 1614 plena
2905 1553 2960 1600 et
3003 1547 3211 1616 integra
3235 1554 3591 1616 perceperunt

2138 1633 2222 1688 vel
2268 1648 2367 1703 pro
2419 1631 2533 1702 ejus
2567 1632 2746 1704 quiete
2773 1635 3040 1690 dictorum
3074 1651 3449 1690 successorum
3491 1650 3708 1690 suorum

533 1741 754 1812 Signum
806 1737 1006 1792 domini
1054 1733 1430 1788 Carolomanni
1480 1727 1851 1801 gloriosissimi
1898 1727 2038 1797 regis
2069 1721 2116 1780 B
2144 1725 2240 1778 visi
2284 1740 2469 1778 sumus
2493 1726 2843 1780 concessisse.
2871 1725 3210 1795 Quapropter
3242 1742 3339 1796 per
3365 1729 3468 1781 hoc
3513 1742 3710 1795 praece-

465 1831 518 1884 in
542 1829 744 1884 Christi
787 1825 1021 1880 nomine.
1075 1822 1092 1859 ι
1127 1821 1454 1892 Maginarius
1503 1818 1788 1889 recognovi
1830 1825 1885 1871 et
1913 1817 2039 1871 sub-

465 1921 678 1989 scripsi.

536 2014 727 2066 Datum
773 2010 874 2064 sub
911 2007 997 2063 die
1033 2005 1205 2076 pridie
1235 2003 1414 2057 Nonas
1456 2002 1605 2066 maii,
1638 2015 1781 2056 anno
1806 1999 2042 2054 secundo

463 2105 614 2175 regni
640 2102 835 2157 nostri.

534 2167 726 2249 “Actum
754 2191 1121 2262 Bruocmagad
1149 2201 1188 2228 ω
1216 2189 1427 2258 palacio
1469 2184 1704 2255 publico,
1723 2167 1790 2237 'in
1821 2181 1916 2237 Dei
1948 2197 2044 2236 no-

465 2286 610 2340 mine
639 2283 889 2338 feliciter.
927 2281 1120 2336 Amen.
1271 2271 1284 2280 ”

1184 2365 1388 2423 XLVII.

467 2463 836 2518 Carolomanni
865 2462 997 2532 regis
1025 2469 1052 2498 ιι
1069 2457 1404 2532 privilegium
1425 2453 1850 2532 ptqmonasterio
1874 2451 2046 2508 Gran-

912 2525 1209 2585 disvallensi
1239 2525 1400 2597 (anno
1426 2525 1577 2596 770).
1715 2577 1742 2584 _

717 2621 880 2682 (Apud
899 2618 1197 2682 Scbwptlin,
1219 2614 1407 2666 Alsalt'a
1428 2612 1779 2677 diplomatica.)

537 2721 960 2775 Carolomannus
979 2718 1149 2789 gratia
1174 2717 1270 2771 Dei
1300 2732 1394 2770 rex
1418 2715 1789 2770 Franchorum
1818 2723 1873 2768 et
1899 2713 2044 2768 Lons

469 2809 847 2866 cobardorum.
888 2807 1084 2861 Notum
1111 2807 1182 2861 sit
1207 2806 1456 2859 omnibus
1481 2805 1770 2873 episcopis,
1795 2803 2046 2867 ducibus,

469 2902 776 2964 abbatibus,
804 2899 1109 2962 comitibus,
1138 2897 1468 2960 domesticis,
1503 2896 1742 2960 vicariis,
1795 2902 2048 2949 centena-
2090 2915 2092 2918 ν

472 2993 568 3047 riis
604 2990 688 3045 vel
723 2989 972 3060 omnibus
1005 2987 1186 3042 missis
1206 2985 1406 3040 nostris
1426 2984 1870 3039 discurrentibus.
1901 2983 2046 3048 Quo-

2139 1821 2292 1882 ptum
2321 1823 2563 1868 nostrum
2590 1815 2821 1884 speciale
2844 1816 3194 1881 decrevimus,
3215 1817 3550 1881 ordinamus,
3576 1817 3710 1887 quod

2141 1915 2457 1976 perpetuum
2630 1905 3024 1960 Concessumm
3051 1918 3188 1967 esse,
3223 1917 3281 1959 ut
3305 1920 3482 1976 neque
3531 1922 3708 1960 vos...

2143 2010 2314 2066 neque
2346 1995 2531 2058 vestri,
2583 2011 2681 2050 nec
2716 1997 2970 2066 quislibet
3019 1990 3086 2050 de
3131 1994 3421 2064 judiciaria
3456 2004 3714 2064 potestate

2142 2087 2438 2150 adcinetus,
2469 2084 2522 2139 in
2551 2087 2720 2140 curtis
2765 2087 2846 2141 vel
2895 2086 3036 2141 villis
3078 2086 3248 2155 ipsius
3272 2087 3589 2140 monasterii
3627 2095 3713 2140 aut

2143 2178 2385 2234 teditieiis
2412 2178 2652 2248 ipsorum
2683 2176 2807 2230 illuc
2833 2176 3256 2246 adspicientibus
3281 2177 3613 2246 quibuslibet
3629 2192 3717 2246 pa.

2143 2267 2243 2338 gis,
2294 2276 2454 2338 atque
2489 2265 2803 2328 territuriis,
2863 2274 2974 2318 tam
3021 2265 3164 2334 quod
3199 2265 3453 2334 praesenti
3481 2272 3718 2335 tempore

2143 2357 2418 2425 possidere
2443 2357 2708 2420 videatur,
2736 2356 2819 2409 vel
2861 2355 3162 2419 dominare,
3187 2371 3352 2425 quam
3379 2355 3521 2424 quod
3542 2356 3714 2410 adhuc

2145 2459 2212 2499 ex
2258 2459 2480 2500 munere
2523 2460 2711 2516 regum
2776 2451 2870 2497 aut
2896 2443 3225 2513 reginarum,
3250 2459 3344 2498 seu
3391 2458 3490 2514 pro
3528 2444 3714 2498 collata

2145 2533 2332 2604 populi
2381 2535 2464 2587 vel
2513 2534 2578 2588 de
2612 2526 2936 2604 comparata
2984 2543 3078 2590 aut
3127 2535 3196 2589 de
3249 2535 3486 2604 qualibet
3540 2550 3715 2589 rerum

2147 2624 2448 2678 detractum
2470 2633 2820 2696 augmentare
2863 2625 2948 2679 vel
2990 2624 3277 2680 meliorare
3319 2639 3412 2680 seu
3449 2625 3716 2679 attrahere

2145 2713 2360 2782 poterit,
2391 2715 2459 2768 ad
2496 2729 2718 2770 caussas
2753 2714 3098 2780 audiendum,
3126 2729 3228 2769 nec
3272 2712 3422 2768 [reda
3468 2725 3716 2768 exaetan-

2147 2803 2295 2866 dum,
2317 2819 2418 2857 nec
2442 2805 2565 2860 ﬁdei
2589 2805 2830 2874 jussores
2860 2805 3171 2868 tollendum,
3221 2819 3321 2859 nec
3356 2804 3714 2858 moneionatas

2147 2902 2242 2948 aut
2264 2903 2479 2965 paratas
2531 2896 2852 2962 faciendum,
2877 2912 2977 2952 nec
3000 2896 3243 2951 homines
3271 2895 3712 2966 distringendum,

2149 3002 2247 3041 nec
2291 2987 2670 3043 ministeriales
2714 3005 2840 3044 suos
2868 2997 2959 3044 aut
3003 2989 3297 3044 servientes
3332 2987 3419 3042 vel
3441 2988 3719 3043 aceolonos

472 3085 611 3137 tiens
643 3088 788 3134 recta
842 3077 1031 3148 petitio
1052 3075 1414 3137 sacerdotum,
1433 3074 1576 3143 quod
1598 3088 1698 3143 pro
1720 3073 2039 3142 opportuni-
2069 3077 2115 3140 ο
2149 3076 2320 3145 ipsius
2355 3079 2664 3133 monasterii
2695 3078 3142 3148 distringendum,
3179 3092 3276 3132 nec
3315 3076 3454 3132 ullas
3484 3078 3714 3131 reddibi-

471 3175 669 3230 tatibus
709 3171 946 3239 locisque
971 3175 1279 3223 sanctorum
1309 3166 1570 3234 proderit,
1618 3165 1686 3219 ad
1736 3178 1894 3218 aures
1936 3162 2044 3218 cle-

466 3263 685 3320 mentiae
705 3269 903 3315 nostra:
917 3256 1260 3328 processerit,
1277 3255 1399 3310 talis
1419 3255 1577 3310 debet
1597 3255 1758 3308 etiam
1779 3254 1846 3308 ob
1861 3253 2044 3309 audita

473 3355 554 3410 vel
597 3336 837 3407 eﬂ‘ective
891 3350 946 3404 in
1001 3346 1210 3403 Domini
1258 3337 1476 3400 nomine
1525 3344 1849 3414 mancipata,
1902 3343 2045 3398 unde

472 3461 569 3514 per
595 3452 854 3499 aeternum
895 3438 1274 3494 retributorem
1316 3436 1526 3490 veniam
1565 3450 1873 3489 mereamur
1925 3434 2043 3489 adi-

474 3532 629 3601 pisci,
677 3538 732 3584 et
773 3542 866 3583 eos
907 3526 1138 3583 deiectet
1183 3540 1283 3595 pro
1321 3524 1612 3580 stabilitate
1663 3525 1814 3596 regni
1871 3524 2043 3579 nostri

473 3622 668 3692 iugiter
717 3632 964 3680 exorare,
1003 3616 1087 3670 vel
1137 3616 1194 3670 in
1249 3614 1397 3670 omni
1440 3622 1592 3682 parte
1637 3613 1869 3668 ﬁdeliter
1917 3628 2045 3684 erga

478 3719 719 3765 nostrum
754 3722 978 3778 regnum
1019 3705 1290 3760 assistere.
1336 3704 1500 3774 Igitur
1527 3711 1814 3773 cognoscat
1842 3703 2048 3774 magni-

549 3858 574 3884 α
616 3843 787 3898 Hodie
814 3840 1122 3912 oppidulum
1148 3840 1294 3905 Sulz,
1344 3840 1460 3912 sive
1482 3839 1787 3912 Ober-Sulz
1812 3841 1864 3912 i_n
1889 3839 2048 3912 Muri;

477 3915 601 3967 dato
652 3909 915 3978 superiori
953 3912 1132 3972 situm,
1192 3910 1405 3964 nonnisi
1447 3911 1515 3963 ab
1565 3910 1758 3978 oppido
1807 3909 2047 3969 Gebvilla

477 3981 698 4035 dimidia
726 3981 878 4035 leuca
904 3981 1126 4033 distans.

549 4050 575 4088 δ
615 4052 779 4107 Vicus
801 4048 1085 4116 Burgheim
1123 4061 1287 4116 prepe
1323 4044 1702 4110 Oberenheim,
1742 4047 1931 4102 ditioni
1974 4051 2050 4102 ci-

481 4121 662 4175 vitatis
687 4116 1093 4190 Argentinen‘sis
1109 4116 1398 4190 subjectus.

553 4202 576 4229 ο
618 4184 791 4245 Hodie
809 4186 1175 4257 Lagelnheim,
1209 4184 1556 4257 ’sesquiflenca
1587 4187 1655 4241 ab
1685 4185 1880 4257 oppido
1923 4187 2048 4242 Col~

483 4260 740 4315 mariensi
765 4259 830 4312 ad
857 4255 1029 4312 Ellum
1074 4255 1270 4309 ﬂumen
1299 4256 1526 4324 positus.

550 4330 578 4370 (ι
619 4330 787 4384 Hodie
822 4326 1181 4382 Grusenheim
1207 4323 1348 4379 inter
1382 4325 1737 4379 Selestadium
1760 4333 1814 4378 et
1841 4323 2052 4380 Colma-

484 4402 641 4464 riam,
668 4399 735 4468 ad
757 4397 1001 4468 dominos
1022 4396 1088 4468 de
1106 4395 1578 4468 Bathsamhausen
1605 4396 1901 4468 pertinens.
1921 4395 2050 4468 Pos—

481 4471 621 4523 sidet
645 4465 840 4523 ibidem
865 4465 1324 4522 Ebersbeimensis
1346 4465 1558 4518 abbatia
1589 4465 1794 4519 curiam
1818 4465 2049 4519 domini-

481 4539 650 4592 calem
688 4557 700 4590 :
733 4538 968 4592 decimas
991 4549 1205 4605 quoque
1223 4532 1910 4605 banni_Grusenheimensis
1930 4551 2052 4589 cum

480 4603 1169 4684 paroclto_dividiteaden1,
1223 4619 1344 4672 quae
1362 4603 1493 4684 oliui
1523 4618 1737 4684 quoque
1761 4606 1827 4660 ad
1853 4620 2050 4658 annum

485 4673 656 4745 usque
684 4677 815 4732 1749
854 4675 976 4742 jure
994 4684 1312 4797 Eatronatus
1357 4673 1644 4741 gaudebat.

515 4816 526 4826 .
561 4761 584 4785 ε
602 4745 788 4826 .llodie
816 4744 990 4826 Sigeis
1012 4745 1160 4826 _eim,
1188 4742 1633 4823 sive.Savamont,
1663 4743 1880 4824 Alsatiaz
1897 4759 2054 4826 supe-

484 4816 646 4870 rioris
667 4831 830 4885 prope
849 4813 1248 4885 Kienshemium
1268 4813 1439 4885 vicus,
1468 4813 1520 4865 in
1541 4827 1650 4880 quo
1667 4813 1870 4866 curiam
1889 4813 2056 4868 domi.

485 4883 716 4942 niealem
749 4883 922 4939 adhuc
970 4885 1133 4938 habet
1160 4883 1391 4936 abbatia.
1615 4931 1617 4933 ,

565 4956 583 4992 τ
629 4955 802 5010 Hodie.
838 4953 1303 5008 Rathsamhausen
1347 4967 1511 5020 prope
1557 4950 1929 5014 Selestadium,
1982 4953 2051 5007 ad

486 5026 729 5080 dominos
753 5024 988 5092 ejusdem
1010 5021 1238 5076 nominis
1277 5029 1544 5088 spectans.
1583 5021 1810 5076 Abbatia
1851 5021 2049 5076 Ebers-

490 5091 789 5149 heimensis
806 5095 876 5147 ibi
906 5093 1099 5161 gaudet
1125 5091 1365 5146 decimis.

567 5167 589 5202 ε
623 5163 789 5220 llodie
817 5160 1192 5224 Orsclivv'eiier,
1247 5161 1396 5215 vicus
1423 5160 1631 5215 duabus
1670 5160 1838 5214 leucis
1889 5177 2051 5230 supra

798 5234 952 5297 situs,
1004 5233 1058 5285 in
1099 5245 1206 5300 quo
1249 5232 1509 5299 quosdam
1562 5231 1765 5285 reditus
1815 5233 2052 5300 possidet

494 5313 727 5358 abbatta.

560 5371 588 5408 ιι
629 5372 793 5427 Hodie
836 5369 1272 5440 Sehervreiler,e
1295 5370 1512 5440 regione
1539 5369 1819 5424 Selestadii
1846 5373 1913 5427 ad
1950 5373 2058 5428 Vo-

489 5439 600 5510 gesi
631 5442 810 5509 pedes,
876 5443 929 5494 in
973 5441 1126 5494 vallis
1155 5439 1458 5510 Villerianm
1488 5440 1708 5494 introitu
1732 5441 1888 5505 situs,
1936 5457 2063 5510 per-

492 5509 668 5564 tinens
697 5512 762 5563 ad
789 5512 850 5564 D.
877 5511 943 5564 de
965 5509 1234 5564 Choiseul.
1261 5510 1488 5566 Abbatia
1507 5510 1764 5579 praedicta
1794 5511 1868 5564 ibi
1900 5509 2060 5567 habet

492 5581 732 5653 qugpdam
765 5581 920 5631 bona.
1513 5635 1516 5637 λ

574 5658 590 5683 ι
625 5644 789 5698 llmlie
830 5644 1226 5700 Sermersheim
1249 5664 1407 5716 supra
1436 5649 1764 5714 Benfeldam,
1793 5650 1859 5703 ad
1883 5650 2057 5704 Ellum

2145 3170 2317 3224 tiones
2341 3170 2584 3239 publicas
2607 3173 3003 3241 requirendum,
3036 3187 3137 3228 nec
3161 3169 3540 3227 exactandtim.
3569 3171 3713 3238 Quod

2143 3259 2211 3312 ad
2245 3257 2433 3314 [iscum
2460 3271 2705 3316 nostrum
2729 3271 2822 3316 aut
2862 3263 3089 3317 comites
3119 3261 3314 3316 exinde
3341 3246 3606 3316 fedibitur
3623 3275 3712 3331 pe-

2145 3351 2290 3406 nitus
2317 3351 2595 3424 egredere,
2633 3353 2917 3422 iudiciaria
2946 3361 3186 3422 potestas
3227 3367 3328 3407 nec
3368 3351 3515 3406 missi
3548 3361 3715 3413 nostri

2145 3444 2481 3499 diseurentes
2498 3455 2826 3516 praesumant
2871 3445 2972 3501 nisi
3001 3459 3191 3500 omnes
3212 3443 3365 3499 villas
3399 3457 3576 3496 eorum
3605 3441 3704 3494 sub

2146 3533 2459 3588 emunitatis
2488 3535 2741 3598 nomine;
2800 3551 2922 3590 eum
2945 3549 3132 3588 omnes
3185 3531 3368 3588 fredus
3401 3544 3700 3589 concessus,

2147 3634 2241 3677 aut
2302 3625 2544 3694 publicas
2591 3625 2939 3682 redibitiones
2989 3639 3296 3687 concessas,
3345 3621 3521 3678 munia
3573 3620 3710 3674 sicut

2147 3713 2396 3783 superius
2420 3714 2862 3784 comprehensum
2893 3723 3008 3780 est;
3069 3723 3179 3769 tam
3233 3715 3350 3784 ipse
3383 3713 3549 3767 abbas
3572 3710 3714 3766 Gon-

2148 3843 2369 3914 ﬂuvium
2398 3842 2557 3914 situs,
2608 3842 2676 3898 ad
2698 3841 3010 3914 episcopum
3059 3843 3508 3914 Argentinensem
3536 3839 3715 3914 perti-

2148 3927 2301 3967 nens.
2335 3912 2582 3966 Decimas
2605 3927 2727 3966 eum
2753 3912 2990 3981 paroeho
3017 3914 3090 3969 ibi
3103 3912 3520 3981 dividitaiehatia
3535 3912 3719 3968 Ebers-

2149 3983 2461 4046 heimensis,
2498 3995 2618 4049 qua;
2645 3980 2858 4051 quoque
2883 3983 3036 4038 curia
3064 3983 3371 4040 dominicali
3393 3991 3445 4036 et
3461 3980 3588 4049 jure
3635 3995 3720 4049 pa-

2150 4061 2396 4106 tronatus
2432 4052 2648 4106 gaudet.

2222 4120 2236 4170 i
2261 4121 2428 4175 llodie
2438 4117 2802 4186 lluttenheim,
2816 4122 3023 4177 duabus
3037 4121 3172 4175 infra
3189 4120 3600 4175 Ebershemium
3614 4117 3719 4171 leu-

2150 4191 2246 4262 eis,
2262 4201 2514 4262 spectans
2535 4191 2602 4245 ad
2622 4193 2866 4247 eumdem
2906 4193 3214 4262 episcopum
3257 4189 3717 4262 Argentinensem.

2223 4261 2261 4341 κ.
2273 4259 2448 4341 Ἠοάἰθ
2471 4258 2824 4341 Northausen,
2836 4258 3000 4341 vulgo
3016 4258 3178 4341 Nartz
3190 4258 3357 4341 prope
3376 4259 3719 4341 Erstein'i‘um,

2152 4330 2427 4401 pertinens
2446 4345 2657 4401 quoque
2676 4331 2743 4385 ad
2764 4326 3075 4401 episco'pum
3093 4326 3566 4401 Argentinensem.
3579 4326 3715 4401 Bona

2154 4393 2254 4453 sua
2272 4400 2324 4452 in
2348 4393 2689 4470 Northausen
2715 4393 2837 4454 cum
2866 4393 3099 4470 capitulo
3128 4393 3316 4467 mvajori
3343 4393 3715 4470 Argentinensi

2153 4485 2252 4540 pro
2286 4469 2537 4540 praediis
2571 4467 2982 4540 iniKogenheiiu
3037 4469 3390 4540 commutavit
3419 4467 3656 4540 abbatis.

2229 4537 2247 4576 ι
2285 4537 2608 4607 Maginarius
2623 4537 3088 4594 fuitcancellarius
3101 4537 3498 4600 Carolomanni,
3523 4544 3580 4590 et
3611 4549 3724 4588 om-

2153 4620 2251 4662 nes
2276 4606 2517 4678 ejusdem
2539 4609 2683 4678 regis
2724 4610 2941 4664 chartas
2969 4607 3301 4678 recognovit.

2223 4687 2260 4709 ι·
2298 4677 2566 4746 Antiquus
2589 4675 2738 4734 locus
2752 4675 3123 4740 Tribocorum,
3150 4678 3326 4731 dictus
3341 4675 3722 4746 Bngeomagu‘sl

2151 4748 2292 4812 apud
2323 4741 2728 4815 Schmpﬂinum,
2767 4748 2936 4802 Alsat.
2966 4747 3216 4799 illustrat.
3274 4755 3403 4799 tom.
3429 4743 3472 4805 l,
3499 4741 3627 4812 pag.
3657 4741 3720 4815 .57

2153 4810 2207 4870 et
2233 4816 2357 4878 251,
2393 4810 2610 4884 qui‘sub
2630 4817 2940 4870 Alemannis
2982 4816 3305 4876 destructus,
3353 4810 3541 4884 postea
3579 4810 3727 4879 pala-

2159 4887 2290 4956 tium
2319 4878 2427 4938 fuit
2445 4887 2679 4956 regium;
2712 4878 3477 4956 hodievicusBrumt,__sive
3509 4878 3729 4956 Brumpt

2160 4955 2214 5008 in
2244 4954 2466 5017 Alsatia,
2498 4947 2566 5009 εἶά
2604 4947 2821 5010 domum
2841 4953 3530 5008 Hasse-Damnstadienscm
3570 4947 3729 5017 perti-

2129 5073 2132 5076 .
2159 5040 2309 5077 nens.
2363 5024 2546 5094 Exstat
2574 5025 2712 5094 apud
2743 5025 2996 5094 Martene,
3027 5033 3195 5094 veter.
3241 5023 3569 5075 Monument.
3602 5028 3727 5071 tom.

2157 5093 2195 5146 ι.
2221 5109 2340 5162 pag.
2366 5093 2461 5162 3‘2.
2486 5092 2713 5147 alterum
2736 5092 3111 5148 Carolomanni
3137 5101 3462 5162 pneceptum
3499 5103 3730 5162 pronio—

2156 5155 2390 5216 nastei'io
2439 5161 2762 5242 Prumiensi,
2804 5164 2980 5242 datum
3030 5155 3242 5242 quoque
3293 5155 3622 5226 Brut-magni!
3680 5155 3733 5206 in

2155 5249 2325 5285 mense
2346 5233 2482 5284 maio
2510 5249 2646 5284 anno
2670 5234 2892 5285 secundo
2923 5231 3062 5297 regni
3084 5231 3188 5283 sui.
3489 5295 3510 5297 _
3570 5294 3586 5297 Α
3608 5293 3623 5297 _
3691 5244 3694 5247 '

2242 5312 2270 5338 η
2303 5301 2557 5355 Chartam
2588 5303 2725 5354 hanc
2775 5293 3148 5369 intemolatam
3191 5297 3447 5369 exhibent
3474 5293 3734 5369 _Labbeus

2167 5373 2220 5425 in
2269 5370 2486 5424 Miseell.
2511 5385 2665 5439 capp.
2687 5370 2740 5435 6,
2769 5372 2820 5435 7,
2851 5370 2876 5440 §
2907 5364 2931 5422 ἱ
2949 5369 3240 5440 ;ﬂCoi_ntins
3260 5365 3455 5440 Annal.
3474 5364 3726 5440 Frangat.

2167 5451 2295 5495 tom.
2327 5442 2389 5500 γ,
2418 5456 2541 5521 ann.
2571 5431 2695 5503 769,
2727 5431 3022 5564 'pagéﬂii;
3073 5438 3316 5507 Bouquet
3343 5436 3608 5504 Scriptor.
3634 5431 3728 5484 lle-

2167 5526 2283 5564 rum
2327 5511 2635 5564 Francicar.
2661 5517 2792 5563 tom.
2873 5551 2887 5564 .
2933 5523 3058 5564 nas.
3087 5507 3208 5560 796.

2167 5526 2283 5564 rum
2327 5507 2792 5579 Francicamtqm.
2819 5507 2887 5572 γ,
2933 5507 3208 5579 pagafnﬁ-
3357 5572 3453 5579 ___-
3533 5569 3575 5579 ,,
3645 5567 3677 5579 _.

2238 5588 2262 5614 ο
2306 5580 2450 5633 Cella
2495 5580 2665 5632 sancti
2710 5569 2976 5634 Pauli'a'd
3007 5569 3306 5631 WV'erdam.
3357 5572 3474 5628 νεα.
3533 5569 3724 5624 llr-stis.

2164 5649 2364 5703 Chron.
2401 5648 2584 5711 Basil.,
2626 5662 2748 5718 pag.
2790 5651 2842 5700 Ἰ.
