4046 6172
435 299 564 365 1381

1223 305 1486 380 PlPPlNl,
1524 312 2017 373 CAROLOMANNI
2052 312 2149 373 ET
2180 318 2944 384 ALIORUM‘DIPLOMATA.

3553 333 3693 389 1582

427 426 640 494 daldus,
668 413 832 496 quam
871 439 1213 482 successores
1240 430 1344 496 sui,
1379 431 1483 485 hoc
1503 430 1559 484 in
1586 418 1809 485 Domini
1825 429 1997 486 nomi-
2023 436 2075 495 Α
2102 447 2468 506 augmentum,
2493 441 2633 497 sicut
2650 458 2681 497 a
2705 458 2863 499 vasso
2884 453 3069 499 nostro
3089 443 3394 519 Audegario
3412 462 3694 518 possessas

429 532 497 571 ne
544 515 691 572 omni
722 523 963 586 tempore
1005 516 1221 572 valeant
1261 519 1558 588 possidere,
1608 528 1769 591 atque
1824 520 2001 577 domi-

427 623 579 663 nare.
626 608 779 676 Quod
799 623 900 664 nos
919 607 988 663 ad
1023 608 1139 678 ipsa
1180 612 1509 666 monasteria
1549 621 1645 667 aut
1678 612 1997 679 monachis;

426 698 520 769 qui
564 699 766 755 ibidem
801 707 930 756 sunt
955 706 1049 754 aut
1073 697 1424 769 pnefuerunt,
1483 717 1582 774 pro
1611 702 1878 758 mercedis
1905 717 2001 757 no-

424 796 554 845 strae
581 798 870 862 augmento
897 791 1077 846 taliter
1099 791 1483 854 concessimus,
1510 800 1571 847 ut
1590 793 1735 849 nulla
1757 788 1998 866 refraga-

425 881 503 936 tio
530 881 596 936 de
622 881 743 945 hoc,
790 879 935 952 quod
972 880 1220 950 superius
1247 880 1571 947 continetur,
1621 882 1763 952 quod
1806 884 1878 938 ab
1903 899 2001 939 no—

420 980 537 1027 stra
561 971 842 1026 clementia
882 970 1087 1026 eisdem
1138 970 1240 1025 fuit
1264 985 1603 1038 concessum,
1662 968 2000 1030 nec'nostris

420 1076 523 1117 nec
548 1059 746 1117 futuris
792 1061 1141 1131 temporibus,
1180 1061 1266 1117 vel
1307 1061 1418 1117 ullo
1470 1076 1686 1133 quoque
1732 1072 1995 1134 tempore,

419 1156 482 1203 ut
509 1150 612 1206 hoc
641 1165 747 1205 non
774 1149 869 1204 ﬁat
900 1151 1005 1205 nisi
1054 1152 1198 1221 quod
1245 1165 1344 1222 pro
1373 1152 1475 1208 hoc
1508 1162 1694 1210 nostro
1720 1164 1994 1226 praecepto

420 1240 521 1295 fuit
555 1255 893 1307 concessum,
943 1256 1042 1311 pro
1070 1242 1452 1313 perpetualiter
1472 1253 1692 1301 maneat
1727 1245 1995 1303 illibatum

419 1341 581 1403 atque
602 1333 995 1390 inconvulsum.
1021 1335 1090 1389 Et
1124 1344 1185 1391 ut
1208 1337 1325 1393 hzec
1366 1339 1660 1395 auctoritas
1686 1347 1872 1394 nostra
1904 1338 1996 1393 ﬁr-

416 1422 558 1497 mior
601 1423 887 1490 habeatur,
913 1422 968 1478 in
992 1424 1241 1481 omnibus
1264 1442 1363 1496 per
1383 1433 1624 1497 tempora
1652 1428 1845 1484 melius
1863 1443 1991 1483 con-

412 1494 676 1585 servetur,
708 1525 869 1566 manu
886 1522 1074 1568 nostra
1101 1494 1582 1584 subscriptionibus
1599 1517 1786 1572 subter
1810 1516 1992 1588 sign-a-

413 1600 590 1655 vimus
612 1608 668 1655 et
709 1601 776 1656 de
792 1602 994 1659 annulo
1026 1610 1214 1660 nostro
1237 1604 1425 1660 subter
1451 1605 1822 1677 sigillavimus.
1856 1618 1883 1648 ι

1094 1715 1301 1771 XLVII.

2102 525 2340 595 fuerunt,
2377 542 2434 588 et
2471 542 2532 591 ut
2574 536 2766 593 melius
2802 537 3034 594 delectet
3063 538 3209 609 lpSUS
3253 540 3551 596 monachos
3592 557 3694 610 pro

2102 618 2259 673 nobis
2283 628 2338 674 et
2368 623 2611 692 genitore
2640 633 2827 681 nostro
2855 627 2942 682 die
2976 637 3246 698 noctuque
3280 627 3493 685 Domini
3522 631 3690 689 mise-

2102 706 2388 765 ricordiam
2415 713 2673 771 attentius
2694 715 3006 786 deprecare.
3027 717 3197 788 igitur
3220 718 3517 789 praedictas
3534 722 3693 779 villas

2098 795 2391 858 Faberolas
2409 812 2464 858 et
2488 804 2728 862 Noronte
2745 807 2993 865 cedimus
3012 817 3174 880 atque
3199 812 3462 869 donamus
3483 815 3551 871 ad
3571 814 3693 888 ipso

2099 896 2288 943 sancto
2314 889 2452 957 loco,
2483 909 2591 948 una
2624 911 2749 951 cum
2781 898 2957 964 terris,
3009 900 3279 968 domibus,
3309 903 3572 974 aediliciis,
3601 924 3694 963 ac-

2098 974 2340 1045 colabus,
2392 982 2695 1053 mancipiis,
2748 986 2939 1054 vineis,
2990 988 3160 1055 silvis,
3215 994 3443 1064 campis,
3492 999 3690 1067 pratis,

2096 1068 2327 1135 pascuis,
2360 1074 2516 1142 aquis
2555 1091 2887 1146 aquarumve
2927 1081 3267 1151 decursibus,
3311 1087 3600 1146 mobilibus
3636 1101 3692 1148 et

2096 1155 2481 1229 immobilibus,
2525 1163 2818 1235 farinariis,
2847 1171 3025 1242 gregis
3051 1188 3176 1228 cum
3215 1177 3538 1245 pastoribus.
3567 1195 3682 1236 om-

2097 1248 2185 1302 nia
2213 1257 2268 1305 et
2293 1266 2360 1307 ex
2407 1257 2677 1325 omnibus,
2723 1260 2861 1316 sicut
2902 1261 3159 1331 diximus,
3206 1281 3330 1321 cum
3369 1270 3513 1324 omni
3554 1271 3692 1326 inte-
3783 1317 3790 1324 .

2094 1339 2308 1410 gritate,
2346 1345 2608 1416 quidquid
2649 1351 2904 1420 praesenti
2950 1360 3193 1423 tempore
3239 1366 3425 1412 nostra
3473 1359 3689 1416 videtur

2093 1430 2297 1486 ibidem
2319 1448 2441 1490 esse
2466 1439 2754 1506 possessio,
2783 1455 2915 1509 pars
2943 1443 3185 1512 prredicti
3204 1448 3520 1503 monasterii
3544 1450 3690 1520 ejus-

2093 1538 2201 1593 que
2230 1534 2470 1583 rectores
2487 1531 2795 1599 perenniter
2821 1535 3022 1589 nostris
3046 1544 3103 1590 et
3134 1536 3331 1594 futuris
3353 1542 3689 1611 temporibus

2094 1614 2349 1684 habeant,
2382 1626 2600 1676 teneant
2628 1630 2790 1692 atque
2829 1627 3173 1694 possedeant,
3214 1636 3268 1685 et
3306 1628 3374 1684 ad
3404 1631 3519 1702 ipsa
3556 1647 3682 1689 casa

2093 1704 2191 1760 Dei
2217 1706 2271 1761 in
2301 1718 2487 1765 nostra
2505 1710 2797 1768 elemosina
2846 1730 3018 1785 usque
3042 1716 3096 1771 in
3124 1727 3442 1789 perpetuum
3479 1721 3687 1792 absque

409 1785 609 1841 Charta
618 1784 1307 1882 .CaroftJ-mntztt‘ni'ziglthttlt
1325 1785 1477 1882 1:112
1482 1787 1863 1882 fel-ierolqmt‘
1881 1790 1937 1846 Ν
1939 1809 1991 1847 o-
2019 1775 2069 1838 Β
2095 1798 2254 1855 ullius
2272 1803 2590 1872 repetitione
2613 1804 2807 1861 debeat
2827 1775 2947 1862 esse
2969 1809 3092 1879 jure
3113 1775 3323 1882 integro
3343 1775 3682 1871 confirmato.

516 1866 716 1910 rontem
731 1853 960 1909 motio
981 1853 1305 1925 magum
1321 1857 1527 1927 confert
1551 1859 1712 1928 (anno
1741 1861 1889 1934 771).

540 1946 709 2008 (Apud
734 1945 792 1995 D.
819 1946 1064 2008 Bouquet,
1088 1944 1283 1998 Rocucil
1299 1947 1390 2000 dea
1415 1947 1541 2003 Βία.
1561 1952 1623 2002 de
1645 1952 1880 2016 France.)

476 2026 900 2085 Carolomannus
947 2029 1121 2099 gratia
1165 2030 1262 2086 Dei
1290 2046 1386 2086 rex
1423 2032 1754 2091 Francorum
1791 2037 1876 2091 vir
1909 2039 1992 2094 in-

404 2123 592 2182 luster.
620 2124 688 2179 Et
710 2123 837 2193 quia
863 2133 1115 2179 monente
1135 2121 1415 2194 Scriptura
1435 2124 1512 2180 ita
1532 2136 1781 2196 Oporteat
1800 2145 1991 2186 unum-

399 2228 670 2285 quemque
711 2221 1025 2269 constanter
1063 2215 1378 2283 pmcparari,
1429 2225 1698 2286 quatenus
1743 2221 1990 2280 veniente

298 2318 302 2322 ·
399 2307 458 2363 in
481 2314 770 2375 conspectu
797 2304 1013 2375 superni
1059 2301 1263 2361 iudicis
1309 2305 1454 2361 illam
1481 2316 1756 2365 mereatur
1782 2311 1988 2369 domini

396 2403 545 2474 piam
586 2417 774 2459 vocem
817 2403 1025 2468 audire,
1069 2403 1212 2459 unde
1235 2419 1424 2460 omnes
1448 2403 1583 2475 justi
1608 2422 1674 2461 ex
1716 2408 1872 2464 bonis
1896 2423 1988 2465 ac-

400 2494 545 2549 tibus
598 2500 757 2549 erunt
798 2492 1004 2563 gavisi;
1048 2503 1377 2564 quapropter
1417 2510 1518 2551 nos
1561 2497 1875 2565 salubriter,
1927 2509 1988 2556 ut

396 2585 688 2650 credimus,
715 2583 1118 2639 considerantes
1157 2571 1392 2654 qualiter
1432 2600 1499 2640 ex
1540 2588 1770 2644 terrenis
1799 2592 1981 2651 rebus.

397 2674 593 2743 quibus
614 2687 846 2742 superna
874 2672 1047 2743 gratia
1078 2673 1235 2728 nobis
1270 2672 1556 2729 afﬂuenter
1579 2676 1633 2730 in
1654 2678 1763 2733 hoc
1787 2680 1986 2737 szeculo

395 2763 595 2832 largire
623 2761 837 2831 dignata
863 2769 967 2825 est,
1013 2761 1191 2817 saltim
1218 2763 1303 2819 vel
1341 2764 1395 2819 in
1440 2768 1766 2836 pauperibus
1788 2784 1855 2824 ex
1881 2772 1986 2828 hoc

396 2853 632 2906 tribuere
681 2852 1018 2917 deberemus,
1054 2854 1195 2907 unde
1242 2854 1671 2912 misericordiam
1714 2860 1981 2919 Altissimi

394 2940 620 3010 adipisci
645 2940 941 2997 valeamus.
984 2942 1192 2998 idcirco
1230 2945 1476 3001 cedimus
1518 2955 1682 3018 atque
1711 2950 1993 3010 donamus

388 3043 492 3098 pro
519 3031 713 3086 animai
730 3039 930 3088 nostra:
953 3028 1270 3099 remedium,
1294 3034 1377 3090 vel
1399 3051 1500 3106 pro
1522 3038 1767 3108 genitore
1790 3051 1980 3098 nostro

2094 1886 2163 1943 Et
2191 1898 2251 1944 ut
2275 1890 2394 1948 haec
2415 1894 2716 1951 auctoritas
2744 1894 2899 1951 ﬁrma
2925 1908 2980 1952 et
3008 1897 3321 1956 inconvulsa
3347 1915 3682 1972 permaneat,

2093 1994 2193 2034 nos
2214 1995 2332 2035 eam
2355 1998 2517 2038 manu
2538 1985 2751 2057 propria
2779 1987 2966 2043 subter
2985 1988 3337 2058 linuavimus,
3359 2001 3416 2049 et
3434 1994 3500 2050 dc
3520 1997 3687 2051 anulo

2091 2079 2279 2126 nostro
2305 2073 2538 2142 sigillare
2560 2075 2839 2145 jussimus.

2161 2162 2387 2235 Signum
2418 2165 2473 2237 +
2502 2166 2697 2225 Carolo
2722 2167 2913 2241 Magno
2934 2170 3321 2241 gloriosissimo
3344 2191 3488 2248 rcgc.

2161 2255 2489 2326 Maginarius
2508 2259 2794 2329 recognovi
2819 2269 2875 2315 et
2901 2262 3219 2333 subscripsi.

2161 2343 2295 2399 Data
2326 2346 2380 2400 in
2404 2361 2589 2403 mense
2608 2348 2898 2415 decembri,
2922 2367 3065 2408 anno
3088 2361 3281 2423 quarto
3304 2355 3455 2426 regni
3484 2359 3676 2415 nostri.

2157 2434 2354 2490 Actum
2382 2436 2411 2476 ιι
2442 2436 2822 2512 Salmunciago
2862 2441 3064 2511 palatio
3098 2442 3336 2514 publico,
3364 2445 3418 2501 in
3457 2445 3554 2504 Dei
3582 2465 3679 2504 uo-

2087 2525 2232 2581 mine
2256 2526 2505 2583 feliciter.

2754 2642 2979 2720 xtvm.

2087 2786 2109 2813 ο
2159 2774 2544 2851 momentum
2589 2774 2813 2851 Remigii
2859 2778 3087 2851 episcopi
3133 2770 3541 2851 Argentinemis,
3584 2801 3678 2839 σου

2153 2845 2333 2898 charta
2363 2845 2663 2899 donationis
2686 2845 3123 2902 mbuasteriofum
3148 2845 3421 2906 Ascltovia:
3440 2863 3488 2907 et
3519 2852 3673 2907 Wer-

2151 2915 2254 2968 tlm:
2274 2914 2344 2967 ad
2364 2913 2633 2968 ecclesiam
2653 2915 3098 2986 Argenlinensem.
3129 2918 3318 2993 Die'lz‘i
3346 2920 3527 2976 Martii
3548 2922 3673 2979 778.

2172 3022 2340 3085 (Apud
2366 3023 2678 3087 Crandidier,
2708 3023 2832 3076 Hist.
2859 3027 2922 3076 de
2945 3026 3143 3091 l‘Eglise
3164 3030 3229 3080 de
3252 3031 3592 3098 Strasbourg.)

388 3123 663 3192 quondam
704 3122 951 3193 Pippino,
994 3123 1064 3178 ad
1107 3125 1492 3181 monasterium
1536 3129 1711 3185 sancti
1736 3130 1977 3203 Dionysii
1998 3129 2052 3193 α
2148 3125 2189 3195 εἶ’
2210 3125 2267 3180 Ιιι
2294 3126 2509 3181 noniine
2534 3126 2729 3189 Patris,
2757 3136 2812 3182 et
2833 3127 2975 3200 Filii,
3005 3139 3059 3185 et
3086 3131 3321 3201 Spiritus
3347 3137 3538 3199 sancti,
3569 3140 3670 3193 sub

388 3214 666 3285 martyris,
695 3214 787 3269 ubi
810 3213 1336 3284 pretiosusdonmus
1374 3230 1499 3271 cum
1527 3217 1691 3275 sociis
1714 3219 1828 3276 suis
1854 3235 1982 3277 cor-

386 3317 521 3373 pore
543 3304 850 3373 requiescit,
888 3303 1252 3376 doaatumque
1280 3307 1349 3363 ad
1390 3307 1619 3378 pmfato
1640 3320 1829 3367 sancto
1856 3312 1978 3370 loco

383 3405 508 3449 esse
527 3392 794 3461 volumus,
827 3395 930 3452 hoc
956 3403 1042 3452 est
1066 3396 1222 3453 villas
1241 3400 1386 3468 quod
1413 3400 1529 3470 ipse
1556 3402 1767 3471 genitor
1793 3412 1978 3460 noster

382 3499 486 3555 per
511 3502 705 3549 manus
738 3497 954 3545 nostras
995 3490 1067 3545 ad
1117 3491 1233 3559 ipsa
1275 3506 1404 3545 casa
1443 3491 1538 3545 Dei
1581 3491 1782 3548 dudum
1825 3495 1972 3552 dele-

386 3585 627 3644 gaverat,
651 3585 1026 3659 nuncupantes
1049 3577 1361 3644 Faberolas,
1391 3579 1481 3648 qui
1506 3582 1724 3649 ponitur
1755 3584 1811 3639 in
1833 3599 1974 3659 pago

387 3666 773 3732 Madriacense,
819 3658 877 3722 et
917 3665 1157 3724 Norente
1202 3669 1257 3724 in
1307 3684 1446 3741 pago
1491 3674 1793 3741 carnotino,
1848 3658 1973 3735 cum

379 3741 528 3810 omni
574 3755 903 3827 integritate,
948 3756 1034 3811 vel
1086 3758 1418 3827 appendiciis
1467 3775 1676 3828 earum,
1731 3766 1800 3820 ad
1854 3766 1971 3836 ipso

382 3846 733 3913 monasterio,
761 3846 844 3903 vel
880 3849 1160 3905 monachis
1187 3847 1387 3905 ibidem
1414 3851 1754 3924 degentibus,
1784 3871 1877 3912 seu
1902 3859 1969 3914 ad

377 3936 666 3995 luminaria
691 3940 860 4010 ipsius
884 3940 1129 3998 ecclesiae
1160 3945 1564 4013 procurandum
1585 3947 1669 4003 vel
1699 3949 1965 4019 stipendia

375 4043 699 4100 pauperum,
744 4037 805 4084 ut
839 4032 1128 4101 praedictas
1165 4033 1322 4089 villas
1362 4035 1625 4105 prolicere
1649 4038 1882 4095 debeant
1910 4041 1966 4096 in

452 4191 480 4221 ι
518 4180 948 4252 Carolomannus
964 4196 1056 4252 an.
1094 4182 1202 4236 754
1223 4181 1338 4252 jam
1367 4193 1656 4241 coronatus
1680 4195 1766 4242 est
1789 4203 1819 4241 a
1838 4187 1961 4245 Ste-

374 4250 558 4325 phano
583 4266 741 4325 papa.
780 4248 913 4306 Post
928 4251 1132 4325 obitum
1163 4248 1338 4325 Pipini
1362 4255 1535 4325 patris
1569 4272 1659 4310 an.
1695 4257 1800 4313 768
1822 4261 1965 4315 rexit

375 4320 671 4399 Austrasiai
690 4329 916 4399 partem,
942 4332 998 4376 et
1019 4320 1530 4399 Burgundianicum
1558 4327 1776 4399 dimidia
1796 4328 1962 4399 Aqui-

374 4392 538 4465 tania:
564 4389 734 4465 parte.
761 4389 841 4446 Ad
868 4389 1210 4465 Austrasiam
1259 4395 1520 4465 pertinuit
1564 4396 1793 4453 ducatus
1828 4389 1956 4454 A'le-

2079 3218 2166 3274 die
2186 3217 2310 3273 ldus
2329 3217 2528 3283 Martii,
2557 3233 2699 3273 anno
2732 3218 2942 3274 decimo
2967 3221 3117 3290 regni
3146 3222 3328 3285 domui
3359 3225 3528 3280 nostri
3553 3225 3668 3297 glo-

2077 3306 2361 3364 riosissimi
2394 3306 2573 3363 Caroli
2618 3307 2780 3377 regis.
2829 3308 2944 3381 Ego
2989 3310 3169 3380 itaque
3215 3312 3511 3385 Remigius,
3557 3317 3661 3373 etsi

2073 3406 2329 3466 peccator
2368 3396 2683 3463 vilissimus,
2720 3412 2911 3455 servus
2954 3415 3237 3460 servorum
3282 3404 3380 3461 Dei
3402 3404 3454 3472 ἀ,
3482 3408 3658 3478 gratia

2075 3487 2170 3543 Dei
2200 3487 2485 3558 episcopus
2508 3486 2921 3559 Argentinensis
2944 3492 3095 3548 urbis
3120 3509 3251 3550 sana
3275 3504 3478 3563 mente,
3503 3514 3664 3553 sano-

2072 3593 2179 3649 que
2227 3578 2456 3634 consilio
2494 3590 2519 3619 ο
2558 3578 2664 3636 hoc
2720 3580 2822 3636 feci
2884 3590 3265 3643 testamentum
3312 3586 3333 3625 ί
3382 3588 3525 3657 quod
3566 3605 3670 3663 ego

2070 3671 2229 3741 plena
2278 3670 2566 3728 devotione
2610 3682 2666 3728 et
2711 3674 2870 3729 unica
2917 3674 3192 3731 voluntate
3228 3678 3466 3746 condidi,
3520 3685 3667 3752 quod

2069 3775 2170 3831 ego
2199 3760 2314 3831 ipse
2343 3762 2544 3817 dictavi
2578 3771 2634 3818 et
2663 3764 2913 3820 manibus
2956 3766 3094 3821 meis
3121 3766 3318 3838 scripsi
3342 3777 3401 3825 et
3424 3773 3667 3828 subscri-

2066 3849 2167 3918 psi,
2200 3849 2459 3906 adhibitis
2501 3851 2728 3923 legitimi
2765 3853 2977 3910 numeri
3030 3856 3280 3924 testibus,
3323 3860 3481 3930 quia
3509 3864 3666 3919 nobis

2067 3939 2235 4010 rogati
2265 3941 2452 3996 subter
2474 3942 3046 4013 subscripserung-vel
3090 3946 3366 4019 signacula
3411 3953 3675 4012 manibus

2064 4030 2177 4086 suis
2222 4031 2614 4089 roboraverunt
2644 4036 2691 4100 ε,
2731 4035 2876 4105 quod
2922 4044 3308 4095 testamentum
3350 4043 3472 4100 volo
3509 4055 3569 4100 ut
3594 4048 3664 4104 ad

2006 4205 2021 4219 ο
2061 4189 2199 4263 satia
2213 4196 2405 4244 octavo
2423 4189 2639 4263 smculo.
2664 4189 2898 4263 Remigii
2922 4200 3307 4250 testamentum
3328 4197 3383 4252 in
3404 4201 3659 4257 omnibus

2060 4258 2337 4313 conforme
2363 4267 2447 4313 est
2473 4259 2680 4327 legibus
2717 4258 2995 4327 Romanis,
3035 4271 3092 4317 et
3132 4265 3272 4319 sicut
3299 4270 3660 4327 praescribunt

2060 4328 2289 4383 formula
2316 4328 2576 4391 Mai-culti,
2600 4328 2694 4382 lib.
2732 4345 2793 4394 ιι,
2834 4345 2896 4383 ea
2941 4371 2954 4383 .
2985 4331 3074 4396 l7,
3118 4335 3257 4403 apud
3292 4328 3404 4391 Bou
3446 4347 3654 4406 uetum,

2061 4408 2191 4454 tom.
2225 4397 2312 4454 IV.
2336 4413 2458 4454 nae.
2484 4398 2619 4454 £95:
2651 4398 2877 4453 formula
2900 4345 3371 4454 {indenbme'iana
3400 4354 3489 4454 '92-
3514 4412 3654 4454 amnt

2061 4397 2312 4475 tom._lV,
2335 4413 2458 4468 pag.
2484 4398 2619 4475 £2.35
2651 4398 2877 4475 formula
2901 4397 3372 4475 Lindenbrogiana
3400 4397 3490 4474 72,
3514 4397 3656 4475 apud

376 4460 703 4543 maniamsub
727 4460 1421 4543 qqp_§lsatia_gt_traétatus
1447 4469 1762 4523 monasterii
1782 4467 1950 4524 Gran-
1978 4474 2032 4535 1)
2054 4460 2474 4543 eumdemt'pa'g.
2507 4460 2628 4543 ξδι,
2655 4476 2711 4521 et
2747 4460 3292 4543 (ormulaBaluziaiia
3320 4460 3421 4543 278,7
3438 4460 3650 4536 ibidem

375 4529 731 4585 disvallensis.
747 4529 907 4585 Obiit
933 4546 1019 4584 an.
1049 4533 1081 4584 7
1090 4532 1148 4586 71
1163 4572 1175 4585 .

448 4599 476 4639 ιι
520 4599 971 4673 Salmonciacum,
1008 4602 1166 4671 vulgo
1206 4602 1485 4673 Samoney,
1516 4607 1706 4662 subtus
1748 4607 1958 4664 Laudu-

372 4678 502 4748 {tum
534 4681 739 4748 .versus
779 4669 1061 4731 orientem,
1108 4669 1228 4740 'qua
1277 4669 1513 4728 tenditur
1559 4676 1628 4731 ad
1676 4677 1956 4748 Deiparam

372 4734 755 4791 Lmtitiensem.

446 4817 467 4844 ε
490 4806 613 4878 _Hoc
634 4806 843 4878 insigne
868 4814 1255 4878 testamentum
1298 4809 1486 4865 nullibi
1517 4822 1696 4868 exstat
1723 4815 1951 4871 editum.

371 4872 505 4954 Illud
534 4872 1004 4954 tam3u_'viderant
1050 4877 1464 4954 Kmnigshovius
1495 4890 1556 4954 et
1603 4883 1955 4954 Wimphelin-

370 4944 510 5025 gius,
542 4943 611 5025 de
630 4945 879 5025 Episcop.
906 4946 1130 5017 Argent.
1151 4943 1273 5019 pag.
1297 4949 1388 5015 21,
1413 4952 1507 5021 qui
1528 4943 1817 5023 quamdam
1837 4955 1954 5025 ejus

368 5015 573 5069 faciunt
598 5016 945 5071 mentionem.

439 5083 471 5163 ἦ
495 5083 606 5139 Hac
630 5084 859 5139 formula
895 5085 1102 5155 primus
1124 5102 1267 5163 usus
1284 5097 1385 5163 est
1394 5089 1728 5163 Augustinus
1758 5092 1812 5148 in
1838 5095 1952 5163 epi-

369 5153 505 5206 stola
545 5169 709 5236 quam
736 5153 928 5236 versus
967 5168 1166 5236 annum
1208 5158 1314 5236 ll?
1352 5153 1540 5216 Prob'w
1575 5153 1949 5236 viduzetl’robi

364 5224 726 5299 coqscripsit:
760 5225 1165 5299 «Afiugustinus
1205 5228 1494 5299 episcopus
1525 5246 1714 5287 servus
1750 5231 1949 5288 Christi

362 5292 753 5363 cervorumque
779 5292 1003 5359 Christi,
1027 5306 1136 5352 etc.
1168 5316 1188 5347 ι
1216 5292 1409 5363 {inter
1427 5299 1602 5370 Opera
1638 5301 1947 5373 Augustini,

364 5369 478 5417 tom
505 5362 573 5420 ll.
603 5365 763 5420 epist.
800 5365 923 5420 150.

364 5369 478 5417 tom
505 5365 573 5427 ll,
603 5365 763 5427 epist.
800 5365 923 5420 150.

440 5380 478 5471 ζ’
496 5380 1578 5514 litiiitrdiltib‘?secundumLabeonem,
1612 5451 1730 5497 erat
1744 5444 1945 5514 requi-

362 5501 468 5583 sita
486 5519 587 5574 pro
614 5502 859 5586 faciendo
885 5514 1208 5564 testamento
1230 5510 1285 5565 in
1303 5509 1429 5580 jure
1447 5501 1708 5567 Romano.
1740 5501 1942 5586 Digest.

361 5569 455 5627 lib.
488 5589 674 5630 sxvm.
711 5581 797 5629 tit.
825 5577 879 5630 1.
905 5575 1009 5630 lea.
1032 5575 1087 5630 2.

382 5588 455 5627 in.
488 5589 674 5638 mm,
711 5588 797 5629 tit.
825 5588 879 5637 ι,
905 5588 1009 5649 leg.
1032 5588 1087 5630 2.

382 5714 399 5721 _
439 5643 459 5681 ί
501 5643 613 5700 Hoc
659 5653 1039 5721 testamentum
1086 5656 1172 5703 est
1212 5651 1486 5721 egregium
1536 5661 1942 5708 monumentum

439 5660 453 5681 ι
502 5660 613 5700 noc
661 5660 1039 5702 testamentum
1086 5660 1172 5703 est
1212 5660 1486 5776 egregium
1536 5661 1942 5708 monumentum

364 5713 617 5771 Romana:
650 5713 1109 5786 jurisprud'entize,
1138 5734 1243 5790 qua
1268 5722 1312 5777 is
1344 5730 1469 5777 tunc
1497 5722 1585 5779 illa
1626 5733 1745 5780 crat
1773 5725 1827 5780 in
1852 5725 1943 5779 Al-

2063 4554 2186 4620 pag.
2212 4536 2341 4620 ‘586.
2372 4536 2495 4620 Nec
2508 4536 2735 4620 formam
2764 4538 2912 4620 hanc.
2930 4541 3195 4620 a-legibus
3233 4536 3490 4620 [toma'uis
3512 4564 3654 4620 ρι-ω.

2061 4606 2317 4674 scriptam
2344 4606 2571 4661 miretur
2594 4606 2836 4662 criticus.
2873 4606 3066 4667 Iisdem
3099 4611 3212 4669 fere
3247 4614 3494 4675 formulis
3514 4606 3653 4675 con-

2060 4678 2261 4747 scripta
2298 4676 2753 4747 perlustravimus
2798 4682 3106 4736 autlientica
3154 4693 3473 4743 testamenta
3517 4688 3650 4746 Per-

2057 4745 2370 4819 petdicpisc
2444 4745 2813 4804 i'l'uronensis
2832 4751 3103 4817 annil75,
3126 4752 3281 4811 Remi
3324 4758 3356 4811 ii
3381 4745 3652 4815 Rhemen-

2057 4820 2134 4870 sis
2161 4817 2287 4870 anni
2491 4814 2713 4870 Caesarii
2764 4818 3102 4870 Arelatensis
3126 4826 3251 4870 anni
3283 4773 3416 4870 £49-
3469 4827 3647 4870 Armlii

2057 4814 2139 4893 sis
2161 4814 2453 4893 an_ni_535,
2491 4814 2713 4893 Ctesarii
2745 4814 3102 4893 _A__r_e_latensis
3126 4826 3251 4878 anni
3283 4814 3419 4893 ΒΩ,
3464 4827 3650 4884 Aredii

2056 4888 2265 4943 abbatis
2290 4886 2615 4966 Attanensis
2627 4888 2760 4966 atmi
2779 4888 2937 4966 _5_72,_
2955 4892 3257 4966 Bertranmi
3284 4886 3522 4966 ερὶεξωρί
3549 4898 3651 4954 ου..

2056 4956 2404 5032 nomenensis
2430 4956 2556 5010 anni
2581 4955 2705 5032 6_l0,
2729 4955 2971 5032 Abbogis
2994 4963 3205 5031 patricii
3226 4955 3352 5022 anni
3383 4955 3507 5032 739,
3535 4977 3643 5023 etc.

2054 5027 2358 5102 Notandum
2384 5034 2470 5102 est
2515 5027 2837 5102 scriptorem
2884 5027 3185 5102 Reinigiani
3229 5027 3534 5091 testamenti
3561 5052 3648 5093 re—

2052 5107 2172 5177 ctas
2210 5097 2265 5151 in
2302 5096 2639 5177 membrana
2666 5097 2886 5177 duxisse
2934 5096 3124 5166 lineas,
3165 5105 3260 5177 ad
3284 5106 3644 5177 aequalitatem

2053 5168 2355 5244 litterarum
2386 5180 2480 5244 seu
2507 5166 2883 5244 charactetjum
2931 5166 3384 5244 conservandam}
3433 5177 3486 5233 id
3510 5175 3642 5244 jam

2051 5238 2177 5293 olim
2206 5237 2611 5312 prmsc‘ripserat
2633 5236 2881 5312 Basilius,
2904 5240 3064 5312 epist.
3101 5242 3232 5298 178:
3268 5264 3286 5294 ι
3324 5236 3645 5302 Νὸιυδῖἷιιθι

2052 5305 2235 5383 raruni
2264 5305 2532 5377 perfectas
2572 5306 2773 5373 ducito,
2801 5305 3113 5383 formasque
3137 5322 3285 5369 recto
3308 5318 3497 5372 ordine
3522 5316 3639 5373 col-

2050 5377 2243 5431 locato.
2268 5398 2287 5429 ι

2069 5387 2426 5530 ωξιὲἱηὲηιοε
2452 5455 2625 5530 testes,
2647 5446 2738 5530 qui
2760 5447 3157 5530 inﬂati-amento
3176 5440 3522 5530 _adhibeniur,
3548 5459 3639 5514 ad-

2049 5525 2231 5587 notare
2255 5517 2517 5587 conuenit,
2535 5517 2652 5586 quis
2668 5525 2726 5587 ει
2747 5517 2902 5586 cuius
2927 5521 3209 5587 signaverit
3247 5517 3631 5582 testamenimn.

2047 5585 2485 5663 lipmsgribunt
2499 5576 2648 5663 leges
2668 5576 2942 5663 Romana,
2967 5576 3170 5663 Digest.
3194 5576 3631 5662 lib—.t-t'

2048 5658 2102 5739 t,
2130 5654 2235 5739 leg.
2264 5654 2362 5739 50ζ
2386 5654 2643 5739 tiamdem
2672 5654 3386 5739 conditionemiobservavit
3414 5654 3633 5739 sanctus

2045 5723 2272 5784 Arcdius
2313 5726 2481 5783 abbas
2517 5723 2826 5795 Atanensis,
2871 5728 2997 5785 dum
3040 5729 3130 5787 ille
3158 5734 3211 5789 in
3240 5742 3338 5791 suo
3365 5736 3489 5790 anni
3524 5734 3633 5789 572
