4046 6172
427 288 565 344 1585

1404 289 1674 347 ΞΕΟΙΠᾸ
1702 287 1825 344 ιγιιι
1866 281 2293 343 MONUMENTA
2334 287 2658 347 SELECTA.

3553 293 3688 352 £584

419 405 594 461 vicem
636 405 875 460 omnium
924 406 1304 462 codicellorum
1349 407 1716 476 plenissimam
1764 404 2005 461 obtineat
2033 404 2080 460 Α
2109 403 2340 472 Sophie;
2387 406 2705 461 commendo
2731 413 2786 459 et
2833 405 2948 475 ipse
2977 406 3150 475 ipsam
3194 405 3500 465 ecclesiam.
3528 425 3689 479 quam

419 494 733 551 ﬁrmitatem
761 514 776 562 ;
812 504 866 550 et
897 497 939 550 si
975 513 1137 551 causa
1182 497 1320 567 juris
1349 498 1522 551 civilis
1550 496 1772 566 pretorii
1813 495 2008 564 aliquis

420 598 677 658 tanquam
726 590 1035 643 intestatum
1089 590 1218 643 velit
1268 589 1564 653 infirmare,
1607 597 1663 642 ct
1703 596 1763 642 ut
1808 587 1860 640 id
1900 601 2007 640 non

419 678 616 741 valeat,
651 679 845 733 dentur
889 687 1056 734 testes
1106 680 1232 734 huic
1273 681 1458 734 heredi
1509 695 1628 734 mce
1666 687 2008 734 sacrosancte

417 770 666 837 ecclesie,
697 787 761 826 ac
785 773 979 827 domne
1024 787 1139 826 mee
1187 773 1365 826 Maria:
1394 772 1637 841 genitriei
1673 772 1762 826 Dei
1797 769 2007 824 Domini

418 860 589 916 nostri
614 858 776 915 Jebsu
802 861 1000 916 Christi
1025 862 1426 931 Argentinensi,
1457 863 1546 916 ubi
1566 877 1650 916 me
1671 869 2008 930 peccatorem

419 952 590 1019 pietas
614 950 707 1004 Dei
739 952 820 1005 vel
868 953 1237 1006 misericordia
1287 961 1472 1006 sancte
1522 951 1704 1006 Mariae
1749 954 2008 1006 honorem

418 1040 762 1107 pontiﬁcatus
809 1043 1009 1096 habere
1059 1043 1315 1112 precepit.
1364 1043 1654 1112 Propterea
1701 1043 2008 1096 dulcissima

421 1129 614 1184 domna
648 1147 765 1185 mea
795 1141 980 1186 sancta
1025 1133 1189 1186 Maria
1220 1143 1271 1187 te
1295 1149 1414 1188 esse
1458 1135 1728 1189 constituo
1757 1133 2009 1188 heredem

421 1235 596 1274 meam
620 1229 673 1274 et
703 1222 754 1274 in
784 1223 1035 1277 omnibus
1057 1223 1196 1293 eligo
1220 1233 1379 1293 atque
1408 1223 1661 1288 decerno,
1688 1230 1742 1278 et
1771 1223 1893 1278 ﬁdei
1919 1230 2009 1276 tue

420 1319 612 1365 cuncta
659 1326 763 1380 que
789 1328 818 1366 a
849 1329 935 1368 me
965 1315 1177 1368 decreta
1214 1323 1340 1369 sunt
1383 1315 1484 1369 sub
1535 1325 1624 1369 tua
1673 1315 2010 1384 protectione

419 1404 758 1469 commendo,
789 1413 843 1458 et
871 1420 974 1474 que
1001 1407 1186 1460 subter
1211 1407 1263 1460 in
1297 1407 1399 1461 hoc
1425 1415 1747 1461 testamento
1773 1406 2012 1462 conscri-

418 1507 511 1566 pta
559 1499 921 1564 continentur,
970 1508 1023 1554 tu
1079 1500 1319 1569 piissima
1363 1509 1420 1555 et
1453 1500 1763 1556 dulcissima
1812 1499 2009 1554 domna

421 1605 607 1644 coram
656 1591 766 1646 Deo
795 1592 896 1646 celi
935 1599 990 1646 et
1016 1601 1160 1646 terre
1186 1607 1362 1646 meam
1406 1592 1459 1645 in
1487 1591 1737 1646 omnibus
1766 1588 2012 1661 volunta-

420 1689 530 1734 tem
561 1681 976 1750 adimplendam,
1006 1691 1167 1751 atque
1207 1682 1588 1750 perﬁciendam
1617 1695 1881 1735 summam
1909 1681 2008 1734 ha-

420 1770 553 1824 beas
577 1778 900 1837 potestatcm
931 1783 978 1823 ιι.
1011 1771 1178 1840 Igitur
1214 1781 1290 1830 tu,
1322 1770 1630 1824 dulcissima
1666 1769 1860 1823 domna
1889 1784 2009 1823 mea

421 1871 608 1917 sancta
661 1863 850 1927 Maria,
881 1878 1002 1916 cum
1039 1877 1124 1916 me
1169 1862 1310 1915 Deus
1337 1863 1403 1916 de
1429 1863 1533 1916 hac
1577 1862 1695 1916 luce
1725 1861 2011 1931 fragilique

420 1969 651 2024 corpore
691 1969 786 2009 sua
837 1954 1120 2008 vocatione
1167 1953 1391 2022 jusserit
1439 1954 1727 2024 emigrare,
1777 1961 1832 2007 tu
1877 1952 2011 2007 mihi

422 2045 636 2101 domina
687 2046 846 2099 heres
897 2045 1140 2099 assistas.
1197 2043 1488 2114 Propterea
1535 2044 1652 2107 tihi,
1705 2043 2011 2098 dulcissima

422 2139 617 2192 domna
641 2153 759 2191 mea
784 2136 942 2190 heres
970 2152 1089 2191 mea
1120 2145 1305 2191 sancta
1337 2136 1522 2200 Maria,
1557 2136 1652 2190 tibi
1681 2136 1820 2190 dono
1849 2136 2014 2189 dona-

423 2238 644 2298 tumque
680 2229 731 2280 in
781 2236 1095 2296 perpetuum
1142 2242 1260 2282 esse
1299 2227 1438 2291 volo,
1491 2227 1545 2280 in
1589 2242 1653 2281 ea
1699 2227 1925 2290 ratione,
1958 2234 2016 2280 ut

422 2320 550 2373 dum
580 2318 711 2372 mihi
757 2318 900 2371 Deus
951 2318 1191 2386 spacium
1235 2317 1444 2372 dederit
1492 2317 1559 2371 ad
1608 2317 1916 2380 vivendum,
1962 2324 2018 2371 et

424 2409 718 2464 Scolastice
747 2418 905 2478 nepte
925 2423 1061 2472 mcc,
1082 2408 1165 2461 vel
1193 2407 1525 2462 Rcdcramno
1548 2407 1797 2477 abnepoti
1819 2421 1941 2462 meo
1962 2406 2014 2471 ι),
2062 2426 2066 2429 ·

422 2498 683 2568 quidquid
721 2499 870 2553 visus
923 2513 1043 2552 sum
1099 2499 1297 2552 habere
1341 2495 1394 2551 in
1433 2513 1568 2567 pago
1593 2497 1904 2561 Alsaccnse,
1961 2497 2015 2551 in

424 2589 599 2644 insula
623 2605 728 2658 que
756 2598 984 2644 vocatur
1030 2587 1362 2658 Hascgaugia
1391 2597 1439 2651 ο,
1469 2602 1631 2656 super
1655 2586 1874 2641 ﬂuvium
1900 2585 2012 2650 Illa,

423 2690 479 2736 et
521 2690 605 2735 est
645 2682 760 2750 ipsa
810 2681 983 2735 insula
1033 2681 1086 2734 in
1132 2681 1351 2734 marcha
1398 2679 1770 2734 Blabodsaime
1797 2679 1847 2744 ἀ,
1878 2679 2018 2733 et-in

423 2773 644 2826 marcha
685 2771 1092 2838 Quihilisheime
1143 2783 1190 2835 ε,
1227 2787 1351 2826 cum
1394 2771 1614 2826 basilica
1657 2771 2015 2852 superposita,

425 2879 587 2932 quam
611 2878 711 2932 ego
738 2878 768 2916 a
795 2876 935 2916 novo
963 2861 1206 2916 ediﬁcavi
1234 2869 1288 2915 et
1317 2863 1650 2928 consecravi,
1682 2863 1773 2916 ubi
1803 2863 2018 2917 condidi

423 2953 676 3006 domnam
701 2966 875 3005 meam
900 2959 1141 3005 sanctam
1165 2950 1421 3020 Sophiam
1447 2952 1490 3016 ί,
1509 2951 2019 3023 preciosissimoque

423 3044 636 3114 corpori
683 3041 798 3110 ejus
855 3042 1032 3098 locum
1075 3041 1348 3113 sepulture
1389 3043 1528 3105 dedi,
1580 3058 1744 3114 quam
1789 3043 2017 3100 domnus

423 3137 694 3191 Adrianus
720 3149 856 3204 papa
899 3134 1137 3206 pontifex
1178 3150 1422 3190 summus
1465 3136 1596 3190 mihi
1638 3137 1782 3192 dedit
1809 3137 1876 3192 ad
1904 3152 2018 3192 ser-

423 3227 701 3290 viendum.
732 3234 785 3280 et
812 3239 912 3296 ego
940 3227 1054 3295 ipse
1097 3227 1164 3281 ab
1192 3226 1326 3280 urbe
1365 3225 1532 3282 Roma
1575 3218 1629 3280 in
1659 3227 1798 3282 hanc
1840 3227 2019 3298 regio-

425 3334 550 3373 nem
593 3333 756 3388 super
783 3319 1040 3373 humeros
1084 3333 1235 3373 meos
1279 3332 1403 3373 cum
1447 3316 1708 3372 ministris
1735 3317 1871 3373 meis
1895 3332 2017 3372 cum

424 3423 622 3478 magno
650 3406 847 3470 decore
873 3407 1144 3462 transtuli.
1174 3406 1466 3476 Propterea
1489 3405 1796 3462 dulcissima
1823 3407 2019 3462 domna

425 3505 480 3552 ct
503 3498 660 3552 heres
703 3511 822 3550 mea
869 3502 1057 3551 sancta
1087 3495 1274 3561 Maria,
1304 3495 1399 3549 tibi
1427 3496 1569 3550 dono
1603 3509 1804 3565 corpus
1833 3503 2019 3550 sancte

425 3617 751 3665 testamento
778 3607 999 3664 Scribit:
1031 3624 1051 3659 ι
1087 3606 1274 3679 Quem
1317 3623 1415 3677 ego
1446 3608 1558 3679 ipse
1596 3608 1825 3663 Aredius
1856 3624 2020 3662 manu

424 3681 641 3750 propria
665 3679 856 3748 scripsi
883 3685 938 3734 et
975 3678 1202 3734 testibus
1244 3678 1472 3734 numero
1504 3680 1825 3750 competenti
1855 3680 2022 3750 tradio

427 3747 605 3804 dimus
633 3747 1102 3819 subscribendum,
1148 3757 1294 3819 etc.;
1327 3768 1346 3800 ›
1391 3749 1530 3819 apud
1577 3747 1830 3814 Ruinart,
1882 3749 2022 3804 inter

427 3819 601 3889 Opera
630 3818 876 3889 Gregorii
903 3818 1254 3889 Turonensis,
1285 3835 1407 3889 pag.
1431 3818 1593 3874 1508.

498 3900 524 3959 μ
557 3887 765 3959 Similia
797 3887 910 3941 fere
953 3887 1112 3959 habet
1145 3887 1527 3959 testamentum
1557 3889 1757 3959 isaneti
1790 3889 2019 3959 Remigii

428 3957 666 4026 episcopi
693 3956 1033 4020 Rhemensis,
1067 3959 1210 4024 quod
1254 3957 1494 4013 referunt
1533 3958 1849 4021 Terrasson,
1884 3956 2024 4013 inter

429 4025 627 4081 veteris
649 4025 1086 4147 jurislprudentize
1108 4026 1364 4105 Romamn
1394 4027 1758 4091 Monumenta,
1783 4044 1904 4098 pag.
1931 4029 2020 4091 90,

429 4104 482 4147 et
510 4097 728 4147 brevius
749 4094 776 4147 ll
801 4095 1024 4147 arlotus.
1056 4095 1306 4147 Historiae
1336 4095 1658 4147 Rhemensis
1685 4099 1778 4147 lib.
1811 4114 1870 4147 ιι.
1902 4113 2018 4147 eam

426 4104 482 4150 et
510 4095 728 4150 brevius
749 4095 1024 4165 Marlotus,
1056 4095 1306 4150 Historiae
1336 4095 1658 4165 Rhemensis
1685 4095 1876 4162 libftt,‘
1902 4113 2018 4165 cap.

429 4165 517 4220 12.
553 4185 570 4218 ι
609 4167 667 4221 1η
699 4165 917 4220 nomine
949 4164 1146 4228 Patris,
1179 4173 1235 4220 et
1280 4165 1423 4230 Filii,
1451 4175 1508 4221 et
1547 4164 1782 4234 Spiritus
1826 4164 2020 4231 sancti,

428 4235 597 4359 goria
628 4237 757 4298 Deo,
787 4250 964 4290 amen.
1015 4235 1126 4316 Ego
1157 4235 1432 4305 Remigius
1478 4237 1760 4306 episcopus
1791 4237 2026 4293 civitatis

482 4307 760 4359 hcmorum
809 4305 1094 4359 sacerdotii
1144 4321 1364 4359 compos
1414 4315 1799 4359 testamentum
1845 4323 2024 4359 meum

482 4307 760 4361 hcmorum
809 4305 1094 4360 sacerdotii
1144 4321 1364 4374 compos
1414 4305 1799 4362 testamentum
1845 4323 2024 4362 meum

2109 494 2162 546 in
2189 493 2393 550 honore
2440 495 2610 549 sancti
2661 495 2940 565 Trophimi
2974 498 3000 536 ε
3026 497 3411 562 dedicavimus,
3442 499 3534 554 ubi
3579 503 3692 571 ipsa

2107 594 2290 640 sancta
2321 584 2522 656 Sophia
2562 587 2832 655 proposita
2872 587 2924 640 in
2965 602 3193 656 corpore
3218 589 3530 659 requiescit,
3567 607 3694 646 eum
3789 579 3796 586 ’

2107 675 2221 744 ipsa
2249 676 2419 730 insula
2446 676 2766 746 Ascgaugia,
2794 692 2957 746 quam
2995 677 3218 732 Roduna
3244 679 3494 750 religiosa
3521 681 3612 736 Dei
3639 692 3700 737 et

2107 765 2273 820 Adala
2302 767 2574 821 abbatissa
2603 768 2626 805 ιι
2669 783 2857 822 earum
2913 767 3191 836 portiones
3238 769 3305 824 de
3357 770 3473 839 ipsa
3521 771 3694 826 insula

2108 858 2264 912 nobis
2285 868 2340 911 et
2372 866 2556 911 sancte
2579 857 2778 927 Sophie
2804 857 3139 910 tradiderunt
3157 866 3214 910 et
3231 860 3690 924 condonaverunt.

2108 965 2203 1004 seu
2251 958 2431 1003 canas
2475 965 2657 1003 coram
2703 948 2929 1003 testibus
2971 949 3344 1004 ﬁrmaverunt.
3404 949 3698 1021 Propterea

2107 1044 2227 1107 tibi,
2256 1042 2583 1105 dulcissima,
2614 1042 2776 1105 dono,
2806 1048 2862 1094 et
2897 1040 3057 1096 heres
3104 1057 3224 1096 mea
3271 1053 3461 1096 sancta
3505 1042 3692 1104 Maria,

2107 1135 2205 1189 tibi
2247 1135 2401 1188 trado
2432 1134 2600 1204 ipsam
2648 1131 2879 1186 insulam
2907 1147 3006 1202 pro
3051 1133 3230 1187 anime
3271 1148 3391 1187 mee
3434 1136 3693 1199 remedio,

2107 1227 2191 1281 vel
2217 1242 2314 1296 pro
2337 1235 2521 1282 eterna
2547 1225 2923 1289 retributione,
2966 1233 3027 1278 ut
3061 1227 3202 1295 apud
3231 1228 3380 1296 pium
3411 1227 3695 1281 Dominum

2108 1319 2322 1374 veniam
2351 1332 2564 1372 merear
2590 1317 2812 1386 adipisci
2842 1317 3247 1386 sempiternam.
3276 1317 3344 1370 Et
3368 1326 3424 1372 tu
3454 1319 3695 1388 piissima

2109 1409 2327 1464 domina
2374 1422 2494 1463 mea
2541 1422 2642 1477 pro
2673 1421 2758 1461 me
2809 1406 3094 1460 Dominum
3138 1406 3360 1462 Jehsum
3400 1407 3690 1475 Christum,

2110 1513 2272 1568 quem
2293 1506 2349 1550 tu
2371 1497 2425 1551 in
2449 1505 2603 1550 utero
2618 1495 2858 1550 meruisti
2883 1503 3122 1564 portare,
3142 1497 3420 1565 deprecari
3439 1498 3692 1567 digneris,

2109 1600 2171 1645 ut
2202 1590 2334 1645 mihi
2361 1588 2633 1659 peccaturi
2675 1588 2887 1643 veniam
2927 1588 3311 1658 sempiternam
3348 1590 3527 1646 donet.
3555 1591 3702 1646 Ideo-

2112 1698 2216 1754 que
2245 1683 2551 1737 dulcissima
2598 1681 2794 1735 domna
2839 1688 2892 1736 et
2919 1680 3076 1736 heres
3114 1695 3234 1735 mea
3273 1680 3368 1734 tibi
3417 1681 3585 1750 ipsam
3614 1683 3703 1736 in-

2113 1773 2285 1828 sulam
2313 1785 2473 1842 supra
2495 1771 2828 1826 nominatam
2849 1770 3207 1840 Aschaugiam
3233 1771 3386 1826 trado
3405 1787 3528 1826 cum
3551 1773 3703 1828 omni

2113 1861 2422 1931 integritate
2448 1868 2503 1914 et
2525 1859 2814 1924 soliditate,
2845 1875 2968 1914 cum
2993 1859 3248 1924 basilicis,
3275 1875 3402 1914 cum
3429 1861 3702 1926 domibus,

2112 1951 2371 2015 aediﬁciis,
2401 1951 2594 2016 curtis,
2624 1949 2925 2020 pomiferis,
2954 1949 3261 2018 mancipiis,
3302 1951 3495 2015 vineis,
3526 1951 3702 2015 silvis,

2111 2044 2300 2114 pratis,
2323 2043 2544 2112 campis.
2574 2042 2734 2096 terris
2752 2041 3116 2111 perterrariis,
3140 2040 3442 2101 faranariis,
3464 2043 3704 2112 pascuis,

2111 2134 2336 2204 peculiis
2365 2133 2645 2203 utriusque
2673 2141 2784 2186 tam
2825 2131 3045 2200 majoris
3072 2147 3233 2202 quam
3265 2131 3489 2188 minoris
3518 2146 3707 2198 sexus,

2113 2231 2168 2276 et
2193 2221 2604 2290 mancipiorum,
2652 2229 2708 2275 et
2740 2221 3094 2290 peculiorum,
3145 2221 3302 2290 aquis
3333 2236 3710 2294 aquarumque

2114 2313 2448 2378 decursibus,
2475 2312 2560 2367 vel
2591 2313 2844 2382 quiequid
2875 2313 2978 2367 dici
3005 2321 3098 2366 aut
3127 2313 3395 2366 nominari
3422 2323 3620 2383 potest,
3655 2326 3711 2369 ct

2114 2420 2236 2460 mea
2267 2405 2466 2459 ibidem
2510 2404 2747 2475 legitima
2774 2405 2934 2458 hodie
2961 2404 3175 2460 videtur
3198 2419 3320 2460 esse
3357 2407 3622 2475 possesio,
3654 2416 3712 2460 et

2115 2493 2370 2563 quicquid
2392 2494 2460 2548 ad
2491 2494 2662 2562 ipsum
2693 2494 2868 2547 locum
2914 2501 3161 2548 sanctum
3199 2495 3442 2563 aspicere
3469 2495 3708 2562 videtur,

2115 2591 2172 2638 et
2199 2598 2229 2637 a
2253 2583 2408 2637 bonis
2433 2583 2742 2638 hominibus
2761 2599 2860 2652 per
2888 2583 3059 2638 series
3083 2583 3476 2652 scripturarum
3506 2585 3708 2641 ibidem

2117 2676 2474 2730 condonatum
2503 2674 2624 2740 fuit,
2659 2684 2716 2729 et
2742 2675 2995 2745 quicquid
3025 2690 3125 2746 ego
3155 2675 3354 2731 ibidem
3383 2677 3706 2748 conquisivi,

2119 2776 2212 2822 aut
2235 2767 2366 2822 mihi
2409 2766 2664 2821 traditum
2703 2766 2824 2832 fuit,
2864 2767 2949 2822 vel
2975 2782 3074 2836 per
3118 2769 3539 2837 comparationis
3578 2773 3714 2825 titu-

2120 2857 2228 2912 lum
2253 2857 2571 2927 conquisivi.
2604 2857 2670 2910 Et
2691 2872 2789 2927 ego
2819 2857 3014 2911 iterum
3045 2871 3142 2925 per
3165 2857 3472 2912 donationis
3494 2858 3710 2913 titulum

2119 2947 2188 3000 ad
2230 2947 2405 3016 ipsum
2449 2945 2625 3002 locum
2673 2953 2918 3000 sanctum
2963 2946 3204 3018 delegavi
3245 2949 3365 3012 tibi,
3398 2949 3710 3006 dulcissima

2121 3038 2316 3093 domna
2345 3052 2464 3092 mea
2512 3046 2697 3093 sancta
2746 3036 2937 3103 Maria,
2985 3037 3129 3093 inea
3178 3039 3413 3105 ratione,
3458 3041 3596 3095 sicut
3623 3057 3716 3096 su-

2121 3128 2304 3198 perius
2315 3127 2757 3197 conscripsimus,
2775 3127 3060 3193 tradimus,
3077 3137 3238 3199 atque
3261 3128 3710 3195 transfundimus,

2118 3227 2178 3274 ut
2205 3226 2262 3273 tu
2291 3218 2404 3287 ipsa
2425 3233 2523 3287 pro
2550 3219 2788 3288 peccatis
2831 3219 2970 3274 meis
2993 3233 3222 3275 exorare
3247 3220 3509 3291 digneris,
3543 3231 3601 3275 ut
3619 3237 3714 3277 ve-

2119 3309 2264 3364 niam
2291 3322 2506 3364 merear
2531 3309 2802 3378 accipere,
2831 3317 2888 3364 et
2926 3309 3124 3366 molem
3164 3311 3532 3380 peccaminum
3560 3325 3715 3364 meo-

2119 3417 2239 3456 rum
2267 3401 2540 3462 minuere;
2570 3399 2819 3455 similiter
2850 3399 2948 3454 tibi
2974 3400 3134 3465 dono,
3177 3400 3484 3456 dulcissima
3509 3401 3707 3454 damna

2119 3499 2176 3546 et
2233 3492 2393 3545 heres
2443 3504 2586 3555 mea,
2647 3489 2703 3544 in
2781 3489 2891 3545 alio
2957 3489 3166 3561 pagello
3237 3492 3256 3531 ί
3332 3489 3705 3558 Aragougense

2119 3609 2251 3673 doli,
2294 3607 2378 3663 vel
2411 3607 2620 3673 Bleoni,
2663 3608 2845 3678 potius
2881 3607 3091 3671 Bodoli,
3121 3622 3244 3662 cum
3286 3605 3472 3678 notitia
3498 3603 3706 3659 scribat

2119 3681 2379 3735 Bleonum
2405 3679 2623 3733 unicum
2648 3675 2899 3747 genuisse
2931 3678 3120 3741 ﬁlium,
3151 3678 3380 3747 nomine
3394 3675 3531 3743 Rug.

2192 3761 2214 3789 ο
2247 3749 2607 3819 Hascgaugia,
2639 3744 2754 3819 sive
2778 3749 2992 3803 Eschau
3022 3754 3107 3802 est
3144 3747 3318 3819 insula
3353 3744 3717 3819 Rhenumcin-

2122 3829 2205 3874 ter
2231 3835 2295 3873 ac
2321 3814 2525 3884 Ellum,
2546 3834 2706 3887 supra
2731 3816 3168 3888 Argentoratum.
3200 3815 3467 3888 Olimfuit
3495 3814 3716 3888 familiae

2121 3889 2479 3944 Benedictinm
2505 3885 2831 3957 parthenon,
2849 3887 3004 3956 cujus
3023 3889 3158 3942 bona
3187 3887 3253 3940 ad
3275 3886 3584 3957 episcopum
3615 3885 3719 3957 A_r-

2121 3959 2490 4030 gentinensem
2506 3955 2894 4030 pervenerunt,
2920 3955 2980 4030 ret
3009 3958 3133 4030 inde
3158 3958 3225 4030 a_d
3266 3955 3507 4030 ejusdem
3539 3955 3722 4008 eccle-

2123 4025 2217 4111 siae
2245 4025 2541 4111 capitulum
2569 4029 2766 4111 majus,
2795 4029 2938 4111 quod
2969 4027 3145 4111 adhuc
3185 4025 3345 4081 hodie
3375 4025 3508 4111 jure
3532 4033 3722 4111 patr?-

2124 4109 2281 4154 natus
2313 4096 2369 4170 in
2393 4098 2603 4154 Eschau
2630 4096 2847 4170 gaudet,
2887 4106 2942 4153 et
2965 4098 3202 4170 decimas
3220 4111 3347 4170 cum
3373 4096 3611 4170 parocho
3639 4096 3721 4149 di-

2123 4171 2276 4224 vidit.
2313 4169 2474 4238 Vicus
2511 4166 2876 4224 vero'Escbau
2917 4167 3232 4238 parthenoni
3271 4166 3608 4238 propinquus
3638 4174 3724 4218 est

2125 4239 2342 4310 feuducm
2367 4237 2854 4310 Lichtenbergense
2882 4237 3722 4310 Rathsamhausiisconcessurn.

2192 4308 2220 4348 ἀ
2249 4309 2414 4364 Vicus
2438 4304 2747 4378 Blobsbeim
2767 4323 2934 4378 prope
2962 4308 3196 4372 Eschau,
3230 4307 3510 4376 pertinens
3533 4306 3604 4360 ad
3626 4304 3724 4359 do-

429 4376 643 4456 condidi
667 4377 788 4446 jure
804 4375 1092 4456 ριιίιξεοιςίοἸ
1114 4384 1276 4456 atque
1308 4376 1362 4456 id
1379 4377 1755 4456 codicillorum
1781 4377 1907 4456 _vi_ce
1932 4393 2026 4432 va-
2054 4438 2101 4456 _
2127 4379 2396 4456 minosjle
2421 4375 3156 4456 Rempﬁ‘eret'de—Girntzer.

428 4447 542 4518 lere
588 4438 839 4516 praecepi,
895 4447 941 4518 si
985 4438 1127 4518 juris
1190 4438 1394 4518 aliquid
1448 4447 1718 4502 videbitur
1764 4447 2020 4503 defuisse.
2051 4438 2105 4500 D
2203 4460 2227 4488 ε
2258 4438 2636 4518 Wibolsheiin,
2665 4449 2818 4504 vicus
2841 4449 3138 4518 quadrante
3162 4447 3373 4502 distans
3394 4447 3463 4518 ab
3483 4445 3730 4510 Eschau,

430 4515 761 4586 Quandoque
775 4531 874 4586 ego
898 4515 1174 4586 Remigius
1195 4515 1479 4586 episcopus
1497 4517 1565 4572 de
1591 4518 1692 4573 hac
1713 4518 1832 4572 luce
1853 4527 2028 4574 trans-

431 4587 565 4649 iero,
594 4593 650 4640 tu
678 4585 826 4640 mihi
841 4585 1013 4640 haeres
1046 4585 1186 4649 esto,
1215 4585 1402 4642 sancta
1429 4595 1484 4640 et
1511 4588 1833 4643 venerabilis
1851 4589 2028 4644 eccle-

433 4656 515 4712 sia
556 4655 707 4710 urbis
752 4656 1106 4720 Rhemorum,
1149 4664 1254 4710 etc.
1292 4676 1310 4710 ι
1367 4655 1579 4712 Pariter
1609 4659 1662 4712 in
1701 4666 2029 4714 testamento

432 4727 604 4782 sancti
631 4725 849 4797 ansarii
891 4725 1508 4797 episcopiArelatensis,
1539 4729 1677 4797 apud
1717 4729 2028 4795 Baronium,

324 4815 334 4820 ·
432 4799 487 4852 in
514 4796 711 4850 Annal.
744 4794 828 4866 ad
871 4811 1071 4850 annum
1112 4795 1237 4860 508,
1283 4811 1431 4850 num.
1473 4794 1867 4866 25,—.leguntur
1914 4794 2030 4854 haec

432 4867 597 4921 verba
625 4879 639 4918 :
675 4884 692 4915 ι
730 4864 845 4919 Hoc
873 4873 1251 4921 testamentum
1281 4881 1460 4922 meum
1487 4864 1724 4933 condidi,
1757 4868 1837 4921 vel
1867 4884 2056 4923 manu

432 4935 649 5008 propria
682 4935 999 5008 subscripsi,
1047 4945 1209 5006 atque
1238 4937 1361 5008 jure
1390 4937 1644 5008 prtetorio
1679 4937 1763 4992 vel
1807 4938 1929 5008 jure
1954 4939 2031 4994 ci-

435 5007 529 5060 vili
553 5015 608 5060 et
631 5005 698 5060 ad
726 5007 896 5060 vicem
926 5005 1140 5060 illorum
1169 5005 1420 5062 codicillo
1447 5007 1677 5062 ﬁrmavi.
1708 5027 1726 5060 ι
1758 5005 1862 5063 etc.
1890 5007 2032 5062 Con-

435 5075 682 5148 sulantur
711 5090 928 5145 quoque
959 5086 1342 5148 testamentum
1389 5077 1562 5132 sancti
1587 5076 1892 5148 Bertramni
1919 5080 2032 5148 epi-

437 5145 592 5218 scopi
612 5144 1039 5218 Cenomanensis
1062 5149 1188 5203 anni
1215 5146 1336 5218 610,
1367 5149 1509 5218 apud
1556 5147 1914 5212 Mabillonem,
1941 5144 2032 5204 ve-

438 5224 542 5269 ter.
569 5215 814 5288 Analect.
847 5224 977 5288 tom.
1005 5217 1094 5282 Ill,
1120 5234 1240 5288 pag.
1281 5217 1384 5271 112
1403 5215 1585 5286 ’ρι’ὴη.
1631 5219 1762 5274 edit.
1789 5226 1844 5273 et
1870 5226 2033 5273 testa-

439 5294 678 5358 mentum
708 5286 949 5341 Abbonis
979 5286 1211 5358 patricii"
1224 5304 1312 5343 an.
1341 5287 1468 5353 759,
1498 5289 1640 5358 apud
1672 5289 1941 5354 eumdem,
1966 5290 2033 5345 de

437 5349 522 5427 Re
541 5351 846 5427 diplomat.,
876 5349 999 5427 pag:
1029 5357 1152 5412 507.

510 5423 538 5462 δ
579 5423 806 5494 Remigii
858 5423 1094 5498 episcopi
1149 5427 1560 5498 Argentinensis
1606 5437 1814 5496 patrem
1867 5427 2034 5484 fuisse

440 5491 717 5572 Hugonern
741 5491 1018 5572 comitem,
1040 5491 1208 5572 'avum
1228 5491 1575 5572 :Ailalricuni_
1597 5491 2033 5572 dueem_Al_sati:e

439 5562 721 5636 probabile
755 5572 859 5636 est:
887 5564 1013 5636 Inde
1040 5568 1315 5636 Remigius
1346 5567 1541 5622 fratres
1563 5569 1749 5623 habuit
1774 5568 2031 5624 Bodolum

440 5631 1001 5710 ct_Blconum._Codes
1035 5631 1321 5710 diplomat;
1347 5637 1567 5710 ιοιῃη]2
1594 5654 1751 5710 num.
1773 5637 2028 5710 45,7pgag.

439 5698 530 5758 79.
561 5700 700 5770 Ergo
731 5697 1061 5762 Scholastica
1087 5697 1263 5772 neptis
1289 5705 1516 5776 Remigii
1546 5697 1643 5764 fuit
1671 5708 1776 5764 ﬁlia
1808 5697 2031 5764 vel'Bo-

2130 4535 2254 4600 cum
2272 4534 2398 4600 ‘quo
2425 4517 2556 4600 facit
2579 4535 2742 4573 unam
2765 4517 3081 4600 parochiam
3117 4517 3688 4600 unumquebannum:

2206 4589 2234 4671 ﬂ
2258 4585 2541 4671 Aschovize
2571 4597 2716 4671 retro
2753 4585 2924 4671 altare
2968 4588 3145 4671 adhuc
3178 4585 3508 4671 conspicitur
3533 4585 3730 4671 tumba

2131 4659 2358 4730 lapidea,
2382 4673 2523 4728 quae,
2552 4667 2614 4713 ut
2634 4659 2841 4725 dicunt,
2867 4657 3108 4714 continet
3132 4657 3388 4726 reliquias
3411 4664 3733 4710 sanctarum

2132 4729 2346 4799 Sophia:
2370 4739 2424 4799 et
2456 4729 2686 4783 ﬁliarum
2719 4729 2834 4797 ejus
2867 4729 3040 4794 Fidei,
3065 4727 3192 4798 Spei
3220 4735 3276 4782 et
3295 4725 3622 4799 Charitatis.

2205 4796 2230 4842 8
2262 4798 2504 4881 Ecclesia
2530 4796 2938 4881 parochialisjn
2967 4796 3211 4863 Eschau;
3243 4796 3422 4852 adhuc
3443 4811 3607 4851 sacra
3649 4803 3739 4850 est

2131 4878 2320 4926 sancto
2346 4869 2638 4939 Trophimo
2659 4870 2905 4939 martyri.

2201 4942 2228 4981 ιι
2267 4936 2511 5001 Roduna,
2542 4939 2656 4995 sive
2685 4936 2967 4994 Rucbuina
2995 4945 3050 4992 et
3091 4936 3283 5001 Adala,
3323 4951 3443 5006 qua:
3464 4951 3576 4990 una
3609 4941 3740 5005 post

2131 5010 2356 5088 alteram
2379 5010 2516 5064 abba
2525 5010 2666 5088 tissa:
2685 5007 3741 5088 Asehangiensiprimast-unanimam:

2133 5082 2235 5145 rio,
2263 5079 2516 5135 dicuntur
2540 5080 2594 5134 in
2636 5079 2827 5134 notitia
2853 5075 3002 5134 num.
3044 5075 3114 5134 45
3145 5076 3358 5134 Codicis
3394 5075 3740 5147 diplomatici

2134 5144 2266 5205 ton.
2311 5150 2356 5214 l,
2401 5165 2523 5220 pag.
2559 5150 2628 5206 79
2677 5149 2801 5206 ﬁlia:
2827 5149 3032 5212 Bodoli,
3081 5163 3246 5220 quem
3298 5144 3468 5218 fuisse
3490 5144 3740 5220 fratrem

2133 5221 2366 5304 Remigii
2390 5214 2647 5304 episcopi.
2667 5236 2830 5304 supra
2849 5214 3116 5304 diximus.
3153 5215 3347 5304 Eastat
3361 5215 3507 5304 apud

2132 5286 2377 5360 pllinutn,
2402 5286 2818 5415 Alsatfdiglo'm.
2846 5300 2975 5347 tom.
3000 5289 3042 5354 l,
3067 5305 3188 5360 pag.
3210 5289 3302 5352 55,
3327 5288 3513 5343 charta
3539 5286 3744 5366 ﬁdat:

2133 5362 2260 5431 anni
2285 5360 2387 5415 754
2415 5360 2470 5414 in
2499 5377 2606 5431 qua
2682 5361 2880 5416 icitur:
2929 5360 3044 5431 Ego
3071 5361 3246 5430 itaque
3282 5355 3455 5412 Adala
3479 5355 3605 5424 ﬁlia
3633 5354 3745 5408 Bo-

2133 5430 2243 5506 dali
2267 5430 2641 5506 _Deo_sac_rata.
2949 5430 2992 5506 ς
3092 5499 3104 5506 _
3271 5498 3285 5506 _
3387 5504 3393 5506 Α

2211 5499 2397 5571 ίγΡῃεί
2442 5501 2696 5571 minores,
2743 5515 2839 5556 seu
2885 5499 3107 5570 subpagi
3137 5498 3471 5571 vocabantur
3505 5495 3743 5571 pagelli.

2135 5570 2227 5648 Sic
2248 5567 2555 5648 llelvetjcus
2604 5571 2821 5648 promte
2853 5567 3023 5641 pagus
3051 5567 3278 5648 vocatur
3301 5567 3544 5648 pagellus
3566 5636 3579 5647 '
3597 5567 3744 5645 Uno:

2134 5640 2313 5712 niaain
2345 5638 2724 5710 diplomatibus
2770 5635 2892 5712 quin
2926 5635 3076 5712 anno
3100 5638 3206 5697 855
3236 5635 3411 5712 (at—E51
3445 5635 3744 5692 Turicensi

2133 5710 2365 5768 Abbatia:
2388 5712 2654 5768 concessit
2678 5710 2979 5768 Ludovicus
3005 5710 3378 5766 Germanicus.
