4046 6172
479 314 616 371 1587

1472 313 1743 370 SIECULI
1783 316 1894 372 VIII
1933 313 2366 371 MONUMENTA
2405 314 2741 374 SELECT'A.

3620 329 3758 388 I583

473 430 592 483 nari
617 436 816 499 potest,
842 427 925 482 vel
952 427 1212 497 quidquid
1239 427 1400 483 hodie
1428 428 1577 482 visus
1604 443 1725 482 sum
1749 428 2026 496 possidere
2044 467 2058 490 ,
2096 433 2135 488 Α
2165 423 2303 480 lulas
2330 425 2688 498 Asegaugiam
2737 437 2793 482 et
2815 423 3059 495 Werida,
3087 434 3236 499 quas
3271 445 3374 500 ego
3411 432 3482 488 ad
3510 448 3757 492 sanctam

469 530 527 578 et
556 519 700 589 quod
741 518 809 572 ad
840 519 1018 588 ipsum
1047 518 1440 572 monasterium
1477 518 1712 588 pertinet
1741 526 1795 572 et
1834 533 1864 570 a
1903 517 2059 570 bonis

468 609 779 667 hominibus
803 625 901 679 per
930 608 1165 664 cartulas
1192 608 1502 663 traditionis
1533 616 1588 662 et
1612 607 1981 664 concessionis
2001 615 2057 661 et

467 701 795 758 venditionis
819 700 888 756 ad
910 701 1091 770 ipsum
1121 699 1298 755 locum
1328 707 1575 754 sanctum
1599 708 1786 754 sancto
1807 698 1901 753 Dei
1923 697 2058 751 Leo-

469 794 686 866 degario
721 792 1028 864 delegatum
1073 791 1194 846 fuit.
1253 793 1396 855 Tibi,
1451 791 1765 846 dulcissima
1811 798 1868 844 et
1899 790 2058 844 heres

466 902 588 940 mea
648 892 834 940 sancta
885 883 1094 948 Maria,
1162 885 1264 939 hec
1335 883 1517 937 omnia
1575 881 1826 951 superius
1893 881 2056 934 deno-

465 975 671 1029 minata
707 974 806 1028 tibi
861 974 1037 1035 trado,
1100 982 1262 1042 atque
1295 972 1654 1037 transfundo,
1725 973 1780 1026 in
1845 986 1907 1024 ea
1969 986 2060 1042 ra-g

464 1067 610 1120 tione
658 1067 800 1120 sicut
851 1067 1101 1136 superius
1148 1066 1403 1120 diximus.
1456 1065 1611 1131 Quod
1665 1081 1765 1134 ego
1810 1066 1946 1135 ipse,
1999 1073 2054 1118 et

465 1153 763 1209 Scolastica
829 1164 991 1225 nepta
1059 1169 1180 1208 mea
1207 1195 1222 1218 ,
1277 1164 1333 1208 et
1386 1154 1759 1209 Raderamnus
1813 1155 2050 1223 abnepos

464 1260 639 1311 meus,
679 1247 805 1300 dum
839 1245 1160 1310 advivimns,
1189 1258 1288 1316 per
1313 1254 1463 1299 tuum
1495 1245 1814 1300 beneficium
1842 1244 2046 1296 Domna

459 1348 581 1388 mea
610 1342 665 1388 et
706 1348 1048 1388 successores
1079 1334 1205 1397 mei,
1260 1334 1352 1402 qui
1383 1342 1512 1387 tunc
1541 1333 1799 1403 temporis
1823 1347 1942 1387 esse
1972 1333 2048 1386 vi-

459 1412 678 1492 dentur,
729 1427 930 1480 habere
953 1426 1244 1480 debeamus
1267 1427 1368 1481 sub
1392 1424 1813 1488 usufruetuario,
1848 1434 1903 1480 et
1923 1440 2050 1478 cen-

456 1532 579 1575 sum
615 1520 771 1573 annis
798 1519 1026 1588 singulis
1069 1518 1136 1574 ad
1166 1517 1515 1573 festivitatem
1545 1527 1730 1572 sancte
1770 1518 1949 1572 Mariae
1992 1518 2046 1572 in

459 1611 800 1670 dedicatione
831 1611 999 1680 ipsius
1025 1610 1230 1672 altaris,
1275 1610 1418 1680 quod
1461 1609 1620 1664 modo
1648 1608 2044 1671 dedicavimus,

458 1704 661 1761 solidos
695 1718 766 1755 xx
796 1703 850 1754 in
881 1709 1106 1770 argento
1135 1700 1264 1754 dare
1302 1700 1618 1764 debeamus,
1656 1707 1713 1753 et
1745 1699 1849 1754 hoc
1890 1698 2043 1753 volu-

457 1809 602 1857 mus,
639 1799 699 1845 ιιι
727 1791 874 1861 ipsos
901 1789 1102 1845 solidos
1129 1789 1238 1843 illic
1263 1788 1448 1843 clerici
1477 1789 1646 1842 nostri
1694 1788 1941 1844 canonici
1989 1788 2041 1841 in
2077 1767 2124 1827 Β

453 1892 638 1936 nostra
669 1880 970 1952 elymosina
1002 1879 1290 1948 recipiant,
1321 1887 1383 1933 ut
1412 1879 1558 1948 ipsos
1592 1879 1784 1933 melius
1814 1879 2045 1933 delectet

455 1975 543 2028 die
574 1980 844 2042 noctuque
870 1972 982 2026 Deo
1011 1979 1068 2025 et
1095 1981 1300 2026 sanctae
1339 1971 1506 2024 Marie
1535 1970 1832 2034 deservire,
1860 1979 1916 2024 et
1943 1985 2043 2039 pro

453 2071 542 2118 no'
565 2065 618 2118 is
662 2063 833 2117 Deum
864 2075 1116 2126 exorare,
1165 2069 1221 2116 et
1264 2068 1323 2115 ut
1352 2061 1574 2115 nomina
1615 2069 1799 2118 nostra
1841 2061 2042 2130 scripta

453 2155 563 2209 sint
589 2154 642 2208 in
691 2153 830 2208 libro
862 2153 992 2215 vite,
1023 2161 1077 2206 et
1119 2161 1179 2207 ut
1219 2151 1597 2222 corpusculum
1643 2166 1822 2206 meum
1853 2151 1905 2205 in
1951 2151 2043 2206 illa

453 2246 648 2316 cripta,
676 2261 837 2315 quam
869 2259 1008 2298 novo
1035 2257 1198 2314 opere
1226 2242 1348 2309 feci,
1382 2243 1706 2313 requiescat.
1742 2244 1877 2299 Volo
1917 2259 2040 2314 ego,

451 2346 510 2393 et
535 2352 753 2408 precor,
779 2345 835 2393 et
876 2350 1030 2404 F080,
1071 2348 1520 2404 successoresque
1549 2350 1699 2390 meos
1727 2343 2005 2390 ροηιθδιοι·
2024 2376 2039 2398 ,

450 2433 514 2481 ιιι
537 2441 636 2496 per
670 2424 874 2478 nullam
899 2422 1239 2478 occasionem
1285 2421 1562 2478 licentiam
1599 2423 1863 2488 habeatis,
1910 2424 2040 2478 Sco-

448 2518 638 2574 lastice
666 2525 826 2588 nepte
853 2530 994 2581 meo,
1026 2530 1127 2570 nec
1149 2514 1490 2569 Raderamno
1514 2513 1768 2584 abnepoti
1813 2529 1934 2568 meo
1973 2514 2040 2568 de

448 2611 570 2680 ipso
601 2608 888 2672 beneﬁcio,
921 2607 1066 2678 quod
1089 2621 1190 2677 ego
1217 2605 1361 2670 dedi,
1388 2603 1584 2673 ejicere
1609 2604 1774 2669 foras,
1801 2604 1906 2658 hoc
1932 2613 2034 2663 est,

449 2703 540 2756 illa
589 2699 721 2754 cella
751 2707 938 2753 sancte
984 2697 1187 2768 Sophie
1221 2697 1274 2751 in
1319 2697 1494 2752 insula
1520 2695 1822 2764 Aschaugia
1849 2703 1906 2749 et
1948 2694 2038 2749 illo

447 2791 837 2848 monasteriolo
867 2790 919 2844 in
950 2789 1273 2860 Aragaugia,
1305 2789 1448 2860 quod
1477 2786 1680 2842 dicitur
1709 2785 1946 2841 Werida.
1971 2785 2040 2842 Et

449 2885 500 2939 si
527 2884 630 2938 ista
658 2881 1124 2950 contempneritis,
1153 2888 1247 2934 aut
1274 2878 1422 2932 aliud
1465 2878 1646 2932 facere
1693 2877 1885 2938 vultis,
1933 2877 2036 2930 nisi

447 2978 592 3048 quod
620 2989 719 3046 ego
745 2973 993 3045 superius
1035 2969 1351 3040 conscripsi,
1404 2977 1530 3024 ante
1574 2967 1810 3024 tribunal
1835 2967 2036 3022 Christi

446 3068 643 3126 exinde
690 3064 968 3122 deducatis
1002 3063 1287 3126 rationem,
1316 3069 1372 3116 et
1414 3060 1518 3116 hoc
1549 3074 1658 3114 non
1685 3057 1910 3114 valeatis
1952 3056 2034 3113 fa-

2159 514 2383 570 Mariam
2410 516 2552 581 dedi,
2585 519 2733 574 nullo
2763 527 3008 590 tempore
3045 521 3100 575 in
3142 522 3409 578 beneﬁcio
3437 524 3661 581 habeat.
3698 529 3756 583 Si

2156 605 2279 672 quis
2307 619 2438 660 vero
2478 614 2534 660 et
2563 621 2905 676 quecumque
2949 624 3183 679 persona
3213 611 3456 680 quolibet
3488 623 3754 683 tempore,

2155 711 2494 767 quocumque
2535 698 2747 768 ingenio
2775 707 2962 754 contra
3008 701 3114 756 hoc
3146 709 3567 768 testamentum,
3604 707 3754 774 quod

2154 801 2254 856 ego
2266 795 2560 854 spontanea
2587 788 2890 855 voluntate,
2909 789 3210 858 inspirante
3231 790 3414 845 divino
3433 792 3754 862 magisteria

2155 877 2256 931 feci
2283 887 2338 932 et
2364 894 2465 950 ego
2491 879 2607 948 ipse
2625 880 2838 950 scripsi,
2859 880 3047 935 venire
3074 889 3169 935 aut
3193 895 3354 951 agere
3382 885 3750 952 temptaverit,

2153 979 2247 1024 aut
2273 971 2581 1026 contrarius
2601 985 2724 1026 esse
2744 972 2997 1037 voluerit,
3016 981 3111 1027 aut
3135 973 3407 1038 minuere,
3429 983 3521 1028 aut
3548 975 3751 1029 irrum-

2150 1074 2278 1130 pere
2307 1062 2606 1124 conaverit,
2650 1061 2707 1114 in
2744 1063 2936 1131 primis
2977 1062 3117 1116 iram
3147 1062 3242 1118 Dei
3287 1064 3550 1127 incurrat,
3585 1074 3639 1120 et
3678 1067 3748 1119 ab

2149 1151 2410 1215 antistite,
2441 1151 2532 1221 qui
2561 1160 2690 1206 tunc
2713 1151 2972 1221 temporis
3001 1159 3106 1218 est,
3137 1167 3318 1207 coram
3344 1153 3457 1208 Deo
3479 1162 3536 1208 et
3557 1165 3742 1209 sancta

2151 1240 2318 1296 Maria
2345 1242 2847 1301 excommunicatus
2887 1244 3112 1307 existat,
3137 1252 3192 1297 et
3219 1237 3306 1296 illa
3337 1244 3424 1298 die
3467 1246 3746 1300 tremenda

2148 1349 2272 1388 cum
2300 1335 2578 1390 districtus
2610 1337 2950 1391 examinator
2999 1335 3316 1401 advenerit,
3358 1352 3482 1392 reus
3510 1347 3564 1392 et
3591 1338 3744 1405 judi-

2147 1433 2302 1482 catus
2329 1423 2590 1489 discedat,
2636 1433 2694 1479 et
2727 1425 2949 1494 insuper
2977 1423 3177 1479 inferat
3202 1432 3507 1480 sanctorum
3535 1427 3739 1481 actori-

2147 1514 2250 1569 bus
2291 1525 2635 1571 sacrosancte
2675 1517 2906 1572 ecelesie
2947 1524 3135 1572 sancte
3183 1515 3352 1571 Marie
3390 1517 3572 1572 heredi
3612 1534 3737 1573 mee

2149 1619 2256 1658 una
2300 1620 2425 1660 cum
2453 1607 2824 1662 saeratissimo
2853 1606 2984 1663 fisco
3012 1607 3131 1662 auri
3164 1606 3334 1664 libras
3359 1609 3616 1677 quinque,
3649 1625 3743 1664 ar-

2149 1695 2295 1764 genti
2342 1697 2553 1765 pondus
2592 1697 2780 1768 viginti
2822 1698 3061 1768 quinque
3101 1705 3322 1753 coaetus
3365 1699 3638 1762 exsolvat,
3683 1710 3741 1755 et

2151 1787 2293 1855 quod
2326 1789 2522 1858 repetit
2576 1789 2852 1845 vindicare
2903 1805 3013 1844 non
3061 1790 3259 1856 valeat,
3291 1798 3345 1845 et
3386 1791 3742 1848 nihilominus

2149 1892 2374 1947 presens
2421 1881 2617 1951 pagina
2663 1881 2977 1936 testamenti
3019 1881 3175 1936 ﬁrma
3212 1882 3505 1937 stabilitate
3539 1884 3739 1940 debeat

2147 1983 2486 2038 permanere,
2515 1987 2638 2027 cum
2664 1971 3009 2042 stipulatione
3036 1973 3282 2028 subnixa.
3306 1973 3500 2029 Actum
3527 1976 3741 2047 Argen-

2150 2059 2261 2114 tina
2288 2060 2529 2116 civitate.
2557 2061 2749 2116 Notavi
2777 2062 2917 2119 diem
2947 2075 2973 2103 α
3001 2071 3058 2117 et
3083 2077 3282 2117 annum
3312 2079 3474 2134 quem
3500 2080 3692 2136 supra.

2218 2153 2331 2223 Ego
2358 2154 2410 2208 in
2439 2153 2535 2209 Dei
2564 2155 2781 2209 nomine
2809 2153 3088 2226 Remigius
3125 2164 3378 2225 peccator
3411 2156 3587 2227 gratia
3635 2156 3736 2212 Dei

2147 2243 2432 2312 episcopus
2462 2243 2565 2299 hoc
2597 2251 2982 2300 testamentum
3028 2259 3060 2298 a
3091 2260 3176 2299 me
3220 2243 3425 2299 factum
3457 2246 3511 2300 in
3541 2262 3738 2302 amore

2146 2338 2334 2387 sancte
2373 2331 2574 2398 Mariae,
2605 2334 2750 2403 quod
2786 2347 2888 2404 ego
2918 2334 3034 2403 ipse
3063 2334 3314 2389 manibus
3348 2335 3485 2390 meis
3512 2336 3734 2405 scripsi,

2144 2429 2199 2477 et
2210 2424 2456 2494 superius
2465 2426 2705 2481 scribere
2719 2427 2927 2496 rogavi,
2944 2426 3132 2498 relegi.
3149 2427 3216 2480 Et
3236 2443 3337 2499 ego
3351 2429 3380 2468 ι’
3396 2426 3738 2483 Gislehertus

2144 2529 2207 2568 ac
2223 2514 2267 2568 si
2294 2523 2546 2584 peccator
2570 2517 2872 2587 episcopus.
2897 2517 3012 2588 Ego
3037 2529 3058 2556 ε
3075 2516 3418 2574 Willibaldus
3447 2518 3731 2590 episcopus

2145 2603 2460 2674 subscripsi.
2519 2603 2744 2674 Signum
2799 2604 3096 2661 Garibaldi.
3152 2604 3266 2676 Ego
3311 2605 3340 2644 ει
3403 2605 3729 2662 Weomadus

2144 2694 2446 2763 cpiscopus.
2478 2693 2591 2763 Ego
2634 2695 2689 2748 in
2720 2695 2813 2750 Dei
2841 2696 3060 2749 nomine
3084 2705 3108 2734 ε
3140 2694 3478 2750 Waldericus
3506 2703 3728 2752 vocatus

2143 2787 2444 2858 episcopus.
2475 2789 2587 2861 Ego
2620 2787 2639 2827 ί
2672 2788 3016 2844 Walabertus
3044 2797 3264 2844 vocatus
3294 2789 3598 2859 episcopus.
3640 2790 3725 2845 Si-

2143 2895 2307 2949 gnum
2355 2879 2591 2934 Hullind.
2623 2878 2846 2950 Signum
2887 2879 3174 2934 Lantfridi.
3226 2877 3450 2950 Signum
3481 2879 3722 2935 Balldne.

2144 2968 2368 3038 Signum
2398 2969 2671 3024 Harbaldi.
2701 2969 2924 3040 Signum
2955 2970 3289 3024 Fridericbd.
3329 2969 3557 3041 Signum
3598 2971 3725 3025 Ral-

2142 3059 2382 3125 hinfridi,
2431 3062 2607 3132 quiet
2643 3062 2758 3131 ipse
2791 3062 3064 3118 consensit
3091 3077 3191 3132 pro
3221 3071 3374 3133 parte
3418 3079 3587 3118 uxore
3626 3081 3724 3118 sua

447 3119 929 3226 'Et‘q'uando
953 3153 1168 3224 quidem
1215 3119 1342 3207 cum
1367 3166 1466 3222 ego
1496 3149 1794 3222 Remigius,
1816 3158 1872 3204 et
1905 3147 2038 3204 Sco-
2061 3119 2110 3183 c
2142 3119 2484 3206 llarilandae.

447 3250 640 3305 lastica
662 3255 718 3302 et
744 3246 1118 3300 Raderamnus
1135 3240 1250 3312 jam
1276 3242 1369 3296 fati
1395 3257 1591 3296 munus
1613 3242 2033 3314 impleverimus,

453 3352 509 3395 tu
545 3345 891 3396 sacrosancta
916 3334 1156 3390 Ecclesia
1187 3340 1371 3388 saneta
1385 3331 1577 3398 Maria,
1601 3340 1926 3403 agentesque
1959 3333 2037 3388 tui

455 3442 626 3488 totum
639 3445 704 3485 ac
721 3430 1010 3498 integrum,
1032 3425 1212 3482 sicuta
1228 3425 1384 3480 nobis
1403 3423 1846 3495 fuitpossessum,
1872 3425 1925 3479 in
1953 3441 2041 3481 ve-

455 3533 624 3579 stram
640 3518 902 3575 revoeetis
916 3524 1236 3587 potestatem
1252 3525 1415 3587 atque
1425 3517 1803 3583 dominium,et
1816 3518 1909 3573 tibi
1921 3533 2040 3587 per-

453 3609 763 3682 petualiter,
789 3616 973 3664 sancta
999 3605 1163 3661 Maria
1180 3607 1338 3661 heres
1355 3616 1558 3673 nostra,
1574 3606 1823 3679 proficiat
1841 3609 1894 3662 in
1909 3624 2041 3680 aug-

455 3711 716 3755 mentum.
768 3695 836 3754 Et
866 3696 968 3751 hoe
1011 3695 1259 3751 volumus
1306 3704 1362 3750 et
1409 3695 1791 3766 supplicamus,
1831 3704 1892 3750 ut
1916 3705 2040 3766 post

449 3800 762 3846 nostrorum
793 3801 1008 3857 quoque
1035 3785 1336 3840 discessum
1369 3785 1548 3840 nullus
1575 3786 1739 3841 homo
1782 3786 1902 3841 illas
1931 3787 2040 3842 cel—

522 3973 548 4000 ι
595 3964 956 4035 Frequentem
995 3977 1114 4018 esse
1150 3979 1327 4035 _usum
1380 3964 1626 4019 formula:
1674 3967 1849 4019 notavi
1895 3965 2035 4020 diem

452 4033 977 4106 octavopiaasertim
1005 4033 1221 4097 saeculo,
1259 4042 1811 4106 testanturppctorcs
1842 4035 2033 4090 Gallici

453 4103 619 4162 Nova:
655 4101 716 4157 lli
756 4101 1044 4168 hmaticte,
1081 4110 1228 4158 tomo
1256 4101 1346 4168 lV,
1405 4118 1489 4174 ag.
1518 4103 1641 4157 655.

522 4175 551 4216 ι’
573 4120 907 4230 Gisleﬁertus
932 4171 1033 4227 fuit
1060 4172 1342 4230 enisconus
1369 4119 1641 4228 g‘ornacen

622 4187 719 4229 1518

449 4244 1038 4326 mensisﬁllemorattftg
1064 4244 1203 4326 apud

448 4317 539 4372 cil.
572 4315 777 4379 Gallias,
806 4330 929 4386 pag.
971 4313 1059 4380 66,
1097 4313 1238 4368 inter
1265 4315 1546 4386 duodecim
1568 4330 1613 4386 e_
1638 4313 1865 4370 Francia
1889 4315 2030 4370 dire-

446 4397 564 4458 ctos
587 4384 900 4458 episcopos;
912 4386 1004 4455 qui
1028 4400 1231 4458 Lmense
1254 4384 1425 4455 Aprili
1451 4384 1554 4458 769
1584 4384 1829 4440 Romano
1863 4387 2030 4458 inter;

791 4180 907 4228 rtus
932 4171 1033 4227 fuit
1060 4172 1342 4297 episcopus
1370 4171 1728 4228 To'rnacensis
1763 4181 1818 4228 et
1841 4173 2033 4230 Novio-

796 4252 1038 4297 moratur
1064 4244 1203 4297 anud
1226 4277 1246 4297 ι.
1267 4244 1592 4297 irmondum.
1623 4251 1754 4297 tom.
1803 4244 1845 4297 ll
1885 4244 2029 4297 Con-

1226 4244 1592 4309 Sirmondum,
1623 4251 1754 4298 tom.
1803 4244 1845 4298 ll
1885 4244 2029 4301 Con-

2210 3242 2266 3295 ln
2305 3242 2400 3297 Dei
2447 3243 2665 3297 nomine
2707 3242 2986 3313 Remigius
3010 3250 3265 3312 peccator
3298 3243 3579 3312 episcopus
3615 3242 3720 3297 feci

2141 3334 2243 3388 hoc
2273 3340 2656 3388 testamentum
2683 3334 2736 3387 in
2769 3335 2976 3388 honore
3015 3332 3228 3388 Domini
3253 3341 3310 3386 et
3334 3344 3518 3388 sancte
3554 3331 3723 3387 Mai-ie

2139 3425 2583 3497 Argentoratinse
2611 3425 2677 3481 de
2703 3425 2990 3497 Aschagia,
3027 3440 3132 3496 que
3160 3435 3244 3482 est
3268 3427 3320 3481 in
3348 3426 3708 3482 Wibileshcim

2141 3516 2384 3580 marcba,
2411 3530 2506 3570 seu
2533 3523 2589 3570 et
2611 3515 2666 3569 in
2677 3506 3161 3570 'Bladbotesheime
3179 3515 3387 3569 marcha
3410 3530 3506 3583 pm
3525 3515 3708 3569 anime

2140 3621 2258 3662 mee
2288 3606 2527 3661 remedio
2556 3621 2662 3661 una
2691 3621 2814 3662 cum
2855 3606 2972 3675 ipso
3001 3620 3231 3676 corpore
3283 3613 3461 3661 saneto
3508 3614 3709 3658 sanctze

2141 3695 2376 3765 Sophiae,
2407 3695 2657 3750 similiter
2699 3703 2753 3750 et
2781 3695 2835 3748 in
2863 3695 2969 3750 alio
2996 3695 3112 3750 loco
3140 3696 3231 3764 qui
3270 3695 3469 3750 dicitur
3495 3694 3724 3749 Werida

2139 3785 2546 3850 monasteriolo,
2599 3786 2742 3855 quod
2794 3794 2879 3840 est
2901 3786 2955 3840 in
3004 3786 3225 3841 marcba
3273 3785 3728 3843 Grechchinhach

2211 3982 2234 4010 ο
2273 3969 2619 4043 Walderiens
2637 3968 3071 4043 _fuit_episcopus
3109 3970 3589 4043 Laureacensisac
3620 3972 3731 4027 Pa-

2136 4041 2394 4114 tavicnsis
2433 4056 2521 4114 an_.
2551 4040 2670 4114 77l_
2699 4040 3286 4114 Wiserieigsuccessor,
3327 4059 3419 4114 an.
3461 4042 3568 4114 804
3606 4044 3728 4114 ipse

2132 4110 2434 4165 defunctus.
2474 4110 2837 4165 Consulantur
2881 4111 3144 4177 Coinlius,
3173 4111 3372 4166 Annal.
3415 4110 3730 4169 ecclesiast.

2133 4188 2266 4254 tom.
2297 4180 2385 4245 Vl,
2410 4195 2532 4254 pag.
2561 4181 2629 4235 87
2657 4190 2712 4254 et
2741 4180 2834 4235 65l
2861 4181 3178 4254 ;Al;l_t_tndius,
3210 4183 3263 4236 in
3293 4182 3574 4254 Metropoli
3630 4185 3732 4239 Sa-

2131 4249 2638 4322 lisburgepsiftom.
2666 4251 2710 4316 l,
2737 4267 2858 4322 pag.
2889 4251 3010 4316 195,
3030 4251 3168 4322 edit.
3200 4268 3290 4305 an.
3318 4249 3481 4316 1719,
3504 4264 3562 4308 et
3586 4254 3735 4310 Han-

2133 4320 2321 4392 zisius,
2343 4320 2646 4375 Germanice
2672 4320 2842 4392 sacra:
2868 4330 3000 4380 tom.
3027 4321 3069 4385 l,
3095 4336 3218 4392 pag.
3253 4323 3508 4378 158-145.

2209 4391 2228 4429 ί
2262 4390 2396 4446 Tres
2429 4392 2664 4446 nominis
2709 4391 3008 4446 Walaberti
3045 4390 3243 4446 saeculo
3282 4403 3479 4448 octavo
3507 4392 3733 4448 clame-

445 4452 669 4530 fuerunt
709 4452 957 4530 concilio.
1017 4452 1379 4530 Gisl_eber_tt_im
1429 4455 1740 4530 episcopum
1791 4455 2028 4530 an._782
2056 4467 2104 4529 ο
2133 4469 2260 4515 runt
2309 4461 2568 4530 episcopi.
2614 4462 2830 4516 Primus
2856 4460 2956 4516 fuit
2989 4461 3360 4528 Baldebertus,
3394 4464 3509 4518 sive
3559 4464 3737 4519 Adal-

443 4527 644 4582 obiisse
681 4526 845 4581 tradit
887 4533 1077 4580 auctor
1115 4524 1633 4595 San-Dionysianus’
1655 4526 1837 4595 brevis
1863 4526 2019 4581 chro-

444 4596 551 4651 nici
580 4597 832 4667 relatusa
847 4595 1148 4667 Bouqueto,
1172 4603 1304 4667 tom.
1333 4596 1376 4650 ν
1396 4594 1605 4667 Βριοὶρι.
1623 4610 1731 4667 rer.
1753 4594 2024 4667 Francia,

444 4682 568 4739 pag.
618 4665 709 4722 29.
752 4665 1001 4735 Ejusdem
1050 4666 1386 4739 epitaphium
1429 4665 1730 4737 composuit
1768 4666 2030 4723 Alcuinus

445 4739 637 4791 abbas.

521 4817 542 4845 ο
597 4804 830 4863 Sanctus
867 4804 1210 4862 Willibaldus
1249 4805 1457 4875 primus
1491 4803 2028 4873 fuit.Aureatensis,

444 4876 994 4946 sivegEiebstettensis
1014 4877 1270 4932 Ecclesia:
1302 4876 1586 4946 episcopus
1607 4891 1696 4929 an.
1717 4875 1812 4930 741
1849 4894 1878 4934 a
1905 4893 2030 4933 san-

443 4957 535 5003 cto
564 4945 839 5003 Bonifacio
873 4954 1242 5017 consecratus,
1271 4945 1544 5017 gessitque
1562 4947 1940 5017 episcopatum
1963 4949 2031 5004 ad

444 5033 651 5091 a_nnl_tm_
674 5033 843 5091 usque
869 5017 1081 5091 786__vel
1103 5015 1227 5082 787,
1243 5014 1526 5091 inprobat
1548 5014 1809 5091 Cpintiu's,
1833 5015 2026 5091 Annal.

446 5083 780 5144 Ecclesiast.‘
794 5096 925 5143 tom.
960 5087 1048 5158 Ἥ,
1077 5103 1198 5158 pag.
1240 5083 1364 5158 553.
1391 5085 1780 5158 inter-“Patres
1815 5089 2029 5146 concilii

444 5158 830 5215 Attiniacensis
852 5173 948 5214 an.
971 5154 1429 5228 765'suhscripsit
1466 5154 1805 5228 Willillqldus
1834 5159 2032 5228 episco-

443 5245 542 5298 pus
565 5229 628 5283 dc
651 5230 969 5298 monasteria
993 5227 1283 5283 Achistadi.
1309 5226 1386 5281 De
1414 5237 1603 5298 sancio
1629 5226 1933 5298 ιγιιιίιιειιιο
1952 5228 2031 5285 fu-

446 5296 561 5370 sius
581 5300 693 5370 agit
719 5296 1118 5370 l-‘alckenstein,
1145 5299 1199 5354 in
1229 5297 1640 5370 antiquitatibus
1661 5296 2031 5370 Nordgavienv

445 5367 597 5438 sibus
621 5367 883 5428 ecclesiae
923 5368 1296 5438 Aureatensis,
1332 5367 1454 5438 pag.
1505 5367 1653 5431 l-l9,
1683 5377 1738 5423 et
1764 5367 2029 5438 in'codice

441 5437 793 5561 ἳὲιὲιοωιιιίω
813 5440 1197 5511 antiquitatum
1221 5435 1728 5509 Nordgaviensiuni,
1751 5453 1873 5514 pag.
1901 5437 2029 5494 ιιδρ

514 5575 542 5649 «ξ
575 5575 905 5635 Woomadus
926 5586 1191 5649 tune-erat
1211 5579 1495 5649 episcopus
1520 5578 1862 5638 Trevirensis
1883 5595 2026 5642 anno

445 5645 540 5702 731
575 5655 844 5718 mortu_us,
869 5648 956 5718 uti.
974 5648 1155 5718 videre
1179 5645 1264 5703 est
1290 5645 1432 5718 apud
1455 5645 1772 5706 Browerum
1802 5657 1858 5704 et
1880 5649 2026 5706 Hon-

447 5716 710 5774 thcmium
739 5712 1075 5770 Trevirensis
1100 5712 1343 5772 ecclesia?
1372 5718 1658 5774 Annalium
1704 5720 2017 5789 scriptores.

2130 4533 2334 4603 bertys,
2360 4531 2451 4603 qui
2480 4546 2547 4584 ex
2571 4533 2766 4587 abbate
2791 4531 3104 4588 Fabariensi
3129 4533 3414 4603 episcopus
3439 4533 3739 4590 Curiensis

2129 4618 2218 4656 an.
2238 4599 2767 4675 _750_faetus_obiisse
2785 4603 2984 4657 dicitur
3012 4619 3101 4658 an.
3134 4599 3236 4658 734
3262 4599 3386 4659 cum
3413 4604 3566 4658 beati
3591 4621 3737 4675 pne-

2130 4672 2334 4746 conio,_
2354 4672 2482 4746 inde
2506 4672 2861 4746 ad_cl_iar_tam
2903 4682 3144 4746 nostram
3171 4691 3260 4746 an.
3287 4675 3392 4730 778
3418 4690 3525 4746 non
3555 4672 3740 4746 perti-

2130 4751 2240 4797 net.
2272 4741 2426 4796 Alter
2457 4741 2557 4796 fuit
2579 4741 2953 4809 Baldebertus,
2975 4745 3088 4798 sive
3111 4743 3465 4801 Baldobertus
3487 4741 3738 4801 Romani

2131 4830 2222 4867 an.
2253 4811 2355 4868 755
2398 4813 2452 4867 in
2505 4813 2722 4867 abbatia
2770 4812 3107 4868 Murbacensi
3152 4831 3433 4870 successor
3476 4825 3534 4870 et
3569 4817 3740 4872 titulo

2131 4883 2367 4954 episcopi
2405 4883 2460 4939 in
2489 4882 2691 4954 chartis
2730 4882 2970 4950 ejusdem
3000 4885 3226 4939 abbatize
3261 4902 3349 4939 an.
3381 4885 3482 4941 760
3506 4895 3573 4940 et
3605 4886 3738 4952 761,

2132 4969 2284 5008 more
2308 4964 2436 5008 tunc
2479 4953 2682 5008 usitato
2719 4953 3024 5011 insignitus.
3061 4954 3206 5010 Obiit
3244 4954 3615 5011 Baldebertus
3643 4975 3732 5011 an.

2134 5023 2258 5087 762,
2287 5032 2348 5077 ut
2371 5031 2638 5078 testantur
2671 5023 2910 5078 Annales
2937 5023 3292 5081 Nazarienses
3331 5025 3485 5094 cujus
3526 5037 3748 5082 auctor

2133 5095 2548 5169 ﬂiitmonachus
2576 5095 3135 5169 anonymus_abbati;e
3159 5096 3557 5169 lil‘urbacensis,
3585 5100 3742 5169 apud

2132 5163 2452 5238 Freheruin,
2468 5164 2554 5238 _in
2595 5163 2823 5238 corpore
2855 5165 3130 5238 Erancicae
3175 5165 3453 5238 llistorize_
3477 5163 3738 5238 veteris,

2131 5250 2254 5307 pag.
2297 5232 3233 5307 886;Tertius'fuitjh'alabertus,
3285 5253 3381 5293 seu
3425 5236 3743 5293 Baldnber—

2133 5303 2238 5369 tus,
2263 5305 2361 5377 qui
2376 5303 2552 5361 Wallo
2587 5305 2700 5377 sive
2728 5303 2975 5362 Wallano
3002 5307 3053 5360 in
3083 5309 3393 5377 episcopatu
3419 5307 3742 5364 Basileensi

2132 5376 2410 5438 successit.
2450 5384 2506 5430 et
2547 5376 2638 5445 qui
2677 5390 2961 5445 perperam
2986 5376 3333 5432 confunditur
3368 5394 3492 5438 cum
3529 5377 3746 5436 Baldo-

2131 5447 2286 5501 berto
2314 5445 3065 5519 Murbacensi._Walabertus
3107 5449 3462 5519 Basileensis,
3499 5451 3608 5518 qui
3641 5465 3743 5506 no-

2132 5527 2300 5574 stram
2341 5516 2586 5587 chartam
2624 5517 2969 5587 subscripsit,
3000 5515 3115 5585 jam
3153 5533 3293 5576 anno
3329 5515 3441 5576 748⁷
3474 5515 3742 5576 sébscri-

2129 5595 2314 5657 pserat
2364 5586 2568 5641 charta;
2623 5581 2916 5653 Heddonis,
2955 5581 3022 5644 rei
3060 5605 3204 5646 anno
3239 5588 3342 5646 765
3391 5588 3744 5648 interfuerat

2129 5656 2356 5714 Concilio
2385 5656 2760 5712 Attiniacensi.
