3958 6198
449 330 557 384 735

1726 335 1786 386 8.
1824 332 2125 387 JOANNIS
2161 333 2580 388 DAMABCBNI
3705 337 3798 392 736

447 469 754 507 remanere
788 450 1004 506 volenti
1030 456 1289 522 potestas
1321 452 1383 506 in
1415 458 1692 524 promptu
1716 459 1825 522 est,
1851 459 1909 508 et
1929 454 2071 509 abin

2205 453 2305 524 ειν.
2342 453 2437 507 Σοὶ
2498 453 2588 507 καὶ
2646 452 2823 527 μένειν
2880 451 3114 527 θελούσῃ
3172 452 3235 507 τὸ
3292 449 3547 516 δύνασθαι
3595 453 3799 527 πάρεστι,

448 541 707 612 cupienti
741 540 891 594 nihil
925 541 1351 612 impedimento
1385 547 1492 596 est.
1545 544 1645 597 Sin
1677 543 1875 606 abeas,
1927 560 1958 596 ο
1992 542 2093 597 Dei

446 629 917 699 tabernaculum,
940 647 1059 685 una
1072 648 1307 701 quoque
1330 631 1521 694 nobis,
1548 633 1648 702 qui
1672 638 1809 687 tuus
1831 632 1904 686 ob
1928 637 2096 686 tuum

449 719 657 773 Filium
692 718 946 789 populus
975 735 1200 784 sumus,
1235 719 1397 773 abire
1430 719 1623 775 liceat.
1648 722 1731 774 Tu
1764 721 1890 775 sola
1920 720 2094 774 nobis

449 808 511 862 in
539 813 694 862 terra
718 807 1046 861 consolatio
1073 808 1281 862 relicta
1310 824 1372 862 es
1396 825 1409 862 :
1444 815 1503 863 et
1548 814 1601 863 te
1631 809 1881 876 vivente,
1916 808 2095 863 simul

449 897 637 952 vivere
659 915 681 960 ;
711 902 768 951 et
801 896 1116 963 moriente,
1148 897 1299 951 mori
1332 896 1571 953 beatum
1603 903 1711 953 est.
1757 897 1903 963 Quid
1934 914 2092 964 vero,

448 985 762 1052 moriente,
795 985 1047 1039 dicimus
1069 985 1096 1039 ‘I
1119 985 1223 1039 tibi
1244 1002 1500 1055 namque
1524 1003 1684 1040 mors
1705 986 1820 1039 vita
1841 989 1948 1052 est,
1974 985 2092 1039 imo

446 1073 563 1128 vita
594 1074 990 1144 praestantior,
1025 1074 1295 1146 hancque
1326 1076 1507 1129 vitam
1551 1074 2095 1146 incomparabiliter

445 1163 811 1217 antecellens
838 1181 850 1217 :
885 1164 1056 1217 nobis
1086 1181 1219 1218 vero
1244 1165 1359 1220 vita
1380 1165 1576 1219 omnis
1598 1181 1805 1235 expers
1829 1164 1958 1218 vita:
1980 1168 2091 1233 est,

445 1253 873 1308 consuetudine
904 1259 1005 1309 tua
1035 1253 1352 1309 destitutis.

516 1436 566 1486 9.
603 1432 905 1486 Similibus
936 1432 1127 1486 verbis
1149 1433 1413 1503 Apostoli
1438 1432 1616 1486 simul
1639 1447 1773 1486 cum
1794 1429 2087 1485 universae

444 1521 720 1575 Ecclesiae
753 1522 985 1592 agmine
1015 1520 1247 1575 beatam
1272 1521 1567 1592 Virginem
1602 1520 1745 1573 mihi
1786 1524 1909 1573 tum
1940 1517 2090 1572 allo-

445 1608 563 1662 cuti
597 1625 726 1663 esse
774 1610 1067 1663 videntur.
1100 1610 1207 1663 Ubi
1238 1626 1371 1663 vero
1404 1625 1538 1663 eum
1590 1608 1664 1663 ad
1694 1624 2003 1664 excessum
2055 1622 2085 1661 e

440 1697 556 1751 vita
574 1699 1267 1769 properanten1.ejusque
1285 1699 1607 1768 cupiditate
1622 1698 1967 1769 ﬂagrantem
1983 1695 2084 1750 Dei

443 1786 795 1840 Genitricem
829 1792 1286 1858 conspexerunt,
1312 1792 1437 1842 tum
1454 1786 1713 1857 denique
1736 1786 1809 1841 ad
1832 1787 2084 1855 hymnos

440 1876 515 1931 ad
547 1878 769 1931 exitum
802 1878 1167 1949 pertinentes
1199 1894 1328 1932 sese
1360 1882 1722 1943 convertere,
1773 1876 2087 1945 divinaque

443 1967 709 2021 instincti
731 1968 937 2038 gratia,
957 1984 1024 2021 os
1046 1983 1217 2022 suum
1242 1968 1473 2038 spiritui
1493 1966 1889 2033 commodare,
1914 1970 1972 2019 et
1992 1981 2093 2019 ex-

442 2064 533 2112 tra
545 2074 784 2111 carnem
799 2057 1122 2127 abrepti,ac
1144 2074 1279 2111 cum
1299 2056 1619 2112 excedente
1638 2057 1888 2127 Deipara
1911 2054 2090 2110 simul

443 2148 727 2202 excedere
753 2165 766 2214 ;
786 2148 867 2201 ita
884 2152 949 2200 ut
963 2146 1280 2201 voluntatis
1301 2152 1515 2201 conatu
1534 2147 1692 2217 quod
1712 2146 1787 2201 ad
1810 2147 1939 2217 ejus
1962 2145 2090 2200 ﬁeri

441 2240 692 2307 poterat,
727 2241 861 2289 ante
893 2240 1143 2289 mortem
1196 2235 1309 2305 ipsi
1361 2234 1737 2290 excederent.
1770 2237 2090 2303 Postquam

442 2330 640 2377 autem
665 2323 974 2393 cupiditati
999 2323 1177 2377 simul
1199 2324 1513 2394 officioque
1533 2341 1638 2379 suo
1654 2323 2086 2391 satisfecerunt,

443 2411 835 2481 ﬂoridamque
869 2418 926 2466 et
954 2412 1350 2483 multiplicem
1382 2429 1687 2468 sacrorum
1732 2413 2088 2483 hymnorum

442 2500 728 2556 corollam
743 2501 1564 2567 texuerunt,benedictionem
1575 2502 1735 2558 velut
1747 2503 2089 2556 thesaurum

443 2590 763 2661 quemdam
779 2590 1060 2645 divinitus
1072 2591 1273 2646 datum
1287 2608 1348 2646 re
1358 2592 1948 2664 tulerunt,postrema
1961 2607 2092 2645 ver—

443 2680 518 2734 ba
547 2679 915 2750 proferentes
946 2696 1077 2749 qum
1110 2680 1395 2735 discessui
1438 2698 1468 2735 e
1520 2682 1636 2737 vita
1683 2680 2090 2735 convenirent.

443 2770 546 2823 His
576 2784 773 2839 porro,
825 2775 1111 2839 quantum
1142 2770 1416 2842 conjicio,
1451 2776 1576 2826 tum
1603 2771 1916 2842 prmsentis
1964 2769 2093 2823 vita:

440 2858 597 2914 ﬂuxa
609 2857 895 2929 fragilitas
908 2858 1350 2927 enuntiabatur,
1368 2865 1492 2914 tum
1507 2860 1738 2915 occulta
1749 2860 2087 2914 futurorum

438 2946 731 3001 bonorum
765 2948 1047 3018 mysteria
1076 2948 1138 3002 in
1170 2954 1440 3019 apertum
1474 2948 1894 3005 efferebantur.

512 3042 597 3105 10,
631 3040 757 3093 Mox
780 3046 1183 3095 consentanea
1214 3039 1486 3111 qumdam
1520 3040 1649 3095 istis
1671 3046 1732 3095 et
1760 3054 2091 3111 congruen-

439 3128 519 3182 tia
566 3128 883 3200 contigisse
933 3129 1164 3199 opinor.
1212 3130 1504 3184 Nimirum
1552 3131 1724 3200 Regis
1776 3130 1964 3201 ipsius
2013 3128 2087 3185 ad

2204 540 2293 595 καὶ
2340 541 2583 614 ἀπαίρειν
2630 540 3057 615 προθυμουμένῃ
3090 538 3248 595 οὐδὲν
3278 537 3558 612 ἐμπόδιον.
3589 540 3645 594 Ei
3670 541 3798 596 ἀπαί-

2207 649 2341 704 ρεις,
2372 632 2407 699 ἡ
2456 634 2554 686 τοῦ
2612 634 2747 686 Θεοῦ
2801 631 2999 699 σκηνὴ,
3048 628 3138 685 καὶ
3197 632 3359 701 ἡμεῖς
3407 629 3798 703 συναπαίροιμεν,

2205 719 2232 773 ὁ
2257 719 2347 780 σὸς
2381 718 2513 783 λαὸς
2541 717 2631 775 διὰ
2657 720 2750 774 τὸν
2784 719 2874 773 σὸν
2920 720 3042 775 Υἱὸν
3072 717 3534 794 χρηματίσαντες.
3569 725 3631 772 Σε
3657 721 3790 790 μόνην

2203 805 2290 862 ἐπὶ
2339 814 2444 883 γῆς
2503 806 3016 882 καταλελειμμένην
3073 809 3209 880 ἡμῖν
3264 805 3595 882 παρηγορίαν
3643 815 3799 879 κεκτή-

2207 908 2362 969 μεθα.
2404 897 2501 951 Σοὶ
2533 897 2621 952 καὶ
2665 897 2809 971 ζώσῃ
2864 900 3054 971 συζῇν,
3105 897 3197 951 καὶ
3256 894 3560 970 θνῃσκοόση
3614 900 3797 967 συνθνῄ-

2201 1007 2345 1041 σκειν
2405 988 2693 1060 μακάριον.
2726 987 2789 1042 Τί
2842 984 2900 1042 δὲ
2952 985 3262 1061 θνησκοόσῃ
3321 986 3547 1064 φαμένς
3597 984 3681 1039 Σοὶ
3727 988 3796 1058 μὶν

2198 1079 2299 1153 γὰρ
2334 1079 2369 1146 ἡ
2415 1079 2527 1147 ζωὴ
2560 1077 2649 1132 καὶ
2682 1078 2709 1132 6
2768 1077 3017 1142 Θάνατος,
3073 1077 3165 1131 καὶ
3226 1078 3339 1145 ζωὴ
3401 1080 3514 1148 (43)
3566 1075 3794 1149 κρείττων,

2199 1165 2288 1221 καὶ
2346 1164 2550 1236 ταύτην
2605 1167 2704 1235 τὴν
2784 1166 2930 1235 ζωὴν
3008 1160 3427 1240 ἀπαραὸλήτοις
3513 1166 3792 1240 συγκρίσεων

2201 1255 2583 1329 ὑπεραίρουσα·
2636 1255 2773 1327 ἡμῖν
2831 1251 2890 1309 δὲ
2938 1258 3056 1318 πῶς
3105 1254 3132 1308 6
3184 1253 3299 1328 βίος
3356 1248 3613 1323 ἀϐίωτος,
3654 1254 3703 1307 σὶ
3740 1256 3794 1325 μὴ

2197 1364 2360 1413 κεκτη
2371 1343 2554 1413 μένοις
2580 1341 2878 1415 συνόμιλον
2913 1362 2927 1411 ;

2270 1433 2331 1496 θ’.
2364 1436 2598 1487 Τοιαῦτα
2642 1433 2774 1487 ἇττά
2833 1452 2927 1505 μοι
2987 1429 3140 1486 δοκεῖ
3182 1430 3312 1493 τοὺς
3364 1429 3689 1492 ἀποστόλους
3730 1433 3795 1485 σὺν

2196 1522 2351 1577 παντὶ
2403 1527 2484 1593 τῷ
2534 1528 2637 1590 τῆς
2708 1518 3036 1591 Ἐκκλησίας
3094 1518 3432 1596 πληρώματι
3484 1523 3552 1593 τῇ
3608 1518 3798 1594 μαγαρῆ

2194 1610 2449 1684 Παρθένῳ
2505 1612 2975 1685 προσφθέγγεσθαι
3009 1653 3024 1668 .
3076 1610 3236 1666 Ἀλλ’
3299 1607 3489 1679 ἐπειδὴ
3557 1610 3680 1683 πρὸς
3724 1611 3795 1676 τὴν

2193 1697 2443 1756 ἐκϐίωσιν
2477 1698 2834 1767 σπεύδουσαν,
2865 1699 3119 1771 κᾶκείνης
3150 1700 3478 1778 ἐφιερμένην
3531 1701 3697 1775 ἑώρων
3721 1700 3795 1768 τὴν

2194 1791 2543 1865 θεομήτορα,
2590 1791 2728 1866 πρὸς
2779 1790 2983 1863 ὕμνους
3034 1787 3338 1863 έκδημίους
3406 1788 3676 1864 ἐτρέποντο
3719 1796 3795 1857 τῆς

2197 1880 2339 1942 θείας
2393 1878 2799 1956 ἐμφορούμενοι
2877 1881 3107 1955 χάριτος
3138 1927 3153 1950 ,
3207 1880 3298 1934 καὶ
3376 1877 3458 1952 τῷ
3508 1879 3713 1951 στόματι
3738 1900 3797 1931 κι-

2198 1972 2439 2044 χρῶντες
2468 1974 2549 2041 τῷ
2597 1968 2890 2041 Πνεύματι,
2945 1969 3035 2023 κάὶ
3093 1970 3291 2043 σαρκὸς
3339 1967 3687 2041 ἐξιστάμενοι,
3725 1969 3793 2022 καὶ

2196 2055 2551 2130 συνεκδημεῖν
2603 2055 2915 2131 έκδημούσῃ
2945 2061 3041 2113 τοῦ
3086 2062 3220 2112 Θεοῦ
3275 2060 3348 2131 τῇ
3408 2058 3590 2131 Μητρὶ
3618 2056 3793 2130 ἐφιέμε-

2196 2167 2303 2215 νοι,
2360 2147 2450 2200 καὶ
2503 2143 2985 2221 προεκδημοῦντες
3032 2146 3107 2208 ὡς
3148 2146 3263 2201 οἷόν
3318 2166 3383 2200 τε
3428 2146 3507 2218 τῷ
3549 2145 3678 2217 τόνῳ
3717 2152 3795 2214 τῆς

2194 2236 2585 2311 προαιρέσεως.
2620 2234 2769 2291 Ἐπεὶ
2802 2233 2859 2289 δὲ
2888 2236 3081 2296 πάντες
3110 2235 3224 2307 ἅμα
3272 2235 3372 2290 τὸν
3425 2236 3609 2303 πόθον,
3636 2235 3712 2288 καὶ
3751 2234 3797 2286 τὸ

2196 2326 2362 2400 χρέος
2399 2325 2817 2403 ἀφωσιώσαντο,
2845 2324 2936 2380 καὶ
2967 2324 3250 2395 πολυανθῆ
3275 2345 3333 2379 τε
3355 2325 3451 2379 καὶ
3469 2324 3700 2380 ποικίλον
3722 2323 3800 2395 ὕμ-

2195 2435 2300 2469 νων
2334 2415 2491 2486 ὶερῶν
2538 2413 2825 2487 ἐπλέξαντο
2878 2414 3159 2491 στέφανον,
3203 2415 3308 2483 τήν
3360 2413 3615 2488 εὐλογίαν
3657 2413 3801 2486 ὥσπερ

2192 2503 2313 2558 τινὰ
2345 2502 2625 2568 θεόσδοτον
2660 2503 2929 2579 θησαυρὸν
2966 2502 3309 2576 ἐκομίζοντο,
3358 2502 3603 2578 έξιτήριά
3646 2521 3697 2556 τε
3735 2500 3804 2555 καί

2192 2591 2477 2647 τελευταῖα
2506 2592 3017 2669 προσφθεγγόμενοι
3060 2592 3299 2666 ῥήματα.
3337 2589 3488 2649 Τάδε
3524 2592 3610 2661 ἦν,
3640 2591 3705 2651 ὡς
3732 2589 3805 2661 ἐμὲ

2194 2679 2388 2737 εἰδέναι
2418 2686 2515 2736 τοῦ
2544 2681 2811 2755 παρόντος
2862 2681 2984 2755 βίου
3038 2682 3101 2737 τὸ
3163 2680 3388 2755 ῥευστὸν
3447 2680 3539 2735 καὶ
3590 2681 3688 2751 (44)
3738 2677 3805 2732 εὖ-

2191 2772 2481 2847 πάροιστον
2518 2768 2939 2847 διαγγέλλοντα,
2970 2771 3061 2826 καὶ
3109 2775 3217 2825 τῶν
3278 2768 3603 2843 μελλόντων
3632 2770 3800 2845 ἀγαθῶν

2197 2863 2258 2918 τὰ
2286 2862 2631 2936 κεκρυμμένα
2666 2863 2940 2936 μυστήρια
2969 2860 3045 2924 εἷς
3074 2860 3391 2938 τούμφανὲς
3425 2857 3639 2937 ἄγοντα.

2265 3046 2316 3108 ι’,
2349 3039 2481 3097 Εἶτα
2508 3039 2723 3101 τούτοις
2766 3036 2982 3112 συνῳδᾶ
3033 3039 3119 3093 καὶ
3180 3037 3465 3102 ἀκόλουθᾶ
3517 3059 3630 3093 τινα
3680 3034 3800 3091 δοκεῖ

2191 3131 2508 3205 πεπρᾶχθαι
2538 3129 2601 3184 τὸ
2642 3125 2919 3199 τηνικάδε,
2966 3126 3041 3190 ὥς
3092 3148 3186 3201 μοι
3239 3124 3416 3185 δοκεῖ.
3468 3128 3529 3181 Ἥ
3559 3130 3648 3181 τοῦ
3678 3126 3800 3200 βασι-

436 3218 677 3271 Matrem
706 3234 873 3272 suam
903 3217 1207 3285 adventus,
1241 3225 1307 3273 ut
1336 3218 1552 3274 divinis
1584 3220 1700 3273 tuis
1726 3236 1792 3274 ac
1823 3218 2071 3290 purissi-

2198 3200 2328 3279 λὲωξ
2382 3200 2518 3292 πρὸς
2567 3218 2667 3287 τήν
2720 3216 2918 3271 οἰκείαν
2970 3200 3301 3291 λοχεότριαν
3380 3214 3632 3285 ἔλευσις,
3679 3210 3803 3288 χερσὶ

436 3304 553 3359 mis
594 3306 888 3373 manibus,
934 3313 1200 3363 sanctam
1250 3308 1782 3379 intaminatamque
1828 3313 1886 3362 et
1932 3308 2083 3363 labis

437 3400 739 3464 expertem
773 3396 901 3466 ejus
934 3397 1191 3451 animam
1226 3397 1571 3468 susciperet.
1593 3399 1783 3468 Atque
1806 3398 1933 3469 ipsa
1955 3397 2081 3468 qui~

441 3484 599 3552 dem,
635 3492 699 3541 ut
729 3503 763 3541 a
788 3503 922 3541 vero
954 3504 1073 3541 non
1109 3488 1409 3557 abhorret,
1442 3488 1623 3543 dixit:
1675 3511 1703 3539 «
1758 3490 1824 3543 In
1874 3505 2085 3543 manus

439 3580 592 3638 tuas,
623 3575 753 3642 Fili,
786 3577 1141 3632 commendo
1165 3578 1439 3649 spiritum
1465 3595 1685 3633 meum.
1716 3579 1930 3650 Accipe
1949 3594 2083 3650 ergo

437 3663 677 3718 charam
709 3664 815 3718 tibi
847 3666 1131 3735 animam,
1158 3684 1336 3737 quam
1358 3667 1686 3722 immunem
1709 3684 1743 3723 a
1762 3668 1937 3739 culpa
1965 3684 2084 3722 ser-

434 3752 605 3808 vasti.
657 3753 806 3821 Tibi,
859 3770 927 3809 ac
976 3772 1097 3810 non
1140 3761 1312 3810 terra:
1364 3773 1578 3827 corpus
1626 3773 1828 3811 meum
1877 3757 2082 3811 trado:

434 3841 663 3897 salvum
694 3843 803 3897 hoc
837 3845 1089 3909 custodi,
1122 3846 1182 3899 in
1201 3862 1316 3915 quo
1349 3845 1623 3917 dignatus
1647 3846 2086 3913 esinhabitare,

441 3936 498 3985 et
514 3932 672 4002 quod
691 3934 991 3988 nascendo
1003 3934 1410 4005 incorruptum
1424 3936 2089 3992 conservasti.Transfer

440 4037 534 4075 me
566 4022 639 4076 ad
672 4027 748 4088 te,
781 4027 848 4076 ut
871 4022 971 4077 ubi
1005 4040 1067 4077 es
1097 4028 1179 4091 tu,
1211 4024 1501 4079 viscerum
1548 4041 1818 4079 meorum
1866 4026 2083 4097 proles,

437 4112 560 4168 illic
578 4131 813 4186 quoque
835 4114 938 4169 tibi
963 4115 1075 4170 sim
1099 4115 1659 4171 contubernalis.Ad
1688 4120 1743 4169 te
1768 4116 1927 4171 enim
1951 4134 2085 4188 pro-

437 4220 598 4274 pero,
632 4205 733 4275 qui
765 4204 840 4260 ad
875 4222 966 4261 me
999 4205 1147 4260 citra
1171 4205 1356 4260 ullam
1382 4206 1555 4277 spatii
1579 4205 1923 4261 distantiam
1947 4223 2086 4262 ven-

438 4291 643 4348 titasti.
678 4295 761 4347 Tu
792 4294 1160 4349 charissimis
1190 4295 1340 4350 meis
1369 4294 1529 4363 filiis,
1563 4312 1711 4365 quos
1763 4300 1825 4349 tu
1874 4294 2085 4350 fratres

440 4382 740 4452 appellare
772 4400 891 4438 non
910 4383 1213 4452 dubitasti,
1240 4385 1610 4455 migrationis
1633 4401 1778 4440 mem
1806 4385 2085 4440 solatium

440 4473 997 4528 esto.Permanuum
1011 4490 1277 4529 mearum
1291 4474 2087 4539 extensionem,benedictio-

2194 3307 2363 3371 θείαις
2400 3307 2488 3362 καὶ
2548 3308 2843 3381 ἀκηράτοις
2903 3303 3303 3378 ὑποδεξομένου
3355 3306 3459 3373 τήν
3515 3304 3651 3379 ἱερὰν
3702 3301 3804 3356 ταῦ-

2190 3417 2291 3465 της
2322 3397 2533 3470 ψυχήν,
2571 3395 2659 3449 καὶ
2694 3392 2966 3468 εἰλικρινῆ
2998 3414 3057 3449 τε
3103 3394 3190 3447 καὶ
3240 3391 3504 3466 ἄμωμον.
3558 3393 3652 3448 Καὶ
3697 3389 3800 3457 αὕτη

2198 3485 2291 3559 μὲν
2327 3486 2415 3539 οἷα
2447 3484 2590 3546 εἰκὸς
2622 3481 2836 3561 ἔφησεν·
2878 3509 2897 3534 ι
2936 3482 3029 3543 Εἷς
3060 3481 3251 3557 χεῖράς
3289 3503 3414 3549 σου,
3462 3484 3642 3536 τέκνον
3680 3478 3800 3551 ἐμὸν,

2191 3573 2255 3628 τὺ
2287 3573 2499 3647 πνεῦμά
2531 3595 2640 3645 μου
2671 3571 3034 3648 παρατίθημι.
3068 3572 3217 3643 Δέξαι
3258 3591 3365 3643 μου
3397 3573 3498 3639 τὴν
3550 3571 3628 3624 σοὶ
3666 3569 3799 3645 φίλην

2194 3664 2404 3738 ψυχὴν,
2436 3664 2500 3733 ἣν
2534 3662 2804 3737 ἰτήρησας
2854 3659 3162 3735 ἄμεμπτον.
3216 3660 3313 3714 Σοὶ
3360 3660 3425 3715 τὸ
3477 3660 3603 3732 ἐμὸν
3653 3661 3797 3728 σῶμα,

2193 3752 2283 3807 καὶ
2314 3753 2379 3807 οὐ
2416 3756 2485 3827 τῇ
2514 3755 2584 3828 γῇ
2616 3748 2988 3826 παραδίδωμι.
3023 3748 3271 3821 Φύλαξον
3326 3754 3494 3817 σῶον,
3528 3748 3556 3803 ὃ
3585 3750 3797 3812 κατοικῆ-

2195 3863 2281 3896 σαι
2326 3839 2642 3912 ηὖδόκησας
2676 3883 2692 3911 ,
2736 3840 2824 3895 καὶ
2868 3839 3151 3914 γεννηθεὶς
3200 3839 3477 3912 Παρθένον
3533 3835 3796 3911 ἐτήρησας.

2195 3930 2338 4003 Πρὸς
2395 3929 2491 4002 ἐμὲ
2546 3929 2904 4003 μετάστησον,
2960 3927 3030 3981 ἶν’
3088 3928 3225 3981 ὅπου
3280 3927 3330 3981 εἴ
3380 3926 3471 3995 σὺ,
3528 3929 3631 3980 τῶν
3682 3923 3796 3994 έμῶν

2193 4016 2496 4094 σπΛάγχων
2559 4019 2621 4073 τὸ
2670 4016 2880 4089 κύημα,
2941 4009 3134 4088 ἔσομαι
3194 4015 3343 4089 κάγώ
3398 4036 3487 4070 σοι
3544 4013 3794 4069 συνέστιος.

2196 4110 2337 4183 Πρός
2363 4129 2420 4162 σε
2449 4108 2553 4183 γὰρ
2600 4105 2890 4182 ἐπείγομαι
2919 4105 3011 4161 τὸν
3066 4106 3201 4179 πρὸς
3234 4104 3331 4178 ἐμὲ
3377 4103 3698 4163 ἆδιαστάτως
3722 4121 3797 4153 κα-

2193 4199 2614 4276 ταφοιτήσαντα.
2682 4195 2756 4250 Σὺ
2816 4201 2933 4257 τοῖς
2987 4193 3112 4267 ἐμοὶ
3162 4196 3567 4257 ποθεινοτάτοις
3604 4192 3795 4251 τέκνοις,

2196 4287 2288 4348 οὓς
2319 4284 2588 4360 ἀδελφούς
2617 4284 2845 4341 καλέσαι
2890 4281 3225 4354 ηὐδόκησας,
3256 4284 3357 4351 τῆς
3399 4281 3539 4356 έμῆς
3571 4278 3795 4350 ἐκδημίας

2192 4380 2349 4450 γενοῦ
2379 4377 2741 4450 παραμύθιον.
2804 4373 3039 4449 Πρὸσθες
3077 4371 3331 4447 ςῦλογίαν
3384 4371 3472 4427 ἐπὶ
3523 4374 3617 4440 τήν
3665 4366 3795 4424 εὐλο-

2191 4466 2307 4541 γίαν
2339 4466 2511 4522 αὐτῶν
2546 4463 2635 4521 διὰ
2670 4472 2768 4534 τῆς
2823 4469 2930 4519 τῶν
2990 4467 3148 4538 ἡμῶν
3199 4467 3403 4538 χειρῶν
3464 4462 3791 4519 ἐπιθέσεως.»

439 4578 576 4616 nem
609 4578 815 4617 eorum
846 4563 1010 4618 novis
1039 4563 1553 4619 benedictionibus
1597 4565 1853 4620 cumula.
1882 4586 1909 4614 »
1940 4566 2071 4618 Tum

2198 4558 2319 4613 Εἶτα
2372 4558 2468 4619 τὰς
2514 4561 2705 4631 χεῖρας
2761 4553 2999 4628 ἐπάρασα
3034 4597 3048 4623 ,
3107 4552 3192 4606 οἷα
3251 4552 3419 4621 εῗκὸς,
3475 4551 3598 4612 τοὺς
3651 4568 3788 4602 συνει·

439 4648 712 4716 sublatis,
744 4656 809 4705 ut
840 4649 1079 4705 credere
1112 4650 1271 4717 licet,
1305 4651 1605 4718 manibus,
1657 4651 1935 4705 omnibus
1984 4650 2086 4722 qui

434 4738 669 4794 collecti
700 4739 969 4805 aderant,
1002 4738 1152 4793 bene
1175 4744 1415 4809 peccata
1436 4744 1541 4793 est.
1573 4741 1705 4794 Haec
1731 4740 1928 4794 locuta
1950 4756 2083 4795 cum

434 4828 992 4899 esset,vicissimque
1007 4828 1498 4895 audiisset,«Veni
1511 4828 1571 4881 in
1586 4829 1854 4899 requiem
1868 4845 2058 4884 meam
2070 4866 2084 4892 ,

432 4916 748 4973 benedicta
771 4919 954 4972 Mater
974 4932 1107 4971 mea
1131 4932 1142 4971 :
1171 4931 1365 4987 surge,
1394 4915 1547 4979 veni,
1564 4916 1755 4971 amica
1770 4932 1924 4983 mea,
1948 4916 2085 4987 pul-

431 5007 730 5061 cherrima
746 5006 1082 5061 mulierum.
1101 5006 1247 5059 Ecce
1273 5004 1432 5058 enim
1445 5003 1907 5071 hiemstransiit,
1936 5010 2087 5059 tem-

431 5112 541 5166 pus
571 5096 894 5166 putationis
925 5095 1164 5150 advenit
1190 5094 1234 5129 ⁸³
1265 5110 1277 5147 :
1313 5099 1433 5148 tota
1462 5093 1713 5165 pulchra
1762 5110 1846 5161 es,
1895 5093 2087 5149 amica

430 5199 582 5246 mea,
614 5190 674 5238 et
705 5186 937 5241 macula
966 5202 1087 5240 non
1117 5189 1207 5240 est
1236 5184 1297 5237 in
1331 5189 1384 5237 te
1415 5184 1497 5237 ’δε
1542 5183 1689 5238 odor
1742 5189 2083 5256 unguento-

432 5287 563 5325 rum
588 5277 824 5327 tuorum
852 5290 1029 5345 super
1059 5273 1262 5329 omnia
1291 5277 1555 5328 aromata
1580 5272 1624 5306 ⁸⁸
1648 5291 1661 5329 :
1701 5296 1721 5321 ι·
1760 5273 1851 5327 his
1882 5276 2086 5327 sancta

433 5358 536 5413 illa
557 5359 795 5428 auditis,
822 5362 1096 5431 spiritum
1121 5378 1295 5417 suum
1323 5362 1384 5416 in
1399 5362 1505 5416 Flii
1522 5361 1799 5417 manibus
1814 5360 2078 5433 deponit.

502 5505 548 5542 ⁸³
577 5508 743 5565 Cant.
775 5524 835 5576 ιι,
873 5510 958 5577 10,
994 5513 1079 5567 ll.
1155 5510 1201 5546 "
1229 5510 1395 5565 Cant.
1427 5526 1505 5580 ιν,
1540 5515 1593 5568 ’7.
1669 5510 1887 5567 m‘ibid.
1924 5511 2008 5566 10.

499 5667 615 5741 (43)
642 5666 836 5723 Germ.
872 5665 1040 5735 ζωῆς.

2194 4642 2495 4720 λεγμένους
2529 4644 2819 4719 εὐΑόγησε,
2859 4646 3084 4697 τοιαῦτα
3114 4642 3569 4717 προσομιλήσασα
3612 4638 3670 4692 τὰ

2198 4756 2363 4808 ματα,
2404 4736 2516 4789 καί*
2564 4758 2592 4785 ‹‹
2626 4737 2817 4807 Δεῦρο,
2849 4734 2885 4802 ἡ
2935 4730 3282 4806 εὐλογημένη
3334 4752 3437 4803 μου
3487 4731 3693 4800 Μήτηρ,
3734 4722 3793 4781 είς

2191 4827 2289 4894 τήν
2351 4825 2643 4881 ἀνάπαυσίν
2705 4844 2840 4897 μου,
2896 4822 3204 4877 ἀκούσασα.
3267 4821 3540 4885 ’Δνάστα,
3598 4815 3788 4884 ἔλθε,ἡ

2194 4913 2426 4984 πλησίον
2474 4934 2601 4987 μου,
2633 4915 2668 4982 ἡ
2701 4911 2844 4981 καλὴ
2880 4910 2932 4966 ἒν
2962 4911 3225 4988 γυναιξὶΑ,
3274 4909 3357 4964 ὅτι
3407 4907 3523 4964 ἰδοὺ
3554 4910 3581 4963 6
3610 4902 3790 4982 χειμὼν

2193 5002 2470 5079 παρῆλθεν
2502 5047 2519 5075 ,
2580 5003 2607 5058 6
2663 5001 2852 5077 καιρὸς
2905 5007 3007 5070 τῆς
3061 5007 3241 5072 τομῆς
3301 4997 3491 5077 ἔφθασε
3524 5042 3535 5051 .
3592 4992 3788 5061 Καλήἡ

2191 5091 2427 5163 πλησίον
2462 5113 2589 5165 μου,
2620 5090 2710 5145 καὶ
2760 5094 2955 5163 μῶμος
3013 5088 3111 5144 οὐκ
3170 5087 3310 5142 ἔστιν
3371 5088 3420 5142 ἐν
3479 5087 3583 5140 σοί.
3639 5081 3787 5152 Ὀσμή

2195 5180 2381 5253 μόρων
2441 5202 2538 5235 σου
2596 5179 2729 5253 ὑπὲρ
2788 5179 2963 5233 πάντα
3008 5178 3076 5233 τὰ
3133 5177 3472 5251 ἀρώματα.»
3522 5168 3786 5231 Τούτωνῆ

2190 5269 2312 5344 ἁγία
2345 5269 2631 5337 ὶκούσασα,
2664 5270 2725 5323 τὸ
2755 5271 2970 5341 πνεῦμα
2999 5272 3115 5329 ταῖς
3150 5265 3305 5341 χερσὶ
3335 5269 3429 5321 τοῦ
3473 5264 3599 5317 Υίοῦ
3646 5278 3787 5332 παραυ

2187 5358 2413 5422 τίθεται.

2259 5669 2392 5742 (ﬂ).
2426 5669 2493 5725 Β.
2525 5667 2711 5725 deest.
2746 5665 2965 5745 ῥιυστὸν
2996 5664 3108 5723 καί.
