3926 6200
164 367 249 422 737

165 580 337 648 κίνησις
362 578 440 631 καὶ
474 574 791 642 ἀλλοίωσις,
822 575 996 652 ιρωναί
1046 597 1105 630 τε
1134 575 1317 649 ψόροι,
1350 578 1440 631 καὶ
1493 574 1748 650 πάταγοι,

168 668 237 722 καί
286 663 513 740 ἀγγέλων
568 664 724 736 ὕμνοι
783 663 1019 737 ἐπάξιοι,
1079 665 1497 740 προτρεχόντων
1536 709 1549 734 ,
1608 685 1745 735 συμ-

162 753 567 831 προπεμπόντων,
597 754 1014 829 παρεπομένων
1058 758 1166 808 τῶν
1209 755 1303 828 μὶν
1342 759 1411 829 τῇ
1457 754 1749 827 ἀμωμήτῳ

164 846 233 901 καὶ
257 842 468 918 παναγίᾳ
513 846 664 916 ψυχῇ
712 843 812 910 τήν
866 838 1193 920 δορυφορίαν
1243 841 1628 918 πληρούντων,
1659 842 1749 896 καὶ

162 935 268 1009 πρὸς
314 932 526 1005 οὐρανὸν
584 930 805 1004 ἀνιούσῃ
889 932 1247 986 συνανιόντων
1284 977 1301 1004 ,
1374 928 1479 994 ἕως
1538 931 1627 986 ὅτε
1671 935 1751 1001 τῷ

165 1024 305 1095 θρόνῳ
329 1027 401 1093 τῷ
459 1019 725 1093 βασιλικῷ
782 1022 883 1090 τήν
943 1018 1201 1095 βασιλίδα
1242 1022 1583 1095 παρέστησαν
1640 1024 1749 1074 τῶν

162 1112 221 1183 δὶ,
243 1114 295 1167 τὸ
315 1116 445 1175 θεῖον
473 1111 561 1164 καὶ
615 1111 760 1184 ἱερὸν
817 1109 1165 1165 κυκλούντων
1196 1116 1377 1185 σῶμα,
1435 1111 1526 1165 καὶ
1584 1107 1750 1182 ᾠδαῖς

158 1200 562 1276 ἆγγελοπρεπέσιν
614 1199 928 1273 ὑμνούντων
964 1202 1064 1269 τὴν
1124 1202 1465 1277 Θεομήτορα.
1511 1199 1580 1258 Τί
1614 1198 1669 1254 δὲ
1702 1200 1754 1253 οὶ

157 1296 445 1363 παρεστῶτες
498 1287 577 1361 τῷ
656 1289 901 1366 παναγίῳ
986 1290 1075 1344 καὶ
1128 1292 1409 1366 ῖερωτατῳ
1491 1291 1751 1363 σώματι;

163 1377 294 1452 Φόϐῳ
318 1400 371 1434 τε
396 1380 481 1434 καὶ
512 1379 693 1451 πόθῳ,
728 1380 814 1433 καὶ
850 1377 1232 1453 ἁγαλλίασεως
1264 1378 1487 1455 δάκρυσι
1518 1380 1581 1433 τὸ
1611 1382 1752 1433 θεῖον

159 1464 520 1525 καὶπανόλϐιον
567 1469 1071 1543 περιστοιχίσαντες
1116 1470 1403 1542 σκήνωμα,
1438 1468 1757 1543 περιεπτύσ-

162 1579 328 1631 σοντο,
379 1560 791 1628 κατησπάζοντο
844 1558 980 1613 ἅπαν
1070 1556 1239 1631 μέλος
1271 1602 1284 1627 ,
1346 1560 1621 1634 προσῆγον
1680 1562 1759 1629 τῷ

162 1650 355 1720 σώματι,
386 1647 442 1702 ἐκ
468 1653 569 1716 τῆς
602 1649 744 1724 ἁφῆς
786 1648 1053 1721 ἀγιασμοῦ
1081 1668 1139 1702 τε
1193 1646 1283 1701 καὶ
1315 1646 1571 1722 εὐλογίας
1602 1646 1758 1717 πλη-

160 1736 390 1810 ρούμενοι,
420 1737 554 1791 Τότε
602 1733 669 1805 δὴ
724 1736 872 1790 νόσοι
934 1736 1029 1808 μὲν
1070 1735 1449 1811 ἐδραπέτευον,
1484 1731 1760 1808 δαιμόνων

1014 365 1319 420 ΗΟΠΙΜΔ
1354 368 1405 420 II
1444 367 1518 420 IN
1557 362 2069 419 DOBMITIONEM
2104 366 2168 419 B.
2208 366 2277 418 V.
2318 366 2589 420 MABIE.

222 489 292 545 ια’.
323 488 416 544 Καὶ
442 486 493 541 τί
517 487 713 562 γίνεται
748 502 762 553 ;
809 486 1133 561 Στοιχείων,
1194 485 1267 549 ὥς
1321 486 1383 562 γέ
1444 508 1540 561 μοι
1574 483 1746 551 δοκεῖ,
1780 489 1831 554 Α

3393 376 3499 431 738

1935 489 2019 541 11.
2049 487 2197 552 Quid
2237 504 2371 543 vero
2424 488 2690 544 accidit?
2736 490 3201 561 Elementorum,
3253 501 3318 550 ut
3346 516 3506 573 reor,

1854 577 2165 631 commotio
2199 583 2257 631 et
2307 578 2664 647 immutatio,
2698 597 2985 651 vocesque
3040 587 3098 636 et
3146 585 3297 650 soni,
3334 586 3510 657 digna

1856 666 2203 737 angelorum
2218 666 2469 729 cantica,
2487 668 2584 737 qui
2603 668 2816 738 partim
2832 676 3505 743 praacurrerent,partim

1855 754 2523 825 comitarentur,partim
2539 759 3047 813 assectarentur.8
3060 761 3150 816 75
3178 762 3247 814 Et
3264 761 3504 831 quidem

1856 843 1957 897 alii
1982 844 2210 914 exipsis
2244 844 2641 899 immaculata:
2675 847 3139 903 etsanctissimaa
3174 851 3389 905 animae
3421 869 3508 906 sa-

1856 932 2048 987 telltio
2082 939 2270 1000 erant,
2314 939 2373 987 et
2428 934 2487 988 iu
2514 935 2724 989 caelum
2758 936 3144 992 scandentem
3179 940 3503 1012 stipabant,

1858 1039 2167 1092 quousque
2199 1024 2351 1095 regis
2385 1024 2533 1079 solio
2558 1026 2821 1097 reginam
2841 1026 3119 1083 sisterent
3144 1047 3156 1083 :
3177 1031 3275 1085 alii
3301 1050 3507 1090 rursus

1859 1110 2121 1166 divinum
2173 1118 2230 1166 et
2282 1130 2516 1167 sacrum
2542 1131 2756 1185 corpus
2779 1115 3111 1188 cingebant,
3137 1120 3497 1194 hymnisque

1857 1201 2201 1272 angelorum
2218 1203 2472 1273 propriis
2486 1204 2583 1258 Dei
2602 1210 2908 1274 parentem
2932 1207 3328 1264 celebrabant.
3347 1211 3503 1277 Quid

1861 1295 2059 1344 autem
2108 1291 2172 1355 ii,
2224 1292 2323 1361 qui
2364 1293 2740 1348 sanctissimo
2793 1297 3232 1369 sacerrimoque
3279 1302 3509 1372 corpori

1861 1380 2181 1434 astabant?
2206 1398 2339 1435 cum
2374 1387 2649 1449 tremore,
2685 1384 3033 1456 ardentique
3074 1405 3295 1457 amore,
3325 1396 3384 1445 et
3412 1408 3514 1445 ex-

1863 1468 2201 1523 sultationis
2216 1469 2515 1541 lacrymis,
2534 1472 2800 1527 divinum
2817 1474 2965 1529 illud
2977 1476 3427 1550 felicissimumq
3438 1497 3509 1535 ue

1864 1558 2316 1613 tabernaculum
2337 1559 2399 1613 in
2436 1559 2641 1615 orbem
2667 1562 2970 1634 cingentes
3020 1566 3514 1637 amplexabantur

1866 1652 1924 1702 et
1953 1648 2470 1715 exosculabantur,
2496 1650 2848 1721 nullumque
2878 1669 2998 1707 non
3030 1656 3363 1710 membrum
3382 1675 3514 1712 cor-

1864 1737 1992 1808 pori
2006 1736 2484 1805 admoventes,ex
2501 1740 2629 1809 ejus
2643 1747 2917 1795 contactu
2936 1744 3248 1800 sanctitate
3265 1752 3322 1800 et
3342 1746 3517 1801 bene-

162 1825 291 1901 στίφη
347 1822 756 1901 ὲφυγαδεύοντο,
817 1826 1076 1888 πάντοθεν
1138 1823 1576 1897 συνελαυνόμενα
1627 1825 1762 1898 πρὸς

1949 1827 2130 1881 :tione
2157 1827 2685 1898 perfundebantur.
2722 1832 2865 1884 Tum
2895 1848 3029 1903 ergo
3081 1835 3269 1888 morbi
3319 1836 3516 1908 fugam

164 1916 270 1986 μόνα
318 1918 377 1969 τά
426 1916 786 1990 καταχθόνια·
850 1915 979 1988 ἀὴρ,
1038 1913 1227 1989 αἰθήρ,
1280 1935 1338 1969 τε
1385 1915 1475 1968 καὶ
1534 1914 1761 1989 οὐρανός

162 2004 402 2079 ἠγιάζοντο
458 2008 574 2078 (45)
628 2008 696 2076 τῇ
757 1998 1008 2058 ἀναϐάσει
1074 2008 1171 2059 τοῦ
1230 2002 1560 2076 πνεύματος,
1601 2011 1673 2078 γῆ
1708 2000 1765 2057 δὲ

159 2097 211 2164 τῇ
235 2094 487 2147 καταθέσει
539 2096 641 2146 τοῦ
700 2092 971 2164 σώματος.
1007 2089 1163 2147 Ἀλλ’
1207 2088 1333 2145 οὐδὲ
1361 2093 1395 2162 ἡ
1424 2096 1523 2146 τοῦ
1570 2088 1764 2152 ὕδατος

162 2182 285 2259 φύσις
335 2186 429 2251 τῆς
491 2180 754 2256 εὐλογιας
813 2182 1111 2256 ἡμοίρησε¹
1176 2180 1394 2236 λούεται
1451 2182 1551 2258 γὰρ
1610 2179 1763 2236 ὕδατι

157 2276 355 2346 καθαρῷ,
403 2274 499 2328 οὐκ
548 2273 721 2342 αὐτὴν
765 2273 1100 2346 καθαίροντι,
1150 2272 1496 2347 ἀγνιζομένῳ
1548 2275 1659 2345 (46)
1709 2269 1767 2327 δὶ

160 2361 374 2433 μάλιστα.
431 2366 697 2426 Ἐνταῦθα
754 2368 961 2438 κωφοῖς
1015 2363 1108 2435 μὲν
1140 2363 1175 2431 ἠ
1212 2361 1348 2432 ἀκοή
1411 2362 1766 2437 ἀπηρτίζετο,

159 2452 331 2526 χωλοῖς
358 2452 408 2507 αἱ
439 2456 546 2507 τῶν
596 2449 779 2506 ποδῶν
833 2452 1221 2525 κατηρτίζοντο
1283 2452 1485 2526 βάσεις,
1536 2450 1765 2529 τυφλοῖς

160 2538 204 2594 δέ
243 2540 586 2610 ἀνεκαινίζετο
636 2542 670 2611 ἠ
723 2539 932 2614 ὅρασις,
985 2541 1319 2614 ἀμαρτολοῖς
1375 2540 1547 2595 πίστει
1599 2560 1767 2615 προσ-

166 2633 273 2683 ιοῦσι
326 2632 667 2707 χειρόγραφα
724 2627 1127 2704 διερρήγνυντο,
1189 2631 1316 2686 Εἶτα
1369 2630 1465 2699 τίς
1522 2627 1770 2684 Σινοδόσι

160 2721 375 2793 καθαραῖς
426 2720 488 2774 τὸ
539 2718 777 2793 καθαρὸν
841 2716 1188 2773 ἐνειλίττεται
1249 2723 1429 2791 σῶμα,
1470 2718 1561 2773 καὶ
1610 2717 1773 2792 κλίνῃ

161 2807 337 2878 αὖθιςή
373 2807 594 2883 βασιλὶς
624 2806 940 2864 έπιτιθεται.
977 2809 1108 2863 Εἶτα
1137 2804 1421 2879 λαμπάδες
1464 2808 1554 2861 καὶ
1608 2809 1771 2881 μύρα,

162 2895 287 2967 ὕμνοι
316 2899 689 2974 προπόμττιοι,
738 2895 987 2971 ἀηγέλων
1025 2898 1119 2969 μὲν
1167 2902 1286 2958 ταῖς
1334 2896 1538 2958 οἰκείας
1594 2894 1777 2969 γλωτ-

163 3006 253 3049 ταις
284 2985 678 3060 μελῳδούντων
708 2986 875 3059 ίίμνον
917 2988 1006 3041 τὸν
1068 2985 1250 3048 αὐτοῖς
1295 2986 1777 3062 προσφορώτατον,

166 3075 443 3132 ἀποστόλων
494 3074 554 3131 δὶ
594 3074 684 3130 καὶ
743 3075 1018 3153 θεοφόρων
1077 3074 1328 3149 Πατέρων
1362 3072 1506 3148 ᾠδὰς
1537 3072 1775 3146 ᾀδόντων

163 3164 457 3239 θεοπρεπεῖς,
486 3164 588 3220 καὶ
618 3164 984 3239 κροτουμένας
1017 3167 1096 3236 τῷ
1127 3162 1419 3235 Πνεύματι.

218 3430 293 3504 ιβ’.
320 3431 450 3488 Τότε
481 3429 585 3501 δὴ,
614 3428 739 3485 τότε
767 3431 802 3499 ἡ
832 3424 1067 3490 κιϐωτὸς
1120 3434 1216 3484 τοῦ
1273 3430 1481 3504 Κυρίου
1527 3428 1777 3502 ἀπαρασα

164 3516 203 3585 ἐξ
227 3514 367 3592 ὅρους
416 3522 566 3574 Σιὼν
598 3524 715 3579 τοῖς
769 3522 877 3573 τῶν
934 3516 1255 3573 ἀποστόλων
1311 3519 1546 3579 κλεινοῖς
1602 3514 1779 3590 ὤμοις

162 3606 476 3685 ἐποχουμένη
532 3611 679 3685 πρὸς
712 3610 774 3665 τὸ
806 3609 1060 3683 οὐράνιον
1092 3608 1317 3682 τέμενος
1369 3606 1458 3663 διὰ
1492 3610 1659 3681 μέσου
1687 3612 1783 3662 τοῦ

164 3700 305 3775 τάφου
358 3696 759 3771 διαϐιϐάζεται.
836 3700 940 3754 Καὶ
999 3698 1264 3773 πρότερον
1316 3698 1411 3771 μὶν
1469 3696 1558 3752 διὰ
1618 3696 1782 3770 μέσου

164 3791 241 3840 τοῦ
290 3787 467 3852 ἄστεος
520 3788 713 3865 ἄγεται
750 3830 765 3854 ,
816 3788 904 3841 οἶά
948 3808 1030 3848 τις
1082 3786 1268 3864 νύμφη
1318 3785 1660 3862 περικαλλής
1714 3788 1784 3858 τῇ

166 3875 409 3951 ἀπροσίτῳ
429 3877 602 3954 αἶ’γλη
624 3878 830 3953 ὡραϊζο
841 3876 1001 3949 μένην
1023 3880 1120 3931 τοῦ
1145 3876 1477 3949 Πνεύματος,
1500 3874 1588 3930 καὶ
1613 3874 1786 3935 οὕτως

166 3963 226 4025 εἷς
250 3968 306 4020 τὸ
330 3968 627 4044 ἱερώτατον
678 3973 780 4035 τῆς
838 3966 1159 4038 Γεθσημανή
1215 3965 1423 4041 χωρίον
1482 3963 1785 4037 κομίζεται,

166 4054 370 4130 ἀγγέλων
422 4057 873 4133 προτρεχόντων,
907 4054 1322 4129 παρεπομένων,
1375 4053 1787 4129 συγκαλυπτόν-

164 4161 251 4195 των
273 4152 383 4208 ταῖς
434 4146 690 4221 πτέρυξι,
747 4144 835 4200 καὶ
896 4144 1096 4205 παντὸς
1152 4148 1248 4198 τοῦ
1307 4149 1405 4213 τῆς
1462 4141 1789 4212 Ἐκκλησίας

168 4228 541 4307 πληρώματος.
577 4233 681 4291 Καὶ
735 4232 917 4307 ὥσπερ
950 4234 977 4286 6
1014 4229 1266 4305 βασιλεὺς
1300 4230 1569 4303 Σολομὼν
1604 4229 1690 4284 ἐπὶ
1721 4230 1788 4302 τῇ

164 4322 464 4377 καταπαύσει
492 4329 597 4392 τῆς
647 4315 887 4375 κιϐωτοῦ
943 4318 993 4375 ἐν
1051 4324 1167 4391 ναῷ
1226 4322 1452 4396 Κυρίου,
1510 4318 1568 4373 ’ὀν
1627 4318 1788 4379 αὐτὸς

166 4402 386 4481 ἐδείματο
419 4458 435 4483 ,
491 4413 701 4472 πάντας
779 4409 907 4472 τοὺς
992 4404 1387 4483 πρεσϐυτέρους
1461 4406 1679 4482 Ἰσραήλ
1737 4406 1789 4461 ἒν

167 4496 289 4552 Σιὼν
334 4500 700 4572 ἡκκλησίασε,
752 4503 848 4555 τοῦ
907 4496 1175 4575 ἆννεγκεῖν
1224 4498 1322 4566 τὴν
1379 4491 1612 4552 κιϐωτὸν
1673 4494 1793 4551 δια-

1870 1916 2281 1986 capessebant,
2304 1917 2642 1972 daemonum
2668 1925 2913 1974 catervae
2947 1921 3341 1991 pellebantur,
3366 1931 3424 1978 et
3442 1924 3518 1980 ad

1868 2004 2285 2060 subterraneas
2334 2011 2504 2060 terrae
2555 2013 2752 2077 partes
2804 2009 3067 2078 undique
3108 2011 3514 2082 abigebantur.

1869 2094 2002 2157 Aer,
2039 2094 2223 2147 aether
2254 2110 2319 2148 ac
2352 2094 2565 2148 cmlum
2597 2095 2958 2150 ascendente
2990 2098 3201 2167 spiritu
3234 2102 3520 2156 sanctita-

1869 2186 1987 2235 tem
2007 2182 2457 2248 contrahebant,
2476 2183 2977 2253 quemadmodum
3001 2193 3058 2239 et
3080 2193 3235 2241 terra
3258 2191 3523 2260 corporis

1871 2269 2259 2341 depositione.
2293 2272 2443 2336 Quin
2478 2288 2553 2325 ne
2585 2289 2875 2343 aquarum
2909 2275 3149 2344 quidem
3172 2282 3387 2331 natura
3417 2277 3524 2332 be-

1870 2358 2209 2414 nedictione
2244 2376 2349 2414 sua
2379 2360 2588 2414 caruit.
2622 2361 2899 2415 Abluitur
2945 2364 3105 2418 enim
3155 2381 3310 2435 aqua
3360 2383 3527 2437 pura,

1870 2465 1991 2503 non
2005 2466 2135 2519 quas
2158 2449 2348 2520 ipsam
2370 2450 2702 2518 mundaret,
2724 2451 2825 2505 sed
2843 2469 2971 2521 qua:
2990 2454 3523 2524 potiusmundare-

1874 2540 2186 2607 tur.Atque
2207 2538 2345 2593 hinc
2365 2539 2562 2594 surdis
2583 2540 3080 2603 auditus,claudis
3101 2544 3318 2614 planta:
3346 2545 3528 2599 firmi-

1874 2636 1961 2681 tas
1990 2627 2546 2693 reddebatur,ca3cis
2575 2628 2733 2682 visus
2754 2630 3218 2698 instaurabatur,
3244 2640 3520 2703 peccato-

1876 2716 2041 2768 ribus
2072 2732 2208 2769 cum
2224 2715 2339 2768 fide
2372 2715 2788 2770 accedentibus
2807 2721 3155 2789 syngrapha:
3194 2721 3534 2777 laceraban-

1881 2809 1994 2857 tur.
2031 2802 2254 2856 Deinde
2286 2804 2449 2873 puris
2471 2804 2672 2858 linteis
2706 2822 2919 2875 purum
2952 2824 3167 2877 corpus
3198 2808 3531 2876 involvitur,

1880 2892 2150 2961 lectoque
2184 2908 2389 2945 rursus
2412 2892 2615 2962 regina
2643 2893 2973 2962 imponitur
3007 2911 3019 2947 :
3054 2911 3189 2948 mox
3222 2895 3528 2965 lampades

1881 2982 2158 3038 adhibitae
2188 2987 2247 3035 et
2267 2986 2569 3052 unguenta
2613 2982 2939 3053 hymnique
2964 2983 3157 3038 funeri
3186 2984 3534 3039 deducendo

1881 3071 2079 3127 idonei
2112 3087 2131 3125 :
2168 3069 2392 3142 angelis
2423 3069 2629 3139 utique
2660 3070 2879 3141 linguis
2911 3072 3033 3126 suis
3077 3072 3363 3143 hymnum
3411 3073 3525 3127 sibi

1891 3158 2491 3233 congruentissimum
2505 3159 2986 3227 concinentibus;
3012 3161 3296 3231 apostolis
3317 3166 3533 3220 autem,

1893 3251 2128 3319 Deoque
2148 3246 2341 3319 plenis
2364 3246 2637 3303 Patribus
2656 3247 2882 3303 divinas
2908 3248 3195 3319 quasdam
3226 3249 3536 3305 cautiones

1888 3355 1922 3392 a
1951 3336 2172 3407 Spiritu
2200 3341 2442 3391 saoncto
2476 3336 2794 3406 inspiratas
2827 3336 3294 3393 modulantibus.

1963 3429 2047 3479 12.
2082 3428 2162 3479 Ac
2194 3431 2317 3479 tum
2351 3440 2514 3489 sane,
2541 3429 2665 3479 tum
2707 3441 2843 3479 arca
2868 3426 3096 3480 Domini
3124 3444 3153 3480 e
3176 3432 3376 3481 monte
3399 3427 3540 3483 Sion

1892 3512 2597 3583 abiens,venerandisque
2611 3514 3014 3584 apostolorum
3033 3515 3297 3571 humeris
3316 3522 3544 3589 gestata

1886 3605 1953 3657 in
1982 3602 2218 3658 caaleste
2251 3602 2539 3673 templum
2571 3619 2675 3673 per
2698 3602 3074 3675 interjectum
3094 3606 3431 3675 sepulcrum
3455 3607 3542 3661 ef-

1893 3692 2101 3747 fertur.
2133 3694 2213 3746 Ac
2244 3692 2502 3763 primum
2535 3692 2774 3762 quidem
2795 3708 2902 3763 per
2921 3693 3176 3748 mediam
3200 3694 3405 3750 urbem
3429 3695 3541 3751 du-

1896 3783 2067 3849 citur,
2105 3789 2385 3853 tanquam
2419 3783 2861 3854 speciosissima
2892 3785 3163 3855 quwdam
3186 3803 3421 3856 sponsa,
3455 3787 3541 3841 in-

1896 3871 2187 3943 corporali
2220 3872 2471 3942 Spiritus
2502 3872 2818 3943 splendore
2840 3872 3148 3930 decorata:
3171 3880 3345 3946 atque
3367 3875 3448 3930 ita
3470 3874 3544 3931 ad

1898 3961 2340 4017 sanctissimum
2364 3960 2787 4016 Gethsemanes
2810 3962 3007 4018 locum
3029 3964 3545 4037 defertur,angelis

1896 4050 2420 4122 praseurrentibus,
2442 4055 2501 4105 et
2525 4051 2981 4119 assectantibus,
3015 4052 3243 4124 alisque
3266 4054 3389 4107 suis
3413 4070 3544 4109 eam

1899 4139 2332 4208 obvelantibus,
2364 4156 2431 4194 ac
2462 4140 2738 4195 universo
2772 4141 3047 4196 Ecelesim
3075 4148 3245 4197 cmtu.
3284 4146 3363 4197 Ac
3395 4143 3550 4198 sicut

1899 4246 2003 4284 rex
2029 4229 2330 4297 Salomon,
2354 4228 2427 4282 ob
2451 4228 2862 4299 deponendam
2886 4247 3083 4286 arcam
3110 4231 3170 4286 in
3194 4231 3415 4303 templo
3440 4237 3547 4288 Do-

1901 4318 2071 4383 mini,
2098 4317 2256 4388 quod
2286 4318 2411 4389 ipse
2432 4324 2821 4385 exstruxerat,
2846 4320 3111 4373 seniores
3134 4336 3339 4375 omnes
3368 4320 3550 4377 Israel

1901 4406 1963 4461 in
1992 4407 2129 4461 Sion
2161 4406 2369 4478 coegit,
2404 4411 2469 4459 ut
2493 4422 2693 4462 arcam
2724 4406 2958 4461 Domini
2983 4407 3285 4463 deferrent
3304 4409 3374 4464 de
3406 4411 3549 4466 civi-

1906 4500 2022 4550 tate
2054 4495 2251 4559 David,
2284 4494 2344 4549 id
2368 4500 2455 4549 est
2480 4494 2553 4549 de
2576 4496 2713 4550 Sion
2740 4512 2753 4550 :
2787 4496 3188 4568 tulerumtque
3216 4499 3551 4555 sacerdotes

170 4584 317 4657 θήκης
370 4590 579 4665 Κυρίου
640 4588 700 4644 ἐκ
756 4586 976 4650 πόλεως
1036 4582 1223 4642 Δαϐὶδ”
1258 4587 1391 4658 αὕτη
1454 4585 1595 4641 ἐστὶν
1631 4585 1789 4643 Σιών.

1949 4601 2108 4640 rcam
2140 4590 2199 4639 et
2228 4584 2678 4640 tabernaculum
2730 4585 3081 4655 testimonii,
3125 4603 3193 4642 ac
3236 4589 3553 4658 portabant

164 4674 385 4752 καὶῆραν
419 4682 471 4735 οἳ
496 4681 666 4755 ἱερεῖς
692 4680 790 4748 τήν
844 4673 1077 4733 κιϐωτὸν
1136 4677 1225 4732 καὶ
1282 4679 1382 4746 τήν
1433 4677 1638 4747 σκηνὴν
1693 4678 1791 4729 τοῦ

169 4766 444 4841 μαρτυρίου
481 4812 495 4838 ,
559 4766 649 4822 καὶ
718 4761 1041 4821 ἀνεϐίϐασαν
1098 4765 1232 4820 αὐτά
1288 4768 1341 4819 οἱ
1397 4765 1560 4840 ἱερεῖς
1617 4762 1706 4818 καὶ
1739 4763 1791 4817 οἱ

168 4858 381 4910 Λευῖται·
425 4858 520 4911 καὶ
564 4859 593 4911 6
629 4855 903 4932 βασιλεὺς,
953 4856 1041 4910 καὶ
1076 4856 1103 4910 6
1132 4855 1262 4917 Λαὸς
1296 4855 1430 4916 ἅπας
1488 4852 1788 4929 ἔμπροσθεν

166 4947 250 5010 τῆς
274 4940 511 5000 κιϐωτοῦ
545 4945 764 5010 θύοντες
798 4946 927 5021 βόας
986 4944 1076 4999 καὶ
1133 4939 1381 5019 πρόϐατα
1429 4943 1789 5018 ἆναρίθμητα·

165 5033 239 5085 καὶ
294 5034 635 5110 εἰσφέρουσιν
711 5036 762 5089 οἱ
830 5036 993 5110 ἱερεῖς
1062 5034 1161 5103 τὴν
1236 5028 1471 5088 κιϐωτὸν
1532 5029 1795 5104 διαθήκης

166 5120 345 5195 Κυρίου
377 5124 455 5186 είς
485 5125 581 5178 τὸν
612 5122 781 5180 τὸπον
827 5123 992 5193 αὐτῆς
1043 5122 1119 5185 είς
1175 5122 1237 5177 τὸ
1271 5117 1427 5195 δαϐὶρ
1459 5125 1556 5175 τοῦ
1615 5119 1792 5193 οἷ’κου,

164 5206 229 5270 εἷς
278 5214 340 5266 τά
394 5218 561 5289 Ἀγια
627 5218 736 5269 τῶν
796 5212 991 5287 ἁγίων,
1055 5212 1159 5267 ὑπὸ
1205 5211 1302 5273 τὰς
1360 5207 1630 5287 πτέρυγας
1683 5214 1791 5265 τῶν

164 5295 447 5376 Χερουϐίμ·
513 5301 657 5358 οὕτω
715 5299 783 5373 δὴ
831 5302 923 5358 καὶ
975 5305 1065 5357 νῦν
1100 5305 1209 5375 (47)
1239 5299 1325 5356 ἐπὶ
1366 5321 1432 5375 τῃ
1465 5299 1793 5356 καταπαύσει

226 5469 269 5505 ⁸⁸
295 5474 370 5527 III
399 5476 543 5547 Reg.
576 5491 691 5544 vni,
726 5477 748 5529 l
787 5491 951 5547 seqq.
981 5492 996 5541 ;
1029 5473 1079 5527 II
1109 5473 1298 5529 Paral.
1324 5490 1376 5542 ν,
1407 5475 1441 5525 2
1471 5488 1637 5543 seqq.

248 5632 334 5707 ξε)
363 5632 564 5707 (εει-μιν
594 5632 868 5707 waste-

250 5702 339 5772 46)
368 5704 433 5759 Β.
472 5701 834 5778 ἁγιαζομὲνῳ.

1904 4691 2057 4743 eam,
2096 4680 2219 4727 tum
2251 4674 2606 4742 sacerdotes,
2645 4680 2766 4729 tum
2800 4675 3008 4729 Levitaa
3046 4692 3058 4729 :
3091 4693 3312 4747 rexque
3345 4683 3402 4732 et
3429 4694 3552 4732 om-

1902 4765 1995 4819 nis
2019 4762 2274 4835 populus
2305 4774 2440 4817 ante
2473 4780 2671 4818 arcam
2696 4763 3142 4836 gradiebantur,
3191 4782 3258 4821 ac
3287 4766 3464 4821 boves
3496 4772 3555 4822 et

1903 4870 2036 4909 oves
2068 4851 2536 4907 innumerabiles
2555 4852 2980 4908 immolabant:
3011 4870 3076 4908 ac
3100 4854 3339 4910 tandem
3365 4872 3556 4910 sacer-

1904 4942 2069 4997 dotes
2093 4958 2291 4996 arcam
2311 4941 2550 4995 foederis
2574 4941 2805 4995 Domini
2830 4942 2891 4995 in
2923 4942 3119 4998 locum
3148 4946 3553 5000 suumintule-

1904 5036 2061 5097 runt,
2086 5031 2147 5084 in
2170 5029 2477 5084 oraculum
2506 5028 2800 5095 domus,in
2833 5030 3045 5087 Sancta
3073 5033 3550 5099 sanctorum,sub

1904 5119 2015 5175 alis
2038 5118 2356 5173 Cherubim
2377 5117 2459 5171 86:
2488 5117 2571 5171 ita
2588 5134 2821 5188 quoque
2844 5119 2917 5174 ad
2940 5120 3352 5191 deponendam
3374 5123 3553 5195 spiri—

1905 5209 2083 5264 talem
2114 5223 2332 5274 arcam,
2358 5222 2480 5261 non
2500 5204 2738 5261 foederis
2760 5208 3017 5277 Domini,
3047 5211 3150 5265 sed
3170 5228 3440 5283 personas
3463 5213 3552 5285 ip-

1905 5299 2028 5354 sius
2050 5297 2152 5352 Dei
2187 5295 2550 5367 Verbi,novis
2572 5295 2699 5367 ipse
2723 5297 3020 5367 Salomon,
3046 5300 3145 5371 qui
3170 5308 3258 5357 est
3274 5303 3552 5375 princeps

1982 5625 2094 5695 (47)
2126 5621 2267 5678 Colb
2280 5662 2294 5678 .
2324 5618 2467 5676 τότε.
