3958 6198
410 339 518 396 739

1679 337 1746 392 Β.
1784 331 2086 392 JOANNIS
2121 332 2534 392 DANABCBNI
3649 341 3724 396 7&0

405 463 1227 538 pacis,prwstantissimusque
1258 461 1518 517 universi
1551 460 1914 527 artifex,tum
1937 475 2034 517 σαξ-

2168 464 2267 527 τῆς
2292 464 2484 534 νοερᾶς
2511 453 2773 525 κιϐωτοῦ,
2799 456 2860 512 οὗ
2889 455 3156 527 διαθήκης
3199 457 3411 531 Κυρίου,
3456 458 3566 514 ἀλλ’
3600 463 3728 531 αὐτῆς

406 555 644 608 lestium
678 553 969 606 mentium
1003 551 1224 606 mundo
1257 549 1635 604 sublimiores
1657 550 2052 614 ordines,tum

407 643 720 713 primarios
738 642 874 696 Novi
893 640 1250 695 Testamenti
1279 639 1455 702 viros,
1485 639 1596 692 hoc
1621 643 1709 692 est
1730 639 2052 709 apostolos,

406 745 527 786 uua
552 747 686 785 cum
709 731 984 785 universa
1007 734 1343 783 sanctorum
1360 728 1458 798 qui
1475 727 1898 798 Hierosolymis
1919 743 2052 798 age-

410 819 1055 890 bantplebe,hodierno
1071 818 1165 872 die
1187 817 1246 870 in
1279 833 1463 871 unum
1478 817 1774 888 coegit.Ac
1791 815 2053 870 animam

408 909 647 979 quidem
673 907 732 961 in
764 909 977 961 Sancta
1007 905 1436 973 sanctorum,in
1462 905 1824 976 exemplaria
1840 921 1976 959 vera
1999 909 2056 958 et

405 997 667 1052 coalestiu
687 1011 794 1066 per
824 995 1063 1067 angelos
1089 995 1434 1060 introducit,
1467 1010 1533 1049 ac
1565 984 1670 1049 sub
1703 994 2051 1049 animalium

405 1086 812 1157 quadruplicis
835 1085 1041 1139 formae
1073 1085 1184 1139 alis
1216 1101 1346 1138 eam
1379 1085 1696 1149 collocans,
1731 1099 1837 1138 suo
1869 1082 2055 1154 ipsius

397 1177 611 1230 throno
645 1173 705 1230 in
737 1175 1019 1230 interiore
1050 1175 1205 1228 810
1228 1173 1542 1228 velaminis
1561 1178 1727 1244 parte
1751 1173 2053 1241 sistit,quo

408 1279 742 1336 prascursor
773 1264 899 1334 ipse
919 1263 1188 1317 Christus
1211 1263 1598 1333 corporaliter
1619 1262 1920 1332 ingressus
1943 1265 2053 1325 est,

407 1356 630 1425 Corpus
661 1359 856 1407 autem
881 1352 1288 1423 apostolorum
1320 1351 1593 1405 manibus
1613 1351 2053 1421 gestatur,Rege

403 1459 608 1515 regum
629 1440 940 1496 invisibilis
961 1455 1081 1495 sua)
1105 1441 1341 1494 deitatis
1368 1440 1680 1510 splendore
1699 1453 1830 1492 eam
1851 1442 2053 1490 conte-

403 1536 663 1604 gente,et
692 1531 966 1584 universo
995 1535 1336 1583 sanctorum
1355 1534 1506 1582 cmtu
1529 1532 1921 1598 prmeunte,et
1949 1542 2055 1596 per

403 1633 704 1674 sacrarum
729 1632 935 1673 vocum
960 1617 1363 1678 emiSsionem,
1388 1616 1581 1670 laudis
1604 1615 1962 1670 sacrificium
1991 1615 2050 1668 in

403 1707 654 1773 tumulo,
687 1711 968 1777 tanquam
999 1707 1061 1759 in
1084 1705 1368 1769 thalamo,
1401 1705 1793 1770 sacriﬁcante,
1825 1717 1932 1774 per
1962 1703 2052 1774 ip-

2164 557 2265 618 τῆς
2291 553 2390 604 τοῦ
2440 554 2578 603 Θεοῦ
2636 548 2813 624 Λόγου
2875 549 3240 615 ὑποστάσεως,
3298 548 3448 610 αὐτὸς
3475 551 3500 603 ὁ
3525 552 3622 611 νέος
3647 559 3726 607 Σο-

2166 637 2384 711 λομὼν,
2417 640 2444 692 ὁ
2491 637 2852 714 είρηνάρχης,
2911 638 3000 692 καὶ
3049 641 3147 691 τοῦ
3182 639 3372 698 παντὸς
3421 639 3733 714 ἀριστοτέχνης

2163 731 2270 781 τῶν
2323 726 2587 802 οὐρανίων
2646 725 2788 780 νόων
2842 726 2908 780 τὰ
2971 726 3311 799 ὁπερκόσμια
3364 728 3625 800 τάγματα,
3667 731 3731 783 καὶ

2163 823 2262 884 τῆς
2298 818 2438 880 Νέας
2464 818 2737 885 Διαθήκης
2763 814 2892 876 τοὺς
2917 811 3284 890 προῦχοντας,
3313 815 3433 878 τοὺς
3461 816 3735 880 ἀπόστόλους

2165 906 2333 978 φημὶ,
2365 902 2457 958 σὺν
2489 903 2650 959 πάντὶ
2706 909 2788 976 τῷ
2844 900 2896 958 έν
2932 902 3274 978 Ιερουσαλὴμ
3325 909 3429 958 τῶν
3485 905 3624 978 ἁγίων
3649 906 3734 978 λαῷ

2166 995 2407 1064 σήμερον
2449 991 2800 1061 ἠκκλεσιασε,
2842 991 2930 1045 καὶ
2961 992 3060 1060 τήν
3098 992 3204 1063 μὴν
3235 991 3416 1064 ψυχῆν
3443 987 3507 1044 δι’
3545 990 3734 1066 ἀγγέλων

2165 1079 2241 1141 είς
2270 1080 2336 1134 τὰ
2363 1083 2525 1154 ’Ἀγια
2570 1085 2676 1134 τῶν
2711 1079 2901 1155 ἁγίων,
2946 1079 3015 1132 τὰ
3055 1077 3335 1153 ἀρχέτυπα
3363 1080 3426 1132 τά
3453 1078 3654 1149 αληθινὶ
3672 1082 3735 1134 καὶ

2168 1166 2388 1242 οὐράνια
2449 1169 2795 1237 εἶσοικίζεται
2832 1210 2846 1236 ,
2904 1167 2987 1222 ἐπ’
3047 1166 3208 1230 αὐτὰς
3263 1171 3368 1222 τῶν
3418 1169 3735 1246 τετραμόροων

2167 1258 2320 1326 ζώων
2378 1258 2474 1318 τὰς
2535 1257 2798 1333 πτέρυγας
2832 1300 2848 1324 ,
2909 1257 2997 1311 καὶ
3050 1258 3129 1326 τῷ
3183 1256 3374 1310 ἑαυτοῦ
3427 1259 3738 1328 παρεστήσατο

2166 1347 2364 1418 θρόνῳ,
2398 1345 2475 1408 είς
2524 1347 2588 1400 τὸ
2647 1345 2927 1420 ἐνδότερον
2987 1349 3084 1400 τοῦ
3139 1345 3614 1417 καταπετάσματος,
3638 1346 3738 1400 ὅπου

2163 1433 2480 1509 πρόδρομος
2535 1435 2694 1496 αὐτὸς
2754 1436 2987 1508 Χριστὸς
3062 1439 3387 1506 σωματικῶς
3445 1432 3741 1502 εἰσελήλυθε·

2162 1523 2223 1578 τὸ
2253 1521 2311 1577 δὲ
2342 1529 2502 1596 σῶμα
2530 1529 2650 1585 ταῖς
2681 1525 2786 1578 τῶν
2819 1522 3146 1578 ἀποστόλων
3193 1523 3348 1597 χερσὶ
3397 1522 3744 1595 προκομίζεται,

2159 1618 2257 1668 τοῦ
2291 1612 2556 1688 βασιλέως
2598 1619 2706 1668 τῶν
2767 1611 3164 1689 βασιλευόντων
3228 1611 3663 1686 συγκαλύπτοντος
3696 1617 3743 1683 τῇ

2163 1703 2324 1776 αἴγλῃ
2373 1709 2469 1771 τῆς
2527 1702 2762 1775 ἀοράτου
2817 1701 3096 1772 θεότητος,
3158 1701 3248 1756 καὶ
3303 1700 3492 1761 παντὸς
3536 1704 3620 1754 τοῦ
3660 1704 3740 1754 τῶν

403 1811 534 1850 sum
566 1797 628 1850 in
643 1793 874 1850 deliciis
888 1794 1278 1865 Edem,lnque
1295 1793 1634 1848 coelestibus
1652 1792 2034 1848 tabernaculi:

2164 1789 2322 1864 ἁγίων
2359 1790 2705 1862 συστήματος
2757 1791 3207 1866 προτρεχόοτων,
3269 1788 3360 1843 καὶ
3412 1789 3553 1863 ἱερὰς
3597 1789 3745 1864 ἀφιέν-

399 1885 743 1940 collocatur.

399 1972 472 2034 ὡς
504 1969 732 2027 παστάδι
763 1976 840 2044 νῷ
868 1970 1046 2048 τάφῳ,
1076 1970 1166 2024 καὶ
1197 1967 1249 2024 δι

1531 1973 1558 1984 ο
1632 1975 1658 1986 υ
1719 1969 1732 1984 ἱ

1257 1971 1270 1992 τ
1322 1969 1392 1992 ,ἳῖ
1435 1974 1460 1985 εν

473 2090 556 2144 l3.
593 2089 854 2144 Aderant
885 2089 1033 2142 forte
1066 2087 1244 2142 etiam
1280 2104 1348 2140 ex
1397 2085 1634 2152 Judmis,
1681 2086 1728 2139 si
1780 2086 1878 2156 qui
1930 2099 2051 2140 non

399 2175 722 2234 admodum
755 2178 1008 2249 improhi
1042 2175 1393 2232 existebant.
1432 2176 1513 2229 Ab
1548 2192 1608 2230 re
1639 2191 1772 2229 vero
1798 2192 1918 2229 non
1942 2181 2050 2243 est,

400 2267 511 2320 hoc
542 2266 657 2320 loci
689 2264 937 2336 aliquid,
964 2265 1121 2336 quod
1145 2264 1467 2320 multorum
1503 2280 1776 2319 sermone
1800 2264 2052 2318 circum-

393 2353 748 2420 fertur,huic
779 2353 1070 2408 narationi
1107 2359 1388 2424 tanquam
1422 2353 1873 2408 condimentum
1899 2351 2053 2406 edu-

400 2441 519 2510 liis,
553 2441 1103 2497 admiscere.Aiunt
1133 2443 1313 2508 enim,
1343 2459 1478 2497 cum
1511 2441 1583 2496 ad
1612 2443 1832 2496 montis
1863 2441 2054 2513 crepi-

407 2531 610 2587 dinem
640 2533 960 2597 venissent,
988 2531 1088 2602 qui
1121 2529 1356 2585 beatum
1379 2531 1480 2585 Dei
1506 2530 1816 2584 Genitricis
1839 2545 2054 2600 corpus

403 2619 1049 2692 εοειεώίιηι,ΗθῘ)ῐ·ωιιῐη
1063 2619 1381 2691 quemdam
1404 2620 1629 2690 peccati
1653 2617 2052 2689 servum,qui-

411 2726 525 2781 que
559 2709 750 2764 foedus
774 2726 908 2764 cum
935 2725 1134 2764 errore
1166 2708 1669 2781 pepigerat,illum
1688 2708 1922 2778 Caiphze
1944 2706 2053 2761 mi-

407 2798 791 2869 nistrum,qui
814 2798 1184 2853 Dominicam
1205 2797 1582 2868 divinamque
1601 2797 1817 2852 Christi
1841 2797 1941 2852 Dei
1966 2796 2054 2851 fa-

407 2889 558 2943 ciem
582 2887 752 2959 alapa
776 2888 1090 2952 ceciderat,
1113 2883 1468 2953 imitantem,
1493 2885 1850 2941 diabolicum
1867 2883 2056 2940 factus

407 2981 883 3048 essetorganum,
906 2975 1219 3031 temerario
1243 2974 1651 3046 praecipitique
1675 2991 1741 3029 ac
1764 2969 2056 3028 diabolico

407 3066 635 3138 impetu
656 3065 1106 3127 concitatumjn
1139 3064 1570 3119 divinissimum
1603 3062 1752 3118 illud
1784 3062 2058 3117 taberna-

407 3156 632 3219 culum,
669 3150 742 3211 ad
774 3152 932 3226 quod
965 3153 1162 3226 angeli
1196 3169 1315 3209 non
1349 3153 1476 3208 sine
1498 3157 1658 3208 metu
1677 3149 2055 3220 accedebant,

403 3243 670 3314 irruisse,
705 3249 1128 3316 arreptumque
1159 3247 1411 3314 utraque
1443 3259 1626 3297 manu
1657 3237 1941 3295 lectulum
1971 3257 2061 3296 ve-

2156 1899 2261 1932 των
2325 1879 2458 1952 βοάς
2507 1882 2645 1950 (48),
2702 1878 2793 1932 καὶ
2841 1879 3081 1933 θυόντων
3141 1877 3326 1932 θυσίαν
3381 1877 3626 1946 αἰνέσεως,
3666 1871 3742 1937 ἕως

1300 1969 1464 2025 αὐτοῦ
1493 1973 1562 2042 τῇ
1591 1975 1690 2037 τῆς
1719 1965 1885 2041 Ἐδὶμ
1911 1971 2113 2046 τρυφῇ,
2145 1964 2232 2021 καὶ
2267 1965 2541 2039 οὐρανίοις
2571 1965 2860 2037 ἐναπετέθη
2896 1965 3240 2038 σκηνώμασι.

2237 2089 2321 2156 ιγ’.
2358 2087 2610 2157 Παρῆσαν
2647 2077 2703 2137 δὶ
2725 2082 2894 2157 τυχὸν
2937 2083 3022 2136 καὶ
3060 2079 3342 2152 Ἰουδαῖοι,
3401 2082 3509 2135 ὅσοι
3567 2081 3631 2152 μη
3657 2079 3748 2135 λίαν

2162 2167 2490 2246 ἀγνώμονες.
2525 2169 2646 2248 Οὐχ
2678 2171 2788 2226 οἷον
2831 2169 2909 2240 δέ,
2944 2171 3126 2247 ὥσπερ
3188 2166 3312 2244 ὄψῳ
3371 2171 3748 2243 παράρτυμι,τ6

2160 2265 2277 2322 τοῖς
2330 2258 2562 2315 πολλῶν
2618 2261 3042 2336 περιφερόμενον
3106 2258 3326 2334 χείλεσι
3383 2259 3648 2334 προσμίξαι
3693 2262 3750 2328 τῷ

2161 2345 2485 2423 διηγήματι.
2518 2348 2661 2406 Φασὶ
2692 2351 2820 2424 γὰρ,
2855 2349 2943 2405 ὅτε
2994 2350 3134 2424 πρὸς
3160 2354 3233 2414 τῆ
3266 2346 3550 2404 καταϐάσει
3598 2348 3752 2402 κατάν-

2158 2458 2284 2500 τους
2314 2435 2488 2510 ὄμους
2513 2437 2795 2515 γεγόνασιν
2856 2440 2908 2493 οἱ
2941 2439 3001 2493 τὸ
3037 2441 3308 2515 μακάριον
3345 2444 3497 2511 σῶμα
3523 2445 3613 2506 τῆς
3653 2444 3752 2492 Geo-

2166 2528 2404 2601 μήτορος
2455 2527 2713 2603 αἴροντες.
2750 2522 3002 2602 Ἐὄραῖόν
3049 2549 3171 2584 τινα
3225 2533 3332 2598 τῆς
3362 2527 3608 2603 ἁμαρτίας
3652 2523 3754 2580 δοῦ-

2163 2613 2284 2685 λον,
2334 2617 2554 2686 καὶτῆς
2607 2615 2821 2686 πλάνης
2884 2615 3250 2685 ὑπόσπονδον,
3304 2619 3395 2672 τὸν
3452 2622 3541 2672 τοῦ
3586 2615 3755 2690 Καϊςίοα

2162 2702 2378 2775 οἰκέτην
2413 2705 2774 2779 μιμούμενον,
2833 2705 2892 2767 ’ὀς
2941 2707 3002 2760 τὸ
3057 2707 3387 2762 Δεσποτικὸν
3424 2705 3506 2762 καὶ
3539 2708 3659 2760 θεῖον
3683 2707 3756 2758 τοῦ

2163 2793 2397 2869 Χριστοῦ
2454 2797 2550 2849 τοῦ
2607 2797 2740 2850 Θεοῦ
2793 2797 2955 2867 ἡμῶν
3013 2794 3276 2872 ἐῤῥάπικε
3335 2797 3639 2872 πρόσωπον,
3685 2793 3751 2846 καὶ

2163 2879 2429 2938 διαϐόλου
2453 2885 2739 2959 γενόμενον
2773 2905 3019 2961 οργανον,
3065 2886 3293 2960 θρασείᾳ
3347 2885 3486 2961 ῥυμῃ
3539 2885 3618 2940 καὶ
3654 2883 3756 2938 ἄλο·

2161 2974 2332 3050 γὶστῳ
2364 2974 2682 3048 φερόμενον,
2717 2973 2806 3028 καὶ
2838 2977 2978 3050 φορᾷ
3006 2972 3372 3048 κακοδαίμονι
3427 2972 3754 3046 αὐτομολῆσαι

2164 3059 2301 3136 πρὸς
2335 3061 2502 3116 ἐκεῖνο
2555 3063 2617 3116 τὸ
2651 3062 2924 3125 θειότατον
2958 3063 3244 3136 σκήνωμα,
3283 3063 3329 3135 ᾧ
3362 3061 3587 3124 δεδιότες
3627 3079 3759 3132 προσ-

2170 3153 2308 3206 ίεσαν
2340 3151 2592 3226 ἄγγελοι,
2625 3152 2712 3207 καὶ
2745 3153 2948 3232 ἀμφοῖν
2979 3158 3076 3208 τοῦ
3114 3149 3428 3227 κραϐεάτου
3473 3157 3582 3208 ταῖν
3610 3153 3756 3227 χεροῖν

2170 3247 2409 3314 μανικῶς
2481 3262 2572 3296 και
2639 3241 2910 3318 ἐκφρόνως
2969 3240 3302 3317 δραξάμενον
3383 3241 3642 3307 καθέλκειν
3703 3239 3759 3300 εἷς

403 3349 544 3388 sane
575 3349 642 3388 ac
672 3333 893 3388 furiose
914 3331 972 3386 in
999 3336 1215 3386 terram
1240 3329 1564 3386 detraxisse
1588 3329 1841 3392 (invidiae
1868 3327 2034 3383 malo

2165 3327 2437 3404 τοῦδαφος
2472 3351 2485 3362 ·
2543 3332 2742 3409 φθόνου
2796 3335 2905 3402 (49)
2959 3335 3056 3386 τοῦ
3114 3332 3426 3406 ἀρχεκάκου
3505 3332 3586 3387 καὶ
3638 3333 3761 3384 τοῦτο

399 3439 530 3476 rum
545 3423 806 3477 auctoris
821 3421 915 3477 hic
929 3426 1177 3476 conatus
1191 3420 1567 3492 erat),verum
1582 3419 1805 3474 fructus
1819 3415 2054 3473 labores

401 3513 725 3583 praecessit,
743 3511 1135 3581 acerbamque
1158 3523 1330 3564 uvam
1362 3507 1662 3580 proposito
1686 3525 1790 3563 suo
1813 3508 2052 3580 dignam

407 3600 664 3671 collegit.
700 3597 983 3654 Orbatum
1011 3599 1169 3653 enim
1200 3598 1384 3654 fuisse
1416 3597 1692 3652 manibus
1722 3597 1939 3652 ferunt.
1972 3599 2052 3653 Ac

403 3705 647 3743 cernere
673 3693 798 3742 erat
814 3687 1096 3742 facinoris
1117 3687 1394 3742 manibus
1418 3687 1670 3758 propriis
1693 3691 2050 3758 patratorem

402 3776 680 3832 manibus
697 3777 1011 3830 confestim
1029 3783 1332 3830 carentem
1351 3793 1362 3830 :
1380 3776 1574 3846 quoad
1598 3782 1859 3832 mentem
1884 3791 2050 3830 suam

401 3865 517 3921 fide
547 3880 611 3918 ac
630 3865 979 3936 paenitentia
997 3865 1589 3920 mutasset.Protinus
1608 3865 1693 3918 illi
1721 3867 1818 3936 qui
1843 3865 2054 3936 graba-

400 3961 526 4010 tum
558 3949 892 4027 portabant,
928 3957 1238 4022 steterunt,
1273 3958 1330 4006 et
1359 3953 1542 4006 miser
1572 3951 1671 4006 ille
1706 3953 1806 4022 qui
1838 3966 2050 4007 manus

401 4042 783 4109 amiserat,iis
807 4041 1188 4098 tabernaculo
1213 4039 1654 4112 admotis,quod
1671 4041 1802 4095 vitm
1827 4041 2052 4112 princi-

398 4134 561 4206 pium
578 4131 1237 4204 luit,pr0digiorumque
1262 4131 1394 4185 fons
1419 4130 2048 4195 erat,incolumitatem

398 4240 606 4278 rursus
633 4227 986 4277 consecutus
1013 4227 1119 4276 est.
1155 4217 1474 4276 Calamitas
1519 4220 1678 4273 enim
1728 4219 2051 4291 prudentia

402 4310 800 4381 salutariaque
841 4307 1093 4364 consilia
1109 4325 1315 4380 parere
1328 4315 1411 4375 ,ut
1426 4306 1770 4380 plurimum,
1797 4323 2050 4364 consue-

393 4402 494 4456 vit.
532 4402 746 4456 Verum
775 4399 849 4456 ad
882 4399 1214 4455 institutam
1247 4399 1576 4455 orationem
1609 4405 1991 4454 revertamur.

473 4490 556 4546 14.
591 4490 739 4544 Hinc
771 4487 843 4544 ad
876 4490 1337 4544 sacratissimam
1369 4489 1804 4544 Gethsemanen
1856 4488 2044 4543 defer-

400 4585 514 4645 tur,
543 4578 642 4632 ubi
676 4596 882 4634 rursus
913 4578 1117 4633 oscula
1141 4584 1198 4632 et
1218 4575 1796 4649 complexus,rursus
1815 4579 2043 4646 laudes,

398 4668 727 4740 bymnique
759 4669 932 4732 sacri,
968 4672 1026 4722 et
1055 4667 1352 4738 lacrymaa,
1387 4685 1456 4721 ex
1497 4684 1715 4739 angore
1740 4673 1798 4721 et
1828 4665 2043 4722 calenti

400 4773 602 4811 amore
635 4754 918 4812 sudorum
943 4756 1225 4811 scatebraa
1249 4762 1559 4810 manantes
1579 4773 1589 4809 :
1607 4772 1672 4811 ac
1695 4756 1889 4810 videre
1915 4757 2047 4810 lice-

400 4845 502 4901 bat
520 4844 766 4900 sudores
801 4850 858 4900 et
889 4845 1182 4915 lacrymas
1214 4842 1454 4898 fluentis
1478 4843 1600 4898 suis
1635 4849 1836 4898 mutuo
1868 4844 2045 4899 veluti

397 4936 722 4990 certamine
737 4933 1170 4990 conﬂictantes.
1184 4937 1370 5004 Atque
1384 4932 1465 4987 ita
1479 4933 2048 4990 sanctissimumcor-

395 5040 506 5095 pus
539 5024 870 5079 clarissimo
903 5022 1513 5095 prmstantissimoque
1538 5021 1765 5076 tumulo
1789 5021 2050 5095 imponi-

395 5118 520 5178 tur;
545 5111 702 5168 unde
725 5113 920 5168 triduo
943 5117 1077 5186 post
1096 5113 1156 5166 in
1181 5109 1358 5167 caelos
1400 5111 1708 5166 attollitur.
1746 5110 2048 5181 Siquidem

399 5200 659 5255 divinum
693 5200 837 5256 illud
872 5200 1263 5262 domicilium,
1316 5197 1465 5254 illud
1493 5198 1737 5254 minime
1768 5201 2048 5255 eiTossum

398 5304 567 5359 aquaa
598 5288 966 5345 remissionis
997 5291 1243 5354 fontem,
1279 5287 1573 5344 inaratum
1606 5285 1754 5343 illud
1795 5289 2050 5346 ccelestis

399 5379 571 5450 panis
587 5379 985 5445 arvum,illam
1009 5395 1322 5450 nunquam
1341 5377 1641 5450 irrigatam
1662 5395 1786 5433 uva:
1804 5379 2050 5436 immor-

490 5577 583 5647 48)
615 5578 683 5632 R.
716 5571 922 5648 φωνάς.

495 5645 588 5722 49)
622 5649 688 5704 Β.
730 5645 940 5725 φθόνῳ.

2167 3418 2420 3494 ὅρμημα,
2478 3419 2605 3475 ἀλλ’
2647 3423 2674 3474 δ
2707 3423 2911 3496 καρπὸς
2969 3425 3078 3476 τῶν
3136 3422 3322 3476 πόνων
3375 3419 3765 3499 προέφθασε,καὶ

2165 3508 2362 3585 βότρυν
2422 3507 2615 3583 πικρὸν
2675 3508 2765 3564 καὶ
2825 3507 3040 3583 ἐπάξιον
3091 3517 3192 3580 τῆς
3273 3512 3482 3573 οἰκείας
3557 3508 3764 3584 ἐτρύγησε

2161 3599 2568 3674 προαιρέσεως.
2625 3595 3036 3657 Ἐκλελοιπέναι
3094 3600 3196 3675 γὰρ
3261 3599 3423 3656 αὐτὸν
3477 3601 3565 3662 τάς
3614 3602 3761 3673 χεῖρας

2163 3685 2557 3763 διαγορευουσι.
2594 3686 2690 3742 Καὶ
2736 3691 2800 3757 ἦν
2850 3686 2982 3743 ἰδεῖν
3040 3693 3137 3744 τοῦ
3196 3689 3409 3745 ἀτόπου
3449 3687 3763 3761 τολμήματος

2157 3777 2249 3831 τὸν
2286 3775 2583 3851 αὐτόχειρα
2613 3776 2810 3853 ἀθρόον
2857 3775 3204 3851 δεικνύμενον
3255 3777 3475 3855 ἄχειρα,
3528 3775 3623 3840 ἕως
3662 3775 3764 3848 πρὸς

2163 3866 2344 3922 πίστιν
2375 3869 2473 3937 τήν
2496 3868 2727 3942 γνώμην
2769 3864 3054 3941 μετέϐαλε,
3103 3867 3190 3924 καί
3255 3873 3583 3943 μεταμελον.
3627 3868 3764 3938 Ἀμε-

2161 3953 2288 4027 λητὶ
2330 3956 2432 4032 γάρ
2493 3954 2544 4011 οἳ
2600 3956 2691 4011 τὸν
2747 3953 3054 4033 κράϐϐατον
3113 3955 3371 4031 φέροντες
3428 3956 3658 4026 ἔστησαν,
3699 3954 3765 4008 καὶ

2160 4042 2366 4108 ἒπιθεῖσ
2420 4041 2498 4098 τὼ
2560 4047 2714 4119 χεῖρε
2747 4046 2775 4099 ὁ
2805 4043 3048 4108 δείλαιος
3078 4049 3156 4118 τῷ
3191 4050 3493 4123 ζωαρχικῷ
3544 4045 3621 4100 καὶ
3667 4055 3764 4106 θαυ·

2161 4131 2482 4206 μαστοτόκῳ
2527 4134 2867 4207 σκηνώματι,
2901 4139 3043 4199 σῶος
3091 4135 3242 4199 αὖθις
3294 4135 3356 4191 ἐκ
3411 4131 3762 4208 κολοὸόχειρος

2154 4220 2379 4297 γίνεται.
2412 4221 2725 4279 Ἐπίσταται
2757 4223 2856 4298 γὰρ
2888 4223 2960 4286 ὡς
3011 4223 3079 4280 τά
3125 4223 3317 4280 πολλά
3375 4224 3464 4280 καί
3498 4223 3760 4299 περίστασις

2159 4317 2273 4366 σῶα
2320 4312 2408 4367 καὶ
2459 4315 2704 4386 σωτήρια
2762 4314 2908 4369 κῦειν
2967 4313 3342 4390 βουλεύματα.
3402 4315 3550 4373 Ἀλλ’
3591 4311 3664 4369 ἐπὶ
3711 4310 3758 4364 τὸ

2155 4399 2513 4476 προκείμενον
2537 4399 3052 4476 παλινοστήσωμεν.

2231 4486 2314 4544 ιδ’.
2351 4491 2622 4552 Ἐντεῦθεν
2651 4491 2786 4566 πρὸς
2819 4491 2917 4560 τήν
2979 4492 3305 4566 Γεθσημανή
3359 4494 3460 4564 τὴν
3505 4490 3761 4566 ἱερωτάτην

2154 4580 2462 4653 κατάγεται*
2497 4577 2662 4634 πάλιν
2709 4601 2766 4635 τε
2825 4580 3098 4655 ἀσπασμοί
3160 4581 3248 4636 καὶ
3307 4578 3646 4657 περιπλοκαί,
3694 4573 3763 4630 καί

2156 4665 2322 4723 πάλιν
2379 4665 2626 4744 ἐγκώμια
2660 4713 2674 4738 ,
2743 4670 2906 4744 ὕμνοι
2957 4671 3143 4745 ἱεροὶ,
3192 4671 3282 4726 καὶ
3341 4672 3652 4742 ἀνακλήσεις
3693 4663 3761 4721 καὶ

2157 4757 2379 4832 δάκρυα,
2413 4758 2463 4830 ἐξ
2493 4759 2730 4836 ἀγωνίας
2760 4762 2850 4816 καὶ
2894 4762 3064 4817 πόθου
3121 4763 3342 4838 κρουνοὶ
3402 4761 3635 4837 ἱδρώτων
3687 4776 3762 4811 πε·

2156 4847 2520 4926 ριῤῥεόμενον
2608 4854 2695 4906 καί
2779 4856 2890 4928 (50)
2978 4855 3044 4923 ἦν
3104 4851 3235 4908 ἰδεῖν
3291 4852 3527 4928 ἱδρῶτας
3581 4844 3756 4907 καῖδᾶ-

2153 4959 2291 5012 κρυα
2342 4943 2458 5001 τοῖς
2516 4939 2783 5014 χεύμασιν
2845 4941 3212 5016 ἀμιλλώμενα
3247 4987 3259 4998 .
3341 4944 3444 5000 Καὶ
3507 4941 3664 5002 οῦτως
3708 4933 3756 4989 τὸ

2157 5025 2421 5094 πανάγιον
2483 5032 2641 5100 σῶμα
2705 5030 2785 5101 τῷ
2843 5029 3166 5086 πανευκλεεῖ
3220 5030 3308 5087 καῖ
3371 5033 3623 5107 ὑπερφυεῖ
3675 5029 3763 5096 (51)

2160 5113 2455 5179 ἐπιτίθεται
2517 5118 2811 5189 μνήματι·
2867 5119 3148 5183 κάντεῦθεν
3212 5125 3458 5194 τριταῖον
3517 5117 3640 5192 πρὸς
3689 5111 3765 5166 οὖ-

2159 5203 2368 5277 ρανίους
2438 5201 2644 5277 δόμους
2716 5208 3093 5282 μετεωρίζεται
3138 5254 3150 5266 .
3243 5208 3394 5267 Ἔδει
3476 5210 3574 5283 γάρ
3627 5205 3761 5259 τοῦτο

2155 5288 2216 5344 τὸ
2245 5291 2539 5366 θεοπρεπὶς
2573 5287 2899 5367 ἐνδιαίτημα
2953 5297 3055 5364 τήν
3112 5295 3403 5370 ἀνόρυκτον
3457 5293 3633 5370 πηγὴν
3681 5286 3760 5344 τοῖν

2157 5387 2255 5451 τῆς
2289 5379 2526 5459 ἀφέσεως
2559 5380 2775 5453 ὕδατος,
2819 5386 2920 5455 τὴν
2970 5384 3240 5462 ἀνήροτον
3294 5384 3532 5464 ἄρουραν
3562 5387 3649 5441 τοῦ
3686 5401 3762 5434 ου-

2232 5581 2352 5646 (50)
2384 5581 2609 5636 Desunt
2627 5581 2755 5638 haec
2782 5581 2844 5638 in
2866 5584 2934 5639 Β.

2232 5580 2352 5723 (5οἰ
2384 5581 2609 5636 Desunt
2627 5581 2711 5638 hm

2226 5651 2313 5722 (51
2367 5652 2436 5710 Β.
2467 5649 2711 5730 ὀπερυεῖ.
