3958 6198
140 324 233 378 745

1048 329 1356 384 HOMILIA
1391 329 1444 381 ΙΙ
1482 329 1558 382 IN
1595 327 2105 384 DORMITIONEM
2140 330 2206 382 B.
2248 331 2315 383 ν.
2356 331 2627 386 MABIE.

3425 333 3532 389 746

141 447 425 522 ριτωμὲνη,
459 447 486 502 ὁ
517 445 716 522 Κύριος
777 449 911 521 μετά
966 453 1083 507 σοῦ.
1144 451 1333 526 Χαῖρε,
1378 450 1440 504 τὸ
1465 455 1565 518 τῆς
1597 455 1770 523 χαρᾶς

1920 469 2068 526 igus.
2103 457 2239 521 Ave,
2269 455 2446 509 unica
2472 453 2738 509 mmroris
2768 452 3123 508 obliteratio.
3166 455 3303 520 Ave,
3355 459 3534 526 phar—

141 534 469 605 ἀδαπάνητον
517 536 784 613 πέλαγος.
846 539 1038 612 Χαῖρε,
1091 539 1154 594 τὸ
1216 540 1383 612 μόνον
1434 545 1534 608 τῆς
1594 537 1774 607 λύπης

139 625 493 700 ἐξαλειπτρον.
555 626 810 700 Χαίροις,
885 630 1066 699 πάσης
1137 626 1365 704 καρδίας
1433 626 1772 683 ἀκεσώδυνον

140 714 427 790 φάρμακον.
459 717 723 791 Χαίροις,
779 714 847 771 δι’
894 720 961 787 ἧς
1019 721 1351 793 παρωθεῖται
1391 719 1486 792 μὲν
1522 717 1771 786 θάνατος,

140 807 169 874 ἡ
200 802 252 859 δὲ
283 806 394 874 ζωὴ
429 806 856 879 εἷσκεκόμισται.

202 895 280 963 ιζ“.
344 894 442 965 Σὺ,
503 892 548 948 ὦ
603 894 788 970 τάφων
842 894 1001 970 ἱερῶν
1059 895 1337 972 ἱερώτατε,
1397 899 1533 971 μετά
1582 917 1645 972 γε
1680 897 1771 951 τὸν

139 983 427 1058 ζωαρχικὸν
453 988 552 1038 τοῦ
583 983 858 1039 Δεσπότου
1063 986 1250 1062 τάφον,
1294 985 1352 1048 ὅς
1383 987 1534 1061 πηγὴ
1569 985 1771 1060 ὑπῆρξε

131 1076 218 1136 τῆς
270 1072 625 1134 ἀναστάσεωςο
685 1073 761 1138 ὡς
806 1075 906 1149 γάρ
965 1072 1212 1149 ἐμῳύχῳ
1277 1096 1361 1129 σοι
1424 1072 1767 1147 διαλέξομαι.

131 1165 223 1215 πού
250 1162 452 1236 χρυσὸς
486 1163 513 1216 ὁ
547 1157 872 1232 ἀκίϐδηλος,
922 1163 978 1216 δν
1035 1163 1356 1219 ἀποστόλων
1385 1170 1568 1240 χεῖρες
1596 1163 1648 1218 ἐν
1682 1163 1765 1219 σοὶ

130 1249 514 1324 ἔθησαύρισαν;
576 1256 686 1305 ποῦ
743 1250 982 1314 πλοῦτος
1043 1253 1071 1306 ὁ
1133 1250 1516 1324 ἀδαπάνητοςς
1571 1257 1676 1307 ποῦ
1704 1254 1765 1308 τὸ

128 1337 369 1414 θεοδόχον
403 1337 702 1412 κειμήλιον
731 1367 746 1409 ;
792 1345 897 1394 πού
940 1343 974 1410 ἡ
1023 1339 1273 1418 ἔμψυχος
1310 1342 1568 1416 τράπεζα,
1601 1346 1705 1397 πού
1737 1344 1765 1396 ὁ

124 1429 293 1492 καινὸς
315 1427 513 1502 τόμος,
573 1428 625 1484 ἐν
676 1430 722 1501 ᾧ
771 1430 1060 1508 ἀφράστως
1109 1432 1137 1485 ὁ
1188 1431 1315 1493 Θεὸς
1362 1433 1536 1508 Λόγος
1571 1433 1764 1506 χειρὸς

125 1517 226 1573 ἄνευ
256 1519 616 1592 ἐγγέγραπται
647 1538 660 1586 ;
693 1523 800 1573 ποῦ
846 1522 881 1590 ἡ
925 1527 1027 1589 τῆς
1079 1521 1307 1596 χάριτος
1349 1516 1622 1590 ἄϐυσσος;
1654 1526 1760 1576 ποῦ

122 1612 214 1661 τῶν
246 1607 489 1678 ἰαμάτων
539 1608 604 1662 τὸ
660 1605 941 1682 πέλαγος;
999 1612 1106 1663 ποῦ
1163 1611 1198 1678 ἠ
1261 1610 1536 1679 ζωοτόκος
1564 1612 1758 1684 πηγή;

125 1702 216 1751 πού
240 1698 301 1751 τὸ
329 1696 723 1767 πολυπόθητον
779 1702 939 1770 σῶμα
992 1705 1094 1766 τῆς
1148 1694 1413 1753 Θεοτὸκου
1460 1698 1548 1753 καὶ
1581 1700 1759 1754 πολυ-

125 1788 364 1859 ipsum;
418 1785 482 1843 Τί
543 1791 755 1856 ζητεῖτε
815 1785 866 1840 ἐν
919 1788 1074 1864 τάφῳ
1131 1789 1231 1856 τήν
1270 1789 1503 1862 πρὸςτά
1532 1787 1760 1862 οὐράνια
1793 1828 1840 1892 Β

129 1877 560 1950 μετεωρισθεῖσαν
595 1876 968 1948 σκηνώματας
1017 1876 1078 1930 Τί
1131 1898 1196 1949 με
1241 1885 1342 1946 τῆς
1396 1883 1599 1954 φθορᾶς
1643 1883 1758 1952 (57)

127 1966 329 2029 εὐθύνας
361 1964 699 2039 εἷσπράττεις
727 1985 741 2034 ;
793 1962 856 2020 οὔ
915 1986 1006 2038 μοι
1053 1963 1283 2038 δύναμις
1320 1972 1436 2028 τοῖς
1468 1967 1633 2029 θείοις
1665 1968 1757 2021 ἀν-

127 2055 349 2109 τιτείνειν
409 2054 764 2128 κελεύσμασι.
842 2056 952 2116 Τάς
1028 2053 1277 2118 σινδόνας
1339 2054 1639 2110 καταλιπὸν
1696 2057 1758 2111 τὸ

130 2147 263 2216 σῶμα
293 2145 354 2198 τὸ
383 2144 530 2218 ἱερόν
561 2164 621 2198 τε
650 2145 743 2197 καί
775 2143 952 2217 ἃγιον,
975 2146 1066 2197 καὶ
1101 2165 1194 2216 μοι
1225 2148 1324 2199 τοῦ
1354 2145 1628 2220 ἁγιασμοῦ
1663 2165 1760 2218 με-

123 2229 433 2302 ταδεδωκὸς,
460 2232 551 2287 καὶ
588 2232 784 2307 μύρου,
809 2232 899 2286 καὶ
923 2229 1152 2294 εὐωδίας
1181 2239 1412 2302 ποιῆσαν
1448 2229 1758 2304 ἀναπλεων,

125 2321 195 2374 καί
224 2323 362 2376 θεῖον
421 2319 863 2395 ἀπεργασάμενον
917 2321 1164 2393 τέμενος,
1225 2322 1561 2393 ἀνάρπαστον
1604 2319 1761 2396 οἷ’χε-

123 2432 214 2480 ται,
270 2410 694 2489 δορυφορούτων
753 2411 1020 2489 ἀγγέλων,
1079 2412 1169 2468 καὶ
1223 2413 1609 2488 ἀρχαγγὲλων,
1665 2413 1753 2468 καὶ

125 2506 286 2555 πασῶν
314 2507 425 2556 τῶν
461 2501 732 2576 οὐρανίων
767 2498 1071 2574 δυνάμεων.
1118 2505 1228 2559 Νῦν
1285 2500 1384 2574 ἐμὲ
1413 2502 1760 2577 περίεπουσιν

124 2589 356 2664 ἄγγελοι.
386 2591 496 2646 Νὖν
531 2590 583 2644 ἐν
617 2589 738 2663 ἐμοὶ
791 2589 906 2644 θεία
951 2590 1114 2665 χάρις
1163 2588 1462 2658 αὐλίζεται.
1498 2590 1636 2664 Ἐγὼ
1664 2612 1757 2644 νο-

129 2684 285 2734 σοῦσιν
329 2679 563 2754 ἰατρεῖον
610 2678 934 2749 ἀλεξίπονον
967 2680 1204 2755 πὲιρηνα.
1241 2677 1380 2752 Ἐγὼ
1410 2680 1561 2754 πηγή
1597 2679 1758 2750 ἰαμά-

123 2789 214 2822 των
241 2767 486 2830 ἀένναος.
522 2767 672 2842 Ἐγὼ
704 2765 980 2840 δαίμόνων
1027 2767 1395 2842 ἀλεξιτήριον.
1432 2768 1570 2842 Ἐγὼ
1595 2766 1759 2828 πόλις

127 2857 549 2933 ουγαδευτηρίου
628 2863 745 2920 τοῖς
830 2858 1236 2936 προσφεύγουσι
1288 2859 1519 2934 πέφυκα.
1582 2861 1759 2932 ΙΙροσ-

125 2946 285 3011 ἔλθετε
313 2950 523 3015 πίστει,
552 2946 702 3015 λαοὶ,
729 2948 821 3002 καὶ
847 2944 1174 3020 ποταμηδὸν
1207 2946 1472 3022 ἀρύσασθε
1499 2947 1566 3000 τά
1596 2946 1758 3021 χαρί-

125 3058 299 3108 σματα.
329 3034 683 3109 Ἀδιάκριτον
729 3037 827 3104 τὴν
859 3035 1038 3091 πίστιν
1079 3034 1404 3109 κεκτημένοι
1437 3033 1752 3110 προέλθετε.

123 3126 179 3180 Οἱ
230 3124 492 3199 διψῶντες
548 3125 631 3201 ἐφ’
703 3122 850 3199 ὕδωρ
929 3125 1242 3200 πορεύεσθε,
1301 3121 1527 3188 Ἡσαΐας
1581 3144 1754 3199 παρα-

1886 560 2118 598 macum
2151 544 2416 599 dolorem
2452 561 2520 600 ex
2549 544 2710 599 omni
2752 544 2928 598 corde
2973 543 3224 614 pellens.
3260 545 3397 610 Ave,
3431 563 3534 616 per

1885 649 2065 703 quam
2096 649 2256 688 mors
2286 633 2531 704 expulsa
2563 639 2670 702 est,
2701 634 2820 688 vita
2844 639 3042 688 autem
3074 633 3410 704 importata.

1955 902 2040 954 17.
2073 902 2199 955 1am
2229 918 2388 968 vero,
2413 918 2445 955 o
2471 917 2776 956 sacrorum
2797 902 3066 956 omnium
3095 901 3528 973 sepulcrorum,

1881 986 2091 1042 saltem
2123 994 2256 1060 post
2281 990 2513 1044 Domini
2548 991 2908 1060 sepulcrum,
2943 991 3100 1060 quod
3129 993 3258 1045 vita)
3290 992 3528 1046 initium

1879 1075 2061 1144 dedit,
2095 1079 2674 1150 resurrectionisque
2706 1080 2838 1134 fons
2880 1081 3010 1144 fuit,
3063 1081 3528 1136 sacratissimum

1878 1167 2097 1235 (tecum
2121 1169 2280 1224 enim
2305 1175 2588 1240 tanquam
2611 1169 2942 1224 animatum
2962 1185 3139 1232 esses,
3168 1169 3312 1223 mihi
3333 1187 3528 1224 sermo

1877 1257 2029 1325 erit),
2063 1258 2164 1312 ubi
2197 1258 2437 1314 tandem
2468 1259 2618 1314 illud
2651 1260 2948 1314 sincerum
2981 1275 3192 1314 aurum
3226 1265 3332 1325 est,
3367 1259 3526 1329 quod

1874 1347 2276 1415 apostolorum
2306 1365 2520 1403 manus
2550 1350 2610 1403 in
2645 1355 2697 1403 te
2745 1349 3188 1403 condiderunt?
3219 1349 3316 1402 ubi
3351 1349 3523 1403 inex-

1873 1433 2098 1489 haustre
2115 1453 2256 1507 opes
2269 1437 2295 1490 ?
2311 1437 2406 1490 ubi
2423 1438 2747 1507 pretiosum
2763 1438 3007 1499 monile,
3028 1438 3183 1506 quod
3199 1438 3248 1491 vi
3261 1445 3377 1492 tam
3393 1455 3526 1492 sus-

1874 1524 2076 1594 cepit?
2105 1525 2205 1578 ubi
2238 1525 2502 1580 animata
2530 1527 2779 1580 mensa?
2806 1527 2906 1580 ubi
2955 1543 3142 1580 novus
3193 1533 3408 1594 tomus,
3460 1527 3524 1580 in

1871 1630 1987 1683 quo
2004 1613 2289 1668 ineffabili
2316 1615 2543 1669 ratione
2564 1617 2716 1669 Deus
2735 1615 2988 1669 Verbum
3006 1616 3155 1669 citra
3170 1631 3378 1669 manus
3392 1632 3525 1685 ope-

1869 1719 1996 1756 ram
2027 1703 2349 1774 inscriptus
2381 1703 2513 1758 est?
2545 1703 2641 1758 ubi
2676 1705 2877 1775 gratiae
2899 1704 3150 1774 abyssus
3174 1704 3199 1758 ?
3220 1704 3319 1758 ubi
3345 1720 3523 1758 sana-

1870 1792 2100 1846 tionurn
2125 1793 2369 1864 pelagus
2391 1791 2418 1846 ?
2439 1792 2538 1846 ubi
2560 1793 2691 1847 fons
2715 1808 2785 1846 ex
2811 1810 2926 1863 quo
2951 1793 3065 1847 vita
3087 1798 3250 1863 parta
3274 1793 3401 1847 est?
3420 1793 3523 1846 ubi

1871 1880 2129 1952 denique
2162 1881 2632 1936 sacratissimum
2657 1881 2804 1935 illud
2821 1887 2996 1952 atque
3016 1882 3519 1936 amabilissimum

1871 1985 2084 2040 corpus
2116 1969 2218 2023 Dei
2251 1968 2564 2022 Genitricis
2587 1968 2614 2023 ?
2642 1968 2788 2032 Quid
2811 1985 2941 2022 eam
2974 1969 3035 2022 in
3067 1969 3339 2040 sepulcro
3362 1986 3522 2039 quaa-

1869 2058 2022 2125 ritis,
2052 2075 2182 2128 qua:
2214 2057 2287 2112 ad
2319 2057 2584 2112 caelestia
2608 2056 2996 2111 tabernacula
3025 2057 3179 2111 elata
3206 2057 3341 2112 est?
3371 2058 3522 2122 Quid

1871 2147 2154 2200 custodiae
2186 2147 2478 2201 rationem
2510 2162 2544 2200 a
2573 2161 2668 2199 me
2702 2145 3063 2216 exposcitis?
3105 2162 3224 2199 non
3257 2163 3339 2199 ea)
3373 2163 3520 2200 mea)

1869 2235 2044 2302 vires,
2069 2241 2134 2290 ut
2155 2235 2568 2306 divinisjussis
2589 2234 2866 2290 relucter.
2887 2235 3113 2289 Relicta
3134 2235 3406 2300 sindone,
3427 2251 3520 2289 sa-

1870 2342 2036 2380 crum
2051 2325 2199 2380 illud
2213 2331 2272 2379 et
2287 2331 2561 2380 sanctum
2585 2341 2799 2396 corpus
2814 2325 2970 2395 quod
2990 2325 3365 2380 sanctitatem
3391 2341 3518 2378 me-

1869 2429 2003 2469 cum
2027 2415 2503 2477 communicavit,
2529 2431 2743 2484 meque
2766 2420 3068 2484 unguento
3087 2418 3146 2468 et
3172 2414 3518 2468 suavissimo

1869 2504 2049 2559 odore
2068 2505 2354 2575 implevit,
2376 2521 2444 2559 ac
2471 2503 2734 2558 divinum
2759 2503 3076 2558 delubrum
3097 2505 3292 2558 eﬂ‘ecit
3313 2521 3324 2557 :
3348 2503 3521 2558 abre-

1867 2599 2035 2664 ptum
2067 2594 2207 2648 hinc
2238 2610 2473 2648 sursum
2505 2592 2672 2658 abiit,
2705 2593 3065 2663 stipantibus
3087 2593 3314 2665 angelis
3349 2599 3522 2647 etar-

1867 2682 2196 2754 changelis,
2222 2682 2617 2751 omnibusque
2648 2681 2932 2736 caelorum
2964 2682 3298 2735 virtutibus.
3353 2684 3519 2736 Nunc

1868 2788 1962 2826 me
1982 2771 2176 2842 angeli
2198 2771 2348 2826 879
2366 2771 2698 2824 observant.
2725 2771 2890 2824 Nunc
2908 2771 2970 2824 in
2997 2785 3090 2823 me
3116 2770 3315 2823 divina
3331 2771 3520 2841 gratia

1866 2860 2112 2915 habitat.
2146 2862 2260 2932 Ego
2292 2859 2532 2914 ofﬁcina
2563 2859 2872 2913 medicina)
2896 2858 3318 2930 aegrotantibus
3339 2858 3515 2912 evasi.

1865 2952 1981 3021 Ego
2015 2949 2146 3003 fons
2179 2949 2501 3003 sanitatum
2535 2948 2840 3018 perennis.
2877 2949 2990 3018 Ego
3016 2947 3354 3001 daemonum
3383 2963 3520 3017 pro-

1865 3039 2229 3111 fligatio.Ego
2252 3038 2324 3092 iis
2339 3037 2440 3108 qui
2459 3038 2533 3092 ad
2547 3054 2640 3093 me
2665 3037 3031 3108 confugiunt,
3059 3035 3261 3090 civitas
3287 3034 3518 3106 refugii.

1867 3127 2539 3198 Accedite,populi,cum
2557 3126 3088 3197 ﬁde,etgratiarum
3105 3125 3260 3179 dona
3274 3125 3521 3178 affluen-

117 3217 393 3286 κελεύεται,
452 3214 544 3269 καὶ
618 3214 767 3276 ὅσοις
842 3214 941 3268 οὐκ
1012 3210 1157 3268 ἔστιν
1215 3213 1499 3288 ἀργύριον,
1557 3233 1753 3288 πορευ-

1920 3218 2094 3272 ssime
2118 3216 2371 3271 haurite.
2398 3215 2698 3276 Accedite,
2721 3216 2822 3285 qui
2844 3215 2958 3269 ﬁde
2980 3215 3222 3268 minime
3247 3214 3522 3284 ambigua

121 3303 270 3366 θέντες
325 3307 632 3381 ἀγοράσατε
719 3301 840 3358 ἄνευ
922 3310 1114 3376 τιμῆς.
1176 3302 1320 3377 Ἐγὼ
1386 3308 1545 3357 πᾶσιν
1602 3303 1756 3379 εὐαγο

119 3391 330 3462 γελικῶς
388 3393 752 3467 ἀνακεκραγΥ
831 3394 893 3448 Ὀ
975 3389 1147 3465 διψῶν
1203 3390 1530 3464 νοσημάτων
1593 3391 1755 3461 ἰάσιν,

119 3482 342 3556 ψυχικῶν
433 3488 625 3547 παθῶν
715 3480 1127 3556 ἀπολύτρωσιν,
1203 3478 1616 3555 ἁμαρτημάτων
1677 3480 1759 3552 ἐξ·

120 3571 343 3645 άλειῳιν,
365 3573 645 3628 παντοίων
670 3570 945 3648 ἐπιφορῶν
971 3570 1360 3646 ἀλλοτρίωσιν,
1394 3570 1632 3644 ούρανῶν
1663 3571 1758 3644 βα-

124 3663 305 3725 σιλείας
343 3664 675 3733 ἀνάπαυσιν,
725 3661 903 3716 πίστει
954 3659 1344 3736 προσερχὲσθω
1378 3659 1514 3734 πρὸς
1550 3680 1634 3732 με,
1667 3660 1757 3714 καὶ

122 3751 380 3826 ἀρυσάσθω
449 3752 667 3829 ῥεῖθρον
749 3752 848 3820 τής
934 3749 1164 3826 χάριτος
1222 3746 1611 3821 πολυδύναμον
1666 3748 1755 3803 καὶ

123 3842 520 3919 πολύχρηστον.
579 3846 748 3918 ’Ὡπερ
824 3841 925 3916 γάρ
996 3844 1094 3896 τοῦ
1167 3837 1362 3901 ὕδατος
1429 3841 1463 3908 ἡ
1523 3837 1759 3915 ἐνέργεια

121 3931 248 4002 ἁπλῆ
301 3935 388 3988 καὶ
460 3931 564 4006 μία
619 3930 985 4006 τυγχάνουσα,
1043 3930 1117 3991 ὡς
1178 3926 1235 3983 δὲ
1282 3931 1383 4004 γῆς
1441 3928 1529 3982 καί
1575 3928 1753 4003 ἀὲρος,

117 4023 193 4075 καὶ
219 4028 308 4077 τοῦ
337 4026 640 4099 παμφαοῦς
699 4019 888 4090 ἡλίου,
951 4017 1158 4091 ἑκάστῳ
1207 4022 1313 4072 τῶν
1353 4015 1603 4091 μετόχων
1639 4015 1755 4073 δια-

122 4111 281 4187 φόρως
308 4114 448 4185 πρὸς
509 4111 574 4166 τὸ
632 4107 1024 4179 κατάλληλλον
1079 4114 1179 4178 τῆς
1237 4108 1444 4185 φύσεως
1481 4103 1754 4180 μεταϐάλ-

120 4199 272 4271 λεται,
300 4203 390 4257 καὶ
421 4200 635 4276 γίνεται
667 4199 719 4254 ἐν
777 4197 1013 4271 ἀμπέλῳ
1075 4198 1170 4270 μὲν
1231 4199 1398 4261 οἶνος.
1431 4197 1482 4253 ἐν
1516 4197 1670 4268 ἐλαίᾳ
1700 4195 1756 4252 δὲ

118 4284 296 4344 ἔλαιον*
329 4293 478 4347 οὕτω
511 4290 602 4344 καὶ
635 4291 669 4357 ἡ
705 4289 891 4364 χάρις,
925 4287 1076 4356 ἀπλῆ
1126 4288 1214 4342 καὶ
1269 4287 1363 4358 μία
1391 4289 1752 4364 τυγχάνουσα,

115 4378 362 4443 ποικίλως
421 4379 520 4436 καὶ
575 4376 859 4452 ἀναλόγως
912 4378 1048 4450 πρὸς
1127 4378 1224 4445 τήν
1285 4376 1510 4431 ἑκάστου
1564 4378 1752 4452 χρείαν

115 4465 358 4544 εύεργετεῖ
385 4469 520 4530 τοὺς
559 4468 912 4541 μετέχοντας.
955 4464 1071 4522 Οὐκ
1126 4463 1177 4536 ἐξ
1228 4464 1430 4526 οἰκείας
1461 4466 1558 4534 τήν
1591 4467 1752 4541 χάριν

113 4555 364 4630 κέκτημαι
417 4558 656 4636 φύσεως.
716 4555 895 4631 Τάιρος
951 4554 1091 4615 ἄπας
1149 4552 1415 4616 δυσωδίας
1447 4553 1753 4623 ἀνάπλεως,

112 4645 392 4723 κατηφείας
450 4646 737 4719 πρόξενος,
800 4642 1136 4722 εὐφροσύνης
1191 4643 1510 4700 ἀντίπαλος.
1571 4642 1757 4718 Μύρον

111 4733 409 4808 πολύτιμον
445 4732 737 4808 δέδεγμαι,
765 4732 855 4788 καὶ
894 4739 994 4802 τῆς
1050 4729 1282 4793 εὐωδίας
1316 4733 1640 4811 μετείληφα,
1673 4732 1762 4788 καὶ

117 4822 171 4876 τό
202 4824 366 4896 μύρον
399 4825 579 4886 οὕτως
613 4819 812 4884 εύῶδες
859 4821 949 4876 καὶ
999 4818 1454 4895 δραστικώτατον,
1491 4823 1563 4884 ὡς
1598 4826 1767 4896 μικρᾷ

119 4916 390 4988 παραθέσει
447 4913 806 4991 ἀναφαίρετον
869 4908 1218 4987 δωρήσασθαι
1273 4912 1371 4979 τήν
1434 4910 1762 4985 μετάληψιν·

120 5000 502 5076 ἀμεταμέλητα
553 5002 656 5078 γάρ
717 4996 890 5062 ὅντως
945 5001 1013 5054 τά
1071 5005 1179 5064 θεῖν
1212 5001 1548 5076 χαρίσματα·
1583 5000 1765 5076 πηγὴν

122 5089 443 5168 εὐφροσύνης
505 5091 734 5163 ἐξένισα,
786 5087 876 5145 καὶ
934 5087 1133 5160 ταύτης
1191 5088 1405 5144 ἀὲνναον
1450 5087 1767 5158 ἐπλούτησα

121 5181 207 5248 τὴν
236 5178 488 5237 ἀναὸλυισ
499 5203 566 5238 ιν.

1868 3309 2031 3371 estis,
2064 3309 2342 3373 Sitientes,
2374 3313 2554 3361 venite
2593 3305 2667 3359 ad
2695 3322 2888 3374 aquas,
2923 3304 3268 3359 exhortatur
3297 3304 3518 3369 Esaias,

1868 3403 1918 3451 et
1949 3399 2045 3466 qui
2092 3412 2203 3450 non
2238 3396 2451 3449 habetis
2493 3401 2804 3464 argentum,
2855 3395 3052 3458 venite,
3103 3400 3156 3447 et
3200 3395 3360 3447 emite
3405 3394 3521 3446 sine

1861 3489 2046 3556 pretio
2067 3485 2127 3539 ⁸⁵.
2165 3487 2279 3557 Ego
2303 3483 2596 3539 universis
2629 3483 2962 3555 evangelice
2986 3483 3176 3537 clamo
3204 3499 3215 3535 :
3241 3481 3522 3552 Quisquis

1868 3575 2214 3629 morborum
2246 3574 2619 3628 sanationem
2653 3573 2800 3638 sitit,
2849 3572 3129 3627 vitiorum
3179 3572 3364 3626 animi
3408 3571 3519 3625 de-

1868 3664 2228 3735 pulsionem.
2248 3667 2626 3734 peccatorum
2645 3661 3103 3727 abstersionem,
3120 3676 3524 3731 quarumcum-

1868 3770 1982 3823 que
2013 3751 2419 3806 calamitatum
2456 3750 2918 3819 submotionem,
2944 3749 3110 3822 regni
3140 3749 3396 3805 coalestis
3427 3765 3525 3803 re-

1869 3842 2088 3913 quiem,
2111 3841 2185 3896 ad
2199 3858 2292 3896 me
2305 3857 2440 3895 cum
2457 3840 2570 3895 ﬁde
2585 3839 2800 3906 veniat,
2820 3840 3164 3910 donumque
3177 3839 3380 3912 gratiae
3396 3838 3526 3894 efﬁ-

1866 3931 2243 3988 cacissimum
2262 3936 2437 4001 atque
2457 3930 2844 3985 utilissimum
2869 3930 3195 3984 exhauriat.
3221 3928 3518 3994 Quemad-

1865 4022 2107 4076 modum
2123 4021 2282 4075 enim
2295 4036 2464 4090 aqum
2485 4019 2668 4074 virtus
2688 4025 2746 4074 et
2767 4020 2941 4083 actio,
2970 4025 3034 4074 ut
3050 4025 3108 4074 et
3131 4025 3302 4073 terra)
3327 4019 3510 4072 aeris-

1866 4127 2003 4181 que,
2026 4108 2570 4181 acsplendidissimi
2589 4109 2750 4172 solis,
2774 4109 3025 4180 simplex
3045 4108 3372 4175 licetatque
3398 4122 3519 4159 una

1866 4200 1942 4254 sit
1969 4199 2123 4254 varie
2137 4204 2336 4254 tamen
2350 4203 2408 4252 et
2421 4197 2743 4253 secundum
2761 4215 2962 4252 earum
2982 4213 3177 4251 rerum
3192 4212 3321 4265 quae
3338 4195 3526 4265 ipsius

1864 4289 2186 4360 participes
2219 4293 2379 4355 sunt,
2413 4293 2687 4342 naturam
2709 4286 3080 4349 immutatur,
3109 4285 3291 4354 ﬁtque
3326 4284 3385 4337 in
3408 4284 3524 4336 vite

1865 4377 2112 4449 quidem
2144 4377 2368 4439 vinum,
2405 4377 2466 4429 in
2498 4376 2650 4430 oliva
2673 4375 2912 4439 oleum;
2947 4374 3027 4426 ita
3055 4389 3292 4443 quoque
3316 4373 3524 4444 gratia,

1867 4465 2403 4538 quamvissimplex
2418 4471 2476 4520 et
2493 4481 2610 4519 una
2629 4463 2888 4520 sit.varie
2910 4467 3108 4517 tamen
3123 4468 3297 4532 etpro
3321 4462 3529 4516 unius-

1868 4557 2160 4628 cujusque
2175 4555 2452 4614 utilitate,
2470 4571 2570 4609 eos
2587 4571 2620 4608 a
2639 4553 2854 4624 quibus
2877 4551 3527 4624 percipitur.beneﬁcio

1870 4646 2074 4701 afﬁcit.
2111 4647 2226 4700 Nec
2257 4661 2392 4699 vero
2424 4647 2672 4716 gratiam
2698 4644 2850 4698 hanc
2873 4661 2907 4698 a
2926 4659 3057 4698 mea
3079 4648 3292 4697 natura
3313 4641 3525 4696 habeo.

1873 4734 2222 4806 Sepulcrum
2235 4750 2409 4788 omne
2432 4734 2616 4788 fetore
2641 4733 2885 4804 plenum
2908 4738 3018 4796 est,
3039 4731 3308 4787 mwroris
3327 4747 3524 4798 causa,

1876 4823 2164 4880 etlmtitiaa
2188 4823 2395 4879 hostis.
2421 4824 2637 4877 Verum
2658 4822 2988 4893 pretiosum
3006 4825 3375 4892 unguentum
3398 4835 3527 4874 sus-

1875 4915 2026 4985 cepi,
2061 4930 2132 4968 ex
2163 4931 2278 4984 quo
2306 4913 2499 4967 suavis
2525 4912 2671 4966 odor
2701 4911 2846 4965 mihi
2871 4911 3210 4981 impertitus
3233 4914 3322 4964 est
3346 4924 3359 4964 :
3385 4909 3525 4962 hoc-

1878 5019 1992 5073 que
2021 5007 2390 5073 unguentum
2423 5018 2492 5056 ea
2523 5001 2808 5056 suavitate
2833 5005 3114 5069 tantaque
3136 4999 3187 5052 vi
3213 4997 3529 5070 prmditum

1879 5097 1986 5160 est,
2021 5096 2085 5144 ut
2104 5090 2196 5144 vel
2221 5089 2430 5144 leviter
2446 5089 2774 5154 admotum,
2794 5089 3054 5143 fructum
3073 5087 3363 5159 ejusmodi
3389 5087 3530 5141 aﬁ‘e-

1879 5185 1989 5248 rat,
2023 5178 2180 5250 quod
2204 5177 2424 5232 auferri
2458 5194 2577 5232 non
2605 5177 2811 5248 possit.
2841 5175 2974 5231 Sine
3001 5177 3349 5247 paznitentia
3370 5175 3532 5231 enim

123 5279 245 5329 sunt
267 5274 475 5330 divina
506 5273 667 5329 dona
689 5270 754 5328 9⁸.
785 5269 994 5327 Gaudii
1023 5268 1250 5326 fontem
1280 5270 1539 5342 hospitia
1569 5270 1793 5342 excepi,
1825 5268 2222 5342 perennisque
2253 5267 2431 5339 hujus
2463 5266 2843 5338 scaturiginis
2871 5265 3091 5322 divitiis
3115 5265 3316 5323 afﬁuo.

187 5462 227 5497 ⁸⁸
253 5464 363 5521 Isa.
396 5481 492 5534 ιγ,
530 5464 579 5516 1.
655 5461 700 5498 ’³
729 5462 897 5517 Rom.
930 5475 988 5528 II,
1020 5462 1108 5514 29.

187 5675 290 5747 (56)
322 5675 391 5731 Ρι.
423 5668 660 5746 Κυρίου.

390 5795 670 5854 Panos.
715 5787 828 5851 Gn.
873 5787 1084 5850 XCVI.

1951 5666 2064 5738 (57)
2095 5669 2159 5723 Β.
2195 5665 2422 5741 φθορᾶς.
3166 5730 3169 5734 η

3171 5785 3250 5845 24
