3926 6200
475 286 578 340 751

467 413 550 464 ita
573 408 823 476 affectus,
858 410 916 459 ut
944 421 1064 460 cum
1094 404 1176 459 his
1206 419 1327 474 quae
1357 403 1607 468 canebat,
1639 401 1927 472 copulatus
1967 400 2120 455 vide-
2153 408 2204 468 Α
2234 417 2372 467 τητα
2445 401 2546 471 τῆς

476 505 649 564 retur,
685 496 830 549 etab
863 495 1112 548 omnibus
1157 496 1254 564 qui
1300 495 1478 563 ipsum
1528 492 1827 546 audiebant
1872 497 1923 545 et
1970 490 2121 544 vide-

486 588 635 643 bant,
667 592 717 638 et
749 584 966 653 quibus,
999 586 1110 638 sive
1137 589 1321 645 notus,
1354 585 1464 636 sive
1485 584 1704 650 ignotus
1733 587 1870 646 erat,
1892 581 2123 634 Numine

474 681 756 744 correptus
787 675 1114 742 diuinusque
1147 673 1317 742 plane
1368 672 1694 741 hymnorum
1724 676 1918 724 auctor
1946 684 2130 722 cense-

469 771 642 819 ret-ur.
675 765 828 828 Quod
858 770 1038 818 autem
1070 763 1136 817 de
1168 762 1250 817 his
1282 778 1402 832 qua
1443 763 1628 816 divine
1654 761 1768 815 illic
1799 759 1949 813 dicta
1978 762 2123 824 sunt,

469 855 541 907 ad
560 860 610 907 te
626 870 925 908 sermonem
957 852 1205 917 habeam,
1239 868 1361 906 cum
1393 853 1511 920 ipse
1562 849 1674 904 nisi
1709 851 1815 903 mei
1841 851 1956 918 ipse
1983 846 2126 900 obli-

471 949 557 996 tus
587 959 725 1006 sum,
757 942 1054 996 nonnullas
1084 945 1250 996 etiam
1273 942 1585 995 divinorum
1615 939 1837 994 illorum
1868 946 2124 992 can:uum

461 1037 651 1100 partes
681 1048 819 1101 sa'pe
870 1038 986 1086 ate
1014 1048 1098 1084 me
1146 1032 1417 1085 audivisse
1463 1031 1730 1084 noverim.
1785 1027 1884 1081 His
1935 1027 2126 1098 impe-

468 1126 696 1174 ratores
727 1120 966 1188 auditis,
1009 1120 1081 1174 ab
1132 1120 1578 1190 archiepiscopo
1627 1115 1895 1172 Juvenali
1927 1115 2122 1186 petie-

469 1215 632 1276 runt,
664 1216 936 1264 sanctum
969 1209 1140 1263 illum
1170 1209 1428 1264 loculum
1453 1224 1573 1262 una
1603 1223 1737 1262 cum
1759 1205 2032 1277 gloriosas
2065 1208 2124 1258 et

471 1300 860 1354 sanctissima)
896 1299 997 1353 Dei
1031 1298 1346 1354 Genitricis
1367 1297 1650 1361 vestibus,
1675 1312 1806 1366 qua;
1840 1294 1900 1348 in
1932 1309 1999 1347 eo
2022 1310 2122 1364 po-

467 1389 595 1442 sitas
631 1395 818 1455 erant,
844 1389 917 1442 ad
950 1405 1010 1443 se
1034 1389 1210 1453 mitti,
1235 1387 1428 1459 sigillo
1451 1384 1909 1441 communitum.
1935 1382 2120 1446 Quem

463 1493 597 1530 cum
629 1476 1019 1547 accepissent,
1082 1477 1139 1531 in
1191 1475 1526 1531 veneranda
1574 1472 1698 1527 iede
1745 1473 1971 1525 Sanctaa
2016 1468 2120 1522 Dei

461 1566 685 1632 Matris,
715 1566 929 1635 quzeiu
984 1565 1328 1620 Blachernis
1380 1565 1494 1618 sita
1541 1568 1648 1629 est,
1692 1561 2117 1632 deposuerunt.

463 1657 657 1725 Atque
691 1657 769 1710 ita
802 1656 1043 1726 quidem
1072 1657 1196 1711 haec
1229 1661 1393 1728 gesta
1424 1659 1581 1710 sunt.
1619 1675 1646 1702 ››

1763 278 1820 332 Β.
1859 276 2165 331 JOANNIS
2199 275 2620 332 DAMASCENI
3682 288 3754 345 752

2649 406 2952 476 θεαρχικῆς
3027 399 3321 464 εὖσθενείας
3405 407 3517 476 (60).
3597 407 3749 466 Πάντων

2235 484 2446 560 ἐκράτει
2537 489 2670 562 μετᾶ
2749 489 2877 552 τοὺς
2965 487 3285 564 θεολόγους.
3361 493 3428 554 ὡς
3499 497 3637 563 οἶσθα,
3683 505 3757 554 τῶν

2234 573 2422 631 ἄλλῶν
2476 577 2838 653 ἰερομυστῶν,
2925 578 3056 641 ὅλος
3141 577 3405 652 ἐκδημῶν,
3466 581 3574 645 ὅλος
3618 583 3760 655 tam.

2241 686 2402 738 μετος
2462 669 2677 742 ἑαυτοῦ,
2748 669 2838 725 καὶ
2912 671 3013 740 τὴν
3088 670 3224 746 πρὸς
3277 672 3342 726 τά
3393 672 3648 746 ὑμνούμενα
3688 697 3767 730 κοι-

2234 754 2431 810 νωνίαν
2491 761 2740 834 πάσχων,
2795 759 2886 814 καὶ
2970 760 3104 834 πρὸς
3189 759 3413 831 πάντων,
3480 763 3542 816 ὧν
3585 764 3764 836 ἠκούετο,

2231 843 2323 898 καὶ
2381 844 2610 921 ἑωρᾶτο,
2686 849 2775 903 καὶ
2865 848 3216 924 ἐγινώσκετο,
3294 851 3379 904 καὶ
3434 851 3523 906 οὐκ
3569 851 3767 928 ἐγίνωσκε,

2235 932 2547 1005 θεόληπτος
2598 939 2730 992 εἶναι
2790 937 2880 992 καὶ
2953 939 3097 1000 θεῖος
3177 936 3472 1014 ὑμνολόγος
3515 941 3768 1013 κρινόμενος.

2235 1028 2275 1075 Κ
2319 1022 2333 1040 ε
2432 1023 2443 1042 ο
2507 1023 2529 1039 ν
2867 1026 2880 1044 ε
2994 1032 3016 1042 «-
3120 1025 3134 1046 τ’
3206 1033 3228 1044 -
3541 1029 3554 1058 ι
3737 1030 3748 1060 ι

2282 1043 2335 1076 αι
2389 1044 2442 1078 τι
2500 1045 2560 1079 αν
2616 1047 2701 1080 σοι
2759 1047 2883 1101 περι
2951 1048 3059 1082 των
3116 1047 3226 1082 εκει
3293 1027 3667 1104 θεολογτ,θ;ντων
3708 1029 3769 1084 λι-

2234 1131 2440 1185 γοιμι;
2501 1114 2586 1168 καὶ
2645 1115 2746 1190 γὰρ
2827 1115 2874 1170 εἰ
2958 1118 3033 1189 μὴ
3081 1117 3173 1172 καί
3227 1118 3410 1172 ἑαυτοῦ
3472 1117 3769 1190 ἐπιλέλησμαι,

2233 1199 2509 1264 πολλάκις
2569 1201 2688 1258 οἶδα
2743 1206 2889 1280 παρά
2954 1209 3052 1259 σοῦ
3125 1207 3217 1261 καὶ
3273 1207 3403 1280 μὲρη
3454 1207 3558 1262 τινὰ
3595 1211 3676 1261 τῶν
3716 1207 3772 1260 ὲν-

2235 1296 2526 1352 θεαστικῶν
2629 1291 2850 1348 ἐκείνων
2957 1293 3246 1368 ὑμνωδιῶν
3347 1295 3610 1356 ἐπακούσας
3687 1301 3772 1368 (6i).

2235 1378 2336 1434 Καὶ
2387 1384 2556 1436 ταῦτα
2613 1383 2666 1436 οἱ
2727 1381 2974 1458 βασιλεῖς
3059 1383 3394 1456 ἀκούσαντες,
3446 1385 3623 1459 ᾔτησαν
3666 1385 3773 1438 αὐτὸν

2230 1466 2324 1522 τὸν
2383 1467 2818 1545 ἀρχιεπίσκοπον
2869 1468 3234 1530 Ἰουϐεναλιον
3291 1474 3387 1543 τὴν
3441 1473 3574 1548 ἁγίαν
3633 1473 3779 1542 ἐκείνην

2229 1556 2389 1632 σορὸν
2426 1559 2697 1630 μετὰτῶν
2759 1559 2810 1616 ἐν
2867 1561 3006 1636 αὐτῇ
3060 1570 3162 1632 τῆς
3222 1561 3432 1633 ἐνδόξου
3482 1563 3777 1636 καὶπαναγίας

2231 1645 2488 1701 θεοτόκου
2546 1649 2760 1724 Μαρίας
2819 1651 3054 1723 ἱματίων
3125 1647 3568 1727 βεϐουλλωμένην
3597 1648 3783 1727 ἀσφαλῶς

463 1743 653 1804 αὐτοῖς
688 1742 1085 1812 ἀποσταλῆναι·
1116 1743 1206 1796 καὶ
1238 1743 1440 1813 ταύτην
1472 1740 1870 1796 ἀποσταλεῖσαν
1920 1736 2202 1792 κατέθεντο
2251 1733 2305 1790 ἐν
2351 1740 2432 1809 τῷ
2479 1735 2530 1792 ἐν
2578 1739 2921 1814 Βλαχὲρναις
2972 1738 3270 1814 δομηθέντι
3300 1737 3559 1814 σεϐασμίῳ
3585 1740 3692 1811 οἴκῳ
3714 1741 3781 1801 τῆς

470 1831 626 1906 ἁγίας
666 1833 952 1887 Θεοτόκου.
988 1833 1093 1888 Καί
1123 1837 1292 1887 ταῦτα
1325 1833 1420 1905 μὲν
1454 1833 1648 1894 οὕτως.
1686 1855 1714 1883 ››

542 1926 626 1976 19.
662 1923 811 1988 Quid
835 1940 1007 1994 porro
1039 1941 1148 1978 nos
1177 1923 1437 1978 vicissim
1467 1923 1542 1978 ad
1588 1921 1927 1992 sepulcrum
1959 1919 2116 1975 dice-
2151 1917 2196 1982 Β

465 2013 647 2067 mus?
675 2015 794 2067 'l‘ua
846 2013 1124 2083 equidem
1169 2014 1357 2085 gratia
1402 2013 1684 2084 perennis
1719 2020 1895 2083 atque
1948 2011 2120 2065 inde-

461 2103 666 2155 {icxens
699 2109 823 2156 est:
860 2108 1140 2156 cmterum
1169 2102 1367 2156 divina
1415 2103 1500 2156 vis
1550 2103 1795 2156 minime
1829 2102 1973 2156 locis
2005 2101 2120 2155 cir-

463 2191 907 2257 cumscribitur,
940 2207 1052 2244 nec
1088 2192 1285 2245 Matris
1327 2191 1619 2245 beneficia
1662 2191 1721 2244 in
1751 2191 1877 2245 solo
1911 2208 2118 2244 monu-

465 2283 668 2330 mento
699 2285 1165 2333 commorantur.
1200 2281 1343 2334 Nam
1372 2280 1418 2333 si
1453 2280 1724 2351 sepulcro
1748 2281 1874 2334 solo
1908 2280 2118 2334 deﬁni-

466 2371 694 2432 rentur,
724 2367 896 2437 pauci
927 2367 1248 2423 admodum
1281 2369 1622 2440 hujusmodi
1657 2369 1814 2423 dono
1839 2369 2117 2424 divinitus

470 2452 900 2512 imbuerentur.
935 2457 1110 2528 Atqui
1145 2457 1203 2512 in
1234 2458 1510 2512 omnibus
1529 2459 1689 2513 orbis
1716 2459 1934 2514 finibus
1967 2460 2118 2514 illud

467 2560 529 2598 se
561 2545 798 2616 copiose
831 2546 1128 2602 diffundit.
1157 2551 1235 2603 Ac
1261 2548 1510 2620 proinde
1541 2566 1837 2614 curemus,
1861 2555 1926 2604 ut
1946 2567 2116 2605 mens

461 2633 867 2705 memoriaque
905 2643 1108 2691 nostra
1158 2638 1258 2692 Dei
1297 2637 1610 2693 Genitricis
1651 2639 2113 2711 promptuarium

461 2723 581 2778 fiat.
600 2726 721 2789 Quo
742 2732 937 2780 autem
958 2732 1128 2798 pacto
1153 2727 1209 2782 id
1229 2729 1654 2799 assequemur?
1671 2731 1840 2802 Virgo
1860 2731 1986 2803 ipsa
2004 2739 2112 2802 est,

473 2818 533 2866 et
564 2814 855 2886 virginum
887 2832 1094 2872 amans
1120 2835 1132 2872 :
1167 2824 1328 2873 casta
1361 2824 1470 2884 est,
1495 2821 1861 2876 etcastitatis
1883 2837 2109 2878 amans.

468 2903 773 2971 Quocirca,
809 2905 855 2958 si
889 2923 1022 2960 cum
1073 2908 1357 2978 corporis,
1409 2914 1535 2963 tum
1583 2909 1759 2964 etiam
1809 2913 2112 2968 memoria)

464 2992 796 3047 castitatem
847 2995 1132 3062 colamus,
1183 2997 1431 3069 gratiam
1473 2997 1660 3069 ipsius
1690 2999 2108 3071 adipiscemur.

459 3078 671 3134 Lutum
695 3083 988 3153 siquidem
1014 3101 1187 3139 omne
1208 3086 1373 3156 fugit,
1399 3103 1465 3140 ac
1479 3103 1746 3142 cumosas
1766 3091 2110 3148 affectiones

459 3174 740 3240 tanquam
773 3172 1076 3243 genimina
1107 3174 1461 3244 viperarum.
1488 3177 1808 3247 Ingluviem
1838 3196 2106 3238 exsecra-

2303 1919 2386 1977 ιϐ’.
2447 1915 2516 1972 Τί
2574 1914 2633 1972 δὲ
2686 1919 2825 1994 πρὸς
2877 1920 2969 1974 τὸν
3027 1921 3197 1999 τάφον
3259 1923 3422 1994 ἡμεῖς
3449 1919 3786 1995 ἐντισήσοιμενς

2227 2007 2286 2058 Ἦ
2323 2004 2416 2075 μὲν
2451 2005 2518 2074 σὴ
2553 2009 2714 2082 χάρις
2745 2007 3046 2078 ἀνελλιπὴς
3070 2010 3158 2065 καὶ
3191 2009 3433 2080 ἀὲνναος,
3461 2007 3570 2064 ἀλλ’
3591 2005 3788 2065 οὒτὸποις

2227 2093 2262 2161 ἡ
2296 2092 2411 2155 θεία
2441 2097 2802 2170 περιορίζεται
2849 2096 3103 2170 δύναμις,
3161 2098 3290 2155 οὐδὲ
3320 2101 3374 2154 αἱ
3404 2105 3495 2168 τῆς
3522 2098 3788 2170 Θεομήτορος

2228 2181 2549 2257 εὐεργεσίαν
2583 2185 2632 2240 εἰ
2689 2188 2793 2262 γὰρ
2853 2189 3007 2261 μόνῳ
3064 2194 3141 2262 τῷ
3197 2185 3393 2263 τύμϐῳ
3424 2187 3789 2263 περιεγραφτοντο,

2228 2271 2438 2348 ὀλίγοις
2469 2272 2527 2328 ἂν
2563 2277 2596 2344 ἡ
2633 2273 2810 2353 δωρεά
2867 2277 3206 2348 ἐπεθειάζετο
3269 2284 3402 2353 (62),
3435 2283 3533 2333 Νῦν
3563 2275 3611 2332 δὲ
3636 2276 3677 2330 ἐν
3701 2275 3792 2328 πᾶσι

2224 2365 2319 2414 τοῦ
2350 2363 2560 2436 κόσμου
2589 2371 2708 2429 τοῖς
2761 2365 2985 2442 πέρασιν
3019 2368 3273 2447 ἀφθόνως
3307 2367 3684 2442 διανεμέμτιταε.
3709 2363 3791 2429 Τὴν

2228 2451 2454 2522 μνήμην
2513 2451 2694 2508 τοίνυν
2743 2457 2843 2524 τῆν
2891 2457 3161 2532 ἡμετέραν
3205 2464 3434 2532 ταμεῖον
3473 2464 3566 2526 τῆς
3593 2454 3799 2510 Θεοτόκον

2222 2542 2732 2617 κατασκευάσωμεν.
2793 2549 2970 2604 Τοῦτο
3030 2545 3086 2603 δὲ
3143 2547 3293 2604 ἔσται
3361 2553 3515 2615 πῶς;
3588 2542 3794 2618 Παρθένος

2221 2627 2382 2701 αὕτη,
2441 2631 2532 2686 καὶ
2594 2631 3018 2711 φιλοπάρθενος·
3078 2638 3218 2712 ἁγνὴ
3282 2641 3510 2716 πέφυκεν
3563 2633 3695 2702 αῦτη,
3735 2630 3797 2683 καὶ

2223 2718 2503 2795 ιρίλαγνος,
2535 2724 2633 2778 ’Ἂν
2669 2722 2760 2777 οὖν
2816 2723 2907 2779 σὺν
2962 2730 3043 2798 τῷ
3103 2727 3323 2800 σώματι
3381 2727 3466 2781 καὶ
3506 2725 3593 2792 τήν
3629 2723 3797 2794 μνήμην

2223 2807 2555 2882 ἀγνίσωμεν,
2615 2811 3016 2886 ἐνηυλισμὲνης
3069 2817 3169 2885 τήν
3232 2817 3407 2887 αὐτῆς
3464 2814 3610 2890 χάριν
3651 2807 3802 2879 κτησό-

2224 2908 2378 2969 μεθα.
2413 2899 2606 2975 Φεύγει
2637 2903 2739 2977 γάρ
2798 2901 2921 2957 ἰλὺν
2979 2905 3211 2976 ἅπασαν,
3276 2907 3366 2960 καὶ
3423 2906 3486 2959 τὰ
3542 2894 3797 2978 βορϐορὼδη

2219 2988 2366 3056 πάθη
2427 2987 2760 3064 ἐκτρέπεται.
2842 2993 3287 3069 Γαστριμαργίαν
3374 2987 3802 3069 βδελύσσεται,τῆς

2218 3075 2510 3150 αἰσχίστης
2567 3081 2823 3154 πορνείας
2881 3079 3152 3157 ἐχθραίνει
3221 3090 3346 3147 τοῖς
3404 3084 3606 3138 πάθεσι·
3653 3075 3803 3141 ταύτης

2214 3163 2341 3225 τοὺς
2377 3169 2651 3241 μυσαροὺς
2702 3167 3007 3244 λογισμοὺς
3063 3171 3139 3234 ὡς
3196 3171 3438 3249 ἐχιδνῶν
3467 3163 3807 3244 ωεῦγειγεννῆ·

464 3261 579 3324 tur,
640 3259 982 3315 fmdissima)
1041 3264 1418 3319 scortationis
1465 3265 1620 3319 vitiis
1680 3267 1914 3323 infensa
1972 3278 2061 3326 est

2221 3273 2380 3325 ματαο
2411 3254 2614 3330 λόγους
2655 3256 2918 3333 αἰσχρούς
2972 3281 3030 3314 τε
3087 3263 3177 3315 καὶ
3235 3261 3600 3335 εὐτραπέλους
3628 3255 3807 3311 ἀπωθεῖ-

467 3350 670 3417 turpes
705 3365 1010 3406 sermones
1051 3358 1110 3406 et
1161 3360 1368 3408 cantus
1416 3354 1730 3425 propellit;
1777 3361 2112 3421 meretricia

467 3444 768 3507 unguenta
800 3440 995 3510 rejicit
1028 3457 1040 3494 :
1073 3442 1175 3494 ira:
1208 3449 1500 3496 tumorem
1525 3444 1675 3498 odit:
1702 3445 2112 3508 inhumanita-

461 3527 602 3587 tem,
638 3525 939 3582 invidiam.
967 3534 1022 3581 et
1046 3530 1379 3584 simultates
1400 3549 1520 3586 non
1551 3533 1811 3588 admittit
1835 3552 1844 3590 :
1866 3537 2108 3597 inanem

461 3609 709 3679 gloriam
743 3616 919 3669 variis
943 3633 1004 3669 se
1038 3617 1339 3673 laboribus
1372 3620 1740 3692 frangentem
1775 3635 2104 3686 aversatur:

461 3698 752 3766 superbiae
785 3701 959 3756 fastui
990 3704 1188 3758 hostili
1223 3707 1422 3762 animo
1454 3711 1716 3765 resistit:
1750 3713 2104 3785 injuriarum

455 3787 929 3844 recordationem
963 3793 1239 3847 exhorret
1285 3796 1371 3849 uti
1405 3797 1614 3852 salutis
1663 3801 2063 3862 adversariam
2091 3826 2102 3865 :

454 3875 664 3930 vitium
697 3877 953 3949 denique
985 3897 1162 3935 omne
1202 3889 1483 3955 tanquam
1537 3886 1754 3944 lethale
1808 3909 2101 3953 venenum

451 3969 724 4033 reputat:
757 3967 969 4022 horum
1001 3976 1200 4025 autem
1223 3973 1536 4028 contrariis
1567 3975 1915 4034 delectatur.
1951 3985 2101 4040 Con-

451 4053 633 4109 traria
654 4057 813 4110 enim
836 4059 1269 4115 contrariorum
1294 4061 1731 4119 medicamenta
1758 4074 1914 4123 sunt.
1938 4072 2100 4142 Jeju-

446 4143 569 4213 nio,
595 4147 983 4216 continentia,
1008 4150 1374 4220 psalmorum
1398 4153 1670 4208 cantibus
1692 4155 1938 4226 gaudet:
1965 4177 2098 4218 cum

444 4234 724 4303 puritate,
745 4237 1103 4309 virginitate,
1122 4247 1182 4295 et
1202 4241 1487 4312 pudicitia
1511 4243 1595 4296 illi
1615 4243 1858 4314 pulchre
1884 4265 2064 4306 conve

447 4323 558 4390 nit,
580 4341 1026 4400 perennemque
1051 4347 1186 4385 cum
1207 4331 1328 4386 illis
1352 4349 1556 4403 pacem
1582 4333 1743 4401 colit,
1761 4340 1813 4388 et
1836 4336 2095 4396 humane

447 4425 546 4466 eas
581 4419 637 4466 et
668 4417 916 4472 comiter
945 4421 1340 4476 exosculatur.
1375 4423 1607 4489 Pacem,
1641 4428 1699 4477 et
1727 4425 1907 4480 animi
1951 4427 2096 4484 leni-

446 4505 628 4557 tatem
642 4509 1060 4578 complectitur
1084 4527 1096 4564 :
1119 4512 1491 4581 charitatem,
1517 4514 2009 4587 misericordiam,
2037 4526 2096 4576 et

436 4590 893 4664 humanitatem,
929 4604 1213 4670 tanquam
1246 4602 1520 4658 alumnas
1542 4621 1698 4672 suas,
1733 4605 1892 4662 ulnis
1914 4607 2086 4666 fovet.

435 4683 646 4754 Atque,
680 4691 745 4740 ut
775 4704 901 4742 rem
931 4691 1135 4760 paucis
1176 4692 1593 4765 perstringam,
1648 4696 1917 4764 quolibet
1946 4699 2084 4754 vitio

431 4772 672 4830 tristitia
693 4776 952 4834 afficitur
979 4779 1397 4854 etindignatur
1420 4799 1432 4849 ;
1453 4783 1716 4853 qualibet
1739 4786 1970 4853 virtute,
1999 4791 2080 4844 uti

429 4864 671 4932 proprio
701 4883 805 4920 suo
840 4884 1111 4937 munere,
1145 4870 1398 4926 lmtatur.
1435 4873 1827 4936 Quamobrem
1863 4876 1910 4930 si
1944 4877 2083 4933 vitia

427 4949 606 5006 alacri
639 4956 840 5011 animo
873 4959 1142 5024 vitemus,
1177 4966 1234 5015 et
1259 4961 1502 5016 virtutes
1534 4963 1698 5016 omni
1728 4965 1923 5020 studio
1948 4985 2078 5037 per-

431 5053 1001 5118 sequamur,easque
1021 5051 1211 5105 socias
1229 5050 1639 5113 adhibeamus,
1655 5053 1936 5124 frequens
1952 5056 2078 5128 ipsa

425 5125 497 5177 ad
525 5127 778 5187 famulos
830 5153 968 5192 suos
1018 5139 1232 5204 veniet,
1267 5146 1323 5196 et
1355 5157 1551 5196 secum
1597 5140 1885 5198 bonorum
1919 5144 2074 5202 882

423 5216 692 5272 omnium
715 5237 925 5291 agmen
956 5227 1168 5290 trahet,
1194 5229 1612 5302 Christumque
1635 5232 1850 5287 Filium
1875 5251 2069 5304 suum,

423 5305 481 5353 et
511 5306 780 5362 omnium
812 5313 1028 5385 Regem
1049 5333 1116 5372 ac
1144 5319 1484 5387 Dominum,
1509 5337 1627 5375 una
1658 5329 1940 5392 assumet,
1966 5324 2067 5396 qui

489 5445 598 5516 (60)
629 5447 720 5504 Sic
752 5452 914 5510 Colb.
958 5458 1152 5514 Germ.

419 5516 723 5581 άσθεοείας.

485 5593 871 5668 (51)Dionys.
907 5601 1146 5671 Areop.,
1200 5606 1276 5659 De
1324 5605 1499 5662 divin.
1531 5625 1678 5665 nom.
1733 5627 1862 5683 cap.
1916 5614 1968 5680 3,
2017 5612 2079 5670 in

1203 5462 1288 5516 sic
1335 5463 1479 5535 legit
1528 5465 1909 5539 Lipomanus,
1957 5485 2078 5526 non

2217 3363 2304 3396 ται
2362 3343 2449 3398 καί
2511 3344 2742 3417 ᾅσματα·
2820 3352 2962 3424 μῦρα
3039 3352 3281 3423 πορνικᾶ
3340 3350 3649 3406 ἀποσείεταιο
3703 3343 3809 3417 μισεῖ

2219 3437 2394 3504 θ’.)μοῦ
2448 3434 2516 3488 τὰ
2591 3433 2889 3508 οἰδήματα,
2967 3437 3368 3516 ἀπανθρωπίαν
3427 3440 3516 3495 καὶ
3571 3433 3724 3512 ἔριδας
3766 3428 3807 3482 5'5

2216 3523 2520 3596 προσίεται*
2579 3523 2886 3596 κενοδοξίαν
2943 3530 3043 3596 τήν
3109 3531 3486 3602 ματαιόπονον
3544 3522 3805 3596 ἀποπρέξε·

2213 3628 2323 3664 ται’
2356 3607 2505 3685 ὄγκῳ
2537 3613 2910 3692 ὑπερηφανίας
2943 3615 3246 3691 ἐχθρωδῶς
3297 3618 3674 3675 ἀντιτάσσεται·
3706 3632 3808 3683 μνη·

2213 3699 2456 3754 σικακίαν
2488 3707 2657 3773 μισεῖ,
2706 3705 2805 3773 τὴν
2859 3705 3132 3780 σωτηρίας
3189 3708 3514 3764 ἀντίπαλον·
3561 3711 3708 3759 πᾶσαν
3738 3717 3807 3751 κα-

2212 3789 2332 3842 κίαν
2366 3790 2438 3851 ὠς
2475 3790 2552 3845 ἰὸν
2580 3793 2953 3871 θανατηφόρον
3004 3793 3316 3872 λογίζεται,
3363 3800 3570 3853 τούτων
3600 3793 3650 3849 δὲ
3675 3788 3809 3864 χαίρει

2209 3883 2329 3940 τοῖς
2412 3877 2691 3943 ἐναντίοις.
2777 3882 2858 3940 Ti
2929 3885 3033 3959 γὰρ
3118 3884 3346 3942 ἐναντία
3438 3891 3545 3941 τῶν
3612 3877 3802 3938 ἐναντίων

2212 3965 2432 4040 ἰάματα.
2488 3970 2739 4043 Νηστείᾳ,
2795 3972 2885 4027 καὶ
2945 3974 3254 4050 ἐγκρατείᾳ,
3288 3976 3386 4032 καὶ
3419 3975 3698 4052 ψαλμικοῑς
3722 3967 3807 4022 ἐπι.

2206 4059 2458 4133 τέρπεται
2491 4058 2743 4133 ᾄσμασιν·
2801 4063 3007 4139 ἁγνείᾳ,
3057 4065 3146 4120 καὶ
3207 4069 3503 4143 παρθενίᾳ,
3535 4064 3616 4120 καὶ
3645 4075 3808 4136 σωφρο-

2209 4147 2338 4222 σύνῃ
2387 4152 2731 4226 συγγήθεται.
2789 4152 2892 4208 Καὶ
2975 4155 3112 4230 πρὸς
3194 4156 3408 4219 ταύτας
3467 4155 3670 4230 εἰρήνην
3725 4143 3808 4218 ἄγει

2207 4236 2448 4307 ἀὲνναον,
2481 4238 2569 4294 καί
2602 4237 2954 4318 φιλοφρόνως
3009 4242 3213 4308 ταύτας
3277 4246 3592 4317 ἀσπάξεται.
3623 4239 3811 4313 Εἰρήνην

2203 4327 2291 4381 καὶ
2371 4333 2541 4400 πρᾶον
2601 4330 3020 4406 περιπτύσσεται
3081 4336 3380 4410 φρόνημα,
3458 4334 3683 4412 ἀγάπην,
3745 4320 3810 4378 τιίῖ

2203 4413 2378 4487 ἔλεον,
2410 4416 2498 4470 καὶ
2529 4419 2850 4473 ταπείνωσιν
2901 4421 2976 4482 ὡς
3034 4422 3246 4487 οἰκείας
3308 4425 3553 4501 τροφοὺς
3582 4416 3815 4495 ἂγκαλὶζε-

2198 4527 2307 4562 ται.
2372 4507 2470 4561 Καὶ
2529 4507 2819 4564 συνελόντα
2877 4511 3059 4588 φάναι,
3139 4512 3236 4568 ἐπὶ
3299 4514 3454 4591 πάσῃ
3534 4513 3624 4588 μὶν
3671 4503 3811 4572 κακίᾳ,

2199 4593 2464 4673 κατηφείᾳ
2521 4593 2970 4672 δυσχεραίνουσα,
3027 4603 3170 4676 πάσῃ
3227 4601 3291 4659 δὲ
3354 4605 3523 4679 ἀρετῇ
3570 4603 3638 4662 ὡς
3666 4595 3813 4660 οῗκείῳ

2201 4686 2499 4762 χαρίσματι
2533 4686 2920 4762 ἐπαγάλλεται.
2983 4691 3047 4747 Εἰ
3106 4692 3199 4746 οὗν
3265 4695 3370 4759 τὰς
3412 4692 3665 4771 προτέρας
3693 4683 3813 4742 ἒκθέ⁶

2199 4797 2316 4850 μως
2347 4776 2536 4838 κακίας
2566 4775 2924 4851 ἐκκλίνωμεν,
2968 4781 3063 4842 τὰς
3124 4779 3182 4837 δὲ
3245 4783 3450 4857 ἀρετὰς
3478 4783 3617 4854 πείσῃ
3644 4771 3810 4844 σπουξῇ

2809 4867 3006 4930 ταύτας
3094 4874 3302 4944 συνομί
3314 4873 3451 4934 λους
3506 4868 3807 4941 κτησώμεθῆ

2189 4953 2391 5026 θαμινά
2447 4954 2584 5029 πρὸς
2637 4954 2762 5016 τοὺς
2818 4955 3052 5018 οἰκείους
3112 4959 3342 5023 οἰκέτας
3407 4961 3688 5024 ἐλεύσεται,
3735 4955 3809 5017 τήν

2186 5045 2437 5098 ἁπάντων
2495 5048 2602 5097 τῶν
2665 5042 2873 5120 ἀγαθῶν
2925 5047 3016 5100 σὺν
3077 5047 3218 5122 αὐτῇ
3257 5050 3606 5127 ἐφελκομένη
3637 5045 3809 5118 ὁμήγυ.

2187 5155 2293 5208 ριν,
2321 5133 2410 5188 καὶ
2469 5133 2699 5208 Χριστὸν
2758 5134 2851 5189 τὸν
2908 5136 3077 5206 αὐτῆς
3133 5140 3290 5208 Υἱὸν,
3325 5141 3424 5197 καὶ
3472 5147 3576 5197 τῶν
3606 5137 3809 5195 ἁπάντων

2184 5221 2416 5279 Βασιλέα
2473 5223 2560 5277 καὶ
2618 5223 2823 5298 Κύριον
2871 5223 3184 5284 ἐνοικοῦντα
3235 5236 3369 5294 ταῖς
3403 5231 3685 5305 ἡμετέραις
3711 5241 3811 5292 καρ-

2181 5312 2322 5376 δίαις
2370 5314 2888 5388 συμπαραλήψεται·
2943 5316 2989 5388 ᾧ
3040 5313 3185 5388 δόξα,
3220 5322 3403 5395 τιμὴ,
3435 5321 3649 5396 κράτος,
3680 5330 3810 5391 μεγα-

2191 4865 2374 4938 ἀγαπή
2387 4886 2586 4938 σωμεν,
2646 4865 2735 4920 καὶ

2191 5461 2453 5540 quoisLa
2483 5457 2872 5540 διωριίοίρςεει.

2262 5535 2374 5611 (62)
2405 5535 2472 5588 Β.
2507 5528 2933 5607 ἐπεχωριάζετο.
