3958 6198
102 450 201 505 753

990 446 1303 517 ,HOMILIA
1346 449 1424 502 III
1462 447 1539 500 ιΝ
1575 442 2083 501 DORMITIONBM
2122 450 2183 503 Β.
2228 452 2295 503 V.
2336 453 2608 508 MARIE.

3413 458 3517 513 754

107 570 303 642 λοσῦνη
332 591 393 625 τε
420 570 510 626 καὶ
555 568 1016 647 μεγαλοπρέπεια,
1076 569 1170 625 σὺν
1216 569 1295 642 τῷ
1352 568 1574 643 ἆνάρχῳ
1630 571 1747 620 Πα-

1903 584 1929 622 u
1962 571 2238 628 cordibus
2264 576 2483 630 nostris
2514 575 2776 643 habitet;
2810 576 2903 631 cui
2936 593 3069 631 cum
3101 580 3272 632 Patre
3306 585 3363 634 et
3386 598 3519 635 san~

106 663 207 738 τρὶ,
238 662 331 716 παὶ
360 660 441 733 τῷ
474 660 615 733 ἁγίῳ
644 660 938 733 Ιῐνεῦματι,
973 660 1063 715 νῦν
1090 660 1181 716 καὶ
1213 659 1320 730 ἀεὶ,
1358 659 1447 714 καὶ
1498 656 1573 719 εἷς
1618 655 1745 717 τοῦς

112 753 298 813 αἰῶνας
326 756 433 805 τῶν
468 749 704 806 αίώνων.
741 751 936 824 Ἀμὴν,

885 949 942 1005 1‘.

108 1043 204 1096 Τοῦ
236 1037 397 1095 αὐτοῦ
428 1038 601 1115 λογος
626 1059 808 1115 τριτος
834 1037 911 1115 είς
938 1039 1037 1106 τήν
1069 1039 1330 1111 κοίμησιν
1358 1043 1459 1107 τῆς
1487 1041 1748 1111 παναγῖας

703 1109 974 1166 Θεοτόκου
1008 1115 1140 1184 (63).

172 1226 228 1276 α’.
262 1221 425 1280 Ἔθος
459 1217 573 1273 ἐστὶ
603 1222 722 1279 τοῖς
752 1216 1030 1293 ἐρωτικῶς
1076 1217 1213 1285 πρός
1259 1238 1310 1271 τι
1362 1214 1750 1289 διακειμένοις,

110 1308 186 1363 ἐπὶ
215 1307 470 1381 γλώσσης
506 1307 586 1361 ἀεὶ
636 1310 796 1362 τοῦτο
851 1309 1054 1385 φερειν,
1110 1306 1200 1361 καὶ
1257 1310 1336 1378 τῷ
1394 1311 1489 1379 νῷ,
1538 1305 1749 1377 νύκτωρ

108 1419 161 1452 τε
186 1397 269 1452 καὶ
304 1397 422 1469 μεθ’
453 1398 665 1470 ἡμέραν
690 1398 1064 1473 φαντάζεσθαι.
1128 1397 1217 1463 Μὴ
1280 1396 1348 1468 μὲ
1392 1417 1474 1457 τις
1524 1393 1615 1450 οῦν
1662 1394 1752 1449 εὖ·

114 1486 321 1551 θυνὲτω,
377 1485 423 1540 εἷ
482 1485 668 1559 τρίτον
726 1484 814 1540 ἐπὶ
872 1481 1211 1561 προλαϐοῦσι
1274 1482 1393 1539 δυσὶ
1457 1484 1520 1539 τὸ
1578 1484 1747 1559 παρὸν

108 1574 438 1647 ἐποιησάμην
470 1574 732 1650 ἐφύμνιον
762 1576 834 1645 τῇ
863 1574 1049 1649 Μητρὶ
1078 1579 1174 1628 τοῦ
1207 1578 1340 1629 Θεοῦ
1376 1595 1503 1646 μου,
1566 1572 1747 1647 ὣσπερ

106 1686 151 1719 τι
184 1663 349 1737 δῶρον
409 1662 640 1736 ἐξόδιον·
701 1664 763 1718 οὐ
824 1664 929 1739 γὰρ
984 1662 1119 1737 αὐτῇ
1180 1662 1567 1738 χαριζόμενος,
1624 1661 1749 1717 ἀλλ’

111 1752 311 1825 ἐμαυτῷ
352 1754 441 1807 καὶ
499 1759 616 1815 τοῖς
673 1756 936 1827 παροῦσιν
1001 1754 1153 1824 ὑμῖν,
1185 1750 1229 1805 ὦ
1261 1753 1402 1806 Θεῖον
1457 1751 1546 1806 καὶ
1604 1752 1748 1826 ἱερὸν

113 1842 367 1914 σύστημα,
402 1837 540 1915 ὄψον
570 1840 898 1917 ψυχωφελές
929 1841 1021 1895 καὶ
1054 1843 1321 1913 σωτήριον
1370 1840 1647 1914 προτιθεὶς
1680 1844 1748 1913 τῇ

1857 659 2124 715 ctissimo
2158 664 2398 733 Spiritu,
2430 665 2637 736 gloria,
2664 667 2875 733 honor,
2902 672 3185 738 potestas,
3214 669 3523 739 majestas,

1857 752 1915 801 et
1940 752 2401 822 magnificentia,
2434 772 2594 810 nunc
2626 761 2685 810 et
2715 772 2969 827 semper,
3000 758 3139 812 etin
3165 759 3383 813 saecula
3407 777 3513 813 sac-

1857 838 2147 894 culorum.
2173 844 2382 898 Amen.

2656 953 2704 1006 X

1860 1036 2113 1103 Ejusdem
2160 1041 2338 1093 oratio
2387 1042 2553 1095 tertia
2619 1043 2677 1095 in
2732 1042 3113 1097 dormitionem
3162 1048 3515 1101 sanctissimae

2452 1113 2548 1167 Dei
2578 1114 2893 1170 Genitricz‘s.

1928 1217 1975 1267 1.
2010 1216 2226 1270 Eorum
2255 1217 2355 1288 qui
2386 1218 2470 1272 rei
2518 1219 2773 1290 alicujus
2831 1237 3031 1275 amore
3077 1222 3348 1294 ﬂagrant,
3388 1224 3517 1278 hare

1856 1305 2220 1359 consuetudo
2248 1312 2353 1374 est,
2388 1314 2454 1361 ut
2484 1308 2633 1363 illud
2660 1310 2719 1363 in
2753 1326 2853 1364 ore
2887 1317 2945 1365 et
2988 1318 3187 1365 mente
3223 1318 3513 1383 perpetuo

1854 1394 2252 1465 ferant,idque
2270 1402 2446 1451 noctu
2473 1397 2691 1468 diuque
2707 1399 2816 1453 sibi
2834 1407 3280 1470 repraesentant.
3314 1404 3393 1457 Ne
3420 1420 3514 1456 me

1856 1484 2034 1555 igitur
2064 1485 2360 1555 quispiam
2400 1486 2733 1556 redarguat,
2772 1488 2818 1542 si
2850 1495 2985 1559 post
3014 1490 3162 1543 duos
3194 1508 3343 1560 quos
3374 1510 3513 1562 pro—

1855 1573 2124 1627 nuntiavi
2147 1573 2509 1629 laudatorios
2526 1579 3084 1631 sermonestertium
3103 1579 3260 1633 hunc
3275 1597 3510 1650 quoque

1854 1660 2127 1728 habeam,
2156 1679 2332 1733 quem
2365 1664 2463 1717 Dei
2498 1665 2615 1719 mei
2645 1667 2808 1719 Matri
2843 1672 3127 1737 tanquam
3184 1685 3402 1723 munus
3434 1669 3507 1721 ob

1854 1750 1983 1822 ejus
2015 1768 2321 1806 excessum
2354 1752 2614 1808 deferam
2644 1770 2658 1808 :
2693 1771 2813 1809 non
2846 1760 2911 1809 ut
2941 1756 3029 1809 illi
3060 1757 3260 1827 gratia)
3283 1757 3509 1827 aliquid

1855 1856 1925 1895 ex
1959 1857 2050 1895 me
2082 1840 2331 1909 accidat,
2362 1842 2464 1897 sed
2495 1844 2641 1897 mihi
2677 1845 2897 1915 potius,
2930 1845 3210 1916 vobisque
3236 1847 3333 1915 qui
3368 1846 3511 1900 ade-

106 1934 213 2007 ἱερᾷ
238 1932 405 2005 ταύτῃ
438 1932 591 1985 νυκτῖ
634 1930 1011 2000 κατάλληλον,
1070 1931 1161 1985 καὶ
1217 1931 1588 2003 πνευματικὴν
1651 1942 1747 1994 θυ-

1903 1929 1979 1995 ,is,
2013 1946 2045 1984 o
2078 1930 2272 1985 divine
2304 1936 2361 1985 et
2391 1948 2560 1986 sacer
2592 1939 2796 2001 coetus,
2828 1934 2975 1987 utile
3010 1934 3225 1988 animis
3257 1941 3317 1989 et
3347 1935 3509 1989 salu-

112 2019 291 2093 μηδίαν
351 2020 815 2094 ἐμπορευόμενος.
879 2020 1068 2089 Σπάνη
1119 2024 1229 2090 (64)
1268 2019 1367 2095 γὰρ
1438 2022 1608 2091 ἡμᾶς,
1668 2020 1741 2081 ὡς

116 2112 277 2183 ὁρᾶτε,
306 2106 626 2185 κατειλήφει
685 2112 794 2162 τῶν
844 2103 1153 2179 ἐδωδίμων.
1210 2107 1302 2160 Διό
1350 2104 1417 2176 δὴ
1470 2104 1742 2181 σχεδιάζω

113 2204 197 2269 τὴν
222 2199 556 2269 πανδαισίαν,
585 2200 629 2254 εἰ
688 2199 779 2254 καὶ
845 2201 921 2273 μή
979 2197 1321 2266 πολυτελῶς,
1383 2196 1523 2272 μηδὲ
1579 2198 1741 2270 ἀξίως

108 2298 191 2358 τῆς
241 2287 595 2359 κεκληκυίας,
660 2287 807 2344 ἀλλά
861 2308 923 2365 γε
1004 2289 1103 2356 τήν
1176 2293 1360 2343 πεῖναν
1436 2287 1740 2364 ἀναγκαίως

110 2377 386 2452 δυναμένην
419 2380 942 2453 παραμυθήσασθαι.
977 2378 1054 2436 Οὐ
1084 2379 1188 2453 γὰρ
1229 2377 1362 2446 αὕτη
1413 2382 1520 2433 τῶν
1570 2377 1744 2454 ἔγκω-

114 2469 232 2541 μίων
263 2466 539 2543 προσδεής
566 2474 675 2523 τῶν
704 2471 832 2541 παρ’
856 2472 1043 2541 ἡμῶν,
1072 2466 1200 2523 ἀλλ’
1249 2471 1412 2541 ἡμεῖς
1460 2476 1561 2538 τῆς
1615 2472 1742 2545 παρ’

116 2560 259 2628 αὖτῆς
290 2557 454 2629 δόξης
480 2556 737 2620 ἐπιδεεῖς.
768 2560 845 2616 Τὸ
876 2559 981 2633 γὰρ
1037 2556 1420 2631 δεδοξασμένον
1470 2562 1587 2621 πῶς
1647 2556 1742 2614 δο-

114 2652 411 2723 ξασθησεται
438 2670 452 2720 ς
486 2652 550 2708 Ἠ
582 2651 733 2725 πηγή
757 2655 856 2705 τοῦ
888 2651 1090 2726 φωτός,
1122 2651 1241 2712 πῶς
1300 2653 1700 2728 φωτισθήσεται
1726 2673 1740 2723 ;

112 2740 244 2797 Ἀλλ’
271 2745 411 2815 ἡμῖν
442 2741 653 2807 αὐτοῖς,
688 2738 756 2795 δι’
790 2742 863 2794 ὧν
894 2738 1131 2815 δρῶμεν,
1163 2738 1439 2813 πλέκομεν
1464 2740 1742 2818 στέφανον.

112 2836 183 2885 Ζῶ
226 2835 324 2907 γάρ
376 2830 505 2905 ἐγὼ,
568 2830 717 2906 λέγει
778 2829 997 2905 Κύριος,
1055 2828 1145 2884 καί
1218 2830 1345 2891 τοὺς
1423 2826 1743 2899 δοξάζοντάς

119 2941 173 2993 με
200 2918 423 2993 δοξάσω.
466 2918 597 2977 Ἡδὺ
634 2921 728 2991 μὲν
784 2921 889 2993 γὰρ
943 2914 1130 2987 ὅντως,
1189 2916 1295 2988 ἡδὺ
1353 2919 1519 2974 ποτὸν
1577 2920 1742 2988 οἶνος,

116 3012 191 3063 καὶ
213 3012 480 3087 τρόφιμον
514 3008 681 3084 ἄρτος
714 3008 789 3072 εἷς
824 3009 1026 3083 βρῶσιν
1062 3011 1194 3081 (65).
1245 3009 1307 3065 Ὀ
1360 3008 1456 3080 μὲν
1504 3010 1608 3083 γάρ
1658 3008 1748 3063 εὐ-

120 3099 324 3171 ρραίνει,
367 3101 397 3154 ὁ
460 3096 517 3153 δὲ
565 3095 788 3171 καρδίαν
826 3098 1111 3172 ἀνθρώπου
1160 3096 1420 3171 στηρίξει.
1468 3097 1641 3154 Ἀλλὰ
1695 3098 1747 3153 τί

120 3196 202 3256 τῆς
230 3189 451 3263 Μητρὸς
481 3188 579 3241 τοῦ
615 3190 749 3242 Θεοῦ
784 3208 887 3259 μου
936 3183 1200 3259 ἡδότερυν
1236 3205 1248 3255 ;
1289 3186 1437 3257 Αὕτη
1501 3208 1606 3259 μου
1653 3188 1743 3242 τὸν

118 3282 224 3330 γοῦν
252 3277 392 3332 εἷλεν
429 3274 813 3352 αἰχμάλωτον·
846 3276 944 3344 τὴν
976 3275 1224 3350 γλῶσσαν
1276 3275 1408 3346 αὕτη
1461 3274 1741 3344 ἐληΐσατο.
1780 3305 1823 3371 C

120 3366 291 3435 ταύτην
323 3368 470 3442 ὕπαρ
499 3387 558 3420 τε
588 3365 678 3419 καὶ
712 3361 839 3439 ὄναρ
873 3364 1231 3443 φαντάζομαι.
1295 3363 1443 3435 Αὕτη
1496 3369 1590 3420 τοῦ
1639 3367 1745 3421 Λό-

122 3475 204 3525 γου
230 3458 452 3528 Μήτηρ,
508 3455 597 3509 καὶ
642 3451 816 3528 λόγου
862 3454 1161 3523 καθέστηκε
1212 3453 1479 3529 χορηγός·
1535 3454 1596 3508 τὸ
1647 3462 1747 3525 τῆς

124 3544 303 3619 στείρας
353 3546 571 3616 κύημα,
623 3544 686 3597 τὸ
764 3542 1146 3619 καρποφόρους
1204 3543 1298 3605 τὰς
1374 3546 1747 3618 στειρευούσας

123 3634 273 3708 pilai;
328 3633 713 3711 ἐργαζόμενον.
768 3630 982 3702 Ταύτης
1027 3634 1126 3702 τὴν
1172 3632 1319 3706 ἱεράν
1358 3653 1416 3687 τε
1462 3632 1551 3687 καὶ
1607 3636 1750 3697 θείαν

126 3725 413 3792 iratis-tactv
472 3723 802 3797 ἑορτάζομεν
855 3723 1119 3796 σήμερον.
1168 3726 1325 3776 Δεῦτε
1371 3721 1570 3793 τοίνυν,
1624 3724 1747 3779 ἂνα-

126 3806 281 3883 εῶμεν
333 3813 470 3887 πρὸς
526 3813 589 3867 τὸ
643 3810 900 3884 μυστικὸν
964 3807 1111 3885 ὅρος,
1172 3811 1262 3865 καὶ
1319 3816 1424 3865 τῶν
1475 3813 1745 3888 βιωτικῶν

127 3902 198 3953 καὶ
228 3901 418 3957 ὑλικῶν
478 3902 767 3978 ἐμφάσεων
820 3900 1108 3976 γεγονότες
1162 3901 1472 3977 ὑπέρτεροι,
1518 3902 1606 3957 καὶ
1653 3905 1745 3958 τὸν

129 3986 313 4061 prium,
341 3988 757 4055 ὑπεισελθόντες
778 3990 869 4045 τὸν
895 3995 1038 4053 θεῖον
1062 3990 1149 4044 καὶ
1181 3987 1453 4060 ἄληπτον,
1502 3990 1554 4046 ἐν
1609 3993 1746 4070 φωτὶ

126 4082 189 4147 τῷ
229 4081 341 4153 θείῳ
393 4081 706 4155 γενόμενοι,
765 4080 862 4148 τήν
923 4077 1355 4154 ἀπειροδόναμον
1417 4080 1748 4155 ὑμνήσωμεν

130 4162 339 4241 δὸναμιν.
372 4175 501 4233 Πῶς
532 4171 560 4223 ὁ
592 4168 651 4224 ἐκ
679 4175 778 4238 τῆς
838 4168 1155 4241 περιουσίου
1188 4172 1298 4242 (66)
1332 4178 1600 4245 περιοπῆς
1645 4179 1746 4240 τῆς

132 4256 270 4312 ἆὺλου
295 4260 378 4313 καὶ
428 4262 647 4315 πάντων
708 4256 980 4326 ὲπὲπεινα,
1040 4266 1138 4327 τῆς
1195 4266 1465 4335 πατρικῆς
1519 4262 1748 4335 γαστρὸς

132 4344 499 4424 ἀνεκροιτήτως
559 4347 635 4411 εἷς
695 4349 793 4417 τὴν
852 4349 1182 4422 παρθενικὴν
1246 4346 1411 4418 νηδὺν
1484 4346 1744 4421 καταϐὰς,

134 4435 428 4511 συλληφθείς
458 4459 523 4494 τε
551 4439 644 4492 καὶ
673 4437 995 4511 σαρκωθεὶς,
1056 4438 1145 4492 καὶ
1205 4436 1295 4493 διὰ
1345 4440 1531 4493 παθῶν
1589 4441 1745 4495 ἑκου-

130 4524 235 4589 σίως
260 4524 473 4590 ὁδε-ὅσας
534 4527 672 4602 πρὸς
732 4527 982 4595 θάνατον,
1033 4527 1123 4581 καὶ
1186 4527 1321 4599 μετὰ
1372 4530 1626 4601 σώματος
1687 4529 1747 4585 ἐκ

128 4620 210 4684 γῆς
236 4618 324 4684 τήν
352 4626 605 4692 γέννησιν
640 4613 889 4691 ἔχοντος,
921 4616 1012 4671 καὶ
1071 4618 1244 4692 φθορᾷ
1290 4620 1638 4691 κτησάμενος
1682 4622 1743 4675 τὸ

130 4698 383 4776 ἔξθαρτον,
414 4707 557 4781 πρὸς
582 4707 675 4760 τὸν
721 4705 931 4779 Πατέρα
988 4703 1152 4761 πᾶλιν
1215 4707 1599 4784 ἀναφοιτήσας,
1644 4710 1743 4777 τήν

131 4790 266 4846 αὑτοῦ
294 4797 421 4850 κατᾶ
469 4797 646 4871 σάρκα
704 4796 930 4867 Μητέρα
987 4796 1124 4869 πρὸς
1180 4796 1272 4850 τὸν
1319 4796 1513 4851 ἑαυτοῦ
1555 4800 1741 4871 γεννή-

128 4898 238 4953 τορα
283 4882 637 4951 ἐπεσπάσατο,
692 4884 919 4960 οὐρανὸν
972 4883 1211 4960 ἐπίγειον
1300 4885 1741 4961 χρηματίσασαν,

131 4971 240 5043 πρὸς
266 4977 355 5043 τὴν
390 4975 711 5051 ἐπουράνιον
740 4982 846 5050 γῆς
883 4973 1213 5049 μετεωρίσας
1248 4995 1262 5045 ς

192 5222 246 5292 3’.
299 5226 547 5299 Σήμερον
579 5227 614 5295 ἢ
651 5226 823 5295 νοητή
884 5225 1088 5298 κλίμαξ
1142 5229 1177 5297 ἡ
1239 5225 1511 5304 ἔμψυχος,
1562 5226 1631 5282 δι’
1678 5228 1747 5295 ἧς

134 5306 667 5389 καταϐὰςὸὛψιστος
699 5313 786 5369 ἐπὶ
817 5319 920 5390 γῆς
973 5311 1153 5392 ὤφθη,
1212 5316 1301 5371 καὶ
1361 5323 1479 5379 τοῖς
1537 5314 1747 5391 ἀνθρώ-

191 5473 269 5528 "1
295 5478 425 5549 Reg.
455 5496 516 5547 ιι,
552 5480 640 5533 30.
718 5477 762 5513 9⁸
790 5478 944 5535 Psal.
980 5495 1096 5551 cui,
1134 5483 1219 5537 15.

147 5634 287 5765 “(63)
312 5638 389 5692 Ex
418 5640 622 5694 codice
652 5640 1169 5713 Sangermanensi,
1202 5640 1398 5697 collat.
1452 5658 1587 5696 cum
1646 5641 1745 5695 Se-

206 5722 405 5764 eriano.

206 5722 405 5764 eriano.

200 5779 291 5847 (64)
317 5781 437 5854 Seg.
466 5780 604 5835 σπάν
616 5801 680 5843 ις.

1857 2022 1999 2084 tare,
2034 2034 2101 2072 ac
2133 2024 2524 2073 sacrosanctm
2583 2020 2793 2075 huicce
2846 2022 3004 2075 nocti
3054 2023 3503 2077 accommodum

1852 2106 2166 2161 obsonium
2208 2123 2523 2178 apponam,
2588 2109 3032 2180 spiritualisque
3088 2110 3503 2165 oblectationis

1852 2196 2085 2250 lucrum
2116 2197 2380 2251 afferam.
2406 2197 2859 2252 Esculentorum
2884 2199 3101 2269 quippe
3124 2207 3323 2267 nos,ut
3344 2200 3499 2253 vide-

1853 2286 1949 2353 tis,
1982 2286 2182 2356 inopia
2213 2286 2387 2357 cepit.
2420 2286 2816 2351 Quamobrem
2848 2289 3180 2342 convivium
3201 2289 3366 2343 vobis
3402 2305 3506 2342 ex-

1852 2380 2307 2445 temporaneum
2337 2392 2503 2447 paro,
2536 2375 2693 2445 quod
2726 2375 2865 2430 licet
2889 2393 2997 2431 nec
3016 2377 3507 2431 munificentissi-

1854 2480 2017 2518 mum
2042 2466 2135 2533 sit,
2161 2481 2271 2519 nec
2293 2481 2361 2520 ea
2379 2465 2621 2536 dignum
2641 2482 2771 2535 quas
2796 2483 2905 2520 nos
2925 2466 3211 2533 invitavit,
3244 2472 3506 2520 attamen

1852 2553 2070 2608 famem
2095 2554 2431 2609 necessario
2463 2571 2839 2625 compescere
2858 2556 3093 2625 poterit.
3125 2557 3323 2626 Neque
3349 2556 3509 2609 enim

1854 2642 1984 2713 ipsa
2015 2642 2291 2697 laudibus
2322 2643 2541 2697 nostris
2582 2644 2844 2713 indiget:
2911 2660 3114 2697 verum
3164 2662 3271 2697 nos
3319 2644 3507 2715 gloria

1855 2748 1987 2802 qua:
2021 2747 2087 2785 ex
2121 2731 2223 2785 illa
2250 2732 2402 2797 ﬂuit,
2428 2748 2686 2803 egemus.
2714 2734 2857 2786 Nam
2881 2733 3035 2802 quod
3054 2733 3179 2803 jam
3214 2737 3304 2785 est
3324 2732 3512 2803 gloria

1856 2820 2245 2887 cumulatum,
2280 2837 2539 2891 quanam
2570 2821 2758 2891 gloria
2787 2820 3134 2893 augebitur:
3169 2837 3234 2874 ac
3267 2820 3511 2874 luminis

1857 2910 2010 2976 fons,
2044 2925 2304 2979 quonam
2335 2915 2505 2979 pacto
2540 2908 2978 2963 illuminabitur
3000 2909 3026 2963 ‘I
3050 2909 3226 2963 Nobis
3250 2925 3382 2962 vero
3410 2926 3515 2979 per

1858 3016 1926 3054 ea
1956 3015 2086 3069 quas
2118 2998 2367 3070 agimus,
2401 2997 2654 3052 corollas
2682 2997 2975 3051 nectimus
3001 3014 3013 3051 :
3056 3000 3187 3052 Viro
3214 2999 3355 3050 enim
3385 3014 3509 3066 ego,

1857 3088 1939 3143 ait
1996 3087 2279 3153 Dominus,
2338 3087 2474 3157 quia
2530 3087 2899 3156 gloriﬁcantes
2956 3103 3039 3140 me
3093 3087 3411 3155 gloriﬁcabo
3443 3088 3505 3143 97.

1859 3179 2003 3232 Vere
2037 3177 2277 3248 quidem
2311 3178 2526 3245 suavis,
2560 3176 2777 3240 suavis,
2816 3176 3081 3246 inquam,
3106 3181 3280 3247 potus
3313 3175 3507 3230 estvi-

1859 3284 2024 3333 num,
2059 3266 2519 3337 nutriendoque,
2554 3266 2803 3320 idoneus
2835 3272 2924 3320 est
2953 3266 3123 3336 panis
3154 3265 3253 3335 qui
3288 3266 3502 3320 editur.

1859 3355 2011 3409 Illud
2043 3355 2201 3408 enim
2234 3354 2515 3418 laetificat;
2548 3354 2642 3407 hic
2672 3370 2775 3407 cor
2798 3354 3057 3408 hominis
3090 3353 3406 3407 confirmat
3436 3353 3497 3387 9"

1861 3444 1970 3500 Sed
2003 3444 2145 3515 quid
2177 3443 2276 3497 Dei
2310 3444 2487 3498 Matre
2521 3442 2801 3497 dulcius?
2836 3444 2968 3497 Haac
2999 3449 3258 3497 mentem
3310 3457 3507 3496 meam

1860 3533 2147 3603 captivam
2175 3537 2368 3587 tenet:
2398 3533 2524 3586 hzec
2556 3532 2818 3603 linguam
2842 3532 3183 3603 depraedata
3205 3537 3293 3586 est
3318 3548 3329 3584 :
3358 3532 3508 3585 hanc

1859 3623 1959 3678 diu
1990 3628 2290 3692 noctuque
2320 3621 2612 3677 meditor:
2650 3622 2795 3686 hzec,
2821 3639 2955 3676 cum
2980 3622 3147 3676 Verbi
3174 3622 3249 3676 sit
3268 3637 3503 3691 parens,

1857 3712 2033 3767 verba
2050 3728 2285 3783 quoque
2309 3712 2666 3783 suppeditat.
2691 3711 3028 3766 Infecundaa
3050 3712 3205 3765 fetus
3231 3717 3338 3776 est,
3376 3728 3509 3781 qua:

1858 3802 2209 3857 infecundos
2231 3802 2462 3856 animos
2485 3801 2819 3856 fructiferos
2840 3801 3056 3856 reddit.
3076 3802 3261 3871 llujus
3276 3817 3508 3855 sacrum

1858 3892 2241 3959 divinumque
2265 3892 2585 3946 transitum
2605 3891 2780 3945 hodie
2804 3890 3305 3945 celebramus.Eia
3331 3891 3505 3962 agite,

1858 3981 1930 4037 ad
1945 3987 2207 4035 montem
2231 3997 2368 4052 ergo
2395 3981 2709 4051 mysticum
2734 3980 3211 4045 ascendamus,et
3232 3980 3504 4043 terrenis,

1857 4088 1925 4127 ac
1956 4070 2218 4125 materim
2247 4069 2520 4124 obnoxiis
2552 4069 2908 4141 imaginibus
2957 4069 3292 4139 superiores
3342 4068 3501 4131 facti,

1857 4165 2033 4229 atque
2067 4160 2126 4213 in
2161 4159 2391 4213 divinas
2421 4158 2695 4213 tenebras
2747 4174 2877 4227 qua)
2927 4154 3347 4226 comprehendi
3396 4170 3505 4207 ne-

1858 4254 2104 4320 queunt,
2140 4247 2489 4313 intromissi,
2519 4247 2715 4301 divino
2749 4246 2973 4300 lumine
3000 4244 3503 4313 comparato.inti-

1856 4339 2043 4393 nitam
2067 4339 2340 4391 virtutem
2369 4336 2797 4390 collaudamus.
2823 4333 3165 4397 Quifactum
3190 4338 3296 4398 est,
3321 4331 3507 4400 utqui

1858 4444 1927 4482 ex
1959 4427 2287 4482 celsissima
2322 4431 2379 4479 et
2434 4423 2796 4494 incorporali
2851 4421 3112 4492 specula,
3160 4438 3290 4490 qua)
3346 4427 3510 4475 extra

1855 4533 2093 4572 omnem
2121 4516 2311 4570 aleam
2336 4520 2445 4579 est,
2468 4520 2714 4585 paterno
2742 4528 2810 4565 ex
2826 4512 2960 4565 sinu
2984 4527 3103 4564 non
3129 4526 3419 4581 egressus,
3450 4510 3510 4563 in

1855 4606 2202 4678 virginalem
2234 4610 2468 4658 uterum
2500 4600 2891 4665 descendens,
2927 4605 2983 4654 et
3004 4604 3309 4669 assumpta
3332 4614 3510 4652 carne

1853 4700 2194 4766 conceptus,
2216 4693 2666 4762 voluntariaque
2690 4690 2964 4762 passione
2983 4690 3142 4744 adita
3157 4695 3508 4752 morte,cum

1852 4802 2097 4857 corpore
2130 4800 2200 4838 ex
2231 4789 2387 4838 terra
2410 4786 2737 4854 procreato,
2772 4780 3217 4849 incorruptione
3238 4794 3341 4848 per
3376 4794 3503 4830 cor-

1850 4875 2189 4946 ruptionem
2221 4872 2531 4943 acquisita,
2566 4870 2638 4925 ad
2671 4872 2903 4925 Patrem
2937 4870 3151 4922 iterum
3209 4882 3502 4919 reversus,

1852 4966 2097 5019 Matrem
2111 4979 2277 5017 suam
2301 4960 2628 5016 secundum
2642 4976 2881 5015 carnem
2898 4958 2971 5012 ad
2984 4956 3309 5027 genitorem
3326 4971 3499 5009 suum

1853 5052 2179 5118 attraxerit,
2209 5056 2267 5106 et
2286 5051 2475 5121 ipsam
2500 5066 2630 5120 qua:
2653 5048 2866 5103 caelum
2882 5052 3158 5101 terrestre
3190 5044 3401 5110 fuerat,
3426 5043 3498 5097 ad

1855 5140 2150 5196 caelestem
2185 5145 2403 5192 terram
2427 5136 2780 5191 sustulerit?

1922 5232 1975 5284 2.
2014 5228 2197 5283 Hodie
2246 5227 2405 5283 scala
2452 5226 2779 5299 spiritualis
2826 5225 3107 5292 animata,
3158 5241 3264 5295 per
3321 5240 3499 5294 quam

1854 5320 2197 5376 Altissimus
2226 5316 2595 5373 descendens
2627 5316 2688 5371 in
2723 5316 2893 5370 terris
2925 5316 3084 5369 visus
3116 5320 3224 5381 est,
3268 5319 3326 5367 et
3368 5329 3500 5367 cum

1929 5643 2039 5711 (65)
2072 5641 2199 5711 Seg.
2232 5633 2465 5711 βρωτόν.

1928 5703 2041 5786 (66)
2073 5703 2199 5783 Seg.
2232 5703 2580 5783 ῦπερουσῗον.
