3958 6198
449 441 559 497 755

1739 441 1796 494 S.
1839 431 2145 493 JOANNIB
2179 427 2601 488 DAMASCENI
3727 426 3814 494 ’156

455 564 797 623 hominibus
829 565 919 620 est
947 563 1329 620 conversatus
1358 563 1426 632 θ’,
1483 579 1591 636 per
1632 566 1886 619 mortem
1936 576 2016 633 qu

2248 573 2346 618 τοις
2379 556 2805 635 συνανεστράφη,
2867 561 2945 630 τῷ
2993 557 3208 632 θανάτῳ
3247 558 3568 636 χρησαμένη
3616 558 3811 634 κλίματι,

457 674 563 729 per
594 653 815 710 scalam
841 671 910 710 ex
931 660 1085 709 terra
1108 655 1166 709 in
1191 654 1403 710 caelum
1430 653 1708 726 perrexit.
1735 651 2116 707 Hodieterre-

462 747 600 801 stris
633 761 857 812 mensa,
894 762 1023 816 quas
1057 743 1356 799 caelestem
1386 745 1517 798 vita)
1573 758 1790 815 panem
1837 740 2112 796 divinita-

463 837 606 891 tisvc
637 835 788 890 883
823 834 1141 889 carbonem
1177 835 1304 888 sine
1364 834 1712 904 nuptiarum
1760 847 1875 886 usu
1923 835 2112 902 gesta-

461 930 641 992 verat,
669 941 698 979 e
724 929 879 978 terra
900 924 961 977 in
993 923 1206 979 ccelum
1231 921 1507 978 subvecta
1538 929 1644 989 est,
1679 921 1900 991 Deique
1931 924 2113 990 porta:

463 1015 536 1070 ad
563 1015 854 1068 orientem
888 1013 1116 1085 positae,
1151 1013 1438 1068 coslorum
1469 1016 1655 1086 portas
1687 1010 1924 1066 elevatae
1953 1012 2111 1064 sunt.

463 1103 646 1158 Hodie
678 1120 747 1157 ex
780 1102 1044 1158 terrestri
1073 1101 1422 1168 Jerusalem,
1468 1101 1672 1156 civitas
1704 1101 1807 1155 Dei
1855 1099 2116 1154 animata

460 1194 534 1248 ad
568 1209 886 1264 supernam
919 1193 1247 1247 Jerusalem
1274 1191 1616 1246 reducitur:
1661 1195 1720 1244 et
1766 1205 1896 1260 (ιιιω
1951 1203 2114 1243 crea-

459 1288 606 1337 tura)
626 1284 821 1337 omnis
840 1282 1303 1354 primogenitum
1326 1281 1818 1353 unigenitumque
1832 1295 1901 1333 ex
1919 1281 2112 1342 Patre,

459 1372 920 1443 primogenitum
946 1387 1013 1425 cx
1039 1372 1233 1441 seipsa
1264 1375 1321 1424 et
1341 1369 1715 1441 unigenitum
1740 1371 2111 1439 conceperat,

460 1461 520 1514 in
546 1461 1080 1532 primogenitorum
1105 1460 1369 1514 Ecclesia
1391 1463 1815 1513 commoratur.
1838 1459 1984 1511 Arca
2011 1455 2112 1510 Dei

457 1550 723 1604 animata
753 1554 810 1603 et
831 1548 1138 1603 rationalis
1161 1549 1233 1603 ad
1262 1548 1391 1602 Filii
1413 1548 1504 1602 sui
1529 1546 1796 1617 requiem
1831 1545 2111 1600 transfer-

459 1644 573 1693 tur.
637 1638 897 1692 Paradisi
950 1638 1108 1692 fores
1157 1642 1522 1703 reserantur,
1585 1641 1642 1690 et
1689 1652 1893 1690 arvum
1954 1631 2111 1706 quod

458 1725 644 1779 Deum
677 1725 831 1790 tulit,
868 1725 1201 1795 excipiunt;
1263 1741 1334 1779 ex
1377 1740 1493 1794 quo
1545 1725 1920 1795 sempiterna)
1979 1724 2110 1779 vitae

457 1815 685 1887 lignum
719 1813 1042 1884 pullulans,
1076 1813 1343 1868 Christus
1400 1813 1708 1877 nimirum.
1760 1817 2110 1868 cunctorum

456 1907 589 1960 vita)
640 1912 864 1972 auctor,
925 1907 1053 1959 Eva}
1101 1904 1587 1973 inobedientiam,
1649 1919 1978 1974 necemque
2037 1901 2109 1957 ab

456 1997 680 2052 Adamo
717 1999 945 2052 illatam
1006 1997 1288 2051 enecavit.
1342 1997 1561 2067 Specus
1610 1996 1890 2058 excisum,
1941 2011 2114 2049 mons

459 2108 579 2146 non
611 2096 900 2156 exsectus,
927 2107 995 2144 ex
1018 2105 1132 2159 quo
1157 2089 1307 2160 lapis
1330 2089 1496 2143 nulla
1517 2104 1801 2143 manuum
1824 2104 1934 2158 ope
1950 2087 2117 2142 avul-

459 2198 581 2246 sus,
619 2185 802 2234 totum
834 2185 1128 2232 terrarum
1161 2179 1364 2233 orbem
1408 2177 1692 2248 implevit.
1747 2177 1974 2232 Thorus
2022 2176 2114 2231 di-

455 2269 603 2322 vinre
641 2268 810 2322 Verbi
845 2267 1255 2335 humanitatis,
1291 2268 1353 2322 in
1387 2266 1816 2339 gloriosissimo
1840 2267 2112 2338 sepulcro

455 2357 613 2411 velut
646 2357 706 2411 in
741 2356 1373 2426 thalamorequiescit:
1408 2373 1478 2410 ex
1508 2373 1623 2426 quo
1657 2356 1729 2410 ad
1752 2356 2016 2427 nuptiale
2049 2357 2110 2412 in

455 2448 619 2503 ccelis
651 2448 912 2519 positum
948 2446 1288 2502 cubiculum
1313 2446 1526 2518 migrat
1550 2464 1562 2514 ;
1595 2446 1694 2501 ubi
1719 2463 1853 2502 cum
1879 2447 2025 2502 Filio
2053 2449 2112 2502 et

459 2539 576 2592 Deo
609 2544 810 2608 aperte
846 2542 1162 2609 regnatura
1193 2542 1282 2591 est
1307 2553 1320 2591 :
1341 2553 1406 2591 ac
1440 2534 1800 2607 sepulcrum,
1823 2543 1889 2591 ut
1908 2535 1980 2591 iis
2007 2533 2108 2607 qui

457 2627 518 2680 in
553 2626 724 2680 terris
764 2633 964 2698 agunt,
1001 2626 1243 2681 thalami
1277 2626 1406 2680 loco
1441 2631 1616 2693 esset,
1651 2624 1914 2694 reliquit.
1948 2625 2108 2681 Itane

454 2732 588 2770 vero
623 2715 960 2786 sepulcrum
995 2715 1291 2770 thalamus
1323 2715 1456 2770 est?
1484 2715 1565 2770 ita
1591 2731 1854 2786 prorsus,
1887 2731 1956 2769 ac
1979 2715 2110 2769 tha-

453 2804 610 2858 lamo
644 2805 848 2874 quovis
881 2802 1172 2858 illustrius
1199 2821 1211 2858 :
1234 2820 1355 2858 non
1386 2803 1512 2858 auri
1532 2802 2107 2875 splendoribus,non

453 2894 680 2964 argenti
712 2893 1000 2956 claritate.
1025 2909 1144 2948 non
1177 2892 1442 2964 lapidum
1474 2892 1800 2964 fulgoribus
1851 2893 2103 2974 micans,

452 2997 572 3035 non
604 2982 808 3036 sericis
841 2982 1077 3053 pannis,
1105 2987 1161 3035 et
1187 2981 1479 3036 contextis
1505 2997 1573 3035 ex
1592 2995 1734 3036 auro
1759 2986 1817 3035 et
1841 2995 2107 3052 purpura

453 3071 713 3126 vestibus
753 3077 1122 3136 exornatum,
1159 3071 1262 3125 sed
1293 3069 1560 3125 radiante
1594 3069 1872 3124 divinitus
1905 3070 2103 3141 splen-

455 3176 597 3232 pore
630 3159 989 3215 sanctissimi
1023 3158 1307 3231 Spiritus:
1342 3175 1462 3214 non
1516 3173 1830 3230 corporum
1877 3175 2105 3214 connu-

456 3249 624 3304 bium
658 3256 827 3304 terra:
857 3248 1240 3315 amatoribus,
1277 3247 1378 3304 sed
1411 3248 1482 3303 iis
1523 3249 1621 3318 qui
1673 3247 1890 3319 Spiritu
1922 3248 2101 3303 vincti

2144 1952 2251 2042 Βδ

2223 645 2387 720 γῆθεν
2444 645 2520 708 εἷς
2589 645 2856 721 οὐρανοὺς
2915 647 3292 727 ἆνεφοίτησεν.
3355 651 3597 725 Σήμερον
3650 651 3680 721 ἠ
3727 652 3813 706 ial-

2224 756 2372 810 γειος
2426 736 2686 811 τράπεζα,
2743 741 2780 810 ἠ
2836 740 2927 794 τὸν
2998 739 3251 816 οὐράνιον
3322 746 3424 812 τῆς
3497 749 3632 812 ζωῆς
3697 749 3814 818 ἄρτον

2225 826 2315 880 τὸν
2347 832 2448 895 τῆς
2494 827 2753 899 θεότητος
2812 829 3050 904 ἄνθρακα
3107 831 3502 906 ἀπειρογάμως
3553 834 3820 908 βαστάσασα,

2226 913 2332 969 ἀπὸ
2361 922 2466 990 γῆς
2498 919 2639 990 ῇρθη
2665 917 2801 993 πρὸς
2857 916 3140 993 οὐρανούς,
3194 919 3286 974 καὶ
3333 923 3403 994 τῇ
3455 923 3570 976 κατ’
3615 923 3825 990 ἀνατολὰς

2223 1007 2321 1059 τοῦ
2351 1009 2484 1060 Θεοῦ
2513 1005 2684 1078 πύλῃ,
2733 1005 2905 1062 πύλαι
2954 1007 3186 1083 οὐρανοῦ
3237 1008 3573 1084 ἐπήρθησαν.
3623 1014 3823 1089 Σήμιρον

2227 1093 2285 1147 ἐκ
2313 1100 2412 1163 τῆς
2461 1093 2702 1171 ἐπιγείου
2758 1095 3125 1172 Ἰερουσαλήμ
3181 1099 3216 1168 ἡ
3276 1098 3442 1161 πόλις
3500 1104 3595 1154 τοῦ
3647 1107 3824 1173 Θεοῦὴ

2225 1179 2477 1258 ἔμψυχος
2532 1185 2670 1260 πρὸς
2724 1187 2825 1256 τὴν
2881 1184 2992 1241 ἅνω
3049 1187 3418 1262 Ἰερουσαλήμ
3511 1191 3827 1264 μετατίθεται,

2223 1270 2312 1325 καὶ
2344 1272 2434 1326 τὸν
2468 1273 2818 1346 πρωτὸτοκον
2863 1277 3042 1345 πάσης
3098 1275 3344 1346 κτίσεως,
3405 1277 3500 1333 τὸν
3559 1278 3620 1334 ἐκ
3669 1283 3832 1356 Πατρὸς

2228 1369 2518 1436 μονογενῆ,
2550 1363 2904 1437 πρωτότοκον
2969 1365 3020 1436 ἐξ
3070 1365 3240 1436 αὐτῆς
3291 1375 3563 1442 μονογενῦ
3613 1371 3830 1445 κυήσασα,

2223 1447 2276 1502 ὲν
2303 1454 2372 1524 τῇ
2417 1450 2720 1525 Ἐκκλησία
2776 1456 2886 1508 τῶν
2944 1457 3317 1528 πρωτοτόκων
3376 1456 3675 1529 αὐλίζεται,
3716 1461 3834 1532 καὶὴ

2221 1534 2457 1603 κιϐωτὸς
2490 1540 2698 1617 Κυρίου
2729 1544 2763 1612 ἡ
2797 1541 3048 1619 ἔμψυχός
3095 1565 3157 1600 τε
3207 1546 3297 1600 καὶ
3349 1546 3556 1622 λογικὴ
3602 1551 3726 1625 πρὸς
3763 1553 3834 1619 τήν

2221 1631 2316 1683 τοῦ
2373 1630 2502 1684 Υἱοῦ
2582 1630 2879 1687 ἀνάπαυσιν
2970 1635 3370 1707 μετανίσταται.
3451 1636 3630 1693 Πύλαι
3703 1660 3837 1713 mp:-

2223 1715 2402 1773 δείσου
2455 1720 2790 1796 ἀνοίγονται,
2849 1728 2940 1778 καί
2992 1726 3091 1793 τήν
3173 1726 3440 1804 θεοφόρον
3516 1727 3836 1804 ὑποδέχονται

2222 1805 2480 1884 ἄρουραν,
2512 1809 2563 1882 ἐξ
2593 1813 2660 1880 ἧς
2681 1813 2744 1867 τὸ
2771 1819 2872 1882 τῆς
2900 1813 3124 1869 αἰωνίου
3160 1820 3304 1885 ζωῆς
3337 1815 3500 1887 ξύλον
3567 1816 3834 1893 βλαστῆσαν

2218 1898 2319 1966 τήν
2352 1901 2634 1976 παρακοήν
2665 1904 2763 1970 τῆς
2795 1899 2938 1964 Εὔας
2968 1903 3058 1958 καὶ
3108 1906 3207 1974 τήν
3254 1906 3515 1982 νέκρωσιν
3561 1912 3655 1962 τοῦ
3698 1907 3836 1982 Ἀδᾶμ

2260 1986 2534 2046 ιαλέλυκε.
2567 1991 2799 2065 Χριστὸς
2853 1993 3031 2062 οὗτος,
3067 1993 3095 2048 ὁ
3122 2002 3225 2064 τῆς
3271 2001 3419 2066 ζωῆς
3467 2003 3578 2052 τῶν
3630 2001 3837 2055 ἁπάντων

2220 2075 2412 2148 αἶ’τιος,
2475 2078 2666 2156 ἄντρον
2730 2079 3148 2156 λελαξευμὲνον,
3208 2080 3336 2161 ὄρος
3397 2085 3462 2141 τὸ
3533 2085 3841 2161 ἆλατόμῃτον

2222 2164 2572 2243 ὑποδέχεται,
2617 2169 2668 2241 ἐξ
2723 2167 2785 2225 οὗ
2845 2170 3000 2235 λίθος
3051 2178 3259 2250 χειρῶν
3312 2175 3436 2230 ἄνευ
3491 2179 3714 2250 τμηθεὶς
3761 2180 3840 2246 τήν

2219 2254 2550 2330 οἷκουμένην
2582 2256 2926 2337 ἐπλήρωσεν·
2959 2265 2994 2332 ἡ
3028 2262 3232 2326 παστὰς
3261 2268 3361 2330 τῆς
3397 2263 3546 2330 θείας
3574 2271 3666 2321 τοῦ
3693 2266 3842 2341 Λόγου

2219 2345 2565 2419 σαρκώσεως,
2625 2349 2700 2403 ὡς
2752 2349 2804 2405 ἐν
2862 2350 3094 2426 θαλάμῳ
3145 2358 3225 2425 τῷ
3310 2354 3629 2411 πανευκλεεῖ
3673 2357 3844 2411 ἀναπέο

2217 2456 2414 2493 παυται
2454 2441 2629 2516 τάφῳ,
2685 2439 2802 2496 ὅθεν
2847 2442 2985 2516 πρὸς
3031 2444 3124 2499 τὸν
3182 2443 3434 2520 οὐράνιον
3487 2446 3675 2502 άνίεισι
3725 2469 3846 2520 νυμ-

2217 2531 2390 2600 φῶνα,
2421 2532 2500 2601 τῷ
2547 2530 2656 2602 1⁸ίῷ
2703 2529 2792 2585 καὶ
2852 2536 2970 2605 Θεῷ
3023 2529 3307 2605 ἀριδήλως
3365 2531 3839 2608 συμϐασιλεύουσα,

2212 2616 2423 2671 καὶτὸν
2464 2617 2632 2697 τάφον
2683 2618 2929 2676 παστάδα
2975 2627 3092 2684 τοῖς
3149 2622 3238 2678 ἐπὶ
3296 2627 3400 2700 γῆς
3450 2625 3843 2683 καταλέλοιπεν.

2215 2703 2464 2761 Παστάδα
2519 2708 2611 2762 τὸν
2669 2709 2875 2787 talem);
2937 2710 3041 2766 Ναὶ
3120 2711 3397 2775 παστάδος
3477 2716 3656 2786 πάσης
3731 2735 3850 2770 παν-

2214 2793 2596 2872 αγλαὲστερον,
2630 2796 2692 2853 οὗ
2750 2804 2959 2875 χρυσοῦ
3015 2800 3441 2877 περιλάμψεσιν,
3486 2805 3585 2859 οὐκ
3632 2804 3846 2880 ἀργόρου

2213 2884 2500 2958 φανότητι,
2551 2887 2642 2942 καὶ
2703 2887 2872 2954 λίθων
2927 2888 3220 2966 διαυγείαις
3272 2891 3695 2968 ἆστράπτουσαν,
3771 2897 3844 2950 καί

2212 2980 2404 3050 σειρῶν
2432 2979 2658 3051 νήμασι,
2693 2978 2783 3034 καὶ
2841 2984 3204 3056 χρυσονήστῳ
3265 2981 3477 3054 ἐσθῆτι,
3531 2985 3619 3040 καὶ
3666 2987 3847 3061 ἁλουρ·

2209 3061 2322 3138 γίδι
2381 3065 2755 3143 κεκλωσμένῃ,
2815 3068 2960 3125 ἀλλὰ
3046 3073 3295 3149 θεφεγγεῐ
3371 3069 3532 3150 αἶ’γλῃ
3587 3079 3678 3130 τοῦ
3729 3095 3843 3130 παν-

2209 3153 2364 3228 αγίου
2399 3155 2732 3230 ΙΙνεύματοςο
2792 3159 2852 3214 οὐ
2913 3163 3185 3234 σωμάτων
3249 3165 3536 3242 συνάφειαν
3591 3171 3702 3227 τοῖς
3754 3172 3847 3241 γῆς

2209 3241 2478 3316 ἐρασταῖς,
2530 3252 2647 3308 τοῖς
2700 3245 2757 3303 δὲ
2809 3245 3053 3323 δεσμίοις
3108 3256 3205 3307 τοῦ
3263 3241 3583 3328 Πνεῦματος
3669 3258 3847 3330 ψυχῶν

455 3345 612 3404 sunt,
640 3339 974 3394 animarum
999 3344 1337 3393 sanctarum
1360 3338 1536 3393 vitam
1561 3336 1854 3409 praebens,
1877 3338 2018 3392 SCillt

2278 3331 2384 3387 ·ίων
2415 3336 2560 3404 ζωὴν
2600 3339 2978 3412 προξενοῦσαν,
3037 3343 3174 3413 πρὸς
3238 3344 3369 3399 Θεὸν
3423 3344 3602 3415 πάσης
3654 3344 3841 3417 ἀμείνω

449 3429 758 3484 meliorem
790 3429 1068 3484 omnibus
1100 3427 1549 3499 suavioremque
1573 3427 1726 3499 apud
1761 3428 1943 3482 Deum
1977 3433 2095 3484 sta-

451 3523 598 3572 tum.
636 3518 983 3589 Sepulcrum
1015 3518 1126 3572 hoc
1157 3517 1286 3588 ipsa
1314 3517 1494 3572 Edem
1530 3515 1850 3572 formosius
1899 3522 2008 3582 est,
2041 3522 2100 3573 et

450 3622 525 3660 ne
557 3606 877 3660 blanditias
912 3622 1058 3676 quas
1091 3622 1151 3659 1n
1183 3605 1288 3660 illa
1313 3606 1499 3660 hostis
1530 3604 1819 3665 adhibuit.
1845 3620 2097 3660 comme-

449 3711 701 3756 morem,
735 3694 1054 3765 egregium,
1083 3698 1148 3748 ut
1179 3694 1262 3748 sic
1292 3695 1525 3765 loquar,
1572 3694 1913 3762 consilium,
1947 3695 2096 3748 invi-

445 3782 626 3849 diam,
659 3781 949 3850 fraudem,
1007 3784 1292 3838 remissus
1350 3785 1477 3838 Eva:
1527 3785 1813 3852 animum,
1867 3785 2096 3840 suasio-

444 3888 604 3939 nem,
623 3871 857 3926 dulcem
879 3872 1055 3926 simul
1069 3877 1243 3943 atque
1260 3889 1521 3928 amaram
1537 3890 1870 3944 escam,per
1891 3891 2091 3946 quam,

443 3961 665 4016 amissa
695 3966 916 4029 mente,
950 3963 1262 4033 conjugem
1293 3979 1528 4033 quoque
1571 3979 1638 4017 ea
1670 3962 1965 4033 spoliavit.
1999 3964 2091 4018 in-

2209 3421 2300 3476 καὶ
2321 3423 2653 3501 γλυκυτέραν
2685 3430 3032 3488 κατάποσιν.
3058 3433 3231 3495 Οὗτος
3277 3435 3306 3488 ὁ
3334 3435 3504 3513 τάφος
3551 3443 3648 3505 τῆς
3695 3435 3844 3509 Ἐδὲμ

2205 3511 2552 3602 ὡραιότερος·
2585 3517 2677 3573 καὶ
2705 3517 2794 3575 ’ἶνα
2828 3522 2903 3594 μὴ
2938 3521 3084 3598 λέγω
3114 3526 3214 3595 τήν
3247 3525 3301 3580 ἐν
3357 3511 3538 3602 ἐκείνῃ
3585 3532 3682 3584 τοῦ
3732 3527 3842 3584 δυσ-

2206 3606 2402 3674 μενοῦς
2434 3599 2661 3677 εὔνοιαν,
2693 3608 2791 3676 τήν
2844 3613 3122 3686 χρηστήν,
3177 3612 3248 3667 ’ἶν’
3297 3613 3471 3677 οὓτως
3523 3616 3681 3689 εἴπω,
3728 3639 3842 3691 συμ-

2201 3685 2432 3782 βουλὴν,
2461 3693 2554 3749 τὸν
2583 3696 2802 3774 φθόνον,
2832 3685 2932 3768 τὴν
2980 3700 3214 3775 ἀπάτην,
3267 3709 3368 3774 τῆς
3413 3701 3554 3768 Εὔας
3601 3685 3702 3776 τήν
3747 3685 3837 3782 μα-

2201 3777 2498 3853 λακότητα,
2555 3785 2654 3853 τήν
2711 3787 3063 3861 πιθανότητα,
3116 3792 3178 3846 τὸ
3252 3791 3427 3869 γλυκὺ
3505 3795 3596 3851 καὶ
3666 3777 3836 3870 πικρὸν

2199 3865 2413 3962 δέλεαρ,
2449 3868 2520 3926 δι’
2545 3876 2610 3943 ἧς
2650 3871 2861 3948 ἐκλάπη
2893 3878 2984 3933 τὸν
3016 3883 3163 3950 νοῦν,
3192 3865 3280 3936 καί
3329 3883 3423 3938 τὸν
3472 3884 3721 3962 ὁμόζυγα
3761 3865 3836 3941 κέ-

2197 3957 2397 4047 κλοφε,
2455 3962 2554 4030 τὴν
2616 3967 2922 4038 παρακοὴν,
2978 3969 3079 4038 τήν
3141 3970 3376 4047 ἐξορίαν,
3436 3974 3529 4029 τὸν
3613 3957 3837 4043 θάνατον,

438 4050 1427 4117 obedientiam,exsilium,mortem
1443 4051 2092 4119 edisserens,solemni-

439 4146 619 4196 tatem
655 4140 908 4194 tristitia:
940 4147 1356 4212 argumentum
1390 4141 1680 4196 efficiam:
1731 4140 1844 4195 hoc
1893 4142 2089 4213 sepul-

436 4248 624 4294 crum,
660 4231 927 4300 inquam,
963 4247 1031 4284 ex
1063 4237 1221 4285 terra
1251 4230 1500 4285 mortale
1533 4247 1748 4301 corpus
1779 4229 1852 4285 ad
1913 4231 2090 4287 cwlos

438 4321 796 4374 sublevavit:
853 4319 956 4374 illa
1014 4336 1148 4374 vero
1209 4336 1278 4374 ex
1329 4319 1446 4375 alto
1498 4319 1558 4375 in
1595 4325 1811 4374 terram
1855 4321 2088 4394 generis

436 4410 623 4464 nostri
655 4415 965 4480 parentem
997 4410 1258 4464 deduxit.
1293 4411 1522 4465 Etenim
1555 4411 1614 4464 in
1650 4410 1777 4481 ipsa
1807 4409 1931 4478 ille,
1986 4411 2087 4482 qui

433 4499 507 4554 ad
534 4500 849 4570 imaginem
875 4499 973 4553 Dei
999 4499 1187 4555 factus
1211 4505 1320 4565 est,
1347 4501 1908 4556 condemnationem
1932 4499 1996 4555 ha

2268 4497 2606 4573 τακὲκριταις
2643 4502 2814 4564 Οὗτος
2846 4504 2874 4558 ὁ
2903 4503 3072 4582 τάφος
3128 4513 3230 4575 τῆς
3285 4506 3456 4563 πάλαι
3511 4497 3718 4582 σκηνῆς
3759 4531 3831 4565 τι·

432 4591 696 4662 accepit:
737 4592 904 4645 Terra
936 4606 1007 4657 es,
1042 4597 1094 4644 et
1125 4592 1180 4644 in
1213 4596 1417 4645 terram
1466 4593 1752 4645 reverteris
1783 4590 1822 4644 ¹.
1875 4590 1995 4662 Sepi

2272 4585 2486 4679 ώτερος,
2535 4590 2634 4658 τὴν
2697 4590 2928 4667 λογικήν
2978 4616 3037 4650 τε
3094 4597 3180 4650 καὶ
3245 4593 3526 4674 ἔμψυχον,
3584 4603 3835 4679 θεοφεγγῆ

431 4698 597 4735 crum
629 4681 738 4735 hoc
771 4680 1014 4750 antiquo
1036 4685 1123 4732 est
1146 4679 1529 4735 tabernaculo
1553 4681 1992 4752 pretiosius,rat

2272 4676 2420 4752 χνίαν
2454 4675 2766 4752 δεξάμενος,
2809 4684 2899 4738 καὶ
2960 4687 3060 4756 τήν
3108 4671 3835 4765 ζωηφὸρον-τράπεζανξοῦ

428 4774 586 4838 nale,
620 4776 677 4824 et
707 4770 1059 4836 animatum,
1093 4785 1160 4823 ac
1194 4769 1481 4825 divinitus
1509 4769 1914 4825 illuminatum
1945 4786 1991 4825 οι

2271 4768 2436 4856 ρποὺῃς
2477 4769 2806 4844 προθέσεως,
2869 4772 2996 4829 ἀλλ’
3043 4774 3316 4851 οὐράνιον,
3365 4777 3427 4833 οὐ
3475 4784 3584 4856 πῦρ
3640 4780 3834 4845 ὑλικὸν,

429 4859 738 4914 delabrum
771 4857 1104 4925 includens,
1140 4864 1198 4912 et
1228 4875 1495 4914 mensam
1544 4860 1722 4914 vitam
1771 4858 1992 4914 ferente

2271 4855 2316 4911 λ’
2384 4854 2547 4914 ἅϋλον
2608 4856 2904 4933 δεξαμένην
2954 4867 3059 4938 πῦρ
3115 4872 3217 4934 τῆς
3266 4854 3564 4938 θεότητοςξ
3611 4870 3834 4932 Οὗτοςὸ

429 4967 559 5020 quae
591 4966 711 5004 non
745 4965 958 5020 panem
991 4947 1434 5018 propositionis,
1469 4949 1570 5003 sed
1594 4949 1893 5004 cmlestem
1921 4965 1934 5014 ;
1962 4965 1992 5003 ι]

2271 4967 2360 5020 ρος
2391 4951 2489 5013 τῆς
2523 4955 2823 5021 Μωσαϊκῆς
2871 4947 3112 5009 κιϐωτοῦ
3168 4950 3531 5032 ὀλϐιώτερος,
3584 4959 3834 5034 εὐμοιρή-

428 5039 624 5111 ignem
655 5038 905 5093 materia
937 5044 1328 5104 constantem,
1366 5037 1468 5092 sed
1497 5053 1632 5092 eum
1680 5039 1780 5108 qui
1833 5043 1989 5093 male

2268 5036 2375 5098 ςού
2406 5039 2556 5101 σκιὰς
2587 5038 2676 5094 καὶ
2726 5041 2949 5111 τύπους,
3001 5042 3130 5099 ἀλλ’
3178 5044 3346 5116 αὐτὴν
3402 5049 3502 5117 τὴν
3563 5047 3831 5119 ἀλήθειαν.

426 5129 588 5182 omni
623 5128 892 5197 superior
922 5133 1028 5193 est,
1065 5126 1306 5181 Deitatis
1338 5125 1643 5198 nimirum,
1663 5127 1941 5199 suscepit.
1976 5127 1989 5180 ξ

2266 5124 2461 5198 Ξείξατο
2483 5127 2584 5205 γὰρ
2613 5131 2714 5200 τήν
2745 5127 3050 5204 ἀκίϐδηλον
3094 5135 3184 5190 καὶ
3235 5135 3540 5211 χρυσοειδῆ
3586 5140 3829 5211 στάμνον,

423 5216 694 5287 pulcrum
720 5216 829 5269 hoc
853 5215 1064 5286 Moysis
1095 5231 1232 5270 arca
1251 5214 1983 5287 fortunatius,quodnonu

2270 5217 2375 5272 θτὸ
2407 5217 2660 5294 οὐράνιον
2711 5222 2882 5293 μάννα
2933 5225 3458 5302 καρποφορήσασαν,
3511 5230 3694 5282 πλάκα
3743 5222 3833 5298 ἔμ-

423 5304 558 5356 bras
590 5309 647 5356 et
679 5304 914 5374 ﬁguras,
951 5304 1052 5358 sed
1098 5305 1404 5360 veritatem
1436 5307 1624 5378 ipsam
1658 5306 1931 5361 sortitum
1963 5323 1986 5361 ε

2265 5326 2385 5382 χον,
2444 5310 2616 5386 Λόγον
2697 5316 2829 5367 Θεοῦ
2916 5309 3169 5388 δακτύλῳ
3253 5321 3332 5388 τῷ
3417 5316 3828 5389 παναλκεστάτῳ

421 5391 664 5461 Recepit
695 5391 852 5445 enim
897 5392 1189 5448 sinceram
1243 5411 1605 5467 aureamque
1654 5413 1890 5467 urnam,
1941 5413 1984 5466 q'

2265 5395 2456 5470 εὖματι
2537 5396 2832 5474 δεξαμένην
2893 5405 3415 5482 σαρκωθησόμενον,
3487 5407 3662 5484 Λόγον
3745 5407 3824 5460 τὸν

2198 4045 2393 4144 ἵναμὴ
2425 4055 2591 4108 ταῦτα
2649 4052 2826 4129 λέγων
2884 4057 2984 4127 τὴν
3043 4045 3239 4135 ἑορτὴν
3299 4060 3507 4119 ἐκτελῶ
3562 4067 3840 4144 κατηφείας

2198 4137 2474 4194 ὑπόθεσιν·
2516 4142 2676 4205 οὗτος
2709 4144 2815 4200 ἀπὸ
2855 4153 2960 4222 γῆς
3013 4153 3173 4223 σῶμα
3233 4151 3426 4221 θνητὸν
3486 4152 3567 4216 εἷς
3635 4137 3837 4231 οὐρανὸν

2200 4228 2545 4318 μετεώρισεψ
2581 4231 2756 4305 ἰκείνη
2792 4232 2850 4290 δὲ
2885 4237 3080 4311 ὑψόθεν
3133 4242 3244 4313 (67)
3307 4239 3384 4303 εἰς
3425 4249 3526 4318 γῆν
3579 4228 3837 4318 τὸννγεν·

2195 4316 2374 4406 άρχην
2407 4322 2738 4396 κατήγαγεν.
2772 4325 2841 4382 Ἢ
2902 4327 3004 4401 γὰρ
3052 4329 3153 4383 οὐκ
3204 4327 3257 4384 ἐν
3308 4316 3468 4405 αὐτῇ.
3523 4338 3599 4403 Γῆ
3649 4335 3710 4406 εἴ,
3742 4316 3838 4388 -καῖ

2194 4404 2271 4467 εἰς
2330 4413 2436 4499 γῆν
2496 4409 2788 4486 ἀπελεύοῃ,
2848 4415 2876 4468 ὁ
2933 4417 3049 4470 κατ’
3129 4416 3313 4473 εἷκόνα
3394 4420 3540 4483 θείαν
3617 4404 3842 4499 γεγονὼς

489 5587 534 5624 “9
563 5589 815 5644 Baruch.
852 5605 934 5659 ιιι,
964 5591 1052 5645 38.
1129 5590 1154 5624 ⁴
1184 5592 1326 5648 Gen.
1361 5612 1444 5666 ιιι,
1481 5599 1567 5652 19.

488 5764 605 5837 (67)
636 5763 939 5836 Sangerm.
976 5760 1274 5836 ὑψωθεῖσα.
