3926 6200
115 444 210 505 757

1007 452 1317 511 HOMILIA
1352 449 1435 509 Ill
1471 447 1549 508 IN
1582 446 2099 508 ΒΟΒΜΙΤΙΟΝΕΜ
2133 452 2198 507 Β.
2237 454 2308 508 ν.
2349 455 2625 511 MARIB.

3416 466 3525 525 758

118 567 491 660 ίνυπόστατον,
519 574 586 631 τὸ
632 576 872 652 χρυσοῦν
932 576 1317 653 θυμιατήριον,
1364 575 1462 646 τὴν
1492 575 1585 632 τὸν
1617 574 1760 660 θεῖον
1793 573 1845 642 Α
1876 598 1881 622 ‹

1921 573 2115 631 calcate
2144 589 2324 633 mana
2347 578 2668 650 produxit:
2701 577 2969 638 tabulam
3012 581 3364 657 animatam,
3393 603 3524 660 quae

116 663 349 733 κυήσασα
408 659 671 740 ἄνθρακα,
745 663 836 720 καὶ
912 667 1088 721 πᾶσαν
1140 668 1241 738 τήν
1298 664 1470 722 κτίσιν
1525 659 1753 721 εὖωδιά-

120 770 292 811 σασαν.

166 1020 238 1096 γ’.
272 1018 628 1099 Φευγέτωσαν
672 1017 951 1096 δαίμονες,
983 1019 1398 1092 ὀλολυζέτωσαν
1443 1023 1754 1096 τρισάθλιοι

108 1108 427 1185 Νεστώριοι,
458 1109 534 1173 ὡς
560 1110 843 1187 πρόπαλαι
902 1112 955 1167 οἱ
1013 1110 1331 1189 Αἲγὺπτιοι,
1367 1112 1459 1168 καὶ
1491 1113 1520 1168 ὁ
1544 1108 1752 1168 τούτων

112 1198 333 1276 ἔξαρχος
392 1200 420 1255 ὁ
469 1198 587 1263 νέος
638 1202 862 1277 Φαραῶ,
923 1201 952 1256 ὁ
1010 1201 1208 1277 πικρὸς
1260 1200 1515 1277 ἀλάστωρ
1546 1200 1636 1258 καὶ
1659 1200 1755 1257 τύ-

107 1307 291 1363 ραννος
344 1288 481 1363 (68).
533 1291 622 1363 Τῷ
680 1288 833 1365 βυθῷ
887 1286 988 1366 γὰρ
1044 1291 1144 1360 τῆς
1204 1288 1561 1368 βλασφημιας
1619 1311 1755 1347 κατ-

104 1376 422 1453 εχώσθησαν
476 1379 669 1452 Ἡμεῖς
730 1376 788 1434 δὲ
845 1377 897 1435 οἳ
955 1380 1216 1445 σωθέντες
1270 1375 1539 1456 ἀϐρόχοις
1569 1381 1753 1451 ποσὶν,

99 1467 178 1523 καὶ
232 1468 339 1538 τὴν
395 1466 649 1544 ἁλμυρὰν
703 1474 805 1539 τῆς
861 1464 1108 1533 ἀσεϐείας
1171 1464 1502 1547 ὑπερϐάντες
1550 1467 1757 1534 θάλασ-

99 1578 201 1626 σαν,
234 1555 457 1631 ᾅσωμεν
486 1559 557 1632 τῇ
591 1555 776 1632 Μητρὶ
831 1560 930 1613 τοῦ
988 1562 1123 1615 Θεοῦ
1181 1556 1332 1633 ᾠδὴν
1386 1560 1495 1629 τὴν
1526 1556 1754 1631 ἐξόδιον.

98 1645 300 1723 Δίρέτω
334 1647 566 1722 Μαριὰμ
620 1648 656 1718 ἡ
707 1646 1013 1719 Ἐκκλησία
1066 1652 1190 1711 ταῖς
1248 1647 1410 1724 χερσὶ
1435 1650 1498 1704 τὸ
1528 1647 1754 1723 τύμπα-

93 1755 195 1807 νον,
253 1736 349 1791 καὶ
412 1733 688 1812 έξαρχέτω
770 1733 918 1810 ᾠδὴν
979 1737 1080 1808 τὴν
1141 1736 1378 1815 έόρτιον.
1459 1736 1753 1812 Ἐξίτωσαν

92 1822 177 1880 τοῦ
206 1829 591 1899 πνευματικοῦ
621 1823 844 1902 Ἰσραὴλ
903 1826 958 1882 αἱ
1015 1826 1252 1891 νεάνιδες
1285 1827 1423 1903 μετᾶ
1450 1829 1752 1902 τυμπάνων

1874 663 2131 721 Verbum
2145 666 2249 722 Dei
2269 667 2473 741 digito,
2496 668 2864 726 validissimo
2886 672 3091 743 utique
3112 673 3354 745 Spiritu,
3386 676 3528 733 Vera

1863 750 2007 808 bum
2056 754 2390 813 subsistens
2434 757 2872 815 incarnandum
2942 763 3215 835 excepit;
3273 780 3524 822 aureum

1867 841 2263 912 thuribulum,
2296 845 2456 917 quod
2481 846 2747 903 divinum
2778 850 3099 907 carbonem
3138 855 3391 926 peperit,
3423 856 3525 912 bo-

1864 945 2065 1002 noque
2096 932 2277 989 odore
2307 940 2584 992 naturam
2614 937 2952 995 universam
2986 942 3255 1013 replevit.

1937 1021 1990 1076 3.
2006 1022 2224 1094 Fugam
2238 1021 2529 1095 arripiant
2545 1025 2870 1095 daamones,
2886 1030 3395 1100 quemadmodum
3408 1050 3516 1091 an-

1866 1107 2116 1180 tiquitus
2145 1113 2395 1185 Egyptii
2423 1129 2436 1170 :
2470 1115 2729 1188 ejulatus
2757 1116 2939 1174 edant
2966 1120 3290 1177 miserrimi
3321 1124 3520 1180 homi-

1863 1215 2009 1256 num
2026 1202 2379 1272 Nestoriani,
2398 1219 2726 1277 eorumque
2746 1208 3044 1281 princeps,
3053 1210 3259 1282 junior
3273 1214 3523 1286 Pharao,

1868 1290 2227 1346 saevissimus
2242 1290 2404 1348 orbis
2420 1292 2813 1366 depopulator
2830 1304 2889 1353 et
2906 1303 3519 1369 tyrannus.Profundo

1865 1394 2125 1450 namque
2160 1380 2549 1452 blasphemiae
2579 1384 2871 1458 absorptae
2909 1395 3067 1444 sunt.
3102 1391 3217 1446 Nos
3246 1407 3382 1447 vero
3415 1394 3517 1464 qui

1867 1468 2042 1524 siccis
2073 1470 2329 1541 pedibus
2362 1472 2568 1528 salvati
2601 1490 2825 1543 sumus,
2857 1477 3199 1550 salsumque
3231 1480 3521 1537 884im-

1867 1557 2109 1630 pietatis
2124 1575 2286 1615 mare
2300 1563 2706 1633 transivimus,
2728 1565 2825 1620 Dei
2848 1568 3022 1621 matri
3052 1569 3357 1624 excedenti
3378 1587 3519 1626 can-

1865 1647 2049 1702 ticum
2080 1647 2484 1706 decantemus.
2504 1654 2701 1721 Maria,
2725 1654 2842 1710 sive
2868 1656 3151 1720 Ecclesia,
3170 1663 3517 1730 tympanum

1865 1737 2141 1793 manibus
2169 1743 2384 1807 sumat,
2416 1738 2809 1814 festivumque
2842 1743 2958 1798 diei
2996 1746 3293 1801 canticum
3343 1764 3515 1803 exor-

1864 1825 2101 1882 diatur:
2136 1826 2422 1899 spiritalis
2453 1817 2941 1902 Israelis"puellm
2973 1834 3206 1890 choreis
3252 1843 3516 1907 perstre-

91 1916 172 1970 καὶ
200 1918 400 2014 χειρῶν
461 1910 858 2014 ἀλαλάζουσαι.
916 1915 1174 2014 Βασιλεῖς
1211 1924 1316 1989 τῆς
1371 1924 1475 1997 γῆς
1503 1917 1747 2014 καὶῃκρι-
1784 1945 1831 2014 Β
1863 1933 1881 1988 1

1921 1920 2074 1972 antes
2103 1921 2333 1972 exeant.
2365 1919 2550 1990 Reges
2586 1924 2759 1975 terrea
2809 1926 2868 1975 et
2900 1922 3158 1993 judices,
3210 1940 3331 1981 una
3378 1944 3513 1983 cum

88 2006 162 2061 ταὶ
193 2004 288 2061 σὺν
320 2001 585 2082 ἄρχουσι,
639 2004 910 2061 νεανίσκοι
960 2005 1049 2062 καὶ
1110 2008 1393 2082 παρθένοι,
1452 2002 1753 2084 πρεσϐύται

90 2093 211 2171 μετᾶ
236 2095 548 2170 νεωτέρων,
575 2090 678 2164 τὴν
729 2097 993 2152 Θεοτόκον
1049 2096 1412 2171 ὑμνείτωσαν,
1456 2095 1751 2175 σύλλογοι,

91 2185 168 2241 καὶ
195 2186 364 2264 λόγοι
395 2182 757 2255 παντοδαποὶ,
809 2182 901 2242 καὶ
960 2185 1125 2251 ἐθνῶν
1185 2186 1276 2243 καὶ
1327 2186 1478 2245 λαῶν
1506 2188 1752 2266 γλῶσσαι

91 2271 358 2353 διάφοροι,
395 2274 545 2349 ᾆσμα
600 2272 786 2330 καινὸν
847 2275 1351 2353 μελουργείτωσαν.
1402 2275 1752 2355 Περιηχείτω

90 2366 184 2442 ἆήρ
211 2371 617 2440 πνευματικοῖς
674 2362 857 2440 δόναξί
911 2387 973 2423 τι
1029 2366 1122 2423 καὶ
1182 2364 1466 2444 σάλπιγξι,
1515 2366 1750 2432 καὶτοῖς

89 2452 141 2511 ὲκ
190 2457 372 2533 πυρὸς
434 2454 823 2531 ἆμαρὺγμασιν
878 2455 1090 2533 ἡμέραν
1144 2456 1516 2534 καινουργίτω
1561 2458 1750 2529 σωτή-

86 2565 212 2619 ριονο
246 2544 632 2624 Εὐφράνθητε,
666 2544 916 2619 οὐρανοὶ,
948 2544 1040 2601 καὶ
1087 2546 1143 2600 αἱ
1174 2544 1397 2624 νεφέλαι
1432 2544 1748 2624 ρανάτωσαν

88 2633 433 2711 ἆγαλλίασιν.
496 2635 855 2711 Σκιρτήσατε,
934 2633 1084 2711 κριοῖ
1155 2641 1258 2705 τῆς
1326 2632 1594 2705 ἐκλεκτῆς
1649 2634 1748 2690 τοῦ

86 2728 213 2779 Θεοῦ
240 2724 522 2798 ποίμνης,
555 2724 607 2779 οἱ
653 2724 794 2778 θεῖοι
839 2720 1166 2795 ἀπόστολοι,
1194 2724 1267 2787 ὡς
1298 2720 1400 2800 ὅρη
1439 2722 1627 2799 ὑψηλᾶ
1656 2724 1746 2779 καὶ

89 2814 335 2890 μετέωρα
366 2818 491 2877 ταῖς
551 2808 921 2888 ὑψηλοτάταις
978 2812 1230 2890 θεωρίαις
1294 2811 1617 2889 ὑψοὺμενοι,
1650 2813 1741 2869 καὶ

86 2899 232 2977 ἄρνες
290 2907 460 2973 Θεοῦ,
516 2899 648 2966 λαὸς
705 2903 877 2979 ἅγιος,
933 2907 1035 2973 τῆς
1094 2899 1422 2974 Ἐκκλησίας
1453 2900 1521 2958 τὰ
1577 2902 1753 2979 θρέμο,

85 3015 244 3066 ματα,
279 2995 473 3069 ὥσπερ
511 2990 699 3068 βουνοὶ
730 2990 867 3067 πρὸς
919 2988 988 3048 τὰ
1046 2989 1234 3066 ὑψηλὰ
1290 2988 1391 3069 ὄρη
1446 2992 1515 3067 τῇ
1545 3011 1744 3068 προαι-

82 3082 217 3159 ρέσει
251 3082 693 3155 ἇνατεινὸμενοι.
725 3076 938 3139 Βαϐαίί
976 3075 1142 3158 βαϐαί
1166 3082 1179 3139 ί
1203 3080 1459 3154 τέθνηκεν
1490 3081 1526 3153 ἠ
1559 3082 1747 3158 πηγὴ-

80 3183 177 3246 τῆς
208 3178 395 3248 ζωῆς,
421 3175 457 3245 ἡ
483 3177 584 3231 τοῦ
629 3172 838 3244 Κυρίου
894 3195 1001 3249 μου
1060 3174 1306 3251 Μήτηρ;
1366 3170 1517 3230 Ἔδει
1547 3173 1649 3251 γὰρ
1679 3172 1742 3229 τὸ

74 3261 131 3320 ἑκ
181 3272 288 3343 γῆς
353 3264 600 3320 συντεθὲν
653 3262 1048 3335 παλινοστῆσαι
1105 3262 1242 3338 πρὸς
1299 3264 1428 3338 γῆν,
1471 3260 1565 3319 καὶ
1596 3260 1739 3319 οὕτω

79 3362 488 3427 μεταναστῆσαι
516 3353 654 3428 πρὸς
696 3353 947 3430 οὐρανὸν,
1000 3351 1062 3409 ὲκ
1115 3358 1220 3422 τῆς
1272 3359 1379 3429 γῆς
1410 3348 1596 3409 λαϐὼν
1630 3356 1740 3431 (69)

67 3444 161 3517 τὴν
216 3442 618 3521 δεδωρημένην
667 3441 737 3519 τῇ
780 3444 852 3521 γῇ
900 3446 970 3518 τῇ
1018 3439 1296 3499 καταθέσει
1344 3444 1441 3498 τοῦ
1481 3444 1737 3515 σώματος

72 3537 468 3609 πανακήρατον
548 3533 716 3604 ζωήν.
798 3528 948 3589 Ἔδει
1031 3529 1131 3608 γὰρ
1216 3529 1455 3606 καθάπερ
1534 3530 1741 3605 χρυσὸν

73 3619 471 3680 ἇποϐαλοῦσαν
502 3622 565 3678 τὸ
592 3617 797 3698 γεῶδες
846 3620 935 3677 καῖ
986 3618 1237 3695 ἀλαμπὲς
1267 3623 1369 3687 τῆς
1400 3620 1739 3691 θνητότητος

69 3714 248 3790 πάγος
282 3714 368 3776 ὡς
425 3711 478 3768 ἐν
538 3710 803 3788 χωνεὺσει
864 3714 945 3784 τῷ
996 3708 1208 3783 θανάτῳ
1258 3710 1361 3779 τήν
1420 3706 1590 3784 σάρκα
1633 3706 1734 3787 ἄφ-

65 3813 256 3877 θαρτον
320 3801 417 3857 καὶ
490 3798 750 3876 καθαρὰν,
832 3802 915 3873 τῷ
996 3797 1179 3877 φέγγει
1255 3798 1357 3868 τῆς
1436 3797 1735 3876 ἀφθαρσίας

58 3889 460 3965 ἑκλάμπουσαν
496 3886 850 3963 ἐξαγαστῆναι
877 3885 975 3943 τοῦ
1010 3887 1319 3960 μνήματος.

128 3977 191 4039 δ’.
234 3981 506 4054 Σήμερον
564 3976 746 4054 ἀρχὴν
804 3969 1076 4050 λαμϐάνει
1137 3971 1389 4059 δευτέρας
1447 3974 1727 4052 ὑπάρξεως

60 4068 160 4125 ὑπὸ
186 4075 293 4126 τοῦ
327 4067 526 4131 δόντος
556 4065 692 4142 αὐτῇ
739 4066 838 4137 τὴν
899 4065 1079 4143 ἀρχὴν
1110 4072 1212 4138 τῆς
1242 4067 1515 4141 προτέρας
1551 4064 1723 4139 ὑπάρ-

62 4160 209 4230 ξεως,
240 4163 282 4230 ἡ
317 4155 492 4214 δοῦσα
521 4153 772 4231 δευτέρας
812 4154 1018 4232 ἀρχὴν,
1076 4162 1175 4227 τῆς
1230 4160 1547 4231 σωματικῆς
1576 4152 1727 4231 λέγω

62 4248 372 4325 ὑπάρξεως,
400 4250 483 4319 τῷ
516 4245 593 4320 μὴ
626 4245 890 4318 έσχηκότι
930 4243 1112 4322 ἀρχήν
1154 4246 1422 4321 χρονικήν
1455 4251 1554 4316 τῆς
1586 4265 1724 4322 προ-

58 4335 216 4412 θέρας
249 4335 355 4391 καὶ
412 4331 597 4390 ἀϊδίου
653 4333 952 4410 ὑπάρξεως,
1013 4331 1063 4389 εἴ
1116 4333 1206 4390 καὶ
1262 4335 1355 4391 τὸν
1390 4333 1596 4410 Πατέρα
1627 4334 1727 4411 ἆρ-

56 4428 164 4502 χῆν
228 4427 386 4503 εἶχεν
446 4424 523 4486 ὡς
582 4422 756 4479 αίτίαν
813 4429 915 4493 τῆς
970 4423 1138 4480 αὐτοῦ
1217 4420 1361 4487 θείας
1418 4422 1721 4501 ὑπάρξεως.

48 4517 314 4587 Χαίροις,
351 4513 521 4587 Σιὼν,
551 4514 614 4568 τὸ
645 4513 788 4568 θεῖον
822 4509 952 4583 ὄρος
998 4515 1061 4569 τὸ
1117 4512 1295 4589 ἃγιον,
1327 4512 1379 4569 έν
1414 4515 1460 4587 ᾧ
1490 4515 1722 4588 κατῴκει

48 4604 111 4658 τὸ
143 4608 307 4669 θεῖον
342 4600 475 4680 ὅρος
524 4602 589 4658 τὸ
643 4599 915 4679 ἔμψυχον
969 4604 1006 4673 ἡ
1062 4601 1153 4658 νέα
1183 4601 1418 4672 autem,
1452 4602 1508 4659 έν
1540 4602 1717 4676 στήλη

1862 2005 2253 2076 principibus,
2277 2007 2555 2077 juvenes,
2576 2013 2636 2063 et
2657 2009 2939 2082 virgines,
2961 2028 3132 2067 senes
3157 2028 3291 2069 cum
3309 2016 3515 2088 junio-

1858 2093 2024 2149 ribus
2053 2094 2318 2166 Deiparae
2351 2095 2605 2168 hymnos
2643 2097 2883 2154 dicant:
2933 2106 3119 2156 castus
3171 2102 3337 2172 item,
3387 2122 3516 2162 om-

1858 2183 2148 2255 niumque
2176 2199 2462 2256 generum
2494 2201 2824 2253 sermones,
2858 2192 2916 2243 et
2948 2190 3120 2244 variae
3151 2193 3425 2264 gentium
3459 2200 3520 2250 et

1858 2273 2215 2345 populorum
2234 2274 2452 2348 linguae
2472 2291 2689 2331 novum
2711 2278 3033 2335 concinant
3054 2282 3519 2354 canticum.Spi-

1858 2363 2175 2419 ritualibus
2207 2364 2424 2421 fistulis
2454 2380 2522 2421 ac
2553 2365 2712 2421 tubis
2739 2382 2841 2422 aer
2870 2368 3095 2424 circum
3121 2378 3424 2442 personet,
3457 2378 3516 2429 et

1856 2452 2049 2524 igneis
2064 2452 2503 2525 splendoribus,
2525 2453 2844 2510 salutarem
2866 2455 3025 2512 diem
3042 2456 3149 2512 inn
3160 2464 3292 2513 ovet
3310 2459 3337 2514 ?
3358 2460 3512 2515 Gau-

1854 2540 2011 2607 dete,
2047 2541 2200 2610 caeli,
2234 2546 2293 2597 et
2321 2541 2511 2598 nubes
2544 2543 2842 2615 justitiam
2890 2545 3139 2616 pluant:
3194 2549 3506 2619 exsultate,

1856 2629 2029 2685 electi
2061 2631 2162 2685 Dei
2189 2632 2382 2704 gregis
2406 2632 2640 2698 arietes,
2676 2632 2857 2688 divini
2885 2636 3160 2706 apostoli,
3195 2639 3296 2708 qui
3346 2639 3509 2694 velut

1853 2718 1958 2775 alti
1990 2719 2399 2792 sublimesque
2429 2727 2662 2777 montes
2693 2723 3043 2779 celsissimis
3074 2726 3503 2796 speculationi-

1852 2808 1963 2864 bus
1985 2809 2202 2865 sublati
2228 2810 2368 2865 estis
2383 2827 2397 2879 ;
2412 2826 2654 2883 vosque,
2678 2813 2812 2885 agni
2829 2814 2951 2881 Dei,
2967 2815 3223 2885 populus
3238 2821 3500 2885 sanctus,

1851 2898 2134 2955 Ecclesim
2165 2915 2399 2970 pecora,
2431 2900 2674 2955 collium
2708 2902 2898 2957 instar
2928 2903 3272 2958 inductione
3312 2906 3499 2962 animi

1850 2988 1925 3044 ad
1956 2988 2225 3044 excelsos
2253 2993 2490 3045 montes
2538 2990 2834 3063 attigistis.
2886 2991 3093 3062 Papae!
3128 3009 3296 3064 papa:
3325 2993 3336 3048 ί
3370 2995 3505 3052 fons

1849 3078 2004 3148 vitaa,
2045 3078 2279 3134 Domini
2313 3080 2495 3134 Mater
2525 3079 2826 3134 moritur?
2868 3080 3188 3151 Oportebat
3218 3083 3401 3148 enim,
3436 3088 3505 3138 ut

1850 3167 2010 3240 quod
2033 3185 2063 3224 e
2094 3173 2253 3224 terra
2281 3167 2602 3224 conﬂatum
2634 3174 2761 3224 erat
2790 3168 2865 3225 ad
2913 3173 3132 3226 terram
3173 3177 3498 3228 revertere-

1856 3264 1973 3327 tur,
2005 3263 2183 3331 atque
2212 3259 2296 3313 ita
2321 3258 2381 3313 in
2414 3258 2628 3314 coelum
2653 3259 3180 3327 transmitteretur,
3202 3266 3339 3334 post
3367 3278 3499 3317 cor-

1858 3348 2022 3420 poris
2038 3347 2274 3402 interra
2293 3346 2729 3420 depositionem
2752 3348 3135 3420 purissimam
3156 3351 3335 3406 vitam
3349 3352 3503 3408 acci-

1847 3436 2305 3509 piens.Decebat
2315 3437 2475 3492 enim
2487 3437 3085 3509 ut,quemadmodum
3101 3446 3499 3510 aurum,terra

1846 3526 2114 3601 deposita
2144 3532 2203 3583 et
2232 3528 2559 3600 caliginosa
2587 3528 2968 3585 mortalitatis
3011 3530 3189 3601 mole,
3221 3548 3400 3587 carne
3432 3533 3494 3589 in

1842 3622 2034 3674 morte
2064 3617 2224 3673 velut
2253 3618 2315 3673 in
2344 3618 2551 3674 fusura
2590 3618 2935 3692 incorrupta
2984 3636 3054 3676 ac
3101 3637 3269 3692 pura,
3315 3627 3494 3694 atque

1841 3707 2304 3780 incorruptionis
2339 3708 2568 3782 fulgore
2597 3709 2867 3765 rutilanti
2899 3724 2930 3765 e
2972 3714 3359 3767 monumento
3390 3728 3489 3769 re-

1841 3811 2089 3869 surgens
2120 3795 2494 3852 indueretur.
2675 3798 2683 3806 '

1906 3975 1960 4032 4.
2019 3973 2227 4044 Hodie,
2286 3991 2419 4047 quas
2463 3976 2672 4048 prima:
2723 3976 3108 4047 exsistentiae,
3164 3982 3490 4053 corporalis

1838 4064 2086 4133 scilicet,
2105 4065 2471 4138 principium
2488 4065 2558 4121 ab
2574 4082 2640 4121 eo
2655 4068 2903 4140 accepit,
2922 4069 3021 4139 qui
3039 4070 3363 4140 temporale
3378 4071 3489 4124 ini-

1835 4155 1984 4211 tium
2016 4172 2137 4211 non
2159 4156 2369 4212 habuit
2387 4156 2605 4229 prioris
2618 4161 2678 4212 et
2698 4158 3078 4230 sempiternae
3101 4176 3222 4214 suae
3245 4164 3484 4213 exstan-

1832 4244 2068 4311 tim,etsi
2088 4246 2321 4302 Patrem
2334 4246 2695 4319 principium
2709 4246 2966 4303 habebat
2980 4252 3259 4316 tanquam
3274 4246 3487 4301 divinae

1834 4350 1957 4390 sum
1992 4334 2301 4391 exstantia:
2332 4340 2636 4390 auctorem
2668 4335 2795 4389 htCC
2818 4334 3094 4390 secundm
3127 4335 3486 4391 exsistentiaa

1830 4424 2071 4481 initium
2085 4425 2160 4480 ab
2175 4441 2245 4481 eo
2259 4424 2492 4497 accipit,
2522 4424 2620 4496 qui
2638 4424 2750 4495 ipsi
2767 4423 3007 4479 deditut
3028 4423 3285 4495 primum
3298 4424 3483 4480 exsis-

1830 4519 2001 4572 teret.
2028 4515 2248 4583 Gaude,
2273 4514 2435 4581 Sion,
2464 4514 2697 4569 divinus
2718 4530 2891 4569 mons
2914 4518 2971 4568 et
2992 4519 3253 4579 sanctus,
3282 4514 3342 4568 in
3365 4531 3481 4585 quo

1830 4619 2004 4660 mons
2018 4604 2253 4659 divinus
2268 4608 2327 4659 et
2346 4604 2644 4660 animatus
2667 4603 2979 4659 habitavit:
3004 4619 3154 4659 nova
3176 4603 3396 4671 Bethcl,
3417 4604 3479 4659 in

44 4694 350 4762 ἧλειπται,
400 4693 713 4769 ἀνθρωπίνη
782 4690 942 4769 φύσις
996 4691 1268 4768 χριομένη
1325 4684 1564 4764 θεότητι.
1627 4693 1794 4760 ἘκῙ)
1827 4712 1881 4767 (Ῑι

1921 4711 1945 4750 a
1958 4693 2237 4750 columna
2249 4699 2429 4750 uncta
2446 4700 2554 4763 est,
2574 4695 2838 4750 humana
2854 4693 3136 4748 nimirum
3159 4698 3371 4748 natura
3387 4693 3480 4748 di-

50 4787 146 4837 σοῦ
208 4788 333 4856 (70)
387 4781 527 4858 πρὸς
584 4780 834 4855 οὐράνιον
912 4778 1048 4857 ὕψος
1108 4781 1487 4857 μετεώρισται,
1538 4781 1612 4844 ὡς
1668 4780 1718 4856 ἐξ

44 4870 287 4945 thiam,
325 4872 360 4927 ὁ
387 4868 590 4943 ταὺτης
622 4870 769 4934 Υἱὸς.
817 4870 1224 4945 Ἐτοιμαζέσθω
1276 4868 1478 4949 νεφέλη
1513 4873 1723 4948 παγκό-

47 4964 215 5037 σμιός
244 4985 317 5020 τε
372 4960 463 5018 καὶ
518 4959 898 5038 περικόσμιος,
956 4960 1048 5017 καὶ
1105 4958 1320 5036 ἀνέμων
1370 4962 1633 5037 πτέρυγες
1663 4962 1723 5019 ἐκ

38 5056 147 5109 τῶν
182 5052 455 5129 περάτων
510 5057 611 5122 τῆς
669 5056 771 5126 γῆς
826 5050 963 5127 πρὸς
1023 5050 1167 5106 Σιὼν
1215 5050 1345 5114 τοὺς
1376 5048 1720 5115 ἀποστόλους

46 5139 510 5213 διαϐιϐάζουσαι.
566 5139 723 5203 Τίνες
779 5136 896 5196 οἵδε
949 5137 1081 5195 ὥσεέ
1147 5136 1367 5217 νεφέλαι
1423 5139 1515 5196 καὶ
1574 5141 1718 5198 ἀετοὶ

42 5237 320 5293 ait:sz
356 5232 494 5308 πρὸς
519 5230 583 5287 τὸ
614 5234 817 5303 πτῶμα
857 5228 920 5285 τὸ
961 5231 1064 5301 τῆς
1119 5228 1333 5286 πάντων
1380 5229 1720 5294 ἀναστάσεως

40 5324 223 5382 αῗτιον
427 5322 616 5398 Μητρὶ
670 5316 773 5377 τοῦ
845 5323 979 5375 Θεοῦ
1049 5318 1569 5397 λειτουργήσοντεςς
1628 5318 1722 5383 Τίς

36 5416 171 5488 αῦτη
210 5418 251 5486 ἡ
292 5408 667 5469 ἀναϐαίνουσα
718 5407 1244 5483 λελευκανθισμένη,
1289 5408 1397 5481 ὅλη
1428 5407 1599 5483 καλὴ,
1632 5410 1719 5467 ὲκο

33 5504 359 5579 λάμπουσα
430 5503 509 5566 ὡς
566 5499 766 5572 ἥλιοςς
845 5497 1161 5573 ᾍδάτωσαν
1235 5500 1290 5556 αἱ
1346 5500 1564 5577 κιθάραι
1622 5505 1721 5557 τοῦ

102 5741 227 5813 (68)
459 5734 554 5792 καὶ
607 5729 880 5813 δυσμενῂς
931 5731 1227 5813 Νεστόριος
1260 5732 1289 5789 ὁ
1318 5730 1601 5813 τύραννρς,
1630 5737 1712 5809 τῷ

37 5803 577 5889 βοθῷ’τῆς’μιαρᾶς
606 5803 775 5863 αὑτοῦ
807 5803 1164 5886 βλασφημίας
1190 5803 1587 5883 καταχωσθείς.

1833 4783 2074 4840 vinitate
2088 4789 2377 4857 peruncta
2403 4799 2417 4839 :
2438 4800 2507 4839 ex
2528 4790 2584 4838 te
2609 4783 2738 4855 ejus
2756 4782 2936 4838 Filius
2957 4781 3030 4838 ad
3061 4782 3360 4839 cmlestem
3380 4799 3481 4838 su-

1830 4875 2213 4947 blimitatem,
2242 4879 2412 4950 quasi
2436 4895 2506 4933 ex
2527 4877 2697 4933 olivis
2715 4882 2805 4932 est
2826 4880 3077 4931 evectus.
3107 4878 3481 4948 Prmparetur

1832 4967 2026 5023 nubes
2054 4968 2315 5023 universi
2347 4967 2528 5032 orbis,
2562 4972 2622 5021 et
2654 4982 2834 5037 supra
2862 4965 3175 5033 mundum,
3200 4971 3258 5022 et
3282 4972 3482 5022 vento-

1830 5071 1964 5110 rum
1995 5055 2104 5111 alaa
2135 5072 2266 5126 qua:
2291 5054 2591 5127 apostolos
2614 5072 2685 5110 ex
2705 5058 2879 5109 terrm
2902 5053 3120 5110 ﬁnibus
3144 5055 3205 5109 in
3223 5055 3359 5110 Sion
3382 5055 3482 5111 ad-

1831 5144 2065 5199 vehant.
2098 5144 2206 5209 Qui
2239 5148 2378 5198 sunt
2399 5144 2519 5211 isti,
2543 5143 2644 5215 qui
2670 5148 2952 5214 tanquam
2976 5142 3166 5199 nubes
3188 5149 3244 5200 et
3264 5147 3479 5217 aquilm

1833 5233 1906 5290 ad
1937 5250 2152 5305 corpus
2176 5232 2675 5288 resurrectionnis
2700 5233 2969 5289 omnium
2993 5250 3231 5290 causam
3259 5236 3479 5306 volant,

1833 5324 1936 5379 Dei
1968 5322 2135 5378 Matri
2165 5322 2560 5377 ministraturi
2582 5322 2611 5378 ‘2
2633 5339 2763 5394 qum
2788 5328 2877 5377 est
2904 5324 3017 5378 ista
3049 5341 3180 5396 qum
3212 5328 3481 5383 ascendit

1833 5411 2149 5468 dealbata?
2179 5417 2301 5468 tota
2328 5411 2597 5483 pulchra,
2625 5410 3014 5483 resplendens
3036 5418 3101 5468 ut
3131 5415 3268 5471 sol?
3298 5417 3479 5487 Spiri-

1832 5507 1928 5559 tus
1959 5500 2200 5558 citharaa
2230 5500 2570 5570 concinant,
2604 5500 2943 5573 apostolica
2974 5501 3214 5579 linguae,
3249 5504 3478 5564 theolo-

1894 5735 2007 5807 (69)
2032 5733 2129 5790 Tic
2163 5733 2690 5807 quoque‘Segueru
2721 5730 2874 5789 forte
2898 5726 3092 5793 λοϐόν.

1894 5751 2007 5807 (ον)
2033 5751 2129 5790 ιίο
2163 5751 2278 5806 quo
2324 5751 2396 5789 ue
2429 5751 2690 5807 beguerq
2721 5751 2874 5789 IOI‘te
2900 5751 3019 5788 Λαοι

1894 5809 2006 5881 (70)
2039 5808 2232 5865 Germ.
2265 5751 2318 5879 ἐξ
2346 5803 2431 5877 οὗ,
2466 5806 2551 5863 sic
2582 5803 2761 5862 Allat.
2792 5821 2863 5861 ea:
2890 5821 3019 5878 quo.
