3926 6200
491 429 600 485 759

1771 431 1830 481 S.
1869 427 2174 486 JOANNIB
2209 433 2628 487 DAMABCENI
3678 432 3746 487 760

485 568 691 624 gorum
723 550 978 605 vertices
1010 549 1296 620 cymbalis
1327 556 1719 623 perstrepant.
1758 555 1865 608 Vas
1892 554 2117 608 electio-

2249 552 2579 626 Πνεῦματος,
2650 549 3011 608 ἀποστολικαὶ
3086 549 3346 626 γλῶσσαι.
3417 548 3747 620 Ἀλαλαζέτωεαν

481 642 574 694 nis
597 641 949 694 Hierothéus
972 639 1011 704 ε,
1039 640 1235 694 divino
1259 641 1480 710 Spiritu
1505 649 1906 708 consecratus,
1933 643 2132 697 divina

481 730 702 783 unione
737 747 831 784 res
862 729 1091 783 divinas
1123 729 1368 784 edoctus
1389 748 1740 803 passusque,
1769 738 1923 786 totus
1947 749 1975 786 e
2001 749 2135 786 cor-

485 835 626 890 pore
661 819 926 885 excedat,
964 824 1119 872 totus
1153 818 1400 874 liberam
1433 821 1618 876 animi
1649 822 2005 876 electionem
2049 838 2135 876 se-

489 925 678 978 quens
711 908 903 974 abeat,
937 907 1403 978 laudatoriisque
1425 910 1673 965 canticis
1690 911 1953 981 plaudat.
1981 913 2136 965 tien-

484 1003 575 1052 tes
624 1014 832 1053 omnes
878 996 1154 1052 manibus
1197 997 1516 1066 plaudant:
1563 999 1874 1070 Deiparam
1926 1017 2133 1055 omnes

488 1087 758 1142 laudent.
791 1086 996 1156 Angeli
1023 1085 1278 1140 obnoxio
1290 1087 1465 1141 morti
1489 1089 1719 1158 corpori
1743 1089 2018 1143 serviant.
2043 1089 2101 1142 Fi
2114 1119 2133 1129 -

485 1175 584 1229 lim
617 1175 969 1240 Jerusalem,
994 1182 1359 1246 prmeuntem
1379 1177 1642 1248 reginam
1677 1178 1997 1248 sequimini
2029 1178 2135 1245 3,et

477 1265 644 1318 velut
674 1266 956 1335 proxima)
990 1265 1076 1318 illi
1111 1265 1384 1336 virgines,
1419 1267 1639 1336 Spiritu
1664 1267 2025 1338 juvenantes
2059 1267 2134 1322 ad

487 1372 771 1425 sponsum
825 1355 1003 1408 simul
1051 1356 1484 1422 convehamini,
1541 1374 1575 1411 a
1626 1356 1848 1410 dextris
1898 1357 2131 1411 Domini

484 1445 768 1498 astiturae.
812 1444 1136 1511 Descende,
1169 1444 1488 1511 descende,
1524 1447 1790 1506 Domine.
1827 1447 2012 1512 Matri,
2049 1447 2133 1500 uti

483 1548 591 1602 par
621 1537 728 1596 est,
765 1531 799 1584 d
828 1532 964 1585 Ibita
998 1531 1415 1586 nutricationis
1449 1539 1560 1586 tuae
1610 1533 1855 1602 praemia
1904 1533 2133 1604 persol-

485 1622 623 1674 vito.
655 1621 889 1675 Divinas
924 1621 1172 1676 extende
1205 1637 1418 1676 manus
1445 1638 1457 1676 :
1491 1629 1820 1676 maternam
1871 1623 2132 1678 animam

486 1709 739 1780 suscipe,
775 1711 874 1780 qui
910 1711 1174 1782 paternis
1205 1711 1481 1766 manibus
1529 1711 1803 1782 spiritum
1853 1713 1915 1767 in
1960 1730 2132 1768 cruce

481 1798 804 1868 deposuisti
837 1800 1026 1854 :dulci
1052 1817 1180 1854 eam
1209 1817 1452 1855 susurro
1475 1802 1783 1872 compella.
1811 1803 1976 1868 Veni,
2003 1803 2134 1873 pul—

2241 638 2521 715 κῦμϐαλα,
2554 643 2608 697 αἱ
2657 647 2763 696 τῶν
2807 639 3086 715 θεολόγων
3141 640 3432 714 ἀκρότητες,
3457 641 3507 694 τὸ
3534 645 3751 710 σκεῦοςτῇς

2241 732 2476 810 ἐκλογῆς
2511 733 2798 808 ’[ερόθεος,
2858 731 2885 784 6
2943 735 3024 801 τῷ
3080 728 3208 802 θείῳ
3265 731 3604 803 καθιερωμένος
3643 731 3758 786 Πνεῧο

2250 843 2402 894 ματι,
2437 823 2464 876 6
2493 825 2561 894 τῇ
2621 821 2735 892 θείᾳ
2788 819 2976 875 ἐνώσει
3033 819 3100 873 τὰ
3155 823 3270 882 θεῖα
3320 819 3480 882 παθὼν
3521 818 3590 872 καὶ
3617 821 3754 890 μαθὼν,

2242 911 2373 974 ὅλος
2435 909 2726 981 ἐξιστάσθω
2787 912 2884 964 τοῦ
2962 908 3240 980 σώματος’
3298 907 3413 968 ὅλος
3463 905 3762 980 συνεκδημείτω

2239 1004 2310 1064 τῆ
2372 1001 2706 1075 προαιρέσει,
2766 998 2853 1053 καὶ
2913 995 3180 1072 κροτείτω
3229 1001 3341 1058 τοῖς
3368 995 3763 1073 ἐφυμνίοις.Πά-ηι

2234 1091 2301 1146 τὰ
2353 1087 2482 1160 ἕθνη
2543 1094 2734 1164 χεῖρας
2795 1085 3180 1163 κροτείτωσαν,
3239 1087 3414 1146 πάντες
3464 1086 3549 1154 τήν
3583 1086 3762 1140 Baetim

2239 1177 2604 1250 ὑμνείτωσαν.
2668 1174 2935 1252 Ἄγγελοι
2993 1177 3175 1247 θνητῷ
3238 1173 3657 1249 λειτουργοίτωσαν
3699 1175 3763 1226 σώ-

2243 1289 2390 1340 ματι.
2437 1267 2733 1341 Θυγατέρες
2793 1263 3180 1339 Ἰερουσαλήμ,
3236 1262 3397 1317 ὀπίσω
3431 1268 3518 1331 τῆς
3567 1259 3766 1336 βασιλίδος

2237 1355 2668 1425 ἀκολουθήσατε,
2717 1355 2808 1408 καὶ
2853 1353 2928 1412 ὡς
2978 1351 3213 1422 πλησίον
3262 1350 3417 1420 αὐτῆς
3455 1349 3660 1424 παρθένοι
3689 1371 3765 1403 νεα-

2236 1445 2543 1517 νιευόμεναι
2597 1443 2872 1516 Πνεῦματι
2930 1442 3067 1519 πρὸς
3149 1442 3240 1496 τὸν
3299 1441 3508 1516 νυμφίον
3569 1439 3766 1492 mutavi-

2237 1546 2432 1610 χοητε,
2492 1533 2552 1588 ἐκ
2609 1531 2798 1606 δεξιῶν
2873 1536 2969 1586 τοῦ
3047 1530 3316 1586 Δεσπότου
3384 1528 3770 1603 παραστησόμενειι.

2236 1624 2444 1686 Κάτιθι.
2523 1624 2726 1693 κάτιθι,
2806 1623 3067 1690 Δέσποτα,
3154 1624 3223 1694 τῇ
3307 1619 3473 1692 Μητρὶ
3538 1619 3772 1690 κατάχρεως

2237 1712 2526 1775 ἀποτιννὺς
2579 1713 2647 1767 τὰ
2724 1710 3060 1789 ὀφειλόμενα
3134 1709 3384 1784 θρέπτρα.
3455 1707 3587 1767 Θείας
3639 1702 3772 1758 ἀναπέ-

2233 1824 2394 1858 τασον
2455 1808 2669 1878 χεῖρας·
2728 1799 2870 1874 δέξαι
2929 1801 3113 1876 ψυχὴν
3177 1799 3461 1874 μητρικήν,
3512 1797 3774 1869 ὁπατρικαῖς

478 1890 640 1955 chra,
676 1890 942 1959 proxima
974 1907 1126 1957 mea,
1162 1907 1296 1960 qum
1337 1890 1688 1961 virginitatis
1733 1891 1885 1948 885
1935 1892 2117 1947 forma

2241 1892 2398 1969 χερσὶ
2451 1890 2513 1947 τὸ
2571 1895 2787 1965 πνεῦμα
2839 1889 2925 1944 ἐπὶ
2983 1893 3216 1964 σταυροῦ
3277 1883 3776 1962 παραθέμενος,οώνη-

2446 1982 2458 1990 ι
2599 1980 2612 1990 ι
2669 1981 2681 1990 ι
2784 1981 2797 1990 ι
2821 1978 2844 1990 ιιι
2863 1977 2876 1990 ι
3046 1981 3057 1990 ι
3103 1979 3124 1990 Α
3147 1977 3160 1990 ι
3403 1973 3477 1990 ο--Ν
3500 1976 3534 1990 _\
3601 1975 3612 1990 ι
3711 1968 3726 1990 Χ
3746 1971 3754 1984 ‘

479 1978 664 2032 solem
697 1979 892 2049 ipsum
925 1979 1345 2050 splendoribus
1396 1996 1660 2050 superas.
1716 1983 1849 2036 Tuas
1891 1999 2126 2038 mecum

490 2071 979 2137 communicasti;
1012 2088 1169 2126 nunc
1206 2087 1473 2125 meorum
1506 2073 1800 2142 particeps
1833 2080 1978 2128 esto.
2020 2076 2133 2128 Ac-

490 2159 653 2226 cede,
683 2161 763 2213 Ma
776 2167 881 2214 ter.
908 2159 979 2213 ad
1000 2159 1211 2214 Filium
1239 2161 1397 2230 :jam
1421 2177 1554 2215 cum
1580 2177 1647 2215 eo
1669 2162 1769 2231 qui
1793 2179 1862 2217 ex
1881 2168 1936 2216 te
1960 2168 2134 2218 natus

491 2253 600 2313 est,
637 2254 694 2302 et
737 2253 931 2302 tecum
984 2254 1302 2320 egestatem
1361 2249 1561 2315 subiit,
1614 2266 1861 2321 regnum
1914 2258 2132 2310 teneto.

483 2337 614 2403 Abi,
652 2337 926 2404 Domina,
959 2338 1074 2406 abi,
1111 2356 1230 2393 non
1259 2339 1342 2394 uti
1377 2341 1584 2404 Moses,
1605 2341 1881 2410 ascende,
1908 2359 1975 2397 ac
2009 2359 2136 2397 mo—

484 2442 633 2480 rere.
671 2429 891 2481 Morere
933 2428 1132 2498 potius
1177 2428 1459 2498 primum,
1513 2428 1651 2484 dein
1685 2431 1958 2486 ascende.
1995 2433 2134 2486 Ani-

487 2533 645 2571 mam
677 2516 808 2570 Filii
836 2517 919 2570 tui
954 2517 1227 2571 manibus
1257 2534 1520 2588 repone:
1571 2524 1743 2574 terrae
1775 2521 1935 2591 quod
1963 2527 2132 2576 terra)

484 2609 594 2671 est,
630 2603 848 2658 redde:
886 2621 1024 2659 nam
1051 2605 1164 2659 hoc
1198 2606 1376 2660 etiam
1406 2611 1600 2660 tecum
1636 2608 1815 2662 simul
1867 2609 2134 2664 subleva-

482 2693 664 2746 bitur.
701 2693 929 2757 Tollite,
964 2712 996 2748 o
1025 2693 1241 2765 popule
1277 2695 1397 2761 Dei,
1422 2695 1624 2749 oculos
1651 2713 1663 2762 ;
1691 2697 1900 2761 tollite,
1926 2705 2134 2754 etecce

485 2781 544 2834 in
582 2781 720 2835 Sion
767 2799 964 2837 arcam
1013 2782 1245 2836 Domini
1296 2783 1399 2838 Dei
1450 2784 1757 2850 virtutum,
1805 2786 1898 2840 cui
1941 2788 2135 2858 reipsa

486 2871 740 2940 apostoli
774 2872 1014 2938 quidem
1046 2878 1265 2936 astant,
1297 2890 1513 2944 corpus
1544 2874 1702 2944 quod
1734 2875 1864 2929 vitae
1914 2877 2134 2946 princi-

485 2959 650 3030 pium
684 2965 741 3013 et
775 2961 873 3014 Dei
903 2963 1342 3032 receptaculum
1382 2962 1495 3016 fuit
1523 2963 1868 3018 funerantes
1895 2982 1907 3018 :
1940 2967 2135 3034 angeli

488 3066 622 3103 vero
657 3050 1017 3121 incorporali
1047 3051 1445 3122 invisibilique
1497 3053 1726 3107 ratione
1774 3053 1989 3118 fovent,
2025 3057 2132 3110 Do-

483 3140 630 3193 mini
667 3141 752 3193 sui
783 3140 1062 3195 Genitrici
1086 3158 1203 3196 non
1233 3143 1360 3196 sine
1384 3142 1596 3196 timore
1620 3159 1923 3197 servorum
1947 3144 2137 3199 instar

482 3229 849 3283 assistentes.
884 3231 1013 3300 lpse
1046 3247 1282 3301 quoque
1315 3231 1600 3285 Dominus
1641 3231 1825 3297 adest,
1861 3233 1960 3302 qui
1996 3233 2130 3287 ubi-

2238 1968 2331 2038 σον
2363 1982 2498 2057 πρὸς
2554 1980 2721 2048 αὐτήν
2778 1977 2880 2048 ἡδύ
2927 2000 2980 2033 τι
3034 1977 3356 2052 ψιθυρισμα.
3403 1973 3620 2044 Έλθὲ,ὴ
3661 1968 3774 2034 καλή,

2239 2073 2274 2140 ἡ
2307 2069 2545 2140 πλησίον
2611 2089 2738 2142 μου,
2798 2069 2832 2137 ἡ
2890 2071 2968 2138 τῷ
3024 2066 3221 2122 κάλλει
3281 2070 3374 2131 τῆς
3429 2060 3670 2139 παρθενίας
3693 2058 3778 2129 iii-Cap

2238 2157 2401 2229 ἥλιον
2472 2157 2957 2233 μαρμαρῦσσουσα.
3028 2153 3352 2217 Μετέδωκάς
3418 2174 3502 2226 μοι
3561 2154 3643 2203 τῶν
3695 2151 3782 2244 σῶν·

2241 2243 2424 2322 δεῦρο,
2455 2251 2562 2299 τῶν
2615 2244 2760 2316 ἐμῶν
2818 2241 3256 2298 συναπὸλαυσον·
3304 2239 3470 2315 δεῦρο,
3501 2239 3792 2334 Μῆτερῶρδξ

2235 2335 2328 2390 τὸν
2377 2334 2524 2388 Υἱόνο
2580 2330 2760 2409 δεῦρο,
2811 2326 3251 2404 συμϐασίλευσον
3299 2333 3374 2400 τῷ
3422 2326 3476 2382 ὲκ
3525 2328 3605 2379 σοῦ
3644 2322 3710 2375 σὺν
3735 2322 3792 2370 σοὶ

2239 2423 2644 2499 πτωχεύσαντι·
2681 2423 2898 2491 ’Λπιοι,
2932 2419 3228 2489 Δέσποινα,
3263 2417 3427 2489 ἄπιθι,
3459 2415 3513 2469 οὗ
3543 2411 3790 2471 Μωσαϊκῶς,

2238 2495 2430 2582 avis},
2462 2511 2552 2566 καὶ
2605 2509 2852 2568 τελεύτα.
2911 2508 3146 2564 Τελεύτα
3204 2506 3265 2563 δὲ
3321 2506 3538 2580 μᾶλλον,
3575 2495 3793 2555 καῖοῧτως

2237 2598 2512 2658 ἀνάϐαινε.
2546 2601 2747 2675 Ψυχὴν
2781 2600 3027 2674 παράθου
3074 2603 3195 2660 ταῖς
3248 2601 3343 2652 τοῦ
3387 2597 3503 2649 Υὶοῦ
3532 2612 3610 2645 σου
3637 2584 3788 2662 χερσίν.

2240 2690 2476 2753 Ἀπόδος
2507 2691 2568 2745 τὸ
2598 2694 2694 2746 τοῦ
2729 2691 2862 2766 χοὸς
2895 2693 2974 2760 τῷ
3025 2685 3144 2762 χοί,
3198 2688 3276 2748 ὡς
3323 2686 3402 2740 ὅτι
3433 2687 3575 2737 τοῦτο
3604 2693 3796 2773 συνεπαρ-

2240 2783 2481 2851 Θήσεται.
2513 2786 2730 2854 Ἀρατε,
2793 2779 2820 2832 ὁ
2875 2781 2972 2832 τοῦ
3031 2780 3167 2830 Θεοῦ
3223 2772 3524 2836 λαὸς,τους
3555 2769 3793 2862 ὀφθαλμοῆ

2243 2871 2421 2942 ὑμῶν,
2452 2867 2616 2944 ἄρατε
2639 2870 2774 2942 (71).
2803 2864 2943 2923 Ἰδοὺ
2969 2865 3023 2920 ἐν
3048 2867 3193 2920 Σιὼν
3225 2868 3260 2934 ἡ
3287 2859 3510 2922 κιϐωτὸς
3527 2856 3692 2933 Κυρίου
3708 2856 3796 2907 Θεοῦ

2238 2964 2344 3013 τῶν
2381 2956 2683 3031 δυνάμεων,
2742 2957 2828 3011 καὶ
2889 2957 3058 3030 ταύτῃ
3120 2957 3452 3027 σωματικῶς
3496 2951 3541 3004 oi
3576 2945 3796 3002 rimi-ctam:

2239 3050 2692 3122 παρειστήκεισαν
2725 3046 2788 3100 τὸ
2824 3045 3136 3120 ζωαρχικὸν
3183 3046 3280 3098 καὶ
3313 3040 3562 3115 ὒεοδὸχον
3588 3041 3716 3132 σῶμα,
3732 3043 3802 3096 κτι·

2241 3134 2508 3198 δεύοντες.
2540 3135 2754 3197 Ἀὺλως
2801 3130 2858 3188 δὲ
2909 3135 3000 3188 καὶ
3053 3133 3306 3206 ἀοράτως
3360 3129 3666 3206 περίεπουσιν
3693 3129 3804 3193 ἁπε-

3650 3209 3804 3262 πεξτῶς

2243 3239 2333 3280 Λοι
2367 3219 2541 3303 φόϐῳ,
2567 3227 2636 3298 τῇ
2669 3222 2848 3297 Μητρὶ
2880 3226 2978 3277 τοῖ’)
3018 3227 3166 3298 σφῶν
3203 3221 3474 3276 Δεσπὸτου
3503 3214 3720 3282 δουλοπςιξ

481 3334 597 3388 que
630 3335 892 3388 praesens
925 3325 1034 3384 est,
1061 3321 1263 3375 omnia
1284 3321 1591 3392 complens
1614 3325 1672 3375 et
1692 3321 1968 3376 universa
1985 3339 2117 3378 con-

2239 3315 2654 3388 παριστάμενοι.
2685 3311 2856 3374 Αὐτὸς
2907 3313 2936 3366 6
2987 3310 3190 3386 Κύριος
3251 3311 3519 3386 πάρεστιν,
3549 3308 3572 3360 6
3597 3301 3803 3372 πανταχοῦ

482 3408 702 3474 tinens,
737 3408 908 3478 cujus
926 3409 1128 3464 nullus
1160 3416 1249 3464 est
1278 3411 1444 3465 locus
1471 3428 1482 3465 :
1518 3412 1576 3465 in
1599 3411 1724 3482 ipso
1744 3413 1900 3466 enim
1932 3414 2134 3468 omnia

479 3503 641 3562 sunt,
673 3497 833 3551 velut
863 3499 922 3552 in
950 3500 1247 3565 Creatore,
1282 3501 1382 3570 qui
1415 3507 1628 3556 cuncta
1658 3501 1861 3556 condit
1892 3507 1950 3555 et
1978 3520 2131 3558 com-

476 3585 777 3654 plectitur.
828 3589 974 3641 Ecce
1023 3588 1181 3659 virgo
1233 3587 1440 3642 Adami
1490 3590 1614 3644 ﬁlia
1657 3591 1877 3662 Deique
1929 3593 2127 3660 Mater,

483 3688 699 3741 corpus
750 3678 922 3728 terrm
973 3682 1215 3745 prOpter
1260 3676 1551 3731 Adamum
1600 3679 1816 3734 tradit:
1865 3681 2127 3736 animam

479 3775 617 3813 vero
650 3760 722 3814 ad
755 3761 1023 3816 cmlestes
1056 3764 1227 3818 sedes
1259 3771 1500 3835 propter
1521 3767 1734 3821 Filium
1755 3770 2124 3824 transmittit.

481 3849 630 3902 Urbs
665 3855 869 3903 sancta
895 3852 1317 3917 sanctiﬁcetur,
1348 3870 1414 3907 ac
1445 3871 1579 3908 cum
1607 3856 1741 3909 aliis
1763 3857 2131 3913 benedictio-

481 3936 679 4001 nibus,
714 3938 1139 4008 sempiternam
1169 3939 1648 3997 benedictionem
1673 3944 1907 4000 referat.
1937 3947 2125 4002 Divini

480 4026 850 4082 tabernaculi
884 4044 1161 4099 pompam
1192 4029 1384 4099 angeli
1418 4031 1776 4100 praecedant,
1820 4039 1878 4087 et
1927 4037 2128 4106 sepul-

479 4134 648 4173 crum
683 4123 991 4187 apparent.
1043 4117 1107 4171 Id
1152 4116 1379 4190 fulgore
1430 4119 1684 4190 Spiritus
1731 4122 2124 4180 honestetur:

476 4212 780 4278 unguenta
794 4211 1250 4277 componantur,
1271 4207 1487 4278 quibus
1511 4210 1897 4280 purissimum
1923 4212 2126 4269 odora-

474 4297 894 4367 tissimumque
919 4313 1134 4367 corpus
1157 4297 1529 4368 perfricetur.
1555 4298 1726 4353 Adsit
1748 4299 1906 4353 unda
1926 4301 2122 4373 limpi-

475 4386 707 4455 da.qu:r.
722 4385 1198 4440 benedictionem
1213 4386 1527 4442 hauriatex
1543 4388 1935 4444 mundissimo
1951 4390 2125 4447 bene-

477 4474 950 4530 dictionisfonte.
975 4475 1241 4530 Exsultet
1262 4482 1418 4531 terra
1441 4475 1810 4548 depositione
1835 4482 2118 4550 corporis:

477 4563 711 4618 exsiliat
740 4580 841 4617 aer
870 4579 1119 4618 ascensu
1153 4565 1441 4635 Spiritus:
1477 4567 1704 4637 spirent
1747 4585 1905 4623 aura:
1953 4587 2122 4625 roru-

2234 3403 2442 3475 παρὼν,
2476 3401 2564 3456 καὶ
2596 3401 2660 3456 τὰ
2693 3402 2865 3455 πάντα
2907 3400 3163 3474 πληρῶν,
3227 3399 3319 3454 καὶ
3377 3395 3623 3474 περιέπων
3647 3391 3696 3445 τὸ
3716 3409 3804 3454 1m,

2234 3491 2300 3545 οὗ
2332 3491 2499 3552 τόπος
2532 3489 2732 3552 οὐδείς.
2763 3493 2852 3546 Ἐν
2886 3489 3033 3560 αὐτῷ
3087 3490 3192 3564 γὰρ
3261 3490 3332 3544 τὰ
3388 3489 3552 3542 πάντα
3587 3483 3649 3542 ὡς
3690 3499 3807 3544 ποιη-

2236 3585 2372 3651 τικῷ
2415 3580 2502 3635 καὶ
2559 3600 2855 3651 συνεκτικῳ
2909 3577 3088 3650 ἁῖτίῳ.
3151 3576 3300 3634 Ἰδοὺ
3341 3583 3376 3647 ὴ
3409 3571 3804 3649 παρθένος,ἦθ’)·

2233 3666 2622 3744 γάτηρἈδάμ
2664 3669 2753 3722 καὶ
2816 3670 3017 3741 Μήτηρ
3079 3671 3238 3737 Θεοῦ,
3303 3665 3376 3721 δι’
3430 3662 3602 3735 Ἀδὰμ
3627 3661 3676 3713 τὸ
3700 3661 3808 3724 σῶμπ

2231 3758 2586 3830 παραπέμπει
2613 3761 2682 3830 τῇ
2713 3760 2809 3832 γῇ,
2866 3758 2964 3826 τὴν
3026 3753 3086 3810 δὲ
3137 3758 3331 3832 ψυχὴν
3363 3752 3616 3830 οὐρανίαις
3645 3752 3804 3845 σκηναῖς

2232 3842 2325 3899 διὰ
2379 3848 2471 3900 τὸν
2531 3846 2654 3900 Υἱὸν
2714 3842 3057 3900 ἀναδίδωσιν.
3131 3846 3468 3921 Ἀγιαζέσθω
3523 3840 3578 3895 τὸ
3628 3837 3730 3892 ἄστυ
3767 3837 3807 3884 τὸ

2232 3937 2408 4010 ἅγιον,
2442 3934 2530 3990 καὶ
2564 3933 2647 3988 ἐπ’
2705 3933 2987 4009 εὐλογίαις
3043 3935 3382 4008 καρπούσθω
3440 3928 3667 4004 εὐλογίαν
3714 3921 3808 3976 αῗώ-

2229 4046 2363 4084 νιον.
2427 4027 2512 4097 Τῇ
2573 4018 2818 4078 διαϐάσει
2870 4027 2966 4078 τοῦ
3014 4025 3164 4078 Θείου
3241 4021 3591 4095 σκηνώματοε⁴
3657 4029 3812 4089 προποο

2231 4113 2566 4190 ρευέσθωσαν
2619 4111 2863 4188 ἄγγελοι,
2945 4112 3035 4168 καὶ
3093 4113 3185 4168 τὸν
3273 4112 3445 4189 τάτρον
3505 4106 3813 4181 εὐτρεπιζέτω-

2230 4224 2341 4261 σαν.
2375 4203 2664 4277 Κοσμείτω
2702 4207 2898 4260 τοῦτον
2953 4200 3122 4278 αἴγλη
3182 4207 3287 4256 τοῦ
3353 4195 3815 4291 ίΙνεύματοςιἚτῖε·

2232 4292 2479 4366 μαζέσοω
2537 4293 2700 4367 μύρα,
2760 4291 2848 4345 καὶ
2906 4295 2987 4363 τῷ
3042 4291 3388 4365 παναμώμῳ
3449 4290 3535 4342 καὶ
3590 4281 3815 4376 πανενώξει

2231 4381 2633 4456 μυριζέσθωσαν
2669 4383 2903 4454 σώματι.
2968 4384 3206 4456 Παρήτω
3268 4385 3421 4453 νᾶμα
3458 4373 3815 4450 είλικρινέξνκαῖ

2226 4471 2469 4548 ἀρυέσθω
2539 4470 2789 4546 εὐλογίαν
2849 4470 2907 4526 ἐκ
2961 4478 3060 4539 τῆς
3145 4472 3435 4545 ἀκηράτου
3489 4475 3583 4536 τῆς
3635 4457 3823 4532 stilo-{ix

2224 4571 2432 4638 πηγῆς.
2463 4561 2848 4638 Ἀγαλλιοὶσθω
2879 4565 2913 4631 ἡ
2945 4569 3012 4636 γῆ
3045 4561 3115 4636 τῇ
3151 4562 3447 4626 καταθέσει
3487 4563 3576 4614 τοῦ
3608 4555 3818 4627 σώματος.

474 4653 653 4706 lenta;
708 4652 1020 4723 plenzeque
1067 4653 1291 4723 gratia:
1339 4655 1438 4708 Dei
1483 4655 1680 4710 Matris
1727 4673 2117 4714 conscensum

2234 4655 2365 4729 Ἀήρ
2427 4657 2695 4729 σκιρτάτω
2753 4658 2821 4728 τῇ
2880 4648 3134 4709 ἀναϐάσει
3195 4659 3304 4708 τοῦ
3367 4650 3820 4725 ΙΙνεύματοςᾸΙνει-

477 4747 749 4798 creatura
777 4741 970 4796 omnis
1002 4741 1397 4808 concelebret,
1425 4743 1736 4814 juniorum
1757 4748 2121 4817 cmtusjubi-

476 4832 621 4899 lent,
648 4837 946 4885 oratorum
971 4830 1185 4902 lingua)
1204 4830 1455 4901 hymnos
1478 4831 1750 4895 fundant,
1780 4835 2116 4905 sapientum

476 4921 656 4975 corda
700 4921 1051 4975 miraculum
1097 4919 1632 4991 philosophentur:
1681 4938 1853 4978 senes
1904 4926 2117 4980 canitie

473 5009 792 5064 venerandi
819 5010 1046 5064 intenta
1075 5009 1200 5064 acie
1233 5009 1668 5080 speculationes
1715 5011 1931 5068 edant:
1984 5016 2120 5068 uni-

472 5114 651 5151 versae
683 5097 923 5153 demum
968 5097 1221 5153 condita)
1276 5115 1370 5153 res
1423 5099 1755 5169 symbolam
1810 5102 2120 5157 conferant

473 5201 661 5241 suam.
699 5189 812 5242 Nec
842 5205 978 5242 vero
1003 5188 1085 5243 sic
1109 5187 1424 5243 minimam
1445 5193 1621 5244 tantae
1646 5189 1951 5262 dignitatis
1981 5208 2118 5262 par-

472 5276 591 5327 tem
622 5276 934 5346 attingent.

543 5505 565 5539 ³
599 5504 836 5576 Dionys.
871 5508 945 5559 De
993 5507 1103 5562 div.
1154 5524 1301 5564 nom.
1352 5526 1479 5581 cap.
1557 5513 1578 5547 ³
1626 5512 1780 5569 Psal.
1830 5531 1977 5583 XLIV,
2030 5517 2116 5569 15.

547 5669 661 5741 (71)
687 5667 790 5749 llic
817 5667 1002 5749 multa
1029 5667 1207 5722 habet
1231 5670 1428 5749 Allatii
1471 5676 1795 5749 translatio,
1847 5695 1976 5749 qua)
2009 5696 2118 5734 nec

478 5739 870 5815 Seguerianus
885 5739 2120 5819 codex,necvetustissimusSangermanen-

2224 4766 2400 4800 τωσαν
2433 4743 2590 4821 αὖραι
2625 4741 2982 4820 δροσοειδεῖς,
3030 4743 3120 4798 καὶ
3172 4746 3416 4819 χάριτος
3448 4737 3681 4816 ἔμπλεοι.
3709 4734 3818 4789 llin

2226 4837 2260 4904 ἡ
2293 4834 2466 4897 κτίσις
2518 4833 2935 4909 πανηγυριζέτω
2983 4835 3084 4903 τὴν
3135 4841 3241 4902 τῆς
3293 4836 3638 4906 Θεομήτορος
3660 4821 3818 4880 5‘95”-

2227 4924 2395 4998 Χοροὶ
2452 4924 2585 4979 νέων
2643 4921 3082 4993 ἀλαλαζέτωσαν.
3139 4924 3464 4994 Ῥυήτωσαν
3514 4911 3819 4994 γλῶσσαι

2224 5015 2401 5089 τόρων
2431 5020 2550 5077 τοῖς
2584 5013 2890 5090 ἐφυμνίοις·
2923 5011 3138 5089 καρδίαι
3171 5021 3364 5092 σοφῶν
3412 5015 3473 5069 τὸ
3521 5017 3682 5083 θαῦμα
3707 5005 3822 5082 φιλο-

2228 5104 2578 5180 σοφείτωσανο
2615 5101 2912 5181 πρεσϐύται
2954 5108 3024 5178 τῇ
3073 5105 3251 5176 πολιᾷ
3299 5106 3364 5159 τὸ
3411 5102 3675 5175 αἰδέσιμον
3703 5096 3823 5169 ἔχω’

2224 5215 2336 5267 τες,
2419 5195 2625 5270 ἅτρεμα
2697 5195 2795 5258 τὰς
2867 5193 3096 5269 θεωρίας
3165 5194 3666 5272 καρποφρείτωσαν.
3717 5190 3825 5240 lli”

2227 5286 2262 5355 ἡ
2293 5283 2464 5348 κτίσις
2499 5283 2947 5360 συνεισενεγκάτω
2998 5285 3090 5339 τὸν
3143 5280 3365 5359 ἔρανον.
3429 5281 3558 5343 Οὐδ’
3610 5279 3726 5334 οὕτω
3749 5290 3820 5347 ’ίῖὲ

2227 5372 2286 5430 ἃν
2319 5375 2634 5431 πολλοστοῦ
2665 5373 2860 5450 μέρους
2891 5381 2989 5444 τῆς
3019 5373 3164 5447 ἀξίας
3197 5373 3508 5451 ἐφίκοιντο.

2227 5679 2308 5734 sis
2333 5685 2740 5751 repraesentat,
2762 5684 3117 5752 acceptaque
3139 5688 3290 5736 sunt
3313 5699 3389 5738 ex
3411 5689 3552 5739 orat.
3574 5685 3603 5734 2
3623 5674 3817 5734 Ande

2227 5753 2547 5825 Cretensis,
2580 5759 2638 5808 et
2669 5753 2763 5807 hic
2793 5768 3104 5825 perperam
3134 5752 3402 5812 intrusa.
