3958 6198
259 326 355 427 761-
462 400 467 403 λ
1289 370 1657 427 LAUDATIO
1682 371 1741 424 S.
1780 368 1984 425 JOAN.
2024 367 2552 425 CHRYBOSTOMI.

3518 372 3627 438 ’162

318 495 369 549 ε’.
399 496 564 559 Δεῦτε,
624 489 810 553 πάντες
863 496 1065 569 νοερῶς
1120 489 1470 566 ἔκδημοόσης
1549 487 1833 562 συνεκδημ·

2054 494 2105 545 5.
2139 490 2243 546 Eia
2271 491 2445 563 agite,
2477 509 2686 550 omnes
2714 506 2836 550 una
2865 510 3000 552 cum
3031 496 3286 553 abeunte
3316 500 3619 562 abeamus.

258 602 430 655 σωμεν.
462 583 634 646 Δεῦτε,
666 581 857 643 πάντες
902 579 1130 653 καρδίας
1170 581 1324 654 πόθῳ
1381 581 1516 657 πρὸς
1564 579 1656 635 τὸν
1706 579 1868 653 τάφοι

256 670 489 744 κατιούσῃ
543 664 984 742 συγκαταϐὦμεν.
1067 673 1593 747 Περιστοιχήσωμεν
1649 669 1741 725 τὸν
1792 669 1867 724 ἰε-

255 761 466 833 ρώτατον
495 752 819 830 κράϐὅατον.
852 760 1093 830 Ὕμνους
1125 759 1305 836 ἱεροὺς
1336 764 1578 833 ᾷσωμεν,
1638 756 1865 820 ὡδὲπως

255 845 617 921 μελῳδοῦντες·
666 851 860 919 Χαῖρε,
904 848 1350 923 κεχαριτωμένη,
1400 850 1428 903 ὁ
1472 848 1670 923 Κύριος
1731 848 1867 922 μετά

248 940 347 992 σοῦ.
376 933 613 1005 Χαίροις,
644 938 679 1005 ἠ
706 938 1096 1011 προωρισμὲνη
1149 939 1351 1015 Μήτηρ
1400 943 1554 995 Θεοῦ.
1607 936 1861 1011 Χαίροις,

251 1023 762 1100 ἡπροεκλελεγμὲνη
922 1025 1031 1101 πρὸ
1066 1027 1279 1082 αίώνων
1335 1026 1513 1103 βουλῇ
1555 1031 1653 1083 τοῦ
1703 1031 1860 1101 Θεοῦ,

241 1120 329 1189 γῆς
355 1112 614 1177 θειότατον
650 1113 969 1189 βλάστημα,
1000 1116 1171 1187 πυρὸς
1205 1116 1352 1180 θείου
1408 1118 1858 1191 κατοικητήριον,

240 1204 521 1278 Πνεῦματος
570 1204 726 1278 ἀγίου
777 1205 1073 1280 ἱερώτατον
1118 1205 1365 1281 ἄγαλμα,
1412 1204 1606 1271 ὕδατος
1657 1210 1861 1277 ζῶντος

240 1294 389 1368 πηγή,
418 1292 735 1367 παράδεισος
763 1297 866 1349 τοῦ
891 1301 990 1364 τῆς
1023 1301 1171 1365 ζωῆς
1201 1295 1389 1366 ξύλου,
1422 1296 1569 1361 θείου
1620 1293 1856 1373 βότρυος

234 1379 398 1453 κλῆμα
424 1380 692 1458 ,ἔμψυχον
750 1384 944 1459 νέκταρ
997 1384 1087 1439 καὶ
1137 1380 1438 1459 ἀμϐροσίαν
1492 1387 1855 1461 πηγάζοντος,

234 1471 450 1544 ποταμὸς
501 1472 728 1547 πλήρης
806 1477 916 1527 τῶν
978 1472 1289 1547 ἀρωμάτων
1346 1478 1443 1529 τοῦ
1512 1476 1852 1549 Ηνεόματος,

234 1559 410 1635 ἄρουρα
459 1564 554 1616 τοῦ
611 1561 761 1625 θείου
827 1561 1123 1638 ἀστάχυος,
1207 1561 1364 1639 ῥόδον
1438 1568 1507 1638 τῇ
1593 1568 1855 1640 παρθενίᾳ

233 1650 508 1718 φανώτατον
566 1650 656 1705 καὶ
724 1651 901 1707 πνέων
984 1656 1053 1723 τῇ
1140 1651 1346 1726 εὐωδίᾳ
1418 1654 1516 1729 τῇς
1604 1656 1851 1731 χᾶριτος,

229 1744 384 1813 κρῖνον
434 1743 526 1795 τοῦ
585 1738 882 1815 βασιλικοῦ
966 1740 1374 1819 ἀμφιάσματος,
1450 1744 1619 1817 ἀμνὰς
1672 1747 1706 1815 ἠ
1764 1767 1852 1801 τε-

1978 580 2164 651 Agite,
2195 596 2404 638 omnes
2433 582 2730 638 desiderio
2757 583 2953 640 cordis
2982 603 3116 642 cum
3149 603 3219 643 ea
3249 605 3379 659 quae
3402 591 3463 645 in
3486 610 3621 649 mo-

1978 670 3119 740 numentumdescendit,descendamus
3145 693 3158 730 :
3181 677 3626 738 sanctissimum

1975 758 2284 830 grabatum
2319 759 2871 833 circumsepiamus.
2902 763 3111 819 Sacros
3141 764 3398 836 hymnos
3452 785 3631 826 cana-

1974 863 2132 911 mus,
2165 846 2278 903 hoc
2307 849 2485 904 modo
2517 850 2903 907 concinentes
2933 869 2947 907 :
3006 856 3145 922 Ave,
3196 858 3385 924 gratia
3431 856 3625 929 plena,

1971 936 2231 992 Dominus
2262 944 2437 993 tecum
2465 939 2506 993 ‘.
2557 941 2696 1007 Ave,
2750 958 2886 1011 quae
2937 943 3363 1013 praedestinata
3410 965 3471 1004 es
3525 951 3624 1006 Dei

1970 1026 2322 1083 Mater.Ave.
2346 1044 2478 1097 quae
2502 1029 2757 1084 consilio
2786 1031 2887 1085 Dei
2910 1037 3048 1086 ante
3075 1034 3293 1091 saecula
3307 1038 3624 1107 praelecta

1972 1119 2081 1182 est,
2104 1120 2171 1169 ut
2189 1114 2456 1171 divinum
2477 1133 2721 1189 germen
2746 1135 2906 1175 esses
2931 1120 3115 1176 divini
3140 1123 3293 1196 ignis
3314 1126 3625 1185 habitacu-

1970 1202 2118 1258 lum.
2153 1204 2405 1275 Spiritus
2437 1207 2625 1262 sancti
2686 1215 2915 1265 sacrata
2966 1216 3205 1282 statuta,
3257 1230 3426 1285 aqua:
3484 1219 3651 1275 vivar

1967 1292 2124 1356 fons,
2158 1292 2302 1365 ligni
2334 1295 2465 1350 vitae
2497 1297 2831 1368 paradisus,
2865 1299 3046 1354 divini
3096 1304 3315 1358 racemi
3368 1306 3619 1378 palmes,

1968 1397 2034 1435 ex
2054 1400 2171 1453 quo
2193 1390 2400 1440 nectar
2419 1388 2745 1444 animatum
2771 1394 2830 1444 et
2850 1391 3150 1448 ambrosia
3172 1395 3619 1465 proﬂuxerunt:

1966 1470 2179 1527 ﬂuvius
2197 1480 2532 1531 aromatum
2549 1477 2800 1548 Spiritus
2818 1480 3055 1550 plenus,
3090 1488 3247 1538 terra
3265 1485 3478 1542 divina:
3501 1490 3621 1560 spi-

1964 1575 2070 1624 cea,
2101 1577 2239 1617 rosa
2267 1563 2600 1635 virginitate
2630 1566 2984 1636 clarissima,
3018 1576 3077 1624 et
3102 1572 3304 1642 gratim
3347 1574 3619 1647 fragran-

1963 1648 2105 1703 tiam
2133 1651 2386 1721 spirans,
2421 1654 2567 1723 regii
2594 1654 2927 1711 indumenti
2958 1658 3171 1728 lilium,
3204 1676 3354 1733 agna
3382 1664 3616 1736 Agnum

1961 1738 2064 1793 Dei
2096 1740 2336 1811 pariens
2358 1742 2669 1799 tollentem
2689 1750 2996 1815 peccatum
3020 1748 3248 1817 mundi,
3269 1751 3477 1807 salutis
3504 1770 3614 1809 no-

228 1832 373 1884 κοῦσα
397 1829 484 1883 τὸν
516 1829 722 1902 ’Δμνὸν
754 1833 851 1883 τοῦ
895 1833 1053 1899 Θεοῦ,
1096 1831 1189 1885 τὸν
1239 1828 1463 1905 αἴροντα
1510 1833 1609 1901 τήν
1670 1835 1833 1909 ἀμαρ-

1962 1832 2098 1883 strzn
2129 1830 2391 1899 officina,
2420 1834 2705 1905 angelicis
2735 1836 3127 1905 potestatibus
3148 1839 3483 1906 sublimior,
3507 1860 3615 1899 an-

224 1919 321 1975 τίαν
364 1922 452 1973 τοῦ
498 1917 737 1991 κόσμου,
781 1924 882 1988 τῆς
937 1919 1209 1995 σωτηρίας
1247 1922 1408 1991 ἡμῶν
1462 1919 1846 1996 ἐργαστήριον,

231 2005 502 2081 ἇγγελικῶν
558 2003 831 2082 ὑπερτὲρα
880 2004 1183 2081 δυνάμεων,
1242 2005 1417 2079 δούλη
1475 2010 1564 2064 καὶ
1625 2012 1837 2083 μήτηρ.

219 2101 371 2165 Δεῦτε,
424 2098 513 2152 τὸν
571 2096 747 2173 τάφον
803 2098 1326 2172 περιστοιχήσωμεν
1383 2098 1475 2153 τὸν
1545 2098 1844 2172 ἀκήρατον,

216 2187 288 2241 καὶ
344 2186 475 2250 θείας
555 2186 898 2259 ἀρυσώμαθα
983 2187 1232 2262 χάριτος.
1317 2191 1495 2256 Δεῦτε,
1578 2191 1843 2265 ψυχικαῖς

223 2273 460 2351 ἀγκάλαις
508 2276 570 2331 τὸ
631 2276 988 2349 ἀειπάρθενον
1065 2280 1226 2350 σῶμα
1298 2275 1673 2351 βαστάσωμεν,
1750 2279 1842 2333 καὶ

221 2362 617 2437 συνειοέλθωμεν
648 2359 809 2420 ἔνδον
860 2369 959 2420 τοῦ
1017 2368 1325 2439 μνήματος,
1381 2365 1472 2421 καὶ
1531 2387 1840 2442 συννεκρω-

216 2454 394 2526 Θῶμεν,
420 2458 532 2515 τοῖς
559 2454 659 2526 μὲν
712 2458 810 2509 τοῦ
860 2454 1116 2527 σώματος
1161 2454 1548 2528 ἀπογινόμενοι
1590 2455 1839 2527 πάθεσιν,

215 2547 448 2613 συζῶντες
475 2541 531 2598 δὲ
562 2544 715 2613 ζωὴν
772 2544 952 2613 ἀπαθῆ
1011 2545 1099 2599 καὶ
1148 2544 1445 2621 ἀκήρατον,
1497 2544 1840 2622 ἀκουτισφῶ-

217 2652 295 2704 μεν
344 2631 465 2695 τοὺς
521 2633 705 2697 θείους
755 2632 957 2705 ὕμνους
1010 2632 1063 2704 ἐξ
1117 2631 1301 2689 ἀΰλων
1356 2638 1466 2689 τῶν
1524 2634 1835 2710 ἀγγελικῶν

210 2722 414 2795 χειλέων
470 2722 865 2798 προῖεμὲνους.
928 2721 1284 2796 Εῗσὲλθωμεν
1342 2727 1833 2798 προσκυνήσοντες,

206 2809 281 2864 καὶ
306 2815 505 2885 γνῶμεν
532 2815 630 2866 τοῦ
682 2811 993 2884 μυστηρίου
1040 2812 1103 2867 τὸ
1159 2812 1329 2883 ξενον,
1390 2813 1463 2875 ὡς
1518 2814 1703 2886 ἦρται,
1761 2816 1837 2879 ὡς

207 2902 625 2974 μεμετεώρισται,
688 2901 764 2964 ὡς
816 2902 953 2975 πρὸς
1012 2900 1239 2977 οὐρανὸν
1294 2900 1574 2973 εἴληπται,
1631 2903 1708 2965 ὡς
1754 2908 1835 2976 τῷ

203 2987 295 3061 1⁸ἷῷ
317 2991 489 3045 πασῶν
539 2989 777 3066 ὕπερθεν
841 2994 948 3045 τῶν
1008 2990 1310 3066 ἀγγελικῶν
1365 2989 1691 3067 παρίσταται
1743 2994 1834 3047 τά-

199 3080 328 3151 Eatur
359 3077 503 3135 οὐδὲν
536 3081 649 3156 γὰρ
686 3081 849 3151 μέσον
882 3081 1108 3154 Μητρὸς
1147 3081 1236 3135 καὶ
1290 3081 1440 3139 Υἱοῦ.
1491 3081 1701 3138 Τοῦτόν
1745 3103 1831 3137 σοι

197 3166 274 3222 τᾶν
298 3167 489 3241 ἐξόδιον
519 3168 697 3245 λόγον
749 3169 933 3245 τρίτον
990 3167 1081 3224 ἐπὶ
1137 3175 1256 3231 τοῖς
1324 3166 1443 3225 δυσὶ
1499 3170 1827 3244 πεποίημαι,

205 3259 372 3333 Μῆτερ
400 3256 555 3330 Θεοῦ,
587 3255 749 3314 αἰδοῖ
773 3259 861 3313 καὶ
888 3258 1045 3331 πόθῳ
1073 3260 1175 3328 τῆς
1220 3255 1453 3329 Τριάδος
1552 3257 1822 3334 ἐλειτούρ-

202 3367 350 3422 γησας
463 3349 716 3420 πατρικῇ
745 3343 984 3417 εὖδοκίᾳ,
1014 3347 1103 3402 καὶ
1135 3349 1204 3420 τῇ
1239 3344 1464 3419 δυνάμεὶ
1520 3352 1618 3402 τοῦ
1662 3347 1837 3404 Πνεό-

205 3456 368 3509 ματος,
413 3438 502 3491 τὸν
560 3433 812 3511 ἄναρχον
864 3435 1063 3511 Λόγον,
1119 3437 1219 3505 τήν
1277 3433 1685 3509 παντοδύναμον
1737 3442 1836 3494 τοῦ

203 3530 317 3580 Θεοῦ
342 3524 599 3599 δεξαμένη
638 3524 829 3603 σοφίαν
859 3524 949 3581 καὶ
982 3522 1234 3598 δύναμιν.
1267 3524 1443 3601 Δέχου
1497 3525 1678 3581 τοίνυν
1730 3528 1830 3597 τήν

205 3614 505 3687 προθυμίαν,
536 3617 641 3684 τὴν
677 3613 910 3687 δύναμιν
949 3614 1369 3689 ὑπεραίρουσαν,
1399 3614 1488 3669 καὶ
1529 3612 1683 3671 δίδου
1727 3617 1828 3686 τὴν

1958 1916 2097 1971 cilla
2129 1922 2411 1974 etmater.
2437 1922 2628 1993 Agite,
2651 1923 3112 1981 mundissimum
3138 1929 3477 1999 sepulcrum
3500 1923 3612 1988 cirl

1956 2005 2328 2075 cumdemus,
2374 2009 2760 2083 divinumque
2792 2013 2931 2068 inde
2961 2017 3212 2086 gratiam
3244 2018 3609 2079 hauriamus.

1954 2095 2145 2167 Agite,
2172 2096 2336 2152 ulnis
2369 2099 2552 2153 animi
2583 2117 2800 2171 corpus
2828 2109 3128 2173 perpetuae
3156 2107 3477 2180 virginitati
3495 2111 3608 2166 ad-

1952 2182 2180 2238 dictum
2237 2191 2559 2257 gestemus,
2592 2188 2654 2243 in
2708 2198 3165 2248 monumentum
3216 2195 3605 2270 introeamus,

1954 2285 2194 2342 unaque
2246 2275 2594 2343 moriamur,
2627 2276 2916 2333 abdicatis
2948 2280 3189 2350 quidem
3220 2285 3491 2355 corporis
3520 2287 3610 2341 af-

1954 2358 2228 2426 fectibus,
2264 2361 2418 2418 886
2451 2364 2632 2419 simul
2663 2382 2799 2422 vero
2831 2383 2966 2422 cum
2998 2385 3068 2425 ea
3091 2370 3242 2425 nulli
3269 2371 3412 2434 labi.
3452 2375 3605 2430 nulli

1948 2448 2087 2503 vitio
2117 2449 2436 2507 obnoxiam
2468 2453 2753 2510 ducentes
2794 2456 2973 2512 vitam
3002 2475 3015 2525 ;
3068 2458 3299 2516 divinos
3348 2462 3606 2535 denique

1951 2538 2212 2594 canticos
2250 2557 2319 2594 ex
2341 2542 2628 2614 angelicis
2659 2544 2835 2601 labiis
2858 2546 3009 2601 nulli
3032 2550 3297 2605 materias
3320 2552 3605 2625 subjectis

1948 2626 2168 2681 effusos
2198 2627 2531 2687 audiamus.
2564 2632 2940 2688 Introeamus
2956 2634 3277 2692 adoraturi.
3303 2641 3603 2712 mysterii-

1947 2731 2061 2784 que
2093 2716 2413 2772 novitatem
2444 2735 2893 2790 cognoscamus,
2928 2728 2994 2777 ut
3021 2724 3197 2791 elata,
3228 2731 3295 2780 ut
3346 2727 3599 2798 sublata,

1944 2808 2011 2857 ut
2035 2803 2095 2857 in
2128 2805 2343 2860 caelum
2367 2806 2566 2863 delata
2594 2815 2704 2873 est,
2737 2815 2803 2864 ut
2822 2811 2967 2865 Filio
2990 2827 3169 2883 super
3189 2829 3396 2871 omnes
3418 2833 3598 2889 ange-

1942 2891 2140 2947 lorum
2170 2893 2392 2950 classes
2423 2902 2613 2952 astat:
2673 2898 2825 2953 nihil
2875 2900 3035 2954 enim
3084 2901 3241 2957 inter
3284 2903 3495 2959 Filium
3541 2912 3601 2962 et

1942 2982 2186 3036 Matrem
2218 2982 2399 3038 medii
2431 2991 2539 3040 est.
2574 2986 2736 3041 Hanc
2767 2986 2840 3042 ad
2867 2992 2923 3043 te
2954 2988 3025 3043 de
3051 2993 3149 3044 tuo
3178 2991 3338 3047 exitu
3361 2994 3594 3050 tertiam

1942 3071 2272 3126 orationem
2302 3080 2438 3145 post
2468 3073 2616 3130 duas
2644 3075 2792 3131 alias
2823 3075 3026 3141 habui,
3048 3095 3183 3134 cum
3206 3096 3441 3136 summa
3458 3098 3597 3155 erga

1946 3160 2295 3217 Trinitatem
2318 3164 2652 3220 reverentia
2674 3170 2732 3218 et
2753 3165 3072 3237 desiderio,
3100 3168 3196 3222 cui
3226 3185 3297 3223 ex
3328 3171 3593 3242 compla-

1945 3251 2062 3305 cito
2094 3253 2307 3319 Patris,
2339 3260 2397 3309 et
2416 3255 2668 3325 Spiritus
2698 3256 2915 3313 virtute
2939 3258 3310 3328 ministrasti,
3338 3262 3592 3319 Verbum

1941 3341 2219 3413 principii
2243 3359 2472 3414 expers,
2498 3344 3091 3418 omnipotentemque
3106 3349 3207 3403 Dei
3234 3350 3587 3421 sapientiam

1943 3433 2000 3484 et
2028 3428 2372 3487 facultatem
2425 3434 2795 3506 excipiendo.
2844 3436 3133 3491 Conatum
3186 3438 3386 3510 itaque
3434 3440 3589 3497 vires

1939 3534 2103 3574 meas
2136 3521 2521 3577 excedentem
2575 3524 2835 3595 suscipe,
2883 3524 3135 3580 salutem
3167 3526 3383 3597 praebe,
3416 3528 3585 3584 vitio-

1935 3623 2069 3661 rum
2107 3608 2291 3664 animi
2344 3610 2792 3681 alienationem,
2844 3614 3263 3686 aegritudinum
3317 3620 3582 3689 corporis

198 3704 466 3777 σωτηρίαν,
500 3702 690 3759 παθῶν
746 3707 1000 3779 ψυχικῶν
1048 3702 1438 3777 ἀλλοτρίωσιν,
1493 3705 1667 3760 νόσων
1718 3727 1831 3761 σω-

1957 3696 2216 3766 [uietem,
2249 3699 2726 3756 adversariorum
2759 3718 3006 3757 casuum
3038 3703 3424 3769 solutionem,
3446 3707 3578 3761 vitae

196 3798 413 3865 ματικῶν
472 3792 746 3871 λόἐωσιν,
808 3791 1172 3867 περιστάσεων
1232 3791 1409 3862 λόσιν,
1474 3793 1595 3870 βίου
1649 3794 1828 3869 γαλη-

190 3882 321 3937 ναίαν
368 3884 721 3953 κατάστασιν,
782 3882 1068 3959 φωτισμὸν
1128 3881 1463 3956 Πνεόματος·
1522 3883 1613 3939 τὸν
1684 3886 1823 3961 πρὸς

1935 3787 2319 3857 tranquillam
2336 3789 3023 3863 conditionem,Spiritus
3053 3792 3577 3852 illuminationem.

1930 3876 2208 3932 Amorem
2240 3878 2302 3933 in
2333 3879 2546 3934 Filium
2577 3885 2744 3936 tuum
2775 3881 3053 3946 accende.
3087 3884 3265 3939 vitam
3312 3891 3578 3942 nostram

188 3973 266 4027 τὸν
320 3974 406 4029 σὸν
465 3975 592 4030 Υἱὸν
652 3972 824 4036 πόθον
875 3971 1261 4047 ἑκπόρσευσον,
1319 3970 1604 4048 εὐάρεστον
1675 3973 1823 4046 αὐτῷ

1957 3982 2061 4035 [um
2092 3966 2181 4021 illi
2214 3973 2378 4039 grata
2408 3969 2504 4030 sit,
2537 3969 2806 4036 institue,
2836 3976 2905 4026 ut
2932 3970 3230 4029 beatitatis
3260 3991 3391 4045 quas
3421 3973 3577 4047 apud

185 4063 265 4116 τὸν
296 4064 405 4139 βίον
433 4067 600 4136 ἡμῶν
655 4061 1018 4133 κατάστησον,
1079 4061 1154 4124 ὡς
1207 4058 1268 4116 ἂν
1312 4062 1400 4117 καὶ
1458 4069 1559 4131 τῆς
1614 4062 1816 4118 ἐκεῖθεν

185 4153 423 4227 τυχόντες
486 4151 921 4228 μακαριότητος,
973 4154 1043 4225 τῇ
1102 4151 1230 4206 Υἱοῦ
1279 4147 1407 4225 δόξῃ
1468 4152 1702 4227 ὁρῶντες
1760 4174 1818 4208 σε

184 4239 654 4313 ἓξαστρᾶπτουσαν,
701 4241 906 4314 ὕμνους
964 4239 1143 4314 ἱεροὺς
1192 4237 1621 4314 ἀναπέμψωμεν,
1678 4241 1816 4297 αἶ’ω-

181 4330 291 4392 νίως
323 4330 759 4409 εὐφραινόμενοι,
791 4328 845 4384 ἐν
905 4328 1172 4401 ἐκκλησίᾳ
1230 4328 1597 4404 ἒορταζόντων
1649 4329 1813 4401 ἀξίως

176 4424 260 4473 τοῦ
287 4422 625 4494 Πνεῦματος,
656 4424 739 4492 τῷ
771 4417 860 4474 διά
913 4423 1009 4474 σοῦ
1049 4420 1151 4488 τήν
1201 4418 1472 4492 σωτηρίαν
1518 4421 1678 4491 ἡμῶν
1729 4421 1809 4476 oi-

175 4506 553 4581 κοδομήσαντι,
587 4512 806 4583 Χριστῷ
833 4511 913 4578 τῷ
942 4507 1054 4580 Υἱῷ
1079 4510 1178 4561 τοῦ
1205 4512 1339 4562 Θεοῦ
1367 4506 1456 4561 καὶ
1489 4512 1606 4580 Θεῷ
1626 4509 1805 4581 ἡμῶν

1925 4052 2122 4125 ipsum
2154 4061 2263 4123 est,
2296 4058 2616 4130 participes
2646 4058 2807 4125 facti,
2842 4065 2896 4115 te
2943 4062 3071 4117 Nati
3104 4063 3187 4117 tui
3235 4064 3423 4134 gloria
3470 4082 3573 4121 re-

1925 4145 2343 4215 splendentem
2367 4148 2900 4217 intuentes,sacros
2922 4152 3176 4223 hymnos
3208 4154 3570 4224 emittamus,

1922 4240 2146 4309 aeterna
2175 4236 2596 4305 oblectatione,
2628 4238 2691 4293 in
2724 4254 2927 4294 eorum
2959 4245 3273 4308 conventu,
3331 4242 3430 4312 qui
3462 4260 3570 4314 pro

1920 4322 2205 4396 dignitate
2228 4326 2479 4397 Spiritus
2495 4327 2646 4382 festa
2666 4327 2988 4396 celebrant,
3015 4329 3075 4383 in
3096 4328 3257 4385 illius
3278 4330 3570 4387 honorem

1919 4412 2021 4483 qui
2050 4430 2155 4484 per
2182 4419 2238 4469 te
2270 4415 2524 4470 salutem
2557 4420 2823 4470 nostram
2856 4422 2947 4471 est
3004 4424 3305 4488 operatus,
3355 4420 3569 4476 Christi

1917 4500 2018 4555 Dei
2052 4502 2205 4569 Filii,
2238 4503 2332 4558 cui
2363 4504 2551 4576 gloria
2582 4509 2641 4559 et
2669 4503 2984 4576 imperium
3018 4522 3152 4561 cum
3185 4508 3355 4562 Patre
3400 4509 3566 4580 prin-

173 4595 270 4667 ᾦὴ
327 4595 452 4673 δόξα
508 4599 605 4653 καὶ
654 4597 718 4652 τὸ
764 4597 982 4669 κράτος,
1042 4595 1135 4650 σὺν
1191 4599 1271 4667 τῷ
1328 4596 1553 4670 ἀνάρχῳ
1614 4600 1804 4672 ΙΙατρί,

1957 4589 2054 4660 ipii
2096 4591 2320 4659 nescio,
2381 4593 2874 4665 sanctissimoque
2924 4600 2981 4649 et
3037 4594 3263 4651 vivitlco
3321 4597 3562 4667 Spiritu,

169 4686 363 4759 καίτῷ
414 4687 668 4763 παναγίῳ
722 4685 812 4741 καὶ
876 4689 1135 4757 ζωοποιῷ
1190 4684 1485 4757 Πνεόματι,
1537 4692 1654 4759 νῦν,
1712 4692 1802 4744 καὶ

167 4770 369 4843 ἀεὶ,καῖ
401 4777 478 4839 εἷς
534 4776 667 4839 τοὺς
724 4776 1039 4848 σύμπαντας
1096 4774 1187 4831 καὶ
1236 4774 1633 4847 ἀτελευτήτους
1667 4776 1806 4833 αίῶ-

166 4881 251 4924 νας
278 4869 379 4920 τῶν
410 4865 653 4924 αἰώνων.
687 4866 887 4939 Ἀμήν.

918 4971 1026 5027 ῙΔ’.

161 5059 255 5110 Τοῦ
310 5057 619 5136 ἒνᾷἀγίοις-
651 5060 1077 5136 Πατρὸςῇἡμῷν
1138 5058 1389 5136 Ἰωάννου
1442 5065 1539 5136 τοῦ
1617 5069 1800 5136 Δαμα-

226 5134 415 5213 σκηνοῦ
462 5128 778 5213 ’ἐγκώμιον
847 5129 924 5195 εἷς
962 5128 1072 5187 -τὸν
1127 5128 1278 5206 ἅγιον
1333 5132 1592 5207 Ἰωάννην
1650 5128 1799 5213 Χρυ-

226 5152 415 5199 σκηνου
486 5152 530 5185 ε·
587 5152 628 5185 ω

223 5201 484 5275 σόστομον
512 5152 628 5276 (31(2)

220 5314 278 5367 α’.
307 5306 455 5364 Ἔδει
489 5309 612 5382 μὲν,
644 5308 689 5365 ὦ
721 5310 948 5382 Ἰωάννη
998 5311 1302 5389 πάγχρυσε,
1350 5311 1477 5377 τοὺς
1524 5319 1633 5371 τῶν
1685 5317 1793 5373 σῶν

218 5458 239 5493 ⁸
267 5461 395 5517 Luc.
427 5479 470 5528 ι,
505 5463 598 5517 28.

218 5616 324 5689 (72)
354 5619 438 5674 Ex
465 5620 859 5678 ﬂlustrissimi
893 5624 1006 5678 DD.
1042 5624 1295 5679 Mauritii
1328 5627 1403 5681 Le
1428 5627 1661 5689 Tellier,
1690 5646 1787 5685 ar-

156 5685 505 5763 chiepiscopi
535 5694 862 5764 Remensis,
881 5694 1081 5750 codice
1104 5695 1204 5766 qui
1227 5698 1464 5753 transiit
1482 5699 1543 5754 in
1571 5685 1790 5758 Biblio-

1914 4694 2076 4733 nunc
2109 4686 2169 4734 et
2198 4697 2454 4753 semper,
2488 4683 2631 4738 etin
2680 4684 2903 4751 omnia,
2958 4689 3014 4741 et
3062 4684 3300 4741 infinita
3346 4685 3564 4743 saecula

1916 4768 2286 4827 saeculorum.
2320 4774 2531 4830 Amen.

2681 4971 2781 5026 XI.

1909 5072 2101 5128 Sancti
2157 5074 2343 5129 Patris
2398 5076 2577 5130 nostri
2626 5079 2858 5132 Joannis
2910 5080 3227 5134 Damasceni
3265 5081 3443 5135 oratio
3498 5082 3559 5136 in

2182 5145 2399 5201 laudem
2427 5150 2605 5202 sancti
2633 5150 2864 5205 Joannis
2892 5150 3276 5220 Chrysostomi.

1979 5325 2030 5381 l.
2063 5324 2311 5380 Necesse
2342 5324 2585 5397 quidem
2639 5332 2786 5395 erat,
2835 5346 2869 5383 ο
2911 5330 3188 5402 Joannes,
3237 5330 3339 5403 qui
3395 5336 3554 5389 totus

1896 5632 2128 5711 thecam
2155 5634 2434 5711 Begiaim
2455 5636 2796 5711 orationem
2827 5637 2981 5695 hanc
3040 5640 3287 5698 Savilius
3319 5642 3548 5711 habuit,

1902 5710 1963 5760 et
1991 5705 2349 5763 Allatius’ad
2375 5706 2461 5763 Cl.
2491 5707 2821 5766 Aubertum
2852 5711 3118 5769 miserat.
