  <div class='ocr_page' id='page_1' title='image "/cluster/home/n/w/nwhite01/storage/ocr_20150623/96/hvd.32044073502122/387.png"; bbox 0 0 3958 6198; ppageno 0'>
   <div class='ocr_carea' id='block_1_1' title="bbox 361 285 473 344">
    <p class='ocr_par' dir='ltr' id='par_1_1' title="bbox 361 285 473 344">
     <span class='ocr_line' id='line_1_1' title="bbox 361 285 473 344; baseline 0 0"><span class='ocrx_word' id='word_1_1' title='bbox 361 285 473 344; x_wconf 76' lang='lat'>763</span> 
     </span>
    </p>
   </div>
   <div class='ocr_carea' id='block_1_2' title="bbox 1642 280 2005 351">
    <p class='ocr_par' dir='ltr' id='par_1_2' title="bbox 1642 283 2005 341">
     <span class='ocr_line' id='line_1_2' title="bbox 1642 283 2005 341; baseline -0.014 0"><span class='ocrx_word' id='word_1_2' title='bbox 1642 288 1703 341; x_wconf 77' lang='grc'><strong>8.</strong></span> <span class='ocrx_word' id='word_1_3' title='bbox 1740 283 2005 341; x_wconf 73' lang='lat' dir='ltr'>JOANNI‘</span> 
     </span>
    </p>
   </div>
   <div class='ocr_carea' id='block_1_3' title="bbox 2117 280 3722 351">
    <p class='ocr_par' dir='ltr' id='par_1_3' title="bbox 2117 280 3722 351">
     <span class='ocr_line' id='line_1_3' title="bbox 2117 280 3722 351; baseline 0.009 -17"><span class='ocrx_word' id='word_1_4' title='bbox 2117 280 2501 336; x_wconf 69' lang='lat' dir='ltr'>DAMABCBNI</span> <span class='ocrx_word' id='word_1_5' title='bbox 3636 292 3722 351; x_wconf 61' lang='grc'>784</span> 
     </span>
    </p>
   </div>
   <div class='ocr_carea' id='block_1_4' title="bbox 367 399 2005 490">
    <p class='ocr_par' dir='ltr' id='par_1_4' title="bbox 367 406 2005 482">
     <span class='ocr_line' id='line_1_4' title="bbox 367 406 2005 482; baseline -0.005 -14"><span class='ocrx_word' id='word_1_6' title='bbox 367 426 584 469; x_wconf 83' lang='lat' dir='ltr'>aureus</span> <span class='ocrx_word' id='word_1_7' title='bbox 614 422 697 475; x_wconf 81' lang='lat' dir='ltr'>es,</span> <span class='ocrx_word' id='word_1_8' title='bbox 729 422 830 466; x_wconf 77' lang='lat' dir='ltr'>eos</span> <span class='ocrx_word' id='word_1_9' title='bbox 861 409 962 482; x_wconf 89' lang='lat' dir='ltr'>qui</span> <span class='ocrx_word' id='word_1_10' title='bbox 993 408 1200 466; x_wconf 82' lang='lat' dir='ltr'>laudes</span> <span class='ocrx_word' id='word_1_11' title='bbox 1230 414 1361 466; x_wconf 85' lang='lat' dir='ltr'>tuas</span> <span class='ocrx_word' id='word_1_12' title='bbox 1392 407 1588 466; x_wconf 83' lang='lat' dir='ltr'>dicere</span> <span class='ocrx_word' id='word_1_13' title='bbox 1620 406 2005 482; x_wconf 82' lang='lat' dir='ltr'>aggrederen-</span> 
     </span>
    </p>
   </div>
   <div class='ocr_carea' id='block_1_5' title="bbox 2117 399 3728 490">
    <p class='ocr_par' dir='ltr' id='par_1_5' title="bbox 2124 399 3728 490">
     <span class='ocr_line' id='line_1_5' title="bbox 2124 399 3728 490; baseline 0.003 -33"><span class='ocrx_word' id='word_1_14' title='bbox 2124 400 2412 476; x_wconf 71' lang='grc' dir='ltr'>Ξγκωμίων</span> <span class='ocrx_word' id='word_1_15' title='bbox 2472 400 2850 490; x_wconf 87' lang='grc' dir='ltr'>πειρωμένους</span> <span class='ocrx_word' id='word_1_16' title='bbox 2907 399 3262 477; x_wconf 75' lang='grc' dir='ltr'>ἐφάπτεσθαι,</span> <span class='ocrx_word' id='word_1_17' title='bbox 3318 406 3561 481; x_wconf 77' lang='grc' dir='ltr'>γλώσσης</span> <span class='ocrx_word' id='word_1_18' title='bbox 3618 432 3728 490; x_wconf 69' lang='grc' dir='ltr'>χρυ.</span> 
     </span>
    </p>
   </div>
   <div class='ocr_carea' id='block_1_6' title="bbox 369 498 2013 573">
    <p class='ocr_par' dir='ltr' id='par_1_6' title="bbox 369 498 2013 573">
     <span class='ocr_line' id='line_1_6' title="bbox 369 498 2013 573; baseline -0.004 -16"><span class='ocrx_word' id='word_1_19' title='bbox 369 507 483 570; x_wconf 87' lang='lat' dir='ltr'>tur,</span> <span class='ocrx_word' id='word_1_20' title='bbox 503 516 744 557; x_wconf 81' lang='lat' dir='ltr'>auream</span> <span class='ocrx_word' id='word_1_21' title='bbox 768 500 1027 573; x_wconf 84' lang='lat' dir='ltr'>linguam</span> <span class='ocrx_word' id='word_1_22' title='bbox 1053 506 1279 563; x_wconf 89' lang='lat' dir='ltr'>nactos,</span> <span class='ocrx_word' id='word_1_23' title='bbox 1302 512 1640 556; x_wconf 81' lang='lat' dir='ltr'>sermonem</span> <span class='ocrx_word' id='word_1_24' title='bbox 1658 515 1800 555; x_wconf 90' lang='lat' dir='ltr'>auro</span> <span class='ocrx_word' id='word_1_25' title='bbox 1819 498 2013 552; x_wconf 84' lang='lat' dir='ltr'>ﬂuen-</span> 
     </span>
    </p>
   </div>
   <div class='ocr_carea' id='block_1_7' title="bbox 369 587 2013 663">
    <p class='ocr_par' dir='ltr' id='par_1_7' title="bbox 369 587 2013 663">
     <span class='ocr_line' id='line_1_7' title="bbox 369 587 2013 663; baseline -0.004 -17"><span class='ocrx_word' id='word_1_26' title='bbox 369 596 486 646; x_wconf 90' lang='lat' dir='ltr'>tem</span> <span class='ocrx_word' id='word_1_27' title='bbox 516 590 799 661; x_wconf 82' lang='lat' dir='ltr'>proferre.</span> <span class='ocrx_word' id='word_1_28' title='bbox 852 591 975 643; x_wconf 91' lang='lat' dir='ltr'>Imo</span> <span class='ocrx_word' id='word_1_29' title='bbox 1037 594 1137 645; x_wconf 89' lang='lat' dir='ltr'>tua</span> <span class='ocrx_word' id='word_1_30' title='bbox 1193 589 1382 663; x_wconf 88' lang='lat' dir='ltr'>ipsius</span> <span class='ocrx_word' id='word_1_31' title='bbox 1436 607 1574 645; x_wconf 91' lang='lat' dir='ltr'>voce</span> <span class='ocrx_word' id='word_1_32' title='bbox 1635 604 1782 661; x_wconf 89' lang='lat' dir='ltr'>opus</span> <span class='ocrx_word' id='word_1_33' title='bbox 1839 587 2013 653; x_wconf 85' lang='lat' dir='ltr'>foret,</span> 
     </span>
    </p>
   </div>
   <div class='ocr_carea' id='block_1_8' title="bbox 369 678 2011 752">
    <p class='ocr_par' dir='ltr' id='par_1_8' title="bbox 369 678 2011 752">
     <span class='ocr_line' id='line_1_8' title="bbox 369 678 2011 752; baseline -0.003 -16"><span class='ocrx_word' id='word_1_34' title='bbox 369 681 588 752; x_wconf 84' lang='lat' dir='ltr'>quippe</span> <span class='ocrx_word' id='word_1_35' title='bbox 612 697 744 752; x_wconf 64' lang='lat' dir='ltr'>quae</span> <span class='ocrx_word' id='word_1_36' title='bbox 773 680 901 735; x_wconf 88' lang='lat' dir='ltr'>sola</span> <span class='ocrx_word' id='word_1_37' title='bbox 932 679 1022 735; x_wconf 87' lang='lat' dir='ltr'>sui</span> <span class='ocrx_word' id='word_1_38' title='bbox 1055 679 1242 751; x_wconf 85' lang='lat' dir='ltr'>ipsius</span> <span class='ocrx_word' id='word_1_39' title='bbox 1276 680 1641 751; x_wconf 71' lang='lat' dir='ltr'>prmconium</span> <span class='ocrx_word' id='word_1_40' title='bbox 1673 678 1848 751; x_wconf 85' lang='lat' dir='ltr'>digne</span> <span class='ocrx_word' id='word_1_41' title='bbox 1878 693 2011 747; x_wconf 84' lang='lat' dir='ltr'>pos-</span> 
     </span>
    </p>
   </div>
   <div class='ocr_carea' id='block_1_9' title="bbox 372 765 2014 841">
    <p class='ocr_par' dir='ltr' id='par_1_9' title="bbox 372 765 2014 841">
     <span class='ocr_line' id='line_1_9' title="bbox 372 765 2014 841; baseline -0.004 -16"><span class='ocrx_word' id='word_1_42' title='bbox 372 776 462 825; x_wconf 83' lang='lat' dir='ltr'>set</span> <span class='ocrx_word' id='word_1_43' title='bbox 492 770 756 841; x_wconf 82' lang='lat' dir='ltr'>exsequi.</span> <span class='ocrx_word' id='word_1_44' title='bbox 800 770 1151 839; x_wconf 82' lang='lat' dir='ltr'>Quanquam</span> <span class='ocrx_word' id='word_1_45' title='bbox 1202 769 1263 824; x_wconf 93' lang='lat' dir='ltr'>id</span> <span class='ocrx_word' id='word_1_46' title='bbox 1321 768 1562 840; x_wconf 88' lang='lat' dir='ltr'>quidem</span> <span class='ocrx_word' id='word_1_47' title='bbox 1609 768 1803 824; x_wconf 87' lang='lat' dir='ltr'>hodie.</span> <span class='ocrx_word' id='word_1_48' title='bbox 1862 765 2014 821; x_wconf 89' lang='lat' dir='ltr'>Olim</span> 
     </span>
    </p>
   </div>
   <div class='ocr_carea' id='block_1_10' title="bbox 368 856 2016 931">
    <p class='ocr_par' dir='ltr' id='par_1_10' title="bbox 368 856 2016 931">
     <span class='ocr_line' id='line_1_10' title="bbox 368 856 2016 931; baseline -0.003 -17"><span class='ocrx_word' id='word_1_49' title='bbox 368 859 610 931; x_wconf 88' lang='lat' dir='ltr'>quippe,</span> <span class='ocrx_word' id='word_1_50' title='bbox 644 858 992 930; x_wconf 84' lang='lat' dir='ltr'>priusquam</span> <span class='ocrx_word' id='word_1_51' title='bbox 1027 875 1096 913; x_wconf 82' lang='lat' dir='ltr'>ex</span> <span class='ocrx_word' id='word_1_52' title='bbox 1125 858 1235 914; x_wconf 89' lang='lat' dir='ltr'>hac</span> <span class='ocrx_word' id='word_1_53' title='bbox 1264 859 1381 914; x_wconf 89' lang='lat' dir='ltr'>vita</span> <span class='ocrx_word' id='word_1_54' title='bbox 1415 858 1722 922; x_wconf 84' lang='lat' dir='ltr'>transires.</span> <span class='ocrx_word' id='word_1_55' title='bbox 1756 868 1891 912; x_wconf 89' lang='lat' dir='ltr'>cum</span> <span class='ocrx_word' id='word_1_56' title='bbox 1922 856 2016 910; x_wconf 88' lang='lat' dir='ltr'>in-</span> 
     </span>
    </p>
   </div>
   <div class='ocr_carea' id='block_1_11' title="bbox 366 946 2015 1009">
    <p class='ocr_par' dir='ltr' id='par_1_11' title="bbox 366 946 2015 1009">
     <span class='ocr_line' id='line_1_11' title="bbox 366 946 2015 1009; baseline -0.003 -5"><span class='ocrx_word' id='word_1_57' title='bbox 366 953 457 1004; x_wconf 83' lang='lat' dir='ltr'>ter</span> <span class='ocrx_word' id='word_1_58' title='bbox 477 948 750 1003; x_wconf 81' lang='lat' dir='ltr'>homines</span> <span class='ocrx_word' id='word_1_59' title='bbox 774 948 1006 1003; x_wconf 78' lang='lat' dir='ltr'>telluris</span> <span class='ocrx_word' id='word_1_60' title='bbox 1037 948 1267 1005; x_wconf 85' lang='lat' dir='ltr'>incolas</span> <span class='ocrx_word' id='word_1_61' title='bbox 1300 948 1480 1003; x_wconf 88' lang='lat' dir='ltr'>simul</span> <span class='ocrx_word' id='word_1_62' title='bbox 1509 948 1751 1009; x_wconf 83' lang='lat' dir='ltr'>viveres.</span> <span class='ocrx_word' id='word_1_63' title='bbox 1776 946 1895 1001; x_wconf 93' lang='lat' dir='ltr'>tuis</span> <span class='ocrx_word' id='word_1_64' title='bbox 1919 958 2015 999; x_wconf 91' lang='lat' dir='ltr'>re-</span> 
     </span>
    </p>
   </div>
   <div class='ocr_carea' id='block_1_12' title="bbox 366 1034 2015 1110">
    <p class='ocr_par' dir='ltr' id='par_1_12' title="bbox 366 1034 2015 1110">
     <span class='ocr_line' id='line_1_12' title="bbox 366 1034 2015 1110; baseline -0.002 -17"><span class='ocrx_word' id='word_1_65' title='bbox 366 1042 459 1093; x_wconf 92' lang='lat' dir='ltr'>cte</span> <span class='ocrx_word' id='word_1_66' title='bbox 489 1036 662 1092; x_wconf 87' lang='lat' dir='ltr'>factis</span> <span class='ocrx_word' id='word_1_67' title='bbox 693 1037 988 1092; x_wconf 84' lang='lat' dir='ltr'>oblivione</span> <span class='ocrx_word' id='word_1_68' title='bbox 1021 1039 1378 1110; x_wconf 86' lang='lat' dir='ltr'>suppressis,</span> <span class='ocrx_word' id='word_1_69' title='bbox 1406 1037 1466 1093; x_wconf 92' lang='lat' dir='ltr'>in</span> <span class='ocrx_word' id='word_1_70' title='bbox 1498 1038 1707 1109; x_wconf 90' lang='lat' dir='ltr'>primis</span> <span class='ocrx_word' id='word_1_71' title='bbox 1738 1034 2015 1107; x_wconf 84' lang='lat' dir='ltr'>alloquiis</span> 
     </span>
    </p>
   </div>
   <div class='ocr_carea' id='block_1_13' title="bbox 367 1126 2012 1199">
    <p class='ocr_par' dir='ltr' id='par_1_13' title="bbox 367 1126 2012 1199">
     <span class='ocr_line' id='line_1_13' title="bbox 367 1126 2012 1199; baseline -0.001 -18"><span class='ocrx_word' id='word_1_72' title='bbox 367 1143 436 1182; x_wconf 91' lang='lat' dir='ltr'>ea</span> <span class='ocrx_word' id='word_1_73' title='bbox 453 1128 650 1182; x_wconf 81' lang='lat' dir='ltr'>statim</span> <span class='ocrx_word' id='word_1_74' title='bbox 676 1127 765 1182; x_wconf 89' lang='lat' dir='ltr'>sui</span> <span class='ocrx_word' id='word_1_75' title='bbox 790 1128 975 1199; x_wconf 87' lang='lat' dir='ltr'>ipsius</span> <span class='ocrx_word' id='word_1_76' title='bbox 1003 1128 1335 1183; x_wconf 81' lang='lat' dir='ltr'>accusatrix</span> <span class='ocrx_word' id='word_1_77' title='bbox 1366 1133 1509 1183; x_wconf 89' lang='lat' dir='ltr'>erat.</span> <span class='ocrx_word' id='word_1_78' title='bbox 1537 1128 1628 1182; x_wconf 90' lang='lat' dir='ltr'>Sic</span> <span class='ocrx_word' id='word_1_79' title='bbox 1657 1126 1816 1181; x_wconf 93' lang='lat' dir='ltr'>enim</span> <span class='ocrx_word' id='word_1_80' title='bbox 1851 1140 2012 1180; x_wconf 84' lang='lat' dir='ltr'>com-</span> 
     </span>
    </p>
   </div>
   <div class='ocr_carea' id='block_1_14' title="bbox 366 1213 2013 1289">
    <p class='ocr_par' dir='ltr' id='par_1_14' title="bbox 366 1213 2013 1289">
     <span class='ocr_line' id='line_1_14' title="bbox 366 1213 2013 1289; baseline -0.003 -16"><span class='ocrx_word' id='word_1_81' title='bbox 366 1221 637 1288; x_wconf 90' lang='lat' dir='ltr'>paratum</span> <span class='ocrx_word' id='word_1_82' title='bbox 672 1222 779 1283; x_wconf 88' lang='lat' dir='ltr'>est,</span> <span class='ocrx_word' id='word_1_83' title='bbox 809 1222 875 1273; x_wconf 88' lang='lat' dir='ltr'>ut</span> <span class='ocrx_word' id='word_1_84' title='bbox 906 1217 1275 1289; x_wconf 85' lang='lat' dir='ltr'>sapientibus</span> <span class='ocrx_word' id='word_1_85' title='bbox 1304 1218 1442 1272; x_wconf 91' lang='lat' dir='ltr'>viris</span> <span class='ocrx_word' id='word_1_86' title='bbox 1475 1218 1659 1289; x_wconf 84' lang='lat' dir='ltr'>proba</span> <span class='ocrx_word' id='word_1_87' title='bbox 1708 1232 1816 1270; x_wconf 88' lang='lat' dir='ltr'>sua</span> <span class='ocrx_word' id='word_1_88' title='bbox 1863 1213 2013 1269; x_wconf 78' lang='lat' dir='ltr'>faci-</span> 
     </span>
    </p>
   </div>
   <div class='ocr_carea' id='block_1_15' title="bbox 366 1303 2016 1378">
    <p class='ocr_par' dir='ltr' id='par_1_15' title="bbox 366 1303 2016 1378">
     <span class='ocr_line' id='line_1_15' title="bbox 366 1303 2016 1378; baseline -0.003 -16"><span class='ocrx_word' id='word_1_89' title='bbox 366 1323 515 1362; x_wconf 90' lang='lat' dir='ltr'>nora</span> <span class='ocrx_word' id='word_1_90' title='bbox 546 1307 789 1375; x_wconf 86' lang='lat' dir='ltr'>lateant,</span> <span class='ocrx_word' id='word_1_91' title='bbox 813 1324 887 1363; x_wconf 93' lang='lat' dir='ltr'>ne</span> <span class='ocrx_word' id='word_1_92' title='bbox 920 1308 978 1363; x_wconf 90' lang='lat' dir='ltr'>id</span> <span class='ocrx_word' id='word_1_93' title='bbox 1010 1307 1167 1378; x_wconf 91' lang='lat' dir='ltr'>quod</span> <span class='ocrx_word' id='word_1_94' title='bbox 1201 1312 1357 1375; x_wconf 92' lang='lat' dir='ltr'>sunt,</span> <span class='ocrx_word' id='word_1_95' title='bbox 1416 1306 1853 1361; x_wconf 85' lang='lat' dir='ltr'>existimatione</span> <span class='ocrx_word' id='word_1_96' title='bbox 1912 1303 2016 1358; x_wconf 88' lang='lat' dir='ltr'>de-</span> 
     </span>
    </p>
   </div>
   <div class='ocr_carea' id='block_1_16' title="bbox 367 1395 2017 1469">
    <p class='ocr_par' dir='ltr' id='par_1_16' title="bbox 367 1395 2017 1469">
     <span class='ocr_line' id='line_1_16' title="bbox 367 1395 2017 1469; baseline -0.003 -16"><span class='ocrx_word' id='word_1_97' title='bbox 367 1396 531 1453; x_wconf 82' lang='lat' dir='ltr'>fluat.</span> <span class='ocrx_word' id='word_1_98' title='bbox 567 1397 712 1461; x_wconf 89' lang='lat' dir='ltr'>Quia</span> <span class='ocrx_word' id='word_1_99' title='bbox 738 1414 871 1452; x_wconf 90' lang='lat' dir='ltr'>vero</span> <span class='ocrx_word' id='word_1_100' title='bbox 903 1397 1047 1469; x_wconf 61' lang='lat' dir='ltr'>ipsa;</span> <span class='ocrx_word' id='word_1_101' title='bbox 1070 1413 1305 1467; x_wconf 90' lang='lat' dir='ltr'>quoque</span> <span class='ocrx_word' id='word_1_102' title='bbox 1325 1395 1787 1451; x_wconf 83' lang='lat' dir='ltr'>balbutientium</span> <span class='ocrx_word' id='word_1_103' title='bbox 1810 1408 2017 1465; x_wconf 90' lang='lat' dir='ltr'>puero-</span> 
     </span>
    </p>
   </div>
   <div class='ocr_carea' id='block_1_17' title="bbox 363 1483 2013 1557">
    <p class='ocr_par' dir='ltr' id='par_1_17' title="bbox 363 1483 2013 1557">
     <span class='ocr_line' id='line_1_17' title="bbox 363 1483 2013 1557; baseline -0.002 -18"><span class='ocrx_word' id='word_1_104' title='bbox 363 1502 497 1540; x_wconf 89' lang='lat' dir='ltr'>rum</span> <span class='ocrx_word' id='word_1_105' title='bbox 555 1502 724 1540; x_wconf 90' lang='lat' dir='ltr'>voces</span> <span class='ocrx_word' id='word_1_106' title='bbox 772 1492 949 1557; x_wconf 60' lang='lat' dir='ltr'>gratas</span> <span class='ocrx_word' id='word_1_107' title='bbox 1008 1486 1353 1557; x_wconf 89' lang='lat' dir='ltr'>parentibus</span> <span class='ocrx_word' id='word_1_108' title='bbox 1404 1487 1668 1556; x_wconf 91' lang='lat' dir='ltr'>ipsorum</span> <span class='ocrx_word' id='word_1_109' title='bbox 1718 1483 2013 1549; x_wconf 90' lang='lat' dir='ltr'>accidunt,</span> 
     </span>
    </p>
   </div>
   <div class='ocr_carea' id='block_1_18' title="bbox 364 1573 2015 1645">
    <p class='ocr_par' dir='ltr' id='par_1_18' title="bbox 364 1573 2015 1645">
     <span class='ocr_line' id='line_1_18' title="bbox 364 1573 2015 1645; baseline -0.001 -18"><span class='ocrx_word' id='word_1_110' title='bbox 364 1573 605 1643; x_wconf 88' lang='lat' dir='ltr'>Deoque</span> <span class='ocrx_word' id='word_1_111' title='bbox 655 1574 886 1629; x_wconf 88' lang='lat' dir='ltr'>minuta</span> <span class='ocrx_word' id='word_1_112' title='bbox 915 1574 1031 1629; x_wconf 93' lang='lat' dir='ltr'>duo</span> <span class='ocrx_word' id='word_1_113' title='bbox 1065 1580 1205 1629; x_wconf 91' lang='lat' dir='ltr'>sunt</span> <span class='ocrx_word' id='word_1_114' title='bbox 1250 1574 1602 1645; x_wconf 86' lang='lat' dir='ltr'>acceptiora,</span> <span class='ocrx_word' id='word_1_115' title='bbox 1654 1589 1831 1644; x_wconf 90' lang='lat' dir='ltr'>quam</span> <span class='ocrx_word' id='word_1_116' title='bbox 1885 1586 2015 1642; x_wconf 65' lang='lat' dir='ltr'>qua)</span> 
     </span>
    </p>
   </div>
   <div class='ocr_carea' id='block_1_19' title="bbox 361 1661 2011 1735">
    <p class='ocr_par' dir='ltr' id='par_1_19' title="bbox 361 1661 2011 1735">
     <span class='ocr_line' id='line_1_19' title="bbox 361 1661 2011 1735; baseline -0.001 -18"><span class='ocrx_word' id='word_1_117' title='bbox 361 1661 627 1732; x_wconf 86' lang='lat' dir='ltr'>opulenti</span> <span class='ocrx_word' id='word_1_118' title='bbox 661 1663 1079 1735; x_wconf 82' lang='lat' dir='ltr'>magniﬁcique</span> <span class='ocrx_word' id='word_1_119' title='bbox 1110 1664 1381 1718; x_wconf 87' lang='lat' dir='ltr'>homines</span> <span class='ocrx_word' id='word_1_120' title='bbox 1403 1667 1688 1734; x_wconf 69' lang='lat' dir='ltr'>praestant</span> <span class='ocrx_word' id='word_1_121' title='bbox 1709 1661 2011 1733; x_wconf 90' lang='lat' dir='ltr'>(quoniam</span> 
     </span>
    </p>
   </div>
   <div class='ocr_carea' id='block_1_20' title="bbox 2120 489 3728 576">
    <p class='ocr_par' dir='ltr' id='par_1_20' title="bbox 2120 489 3728 576">
     <span class='ocr_line' id='line_1_20' title="bbox 2120 489 3728 576; baseline 0.006 -30"><span class='ocrx_word' id='word_1_122' title='bbox 2120 492 2245 561; x_wconf 80' lang='grc' dir='ltr'>σέης</span> <span class='ocrx_word' id='word_1_123' title='bbox 2302 492 2729 567; x_wconf 82' lang='grc' dir='ltr'>εὐμοιρηκότας,</span> <span class='ocrx_word' id='word_1_124' title='bbox 2792 489 2959 569; x_wconf 86' lang='grc' dir='ltr'>λόγον</span> <span class='ocrx_word' id='word_1_125' title='bbox 3037 494 3337 571; x_wconf 85' lang='grc' dir='ltr'>προφέρειν</span> <span class='ocrx_word' id='word_1_126' title='bbox 3413 489 3728 576; x_wconf 70' lang='grc' dir='ltr'>χρυσὸῤῥοον,</span> 
     </span>
    </p>
   </div>
   <div class='ocr_carea' id='block_1_21' title="bbox 2117 578 3726 664">
    <p class='ocr_par' dir='ltr' id='par_1_21' title="bbox 2117 578 3726 664">
     <span class='ocr_line' id='line_1_21' title="bbox 2117 578 3726 664; baseline 0.002 -28"><span class='ocrx_word' id='word_1_127' title='bbox 2117 581 2241 636; x_wconf 87' lang='grc' dir='ltr'>Ἐπί</span> <span class='ocrx_word' id='word_1_128' title='bbox 2277 578 2333 635; x_wconf 65' lang='grc' dir='ltr'>δὲ</span> <span class='ocrx_word' id='word_1_129' title='bbox 2362 580 2579 644; x_wconf 74' lang='grc' dir='ltr'>τούτοις</span> <span class='ocrx_word' id='word_1_130' title='bbox 2600 581 2699 647; x_wconf 80' lang='grc' dir='ltr'>τὴν</span> <span class='ocrx_word' id='word_1_131' title='bbox 2752 580 2849 649; x_wconf 77' lang='grc' dir='ltr'>σὴν</span> <span class='ocrx_word' id='word_1_132' title='bbox 2910 578 3015 636; x_wconf 75' lang='grc' dir='ltr'>ἔδει</span> <span class='ocrx_word' id='word_1_133' title='bbox 3068 587 3327 656; x_wconf 84' lang='grc' dir='ltr'>παρεῖναι</span> <span class='ocrx_word' id='word_1_134' title='bbox 3377 588 3568 660; x_wconf 68' lang='grc' dir='ltr'>φωνήν*</span> <span class='ocrx_word' id='word_1_135' title='bbox 3619 592 3726 664; x_wconf 70' lang='grc' dir='ltr'>μόνη</span> 
     </span>
    </p>
   </div>
   <div class='ocr_carea' id='block_1_22' title="bbox 2116 668 3723 753">
    <p class='ocr_par' dir='ltr' id='par_1_22' title="bbox 2116 668 3723 753">
     <span class='ocr_line' id='line_1_22' title="bbox 2116 668 3723 753; baseline 0.007 -29"><span class='ocrx_word' id='word_1_136' title='bbox 2116 670 2216 747; x_wconf 73' lang='grc' dir='ltr'>γαρ</span> <span class='ocrx_word' id='word_1_137' title='bbox 2250 673 2310 724; x_wconf 79' lang='grc' dir='ltr'>ἂν</span> <span class='ocrx_word' id='word_1_138' title='bbox 2341 670 2535 740; x_wconf 69' lang='grc' dir='ltr'>ἑαυτῆς</span> <span class='ocrx_word' id='word_1_139' title='bbox 2595 668 2756 740; x_wconf 81' lang='grc' dir='ltr'>ἀξίως</span> <span class='ocrx_word' id='word_1_140' title='bbox 2803 673 2904 735; x_wconf 83' lang='grc' dir='ltr'>τῆς</span> <span class='ocrx_word' id='word_1_141' title='bbox 2955 670 3230 749; x_wconf 73' lang='grc' dir='ltr'>εὐφημίας</span> <span class='ocrx_word' id='word_1_142' title='bbox 3282 676 3723 753; x_wconf 69' lang='grc' dir='ltr'>καταποχᾶσαιτο,</span> 
     </span>
    </p>
   </div>
   <div class='ocr_carea' id='block_1_23' title="bbox 2117 758 3728 839">
    <p class='ocr_par' dir='ltr' id='par_1_23' title="bbox 2117 758 3728 839">
     <span class='ocr_line' id='line_1_23' title="bbox 2117 758 3728 839; baseline 0.005 -25"><span class='ocrx_word' id='word_1_143' title='bbox 2117 760 2205 815; x_wconf 88' lang='grc' dir='ltr'>καὶ</span> <span class='ocrx_word' id='word_1_144' title='bbox 2233 758 2400 815; x_wconf 86' lang='grc' dir='ltr'>ταῦτά</span> <span class='ocrx_word' id='word_1_145' title='bbox 2428 780 2490 834; x_wconf 78' lang='grc' dir='ltr'>γε</span> <span class='ocrx_word' id='word_1_146' title='bbox 2519 763 2634 815; x_wconf 92' lang='grc' dir='ltr'>νῦν.</span> <span class='ocrx_word' id='word_1_147' title='bbox 2670 760 2764 814; x_wconf 82' lang='grc' dir='ltr'>Σοὶ</span> <span class='ocrx_word' id='word_1_148' title='bbox 2797 760 2897 834; x_wconf 75' lang='grc' dir='ltr'>γὰρ</span> <span class='ocrx_word' id='word_1_149' title='bbox 2926 758 3006 833; x_wconf 78' lang='grc' dir='ltr'>τῷ</span> <span class='ocrx_word' id='word_1_150' title='bbox 3053 758 3140 815; x_wconf 81' lang='grc' dir='ltr'>ἐπὶ</span> <span class='ocrx_word' id='word_1_151' title='bbox 3192 764 3305 836; x_wconf 81' lang='grc' dir='ltr'>γῆς</span> <span class='ocrx_word' id='word_1_152' title='bbox 3358 763 3463 835; x_wconf 86' lang='grc' dir='ltr'>πρὸ</span> <span class='ocrx_word' id='word_1_153' title='bbox 3509 763 3728 839; x_wconf 76' lang='grc' dir='ltr'>ἐκδημίας</span> 
     </span>
    </p>
   </div>
   <div class='ocr_carea' id='block_1_24' title="bbox 2118 842 3724 932">
    <p class='ocr_par' dir='ltr' id='par_1_24' title="bbox 2118 842 3724 932">
     <span class='ocr_line' id='line_1_24' title="bbox 2118 842 3724 932; baseline -0.001 -29"><span class='ocrx_word' id='word_1_154' title='bbox 2118 842 2592 921; x_wconf 70' lang='grc' dir='ltr'>συμϐιετεῦσαντι,</span> <span class='ocrx_word' id='word_1_155' title='bbox 2652 843 2799 919; x_wconf 79' lang='grc' dir='ltr'>λήθη</span> <span class='ocrx_word' id='word_1_156' title='bbox 2858 852 2969 903; x_wconf 89' lang='grc' dir='ltr'>τῶν</span> <span class='ocrx_word' id='word_1_157' title='bbox 3015 852 3475 924; x_wconf 70' lang='grc' dir='ltr'>κατορθουμένων</span> <span class='ocrx_word' id='word_1_158' title='bbox 3520 852 3568 908; x_wconf 73' lang='grc' dir='ltr'>ἐν</span> <span class='ocrx_word' id='word_1_159' title='bbox 3608 876 3724 932; x_wconf 72' lang='grc' dir='ltr'>πρω.</span> 
     </span>
    </p>
   </div>
   <div class='ocr_carea' id='block_1_25' title="bbox 2121 936 3728 1015">
    <p class='ocr_par' dir='ltr' id='par_1_25' title="bbox 2121 936 3728 1015">
     <span class='ocr_line' id='line_1_25' title="bbox 2121 936 3728 1015; baseline 0.005 -21"><span class='ocrx_word' id='word_1_160' title='bbox 2121 936 2409 1013; x_wconf 84' lang='grc' dir='ltr'>τολογίαις</span> <span class='ocrx_word' id='word_1_161' title='bbox 2437 937 2633 1004; x_wconf 71' lang='grc' dir='ltr'>ἑαυτῆς</span> <span class='ocrx_word' id='word_1_162' title='bbox 2700 938 2917 1013; x_wconf 79' lang='grc' dir='ltr'>ὑπῆρχε</span> <span class='ocrx_word' id='word_1_163' title='bbox 2954 940 3294 1015; x_wconf 76' lang='grc' dir='ltr'>πατήγορος.</span> <span class='ocrx_word' id='word_1_164' title='bbox 3349 942 3728 1015; x_wconf 72' lang='grc' dir='ltr'>’Λποκρῦπτιται</span> 
     </span>
    </p>
   </div>
   <div class='ocr_carea' id='block_1_26' title="bbox 2118 1028 3731 1106">
    <p class='ocr_par' dir='ltr' id='par_1_26' title="bbox 2118 1028 3731 1106">
     <span class='ocr_line' id='line_1_26' title="bbox 2118 1028 3731 1106; baseline 0.004 -23"><span class='ocrx_word' id='word_1_165' title='bbox 2118 1028 2220 1104; x_wconf 86' lang='grc' dir='ltr'>γάρ</span> <span class='ocrx_word' id='word_1_166' title='bbox 2251 1048 2369 1093; x_wconf 89' lang='grc' dir='ltr'>πως</span> <span class='ocrx_word' id='word_1_167' title='bbox 2414 1033 2533 1091; x_wconf 85' lang='grc' dir='ltr'>τοῖς</span> <span class='ocrx_word' id='word_1_168' title='bbox 2594 1034 2789 1105; x_wconf 81' lang='grc' dir='ltr'>σοφοῖς</span> <span class='ocrx_word' id='word_1_169' title='bbox 2844 1029 2911 1084; x_wconf 70' lang='grc' dir='ltr'>τὰ</span> <span class='ocrx_word' id='word_1_170' title='bbox 2966 1034 3110 1106; x_wconf 83' lang='grc' dir='ltr'>σφῶν</span> <span class='ocrx_word' id='word_1_171' title='bbox 3169 1033 3630 1105; x_wconf 68' lang='grc' dir='ltr'>κατορθωμάτων,</span> <span class='ocrx_word' id='word_1_172' title='bbox 3678 1039 3731 1099; x_wconf 79' lang='grc' dir='ltr'>ὡς</span> 
     </span>
    </p>
   </div>
   <div class='ocr_carea' id='block_1_27' title="bbox 2121 1116 3731 1194">
    <p class='ocr_par' dir='ltr' id='par_1_27' title="bbox 2121 1116 3731 1194">
     <span class='ocr_line' id='line_1_27' title="bbox 2121 1116 3731 1194; baseline 0.004 -20"><span class='ocrx_word' id='word_1_173' title='bbox 2121 1117 2180 1174; x_wconf 74' lang='grc' dir='ltr'>ἄν</span> <span class='ocrx_word' id='word_1_174' title='bbox 2219 1119 2293 1192; x_wconf 81' lang='grc' dir='ltr'>μὴ</span> <span class='ocrx_word' id='word_1_175' title='bbox 2324 1117 2610 1194; x_wconf 72' lang='grc' dir='ltr'>παραρρυῇ</span> <span class='ocrx_word' id='word_1_176' title='bbox 2641 1118 2703 1173; x_wconf 85' lang='grc' dir='ltr'>τὸ</span> <span class='ocrx_word' id='word_1_177' title='bbox 2731 1118 2862 1173; x_wconf 80' lang='grc' dir='ltr'>εἶναι</span> <span class='ocrx_word' id='word_1_178' title='bbox 2918 1123 2997 1190; x_wconf 88' lang='grc' dir='ltr'>τῷ</span> <span class='ocrx_word' id='word_1_179' title='bbox 3049 1116 3265 1174; x_wconf 80' lang='grc' dir='ltr'>οἷέσοαι</span> <span class='ocrx_word' id='word_1_180' title='bbox 3319 1117 3446 1177; x_wconf 77' lang='grc' dir='ltr'>ἀλλ’</span> <span class='ocrx_word' id='word_1_181' title='bbox 3503 1122 3606 1178; x_wconf 77' lang='grc' dir='ltr'>ἐπεὶ</span> <span class='ocrx_word' id='word_1_182' title='bbox 3654 1147 3731 1181; x_wconf 67' lang='grc' dir='ltr'>παι</span> 
     </span>
    </p>
   </div>
   <div class='ocr_carea' id='block_1_28' title="bbox 2119 1204 3730 1285">
    <p class='ocr_par' dir='ltr' id='par_1_28' title="bbox 2119 1204 3730 1285">
     <span class='ocr_line' id='line_1_28' title="bbox 2119 1204 3730 1285; baseline 0.004 -21"><span class='ocrx_word' id='word_1_183' title='bbox 2119 1206 2277 1285; x_wconf 76' lang='grc' dir='ltr'>τράσι</span> <span class='ocrx_word' id='word_1_184' title='bbox 2309 1206 2444 1284; x_wconf 82' lang='grc' dir='ltr'>φίλα</span> <span class='ocrx_word' id='word_1_185' title='bbox 2471 1207 2563 1262; x_wconf 82' lang='grc' dir='ltr'>καὶ</span> <span class='ocrx_word' id='word_1_186' title='bbox 2593 1207 2661 1263; x_wconf 75' lang='grc' dir='ltr'>τὰ</span> <span class='ocrx_word' id='word_1_187' title='bbox 2688 1211 2796 1262; x_wconf 89' lang='grc' dir='ltr'>τῶν</span> <span class='ocrx_word' id='word_1_188' title='bbox 2849 1204 3057 1263; x_wconf 82' lang='grc' dir='ltr'>παίδων</span> <span class='ocrx_word' id='word_1_189' title='bbox 3116 1207 3498 1283; x_wconf 81' lang='grc' dir='ltr'>ψελλίσματα,</span> <span class='ocrx_word' id='word_1_190' title='bbox 3540 1212 3619 1267; x_wconf 82' lang='grc' dir='ltr'>καὶ</span> <span class='ocrx_word' id='word_1_191' title='bbox 3660 1212 3730 1270; x_wconf 70' lang='grc' dir='ltr'>δύο</span> 
     </span>
    </p>
   </div>
   <div class='ocr_carea' id='block_1_29' title="bbox 2120 1295 3725 1375">
    <p class='ocr_par' dir='ltr' id='par_1_29' title="bbox 2120 1295 3725 1375">
     <span class='ocr_line' id='line_1_29' title="bbox 2120 1295 3725 1375; baseline 0.003 -22"><span class='ocrx_word' id='word_1_192' title='bbox 2120 1297 2312 1354; x_wconf 73' lang='grc' dir='ltr'>λεπτὰ·</span> <span class='ocrx_word' id='word_1_193' title='bbox 2374 1297 2432 1353; x_wconf 80' lang='grc' dir='ltr'>οὔ</span> <span class='ocrx_word' id='word_1_194' title='bbox 2493 1295 2720 1370; x_wconf 75' lang='grc' dir='ltr'>δυνάμει</span> <span class='ocrx_word' id='word_1_195' title='bbox 2792 1296 2917 1372; x_wconf 74' lang='grc' dir='ltr'>γὰρ,</span> <span class='ocrx_word' id='word_1_196' title='bbox 3003 1298 3327 1371; x_wconf 76' lang='grc' dir='ltr'>προαιρέσει</span> <span class='ocrx_word' id='word_1_197' title='bbox 3417 1296 3473 1356; x_wconf 74' lang='grc' dir='ltr'>δὲ</span> <span class='ocrx_word' id='word_1_198' title='bbox 3551 1300 3725 1375; x_wconf 77' lang='grc' dir='ltr'>μᾶλλον</span> 
     </span>
    </p>
   </div>
   <div class='ocr_carea' id='block_1_30' title="bbox 2119 1388 3734 1468">
    <p class='ocr_par' dir='ltr' id='par_1_30' title="bbox 2119 1388 3734 1468">
     <span class='ocr_line' id='line_1_30' title="bbox 2119 1388 3734 1468; baseline 0.002 -23"><span class='ocrx_word' id='word_1_199' title='bbox 2119 1390 2320 1467; x_wconf 85' lang='grc' dir='ltr'>κρίνειν</span> <span class='ocrx_word' id='word_1_200' title='bbox 2351 1394 2519 1445; x_wconf 88' lang='grc' dir='ltr'>ταῦτα</span> <span class='ocrx_word' id='word_1_201' title='bbox 2547 1388 2772 1463; x_wconf 74' lang='grc' dir='ltr'>πέφυκε·</span> <span class='ocrx_word' id='word_1_202' title='bbox 2829 1390 2965 1463; x_wconf 88' lang='grc' dir='ltr'>πρὸς</span> <span class='ocrx_word' id='word_1_203' title='bbox 3018 1388 3075 1444; x_wconf 74' lang='grc' dir='ltr'>δὲ</span> <span class='ocrx_word' id='word_1_204' title='bbox 3120 1389 3219 1445; x_wconf 83' lang='grc' dir='ltr'>καὶ</span> <span class='ocrx_word' id='word_1_205' title='bbox 3281 1388 3544 1468; x_wconf 83' lang='grc' dir='ltr'>φιλοθέου</span> <span class='ocrx_word' id='word_1_206' title='bbox 3585 1392 3734 1463; x_wconf 77' lang='grc' dir='ltr'>ἀνδρὸς</span> 
     </span>
    </p>
   </div>
   <div class='ocr_carea' id='block_1_31' title="bbox 2121 1476 3729 1555">
    <p class='ocr_par' dir='ltr' id='par_1_31' title="bbox 2121 1476 3729 1555">
     <span class='ocr_line' id='line_1_31' title="bbox 2121 1476 3729 1555; baseline 0.002 -20"><span class='ocrx_word' id='word_1_207' title='bbox 2121 1480 2438 1555; x_wconf 75' lang='grc' dir='ltr'>προτροπὴν</span> <span class='ocrx_word' id='word_1_208' title='bbox 2495 1476 2593 1533; x_wconf 78' lang='grc' dir='ltr'>οὐκ</span> <span class='ocrx_word' id='word_1_209' title='bbox 2649 1477 2950 1533; x_wconf 75' lang='grc' dir='ltr'>ἀπωστέον·</span> <span class='ocrx_word' id='word_1_210' title='bbox 3012 1476 3227 1541; x_wconf 74' lang='grc' dir='ltr'>αἰδοῖος</span> <span class='ocrx_word' id='word_1_211' title='bbox 3286 1479 3389 1554; x_wconf 83' lang='grc' dir='ltr'>γάρ</span> <span class='ocrx_word' id='word_1_212' title='bbox 3477 1482 3615 1544; x_wconf 77' lang='grc' dir='ltr'>οὗτος</span> <span class='ocrx_word' id='word_1_213' title='bbox 3659 1485 3729 1538; x_wconf 79' lang='grc' dir='ltr'>καὶ</span> 
     </span>
    </p>
   </div>
   <div class='ocr_carea' id='block_1_32' title="bbox 2120 1567 3727 1644">
    <p class='ocr_par' dir='ltr' id='par_1_32' title="bbox 2120 1567 3727 1644">
     <span class='ocr_line' id='line_1_32' title="bbox 2120 1567 3727 1644; baseline 0.001 -19"><span class='ocrx_word' id='word_1_214' title='bbox 2120 1569 2349 1644; x_wconf 76' lang='grc' dir='ltr'>χάριτας</span> <span class='ocrx_word' id='word_1_215' title='bbox 2382 1568 2465 1625; x_wconf 78' lang='grc' dir='ltr'>ὅτι</span> <span class='ocrx_word' id='word_1_216' title='bbox 2497 1567 2753 1629; x_wconf 86' lang='grc' dir='ltr'>πλείστας</span> <span class='ocrx_word' id='word_1_217' title='bbox 2810 1568 2949 1642; x_wconf 85' lang='grc' dir='ltr'>πρὸς</span> <span class='ocrx_word' id='word_1_218' title='bbox 3003 1570 3167 1641; x_wconf 76' lang='grc' dir='ltr'>ἡμῶν</span> <span class='ocrx_word' id='word_1_219' title='bbox 3224 1568 3596 1642; x_wconf 76' lang='grc' dir='ltr'>ὀφειλόμενος’</span> <span class='ocrx_word' id='word_1_220' title='bbox 3644 1576 3727 1627; x_wconf 80' lang='grc' dir='ltr'>τῶν</span> 
     </span>
    </p>
   </div>
   <div class='ocr_carea' id='block_1_33' title="bbox 2126 1655 3729 1736">
    <p class='ocr_par' dir='ltr' id='par_1_33' title="bbox 2126 1655 3729 1736">
     <span class='ocr_line' id='line_1_33' title="bbox 2126 1655 3729 1736; baseline 0.002 -23"><span class='ocrx_word' id='word_1_221' title='bbox 2126 1659 2220 1732; x_wconf 71' lang='grc' dir='ltr'>μὲν</span> <span class='ocrx_word' id='word_1_222' title='bbox 2254 1658 2435 1734; x_wconf 82' lang='grc' dir='ltr'>λόγων</span> <span class='ocrx_word' id='word_1_223' title='bbox 2464 1658 2794 1736; x_wconf 76' lang='grc' dir='ltr'>ἐφάπτομαι·</span> <span class='ocrx_word' id='word_1_224' title='bbox 2831 1655 2957 1712; x_wconf 83' lang='grc' dir='ltr'>ἀλλ’</span> <span class='ocrx_word' id='word_1_225' title='bbox 3014 1657 3114 1713; x_wconf 77' lang='grc' dir='ltr'>οὐκ</span> <span class='ocrx_word' id='word_1_226' title='bbox 3168 1656 3389 1728; x_wconf 80' lang='grc' dir='ltr'>ἀνέδην,</span> <span class='ocrx_word' id='word_1_227' title='bbox 3422 1657 3539 1715; x_wconf 77' lang='grc' dir='ltr'>οὐδὲ</span> <span class='ocrx_word' id='word_1_228' title='bbox 3578 1682 3729 1715; x_wconf 75' lang='grc' dir='ltr'>συστο-</span> 
     </span>
    </p>
   </div>
   <div class='ocr_carea' id='block_1_34' title="bbox 358 1744 2005 1834">
    <p class='ocr_par' dir='ltr' id='par_1_34' title="bbox 358 1750 2005 1824">
     <span class='ocr_line' id='line_1_34' title="bbox 358 1750 2005 1824; baseline -0.002 -16"><span class='ocrx_word' id='word_1_229' title='bbox 358 1768 480 1808; x_wconf 85' lang='lat' dir='ltr'>non</span> <span class='ocrx_word' id='word_1_230' title='bbox 511 1769 582 1807; x_wconf 83' lang='lat' dir='ltr'>ex</span> <span class='ocrx_word' id='word_1_231' title='bbox 613 1754 897 1824; x_wconf 89' lang='lat' dir='ltr'>potentia,</span> <span class='ocrx_word' id='word_1_232' title='bbox 932 1753 1033 1808; x_wconf 90' lang='lat' dir='ltr'>sed</span> <span class='ocrx_word' id='word_1_233' title='bbox 1066 1769 1135 1808; x_wconf 85' lang='lat' dir='ltr'>ex</span> <span class='ocrx_word' id='word_1_234' title='bbox 1192 1753 1491 1808; x_wconf 85' lang='lat' dir='ltr'>voluntate</span> <span class='ocrx_word' id='word_1_235' title='bbox 1538 1769 1608 1808; x_wconf 89' lang='lat' dir='ltr'>ea</span> <span class='ocrx_word' id='word_1_236' title='bbox 1655 1751 1806 1807; x_wconf 89' lang='lat' dir='ltr'>solet</span> <span class='ocrx_word' id='word_1_237' title='bbox 1853 1750 2005 1804; x_wconf 70' lang='lat' dir='ltr'>msti-</span> 
     </span>
    </p>
   </div>
   <div class='ocr_carea' id='block_1_35' title="bbox 2117 1744 3727 1834">
    <p class='ocr_par' dir='ltr' id='par_1_35' title="bbox 2123 1744 3727 1834">
     <span class='ocr_line' id='line_1_35' title="bbox 2123 1744 3727 1834; baseline -0.001 -30"><span class='ocrx_word' id='word_1_238' title='bbox 2123 1748 2225 1818; x_wconf 75' lang='grc' dir='ltr'>λῆς</span> <span class='ocrx_word' id='word_1_239' title='bbox 2258 1747 2401 1824; x_wconf 73' lang='grc' dir='ltr'>ἄτερ,</span> <span class='ocrx_word' id='word_1_240' title='bbox 2436 1744 2581 1803; x_wconf 79' lang='grc' dir='ltr'>ἀλλᾶ</span> <span class='ocrx_word' id='word_1_241' title='bbox 2604 1751 2686 1820; x_wconf 77' lang='grc' dir='ltr'>τῷ</span> <span class='ocrx_word' id='word_1_242' title='bbox 2717 1744 2822 1803; x_wconf 79' lang='grc' dir='ltr'>δέει</span> <span class='ocrx_word' id='word_1_243' title='bbox 2883 1748 2977 1821; x_wconf 70' lang='grc' dir='ltr'>μὲν</span> <span class='ocrx_word' id='word_1_244' title='bbox 3031 1746 3492 1834; x_wconf 82' lang='grc' dir='ltr'>συστελλόμενος,</span> <span class='ocrx_word' id='word_1_245' title='bbox 3532 1750 3611 1804; x_wconf 77' lang='grc' dir='ltr'>καὶ</span> <span class='ocrx_word' id='word_1_246' title='bbox 3654 1771 3727 1803; x_wconf 75' lang='grc' dir='ltr'>σου</span> 
     </span>
    </p>
   </div>
   <div class='ocr_carea' id='block_1_36' title="bbox 360 1840 2001 1916">
    <p class='ocr_par' dir='ltr' id='par_1_36' title="bbox 360 1840 2001 1916">
     <span class='ocr_line' id='line_1_36' title="bbox 360 1840 2001 1916; baseline -0.002 -19"><span class='ocrx_word' id='word_1_247' title='bbox 360 1842 566 1913; x_wconf 85' lang='lat' dir='ltr'>mare),</span> <span class='ocrx_word' id='word_1_248' title='bbox 590 1841 694 1897; x_wconf 91' lang='lat' dir='ltr'>sed</span> <span class='ocrx_word' id='word_1_249' title='bbox 710 1858 819 1897; x_wconf 89' lang='lat' dir='ltr'>nec</span> <span class='ocrx_word' id='word_1_250' title='bbox 849 1843 1107 1915; x_wconf 81' lang='lat' dir='ltr'>religiosi</span> <span class='ocrx_word' id='word_1_251' title='bbox 1139 1859 1276 1916; x_wconf 89' lang='lat' dir='ltr'>erga</span> <span class='ocrx_word' id='word_1_252' title='bbox 1308 1844 1491 1897; x_wconf 92' lang='lat' dir='ltr'>Deum</span> <span class='ocrx_word' id='word_1_253' title='bbox 1540 1842 1668 1910; x_wconf 89' lang='lat' dir='ltr'>viri,</span> <span class='ocrx_word' id='word_1_254' title='bbox 1703 1840 1804 1912; x_wconf 86' lang='lat' dir='ltr'>qui</span> <span class='ocrx_word' id='word_1_255' title='bbox 1834 1855 2001 1895; x_wconf 80' lang='lat' dir='ltr'>reve-</span> 
     </span>
    </p>
   </div>
   <div class='ocr_carea' id='block_1_37' title="bbox 358 1929 2006 2005">
    <p class='ocr_par' dir='ltr' id='par_1_37' title="bbox 358 1929 2006 2005">
     <span class='ocr_line' id='line_1_37' title="bbox 358 1929 2006 2005; baseline -0.001 -19"><span class='ocrx_word' id='word_1_256' title='bbox 358 1931 553 1986; x_wconf 87' lang='lat' dir='ltr'>rentia</span> <span class='ocrx_word' id='word_1_257' title='bbox 582 1931 769 1987; x_wconf 89' lang='lat' dir='ltr'>multa</span> <span class='ocrx_word' id='word_1_258' title='bbox 800 1932 1010 2005; x_wconf 88' lang='lat' dir='ltr'>dignus</span> <span class='ocrx_word' id='word_1_259' title='bbox 1071 1938 1179 1999; x_wconf 89' lang='lat' dir='ltr'>est,</span> <span class='ocrx_word' id='word_1_260' title='bbox 1230 1932 1664 2002; x_wconf 88' lang='lat' dir='ltr'>multiplicique</span> <span class='ocrx_word' id='word_1_261' title='bbox 1716 1930 1885 1985; x_wconf 90' lang='lat' dir='ltr'>titulo</span> <span class='ocrx_word' id='word_1_262' title='bbox 1935 1929 2006 1984; x_wconf 87' lang='lat' dir='ltr'>de</span> 
     </span>
    </p>
   </div>
   <div class='ocr_carea' id='block_1_38' title="bbox 360 2019 2009 2092">
    <p class='ocr_par' dir='ltr' id='par_1_38' title="bbox 360 2019 2009 2092">
     <span class='ocr_line' id='line_1_38' title="bbox 360 2019 2009 2092; baseline 0 -17"><span class='ocrx_word' id='word_1_263' title='bbox 360 2019 535 2075; x_wconf 90' lang='lat' dir='ltr'>nobis</span> <span class='ocrx_word' id='word_1_264' title='bbox 565 2021 716 2075; x_wconf 88' lang='lat' dir='ltr'>bene</span> <span class='ocrx_word' id='word_1_265' title='bbox 749 2022 1208 2092; x_wconf 88' lang='lat' dir='ltr'>meritus.jussa</span> <span class='ocrx_word' id='word_1_266' title='bbox 1254 2020 1627 2092; x_wconf 89' lang='lat' dir='ltr'>repudianda</span> <span class='ocrx_word' id='word_1_267' title='bbox 1675 2026 1855 2074; x_wconf 88' lang='lat' dir='ltr'>sunt:</span> <span class='ocrx_word' id='word_1_268' title='bbox 1910 2036 2009 2075; x_wconf 78' lang='lat' dir='ltr'>ea-</span> 
     </span>
    </p>
   </div>
   <div class='ocr_carea' id='block_1_39' title="bbox 358 2109 2006 2181">
    <p class='ocr_par' dir='ltr' id='par_1_39' title="bbox 358 2109 2006 2181">
     <span class='ocr_line' id='line_1_39' title="bbox 358 2109 2006 2181; baseline 0 -18"><span class='ocrx_word' id='word_1_269' title='bbox 358 2114 602 2181; x_wconf 89' lang='lat' dir='ltr'>propter</span> <span class='ocrx_word' id='word_1_270' title='bbox 625 2109 860 2165; x_wconf 88' lang='lat' dir='ltr'>dicendi</span> <span class='ocrx_word' id='word_1_271' title='bbox 893 2109 1131 2165; x_wconf 90' lang='lat' dir='ltr'>initium</span> <span class='ocrx_word' id='word_1_272' title='bbox 1147 2111 1382 2177; x_wconf 88' lang='lat' dir='ltr'>faciam,</span> <span class='ocrx_word' id='word_1_273' title='bbox 1402 2126 1520 2164; x_wconf 93' lang='lat' dir='ltr'>non</span> <span class='ocrx_word' id='word_1_274' title='bbox 1540 2115 1739 2164; x_wconf 89' lang='lat' dir='ltr'>tamen</span> <span class='ocrx_word' id='word_1_275' title='bbox 1764 2114 2006 2177; x_wconf 87' lang='lat' dir='ltr'>temere,</span> 
     </span>
    </p>
   </div>
   <div class='ocr_carea' id='block_1_40' title="bbox 361 2198 2008 2269">
    <p class='ocr_par' dir='ltr' id='par_1_40' title="bbox 361 2198 2008 2269">
     <span class='ocr_line' id='line_1_40' title="bbox 361 2198 2008 2269; baseline 0 -16"><span class='ocrx_word' id='word_1_276' title='bbox 361 2215 472 2253; x_wconf 91' lang='lat' dir='ltr'>nec</span> <span class='ocrx_word' id='word_1_277' title='bbox 505 2204 625 2254; x_wconf 90' lang='lat' dir='ltr'>tota</span> <span class='ocrx_word' id='word_1_278' title='bbox 654 2199 946 2269; x_wconf 87' lang='lat' dir='ltr'>libertate,</span> <span class='ocrx_word' id='word_1_279' title='bbox 982 2199 1085 2255; x_wconf 88' lang='lat' dir='ltr'>sed</span> <span class='ocrx_word' id='word_1_280' title='bbox 1116 2198 1431 2255; x_wconf 88' lang='lat' dir='ltr'>cohibente</span> <span class='ocrx_word' id='word_1_281' title='bbox 1454 2204 1639 2263; x_wconf 92' lang='lat' dir='ltr'>metu,</span> <span class='ocrx_word' id='word_1_282' title='bbox 1674 2198 2008 2254; x_wconf 88' lang='lat' dir='ltr'>divinorum</span> 
     </span>
    </p>
   </div>
   <div class='ocr_carea' id='block_1_41' title="bbox 360 2286 2008 2360">
    <p class='ocr_par' dir='ltr' id='par_1_41' title="bbox 360 2286 2008 2360">
     <span class='ocr_line' id='line_1_41' title="bbox 360 2286 2008 2360; baseline 0 -19"><span class='ocrx_word' id='word_1_283' title='bbox 360 2290 617 2351; x_wconf 91' lang='lat' dir='ltr'>tuorum,</span> <span class='ocrx_word' id='word_1_284' title='bbox 653 2302 1075 2359; x_wconf 86' lang='lat' dir='ltr'>sacrorumque</span> <span class='ocrx_word' id='word_1_285' title='bbox 1099 2289 1591 2344; x_wconf 89' lang='lat' dir='ltr'>documentorum</span> <span class='ocrx_word' id='word_1_286' title='bbox 1615 2287 1908 2360; x_wconf 89' lang='lat' dir='ltr'>primitias</span> <span class='ocrx_word' id='word_1_287' title='bbox 1926 2286 2008 2341; x_wconf 86' lang='lat' dir='ltr'>of—</span> 
     </span>
    </p>
   </div>
   <div class='ocr_carea' id='block_1_42' title="bbox 355 2374 2010 2449">
    <p class='ocr_par' dir='ltr' id='par_1_42' title="bbox 355 2374 2010 2449">
     <span class='ocr_line' id='line_1_42' title="bbox 355 2374 2010 2449; baseline -0.001 -18"><span class='ocrx_word' id='word_1_288' title='bbox 355 2374 504 2431; x_wconf 83' lang='lat' dir='ltr'>fero.</span> <span class='ocrx_word' id='word_1_289' title='bbox 540 2377 676 2431; x_wconf 86' lang='lat' dir='ltr'>Mihi</span> <span class='ocrx_word' id='word_1_290' title='bbox 716 2376 1008 2448; x_wconf 88' lang='lat' dir='ltr'>siquidem</span> <span class='ocrx_word' id='word_1_291' title='bbox 1036 2384 1451 2449; x_wconf 79' lang='lat' dir='ltr'>argumentum</span> <span class='ocrx_word' id='word_1_292' title='bbox 1500 2376 1656 2433; x_wconf 89' lang='lat' dir='ltr'>istud</span> <span class='ocrx_word' id='word_1_293' title='bbox 1697 2376 2010 2445; x_wconf 85' lang='lat' dir='ltr'>evolventi,</span> 
     </span>
    </p>
   </div>
   <div class='ocr_carea' id='block_1_43' title="bbox 362 2465 2013 2539">
    <p class='ocr_par' dir='ltr' id='par_1_43' title="bbox 362 2465 2013 2539">
     <span class='ocr_line' id='line_1_43' title="bbox 362 2465 2013 2539; baseline 0 -18"><span class='ocrx_word' id='word_1_294' title='bbox 362 2465 410 2521; x_wconf 90' lang='lat' dir='ltr'>si</span> <span class='ocrx_word' id='word_1_295' title='bbox 443 2466 791 2538; x_wconf 87' lang='lat' dir='ltr'>dignitatem</span> <span class='ocrx_word' id='word_1_296' title='bbox 824 2467 953 2537; x_wconf 89' lang='lat' dir='ltr'>ejus</span> <span class='ocrx_word' id='word_1_297' title='bbox 983 2472 1292 2523; x_wconf 78' lang='lat' dir='ltr'>assecutus</span> <span class='ocrx_word' id='word_1_298' title='bbox 1324 2485 1444 2534; x_wconf 90' lang='lat' dir='ltr'>ero,</span> <span class='ocrx_word' id='word_1_299' title='bbox 1470 2467 1630 2523; x_wconf 90' lang='lat' dir='ltr'>haud</span> <span class='ocrx_word' id='word_1_300' title='bbox 1654 2483 1862 2539; x_wconf 87' lang='lat' dir='ltr'>parum</span> <span class='ocrx_word' id='word_1_301' title='bbox 1888 2466 2013 2521; x_wconf 88' lang='lat' dir='ltr'>lau-</span> 
     </span>
    </p>
   </div>
   <div class='ocr_carea' id='block_1_44' title="bbox 362 2552 2010 2627">
    <p class='ocr_par' dir='ltr' id='par_1_44' title="bbox 362 2552 2010 2627">
     <span class='ocr_line' id='line_1_44' title="bbox 362 2552 2010 2627; baseline 0.001 -19"><span class='ocrx_word' id='word_1_302' title='bbox 362 2552 453 2608; x_wconf 92' lang='lat' dir='ltr'>dis</span> <span class='ocrx_word' id='word_1_303' title='bbox 484 2552 759 2619; x_wconf 84' lang='lat' dir='ltr'>accedet;</span> <span class='ocrx_word' id='word_1_304' title='bbox 794 2553 885 2607; x_wconf 91' lang='lat' dir='ltr'>sin</span> <span class='ocrx_word' id='word_1_305' title='bbox 917 2559 1116 2609; x_wconf 90' lang='lat' dir='ltr'>autem</span> <span class='ocrx_word' id='word_1_306' title='bbox 1147 2556 1275 2626; x_wconf 86' lang='lat' dir='ltr'>ejus</span> <span class='ocrx_word' id='word_1_307' title='bbox 1301 2555 1639 2611; x_wconf 71' lang='lat' dir='ltr'>obtinendaa</span> <span class='ocrx_word' id='word_1_308' title='bbox 1665 2556 1857 2627; x_wconf 87' lang='lat' dir='ltr'>impar</span> <span class='ocrx_word' id='word_1_309' title='bbox 1879 2570 2010 2610; x_wconf 91' lang='lat' dir='ltr'>sum</span> 
     </span>
    </p>
   </div>
   <div class='ocr_carea' id='block_1_45' title="bbox 360 2641 2014 2715">
    <p class='ocr_par' dir='ltr' id='par_1_45' title="bbox 360 2641 2014 2715">
     <span class='ocr_line' id='line_1_45' title="bbox 360 2641 2014 2715; baseline 0.002 -21"><span class='ocrx_word' id='word_1_310' title='bbox 360 2641 621 2713; x_wconf 87' lang='lat' dir='ltr'>(quando</span> <span class='ocrx_word' id='word_1_311' title='bbox 652 2642 762 2696; x_wconf 93' lang='lat' dir='ltr'>hoc</span> <span class='ocrx_word' id='word_1_312' title='bbox 783 2658 901 2697; x_wconf 92' lang='lat' dir='ltr'>non</span> <span class='ocrx_word' id='word_1_313' title='bbox 935 2644 1054 2714; x_wconf 86' lang='lat' dir='ltr'>pati</span> <span class='ocrx_word' id='word_1_314' title='bbox 1078 2645 1360 2699; x_wconf 83' lang='lat' dir='ltr'>eximium</span> <span class='ocrx_word' id='word_1_315' title='bbox 1380 2644 1550 2712; x_wconf 87' lang='lat' dir='ltr'>foret,</span> <span class='ocrx_word' id='word_1_316' title='bbox 1575 2645 1720 2715; x_wconf 89' lang='lat' dir='ltr'>quin</span> <span class='ocrx_word' id='word_1_317' title='bbox 1743 2660 1853 2699; x_wconf 90' lang='lat' dir='ltr'>nec</span> <span class='ocrx_word' id='word_1_318' title='bbox 1874 2661 2014 2714; x_wconf 91' lang='lat' dir='ltr'>pos-</span> 
     </span>
    </p>
   </div>
   <div class='ocr_carea' id='block_1_46' title="bbox 2114 1833 3726 1917">
    <p class='ocr_par' dir='ltr' id='par_1_46' title="bbox 2114 1833 3726 1917">
     <span class='ocr_line' id='line_1_46' title="bbox 2114 1833 3726 1917; baseline 0.001 -24"><span class='ocrx_word' id='word_1_319' title='bbox 2114 1842 2223 1893; x_wconf 90' lang='grc' dir='ltr'>τῶν</span> <span class='ocrx_word' id='word_1_320' title='bbox 2252 1842 2358 1892; x_wconf 95' lang='grc' dir='ltr'>σῶν</span> <span class='ocrx_word' id='word_1_321' title='bbox 2410 1837 2564 1892; x_wconf 82' lang='grc' dir='ltr'>Θείων</span> <span class='ocrx_word' id='word_1_322' title='bbox 2619 1858 2679 1892; x_wconf 88' lang='grc' dir='ltr'>τε</span> <span class='ocrx_word' id='word_1_323' title='bbox 2732 1836 2824 1891; x_wconf 84' lang='grc' dir='ltr'>καὶ</span> <span class='ocrx_word' id='word_1_324' title='bbox 2881 1838 3041 1912; x_wconf 77' lang='grc' dir='ltr'>ἱερῶν</span> <span class='ocrx_word' id='word_1_325' title='bbox 3100 1833 3455 1914; x_wconf 73' lang='grc' dir='ltr'>διδαγματων</span> <span class='ocrx_word' id='word_1_326' title='bbox 3512 1840 3726 1917; x_wconf 61' lang='grc' dir='ltr'>προφέρω</span> 
     </span>
    </p>
   </div>
   <div class='ocr_carea' id='block_1_47' title="bbox 2113 1926 3721 2003">
    <p class='ocr_par' dir='ltr' id='par_1_47' title="bbox 2113 1926 3721 2003">
     <span class='ocr_line' id='line_1_47' title="bbox 2113 1926 3721 2003; baseline -0.001 -20"><span class='ocrx_word' id='word_1_327' title='bbox 2113 1926 2181 1983; x_wconf 76' lang='grc' dir='ltr'>τὰ</span> <span class='ocrx_word' id='word_1_328' title='bbox 2236 1926 2532 1999; x_wconf 79' lang='grc' dir='ltr'>ἀκροθίνια.</span> <span class='ocrx_word' id='word_1_329' title='bbox 2586 1927 2774 1983; x_wconf 77' lang='grc' dir='ltr'>Ἔσται</span> <span class='ocrx_word' id='word_1_330' title='bbox 2830 1928 2935 2003; x_wconf 68' lang='grc' dir='ltr'>γὰρ</span> <span class='ocrx_word' id='word_1_331' title='bbox 2997 1943 3090 2000; x_wconf 87' lang='grc' dir='ltr'>μοι</span> <span class='ocrx_word' id='word_1_332' title='bbox 3178 1926 3441 1998; x_wconf 66' lang='grc' dir='ltr'>τοιαύτην</span> <span class='ocrx_word' id='word_1_333' title='bbox 3518 1929 3721 1983; x_wconf 69' lang='grc' dir='ltr'>ὑπόθεσιν</span> 
     </span>
    </p>
   </div>
   <div class='ocr_carea' id='block_1_48' title="bbox 2116 2014 3721 2093">
    <p class='ocr_par' dir='ltr' id='par_1_48' title="bbox 2116 2014 3721 2093">
     <span class='ocr_line' id='line_1_48' title="bbox 2116 2014 3721 2093; baseline 0.001 -21"><span class='ocrx_word' id='word_1_334' title='bbox 2116 2016 2467 2087; x_wconf 84' lang='grc' dir='ltr'>ἆνελίττοντι,</span> <span class='ocrx_word' id='word_1_335' title='bbox 2525 2015 2679 2093; x_wconf 67' lang='grc' dir='ltr'>ὶγγὺς</span> <span class='ocrx_word' id='word_1_336' title='bbox 2738 2016 2831 2089; x_wconf 70' lang='grc' dir='ltr'>μὶν</span> <span class='ocrx_word' id='word_1_337' title='bbox 2887 2015 3036 2087; x_wconf 76' lang='grc' dir='ltr'>ἀξίας</span> <span class='ocrx_word' id='word_1_338' title='bbox 3094 2014 3423 2088; x_wconf 72' lang='grc' dir='ltr'>ἐληλυθότι,</span> <span class='ocrx_word' id='word_1_339' title='bbox 3479 2017 3721 2092; x_wconf 55' lang='lat'>051670-</span> 
     </span>
    </p>
   </div>
   <div class='ocr_carea' id='block_1_49' title="bbox 2119 2101 3721 2182">
    <p class='ocr_par' dir='ltr' id='par_1_49' title="bbox 2119 2101 3721 2182">
     <span class='ocr_line' id='line_1_49' title="bbox 2119 2101 3721 2182; baseline 0.002 -23"><span class='ocrx_word' id='word_1_340' title='bbox 2119 2106 2234 2181; x_wconf 87' lang='grc' dir='ltr'>χὼν</span> <span class='ocrx_word' id='word_1_341' title='bbox 2268 2101 2512 2173; x_wconf 80' lang='grc' dir='ltr'>ἔπαινος,</span> <span class='ocrx_word' id='word_1_342' title='bbox 2572 2104 2954 2182; x_wconf 74' lang='grc' dir='ltr'>ἀπολειφθέντι</span> <span class='ocrx_word' id='word_1_343' title='bbox 3013 2103 3070 2161; x_wconf 69' lang='grc' dir='ltr'>δὲ</span> <span class='ocrx_word' id='word_1_344' title='bbox 3123 2114 3354 2176; x_wconf 69' lang='grc' dir='ltr'>ταῦτης,</span> <span class='ocrx_word' id='word_1_345' title='bbox 3388 2106 3517 2181; x_wconf 73' lang='grc' dir='ltr'>8μὴ</span> <span class='ocrx_word' id='word_1_346' title='bbox 3570 2110 3721 2164; x_wconf 78' lang='grc' dir='ltr'>παθεῖν</span> 
     </span>
    </p>
   </div>
   <div class='ocr_carea' id='block_1_50' title="bbox 2118 2193 3725 2270">
    <p class='ocr_par' dir='ltr' id='par_1_50' title="bbox 2118 2193 3725 2270">
     <span class='ocr_line' id='line_1_50' title="bbox 2118 2193 3725 2270; baseline 0.001 -20"><span class='ocrx_word' id='word_1_347' title='bbox 2118 2193 2354 2267; x_wconf 75' lang='grc' dir='ltr'>ἄριστον,</span> <span class='ocrx_word' id='word_1_348' title='bbox 2387 2193 2514 2251; x_wconf 84' lang='grc' dir='ltr'>ἀλλ’</span> <span class='ocrx_word' id='word_1_349' title='bbox 2543 2194 2862 2270; x_wconf 80' lang='grc' dir='ltr'>ἀμήχανον,</span> <span class='ocrx_word' id='word_1_350' title='bbox 2895 2194 3193 2270; x_wconf 85' lang='grc' dir='ltr'>συγγνώμη</span> <span class='ocrx_word' id='word_1_351' title='bbox 3246 2195 3387 2270; x_wconf 70' lang='grc' dir='ltr'>ἥττῃ</span> <span class='ocrx_word' id='word_1_352' title='bbox 3446 2193 3611 2269; x_wconf 74' lang='grc' dir='ltr'>δικαίᾳ</span> <span class='ocrx_word' id='word_1_353' title='bbox 3646 2218 3725 2252; x_wconf 74' lang='grc' dir='ltr'>κα·</span> 
     </span>
    </p>
   </div>
   <div class='ocr_carea' id='block_1_51' title="bbox 2118 2281 3719 2361">
    <p class='ocr_par' dir='ltr' id='par_1_51' title="bbox 2118 2281 3719 2361">
     <span class='ocr_line' id='line_1_51' title="bbox 2118 2281 3719 2361; baseline 0.001 -22"><span class='ocrx_word' id='word_1_354' title='bbox 2118 2284 2509 2359; x_wconf 71' lang='grc' dir='ltr'>θυποκύψαντι,</span> <span class='ocrx_word' id='word_1_355' title='bbox 2568 2283 2658 2339; x_wconf 79' lang='grc' dir='ltr'>καὶ</span> <span class='ocrx_word' id='word_1_356' title='bbox 2712 2305 2803 2357; x_wconf 87' lang='grc' dir='ltr'>μοι</span> <span class='ocrx_word' id='word_1_357' title='bbox 2865 2281 3015 2339; x_wconf 87' lang='grc' dir='ltr'>δίδου</span> <span class='ocrx_word' id='word_1_358' title='bbox 3071 2285 3176 2353; x_wconf 80' lang='grc' dir='ltr'>τήν</span> <span class='ocrx_word' id='word_1_359' title='bbox 3237 2286 3535 2359; x_wconf 85' lang='grc' dir='ltr'>πυρίπνοον</span> <span class='ocrx_word' id='word_1_360' title='bbox 3593 2289 3719 2361; x_wconf 74' lang='grc' dir='ltr'>χάριν</span> 
     </span>
    </p>
   </div>
   <div class='ocr_carea' id='block_1_52' title="bbox 2116 2372 3715 2450">
    <p class='ocr_par' dir='ltr' id='par_1_52' title="bbox 2116 2372 3715 2450">
     <span class='ocr_line' id='line_1_52' title="bbox 2116 2372 3715 2450; baseline 0 -21"><span class='ocrx_word' id='word_1_361' title='bbox 2116 2379 2212 2429; x_wconf 85' lang='grc' dir='ltr'>τοῦ</span> <span class='ocrx_word' id='word_1_362' title='bbox 2243 2373 2579 2446; x_wconf 56' lang='lat' dir='ltr'>Ilva-Spartae.</span> <span class='ocrx_word' id='word_1_363' title='bbox 2604 2374 2837 2447; x_wconf 86' lang='grc' dir='ltr'>Χριστοῦ</span> <span class='ocrx_word' id='word_1_364' title='bbox 2883 2373 2984 2448; x_wconf 78' lang='grc' dir='ltr'>γὰρ</span> <span class='ocrx_word' id='word_1_365' title='bbox 3028 2372 3117 2428; x_wconf 84' lang='grc' dir='ltr'>καὶ</span> <span class='ocrx_word' id='word_1_366' title='bbox 3170 2375 3339 2436; x_wconf 77' lang='grc' dir='ltr'>αὐτὸς</span> <span class='ocrx_word' id='word_1_367' title='bbox 3389 2374 3715 2450; x_wconf 72' lang='grc' dir='ltr'>έχρημάτισας</span> 
     </span>
    </p>
   </div>
   <div class='ocr_carea' id='block_1_53' title="bbox 2117 2458 3718 2539">
    <p class='ocr_par' dir='ltr' id='par_1_53' title="bbox 2117 2458 3718 2539">
     <span class='ocr_line' id='line_1_53' title="bbox 2117 2458 3718 2539; baseline -0.001 -20"><span class='ocrx_word' id='word_1_368' title='bbox 2117 2463 2315 2538; x_wconf 83' lang='grc' dir='ltr'>στόμα,</span> <span class='ocrx_word' id='word_1_369' title='bbox 2345 2463 2547 2536; x_wconf 70' lang='grc' dir='ltr'>ἐξάγων</span> <span class='ocrx_word' id='word_1_370' title='bbox 2580 2462 2629 2535; x_wconf 69' lang='grc' dir='ltr'>ἐξ</span> <span class='ocrx_word' id='word_1_371' title='bbox 2658 2461 2878 2536; x_wconf 74' lang='grc' dir='ltr'>ἀναξίου</span> <span class='ocrx_word' id='word_1_372' title='bbox 2910 2462 3083 2533; x_wconf 70' lang='grc' dir='ltr'>ἄξιον⁶</span> <span class='ocrx_word' id='word_1_373' title='bbox 3139 2463 3254 2539; x_wconf 82' lang='grc' dir='ltr'>οὐχ</span> <span class='ocrx_word' id='word_1_374' title='bbox 3301 2458 3393 2518; x_wconf 71' lang='grc' dir='ltr'>ἕνα</span> <span class='ocrx_word' id='word_1_375' title='bbox 3438 2485 3534 2519; x_wconf 90' lang='grc' dir='ltr'>που</span> <span class='ocrx_word' id='word_1_376' title='bbox 3564 2465 3594 2534; x_wconf 74' lang='grc' dir='ltr'><strong>ἢ</strong></span> <span class='ocrx_word' id='word_1_377' title='bbox 3624 2461 3718 2517; x_wconf 72' lang='grc' dir='ltr'>δύο·</span> 
     </span>
    </p>
   </div>
   <div class='ocr_carea' id='block_1_54' title="bbox 2116 2549 3721 2629">
    <p class='ocr_par' dir='ltr' id='par_1_54' title="bbox 2116 2549 3721 2629">
     <span class='ocr_line' id='line_1_54' title="bbox 2116 2549 3721 2629; baseline -0.001 -20"><span class='ocrx_word' id='word_1_378' title='bbox 2116 2557 2276 2609; x_wconf 89' lang='grc' dir='ltr'>τοῦτο</span> <span class='ocrx_word' id='word_1_379' title='bbox 2308 2553 2411 2627; x_wconf 81' lang='grc' dir='ltr'>γάρ</span> <span class='ocrx_word' id='word_1_380' title='bbox 2441 2549 2499 2606; x_wconf 75' lang='grc' dir='ltr'>ἄν</span> <span class='ocrx_word' id='word_1_381' title='bbox 2531 2572 2615 2615; x_wconf 90' lang='grc' dir='ltr'>τις</span> <span class='ocrx_word' id='word_1_382' title='bbox 2644 2553 2814 2627; x_wconf 88' lang='grc' dir='ltr'>τυχὸν</span> <span class='ocrx_word' id='word_1_383' title='bbox 2845 2552 2935 2607; x_wconf 81' lang='grc' dir='ltr'>καὶ</span> <span class='ocrx_word' id='word_1_384' title='bbox 2965 2555 3074 2607; x_wconf 89' lang='grc' dir='ltr'>τῶν</span> <span class='ocrx_word' id='word_1_385' title='bbox 3107 2552 3339 2608; x_wconf 82' lang='grc' dir='ltr'>πολλῶν</span> <span class='ocrx_word' id='word_1_386' title='bbox 3365 2550 3602 2629; x_wconf 82' lang='grc' dir='ltr'>δράσειεν·</span> <span class='ocrx_word' id='word_1_387' title='bbox 3624 2550 3721 2607; x_wconf 69' lang='grc' dir='ltr'>ἀλλ’</span> 
     </span>
    </p>
   </div>
   <div class='ocr_carea' id='block_1_55' title="bbox 2122 2638 3246 2715">
    <p class='ocr_par' dir='ltr' id='par_1_55' title="bbox 2122 2638 3246 2715">
     <span class='ocr_line' id='line_1_55' title="bbox 2122 2638 3246 2715; baseline 0 -17"><span class='ocrx_word' id='word_1_388' title='bbox 2122 2648 2305 2704; x_wconf 80' lang='grc' dir='ltr'>οἴκους</span> <span class='ocrx_word' id='word_1_389' title='bbox 2337 2640 2526 2714; x_wconf 78' lang='grc' dir='ltr'>ὅλους,</span> <span class='ocrx_word' id='word_1_390' title='bbox 2554 2640 2643 2697; x_wconf 79' lang='grc' dir='ltr'>καὶ</span> <span class='ocrx_word' id='word_1_391' title='bbox 2670 2639 2906 2715; x_wconf 78' lang='grc' dir='ltr'>δήμους,</span> <span class='ocrx_word' id='word_1_392' title='bbox 2940 2640 3031 2696; x_wconf 87' lang='grc' dir='ltr'>καὶ</span> <span class='ocrx_word' id='word_1_393' title='bbox 3060 2638 3246 2699; x_wconf 76' lang='grc' dir='ltr'>ἄστεα.</span> 
     </span>
    </p>
   </div>
   <div class='ocr_carea' id='block_1_56' title="bbox 359 2717 2078 2805">
    <p class='ocr_par' dir='ltr' id='par_1_56' title="bbox 359 2717 2078 2805">
     <span class='ocr_line' id='line_1_56' title="bbox 359 2717 2078 2805; baseline -0.001 -20"><span class='ocrx_word' id='word_1_394' title='bbox 359 2729 574 2801; x_wconf 85' lang='lat' dir='ltr'>sibile),</span> <span class='ocrx_word' id='word_1_395' title='bbox 602 2731 834 2785; x_wconf 89' lang='lat' dir='ltr'>veniam</span> <span class='ocrx_word' id='word_1_396' title='bbox 866 2747 1004 2804; x_wconf 85' lang='lat' dir='ltr'>rogo</span> <span class='ocrx_word' id='word_1_397' title='bbox 1036 2731 1344 2805; x_wconf 80' lang='lat' dir='ltr'>indulgeas</span> <span class='ocrx_word' id='word_1_398' title='bbox 1384 2734 1551 2796; x_wconf 87' lang='lat' dir='ltr'>mihi,</span> <span class='ocrx_word' id='word_1_399' title='bbox 1603 2734 1705 2805; x_wconf 90' lang='lat' dir='ltr'>qui</span> <span class='ocrx_word' id='word_1_400' title='bbox 1746 2735 2004 2789; x_wconf 79' lang='lat' dir='ltr'>victoriae</span> <span class='ocrx_word' id='word_1_401' title='bbox 2036 2717 2078 2784; x_wconf 86' lang='lat' dir='ltr'>C</span> 
     </span>
    </p>
   </div>
   <div class='ocr_carea' id='block_1_57' title="bbox 348 2819 3717 2896">
    <p class='ocr_par' dir='ltr' id='par_1_57' title="bbox 348 2819 3717 2896">
     <span class='ocr_line' id='line_1_57' title="bbox 348 2819 3717 2896; baseline 0 -20"><span class='ocrx_word' id='word_1_402' title='bbox 348 2820 527 2892; x_wconf 72' lang='lat' dir='ltr'>justas</span> <span class='ocrx_word' id='word_1_403' title='bbox 557 2819 775 2875; x_wconf 92' lang='lat' dir='ltr'>collum</span> <span class='ocrx_word' id='word_1_404' title='bbox 809 2822 1079 2892; x_wconf 83' lang='lat' dir='ltr'>subjicio.</span> <span class='ocrx_word' id='word_1_405' title='bbox 1111 2823 1555 2895; x_wconf 89' lang='lat' dir='ltr'>ferventemque</span> <span class='ocrx_word' id='word_1_406' title='bbox 1586 2825 1732 2881; x_wconf 77' lang='lat'>881</span> <span class='ocrx_word' id='word_1_407' title='bbox 1771 2826 2021 2896; x_wconf 79' lang='lat' dir='ltr'>Spiritus</span> <span class='ocrx_word' id='word_1_408' title='bbox 2050 2824 2299 2896; x_wconf 69' lang='lat' dir='ltr'>gratiam</span> <span class='ocrx_word' id='word_1_409' title='bbox 2330 2822 2658 2895; x_wconf 90' lang='lat' dir='ltr'>impertire.</span> <span class='ocrx_word' id='word_1_410' title='bbox 2691 2824 2835 2878; x_wconf 86' lang='lat' dir='ltr'>Nam</span> <span class='ocrx_word' id='word_1_411' title='bbox 2866 2823 3081 2879; x_wconf 88' lang='lat' dir='ltr'>Christi</span> <span class='ocrx_word' id='word_1_412' title='bbox 3124 2840 3367 2895; x_wconf 88' lang='lat' dir='ltr'>quoque</span> <span class='ocrx_word' id='word_1_413' title='bbox 3413 2841 3474 2879; x_wconf 87' lang='lat' dir='ltr'>os</span> <span class='ocrx_word' id='word_1_414' title='bbox 3518 2824 3717 2879; x_wconf 76' lang='lat' dir='ltr'>etlectus</span> 
     </span>
    </p>
   </div>
   <div class='ocr_carea' id='block_1_58' title="bbox 357 2908 3717 2985">
    <p class='ocr_par' dir='ltr' id='par_1_58' title="bbox 357 2908 3717 2985">
     <span class='ocr_line' id='line_1_58' title="bbox 357 2908 3717 2985; baseline 0.001 -22"><span class='ocrx_word' id='word_1_415' title='bbox 357 2925 439 2977; x_wconf 92' lang='lat' dir='ltr'>es,</span> <span class='ocrx_word' id='word_1_416' title='bbox 469 2910 569 2980; x_wconf 91' lang='lat' dir='ltr'>qui</span> <span class='ocrx_word' id='word_1_417' title='bbox 601 2925 670 2964; x_wconf 80' lang='lat' dir='ltr'>ex</span> <span class='ocrx_word' id='word_1_418' title='bbox 698 2908 941 2983; x_wconf 83' lang='lat' dir='ltr'>indigno</span> <span class='ocrx_word' id='word_1_419' title='bbox 974 2910 1216 2984; x_wconf 86' lang='lat' dir='ltr'>dignum</span> <span class='ocrx_word' id='word_1_420' title='bbox 1248 2912 1593 2977; x_wconf 84' lang='lat' dir='ltr'>extraxeris,</span> <span class='ocrx_word' id='word_1_421' title='bbox 1644 2930 1764 2969; x_wconf 93' lang='lat' dir='ltr'>non</span> <span class='ocrx_word' id='word_1_422' title='bbox 1818 2926 2006 2968; x_wconf 90' lang='lat' dir='ltr'>unum</span> <span class='ocrx_word' id='word_1_423' title='bbox 2057 2912 2381 2968; x_wconf 87' lang='lat' dir='ltr'>alterumve</span> <span class='ocrx_word' id='word_1_424' title='bbox 2428 2913 2733 2969; x_wconf 88' lang='lat' dir='ltr'>hominem</span> <span class='ocrx_word' id='word_1_425' title='bbox 2778 2913 2959 2985; x_wconf 91' lang='lat' dir='ltr'>(quod</span> <span class='ocrx_word' id='word_1_426' title='bbox 3015 2912 3105 2969; x_wconf 88' lang='lat' dir='ltr'>vel</span> <span class='ocrx_word' id='word_1_427' title='bbox 3138 2930 3171 2969; x_wconf 92' lang='lat' dir='ltr'>e</span> <span class='ocrx_word' id='word_1_428' title='bbox 3203 2913 3411 2970; x_wconf 82' lang='lat' dir='ltr'>multis</span> <span class='ocrx_word' id='word_1_429' title='bbox 3463 2912 3717 2985; x_wconf 86' lang='lat' dir='ltr'>quispiam</span> 
     </span>
    </p>
   </div>
   <div class='ocr_carea' id='block_1_59' title="bbox 354 2998 2350 3075">
    <p class='ocr_par' dir='ltr' id='par_1_59' title="bbox 354 2998 2350 3075">
     <span class='ocr_line' id='line_1_59' title="bbox 354 2998 2350 3075; baseline 0.003 -23"><span class='ocrx_word' id='word_1_430' title='bbox 354 2998 741 3071; x_wconf 69' lang='lat' dir='ltr'>prasstiterit),</span> <span class='ocrx_word' id='word_1_431' title='bbox 775 3000 877 3055; x_wconf 86' lang='lat' dir='ltr'>sed</span> <span class='ocrx_word' id='word_1_432' title='bbox 910 3006 968 3056; x_wconf 88' lang='lat' dir='ltr'>et</span> <span class='ocrx_word' id='word_1_433' title='bbox 993 3000 1252 3058; x_wconf 76' lang='lat' dir='ltr'>familias</span> <span class='ocrx_word' id='word_1_434' title='bbox 1283 3002 1562 3075; x_wconf 83' lang='lat' dir='ltr'>integras,</span> <span class='ocrx_word' id='word_1_435' title='bbox 1594 3003 1938 3074; x_wconf 87' lang='lat' dir='ltr'>plebesque,</span> <span class='ocrx_word' id='word_1_436' title='bbox 1968 3019 2036 3059; x_wconf 91' lang='lat' dir='ltr'>ac</span> <span class='ocrx_word' id='word_1_437' title='bbox 2064 3003 2350 3059; x_wconf 89' lang='lat' dir='ltr'>civitates.</span> 
     </span>
    </p>
   </div>
   <div class='ocr_carea' id='block_1_60' title="bbox 425 3106 2003 3183">
    <p class='ocr_par' dir='ltr' id='par_1_60' title="bbox 425 3106 2003 3183">
     <span class='ocr_line' id='line_1_60' title="bbox 425 3106 2003 3183; baseline 0.004 -23"><span class='ocrx_word' id='word_1_438' title='bbox 425 3108 475 3159; x_wconf 84' lang='lat'>2.</span> <span class='ocrx_word' id='word_1_439' title='bbox 510 3106 817 3162; x_wconf 86' lang='lat' dir='ltr'>Enimvero</span> <span class='ocrx_word' id='word_1_440' title='bbox 850 3111 969 3163; x_wconf 88' lang='lat' dir='ltr'>ate</span> <span class='ocrx_word' id='word_1_441' title='bbox 1019 3107 1143 3180; x_wconf 90' lang='lat' dir='ltr'>ipse</span> <span class='ocrx_word' id='word_1_442' title='bbox 1190 3110 1388 3165; x_wconf 90' lang='lat' dir='ltr'>statim</span> <span class='ocrx_word' id='word_1_443' title='bbox 1431 3126 1694 3175; x_wconf 85' lang='lat' dir='ltr'>exorsus,</span> <span class='ocrx_word' id='word_1_444' title='bbox 1748 3108 2003 3183; x_wconf 86' lang='lat' dir='ltr'>teipsum</span> 
     </span>
    </p>
   </div>
   <div class='ocr_carea' id='block_1_61' title="bbox 357 3197 2006 3266">
    <p class='ocr_par' dir='ltr' id='par_1_61' title="bbox 357 3197 2006 3266">
     <span class='ocr_line' id='line_1_61' title="bbox 357 3197 2006 3266; baseline 0.002 -17"><span class='ocrx_word' id='word_1_445' title='bbox 357 3208 591 3266; x_wconf 90' lang='lat' dir='ltr'>quoque</span> <span class='ocrx_word' id='word_1_446' title='bbox 622 3212 819 3251; x_wconf 86' lang='lat' dir='ltr'>veram</span> <span class='ocrx_word' id='word_1_447' title='bbox 867 3197 1215 3264; x_wconf 88' lang='lat' dir='ltr'>Jerusalem,</span> <span class='ocrx_word' id='word_1_448' title='bbox 1266 3199 1561 3255; x_wconf 89' lang='lat' dir='ltr'>civitatem</span> <span class='ocrx_word' id='word_1_449' title='bbox 1612 3199 1714 3254; x_wconf 90' lang='lat' dir='ltr'>Dei</span> <span class='ocrx_word' id='word_1_450' title='bbox 1763 3198 2006 3254; x_wconf 84' lang='lat' dir='ltr'>viventis</span> 
     </span>
    </p>
   </div>
   <div class='ocr_carea' id='block_1_62' title="bbox 354 3284 2003 3358">
    <p class='ocr_par' dir='ltr' id='par_1_62' title="bbox 354 3284 2003 3358">
     <span class='ocr_line' id='line_1_62' title="bbox 354 3284 2003 3358; baseline 0.003 -20"><span class='ocrx_word' id='word_1_451' title='bbox 354 3284 571 3352; x_wconf 87' lang='lat' dir='ltr'>fecisti,</span> <span class='ocrx_word' id='word_1_452' title='bbox 601 3302 716 3357; x_wconf 90' lang='lat' dir='ltr'>quo</span> <span class='ocrx_word' id='word_1_453' title='bbox 753 3284 933 3341; x_wconf 88' lang='lat' dir='ltr'>divini</span> <span class='ocrx_word' id='word_1_454' title='bbox 963 3287 1218 3358; x_wconf 89' lang='lat' dir='ltr'>Spiritus</span> <span class='ocrx_word' id='word_1_455' title='bbox 1265 3287 1637 3345; x_wconf 89' lang='lat' dir='ltr'>domicilium</span> <span class='ocrx_word' id='word_1_456' title='bbox 1692 3288 2003 3357; x_wconf 88' lang='lat' dir='ltr'>evaderes;</span> 
     </span>
    </p>
   </div>
   <div class='ocr_carea' id='block_1_63' title="bbox 354 3374 2004 3448">
    <p class='ocr_par' dir='ltr' id='par_1_63' title="bbox 354 3374 2004 3448">
     <span class='ocr_line' id='line_1_63' title="bbox 354 3374 2004 3448; baseline 0.002 -20"><span class='ocrx_word' id='word_1_457' title='bbox 354 3379 597 3445; x_wconf 88' lang='lat' dir='ltr'>tumque</span> <span class='ocrx_word' id='word_1_458' title='bbox 622 3375 767 3430; x_wconf 86' lang='lat' dir='ltr'>adeo</span> <span class='ocrx_word' id='word_1_459' title='bbox 792 3374 1011 3448; x_wconf 88' lang='lat' dir='ltr'>ubique</span> <span class='ocrx_word' id='word_1_460' title='bbox 1034 3382 1347 3446; x_wconf 88' lang='lat' dir='ltr'>terrarum,</span> <span class='ocrx_word' id='word_1_461' title='bbox 1375 3378 1631 3435; x_wconf 87' lang='lat' dir='ltr'>Orientis</span> <span class='ocrx_word' id='word_1_462' title='bbox 1647 3376 2004 3435; x_wconf 86' lang='lat' dir='ltr'>Occidentis-</span> 
     </span>
    </p>
   </div>
   <div class='ocr_carea' id='block_1_64' title="bbox 355 3465 2003 3539">
    <p class='ocr_par' dir='ltr' id='par_1_64' title="bbox 355 3465 2003 3539">
     <span class='ocr_line' id='line_1_64' title="bbox 355 3465 2003 3539; baseline 0.003 -21"><span class='ocrx_word' id='word_1_463' title='bbox 355 3480 469 3534; x_wconf 92' lang='lat' dir='ltr'>que</span> <span class='ocrx_word' id='word_1_464' title='bbox 502 3469 744 3527; x_wconf 84' lang='lat' dir='ltr'>tractus,</span> <span class='ocrx_word' id='word_1_465' title='bbox 779 3465 980 3521; x_wconf 89' lang='lat' dir='ltr'>Austri</span> <span class='ocrx_word' id='word_1_466' title='bbox 1023 3466 1186 3532; x_wconf 88' lang='lat' dir='ltr'>item,</span> <span class='ocrx_word' id='word_1_467' title='bbox 1250 3472 1307 3522; x_wconf 90' lang='lat' dir='ltr'>et</span> <span class='ocrx_word' id='word_1_468' title='bbox 1352 3466 1782 3539; x_wconf 88' lang='lat' dir='ltr'>Septentrionis</span> <span class='ocrx_word' id='word_1_469' title='bbox 1830 3469 2003 3538; x_wconf 82' lang='lat' dir='ltr'>fines,</span> 
     </span>
    </p>
   </div>
   <div class='ocr_carea' id='block_1_65' title="bbox 354 3552 2003 3629">
    <p class='ocr_par' dir='ltr' id='par_1_65' title="bbox 354 3552 2003 3629">
     <span class='ocr_line' id='line_1_65' title="bbox 354 3552 2003 3629; baseline 0.005 -23"><span class='ocrx_word' id='word_1_470' title='bbox 354 3552 534 3607; x_wconf 86' lang='lat' dir='ltr'>verbo</span> <span class='ocrx_word' id='word_1_471' title='bbox 567 3560 912 3626; x_wconf 83' lang='lat' dir='ltr'>pervagatus</span> <span class='ocrx_word' id='word_1_472' title='bbox 944 3572 1027 3623; x_wconf 92' lang='lat' dir='ltr'>es,</span> <span class='ocrx_word' id='word_1_473' title='bbox 1060 3562 1126 3609; x_wconf 86' lang='lat' dir='ltr'>ut</span> <span class='ocrx_word' id='word_1_474' title='bbox 1165 3555 1237 3612; x_wconf 92' lang='lat' dir='ltr'>de</span> <span class='ocrx_word' id='word_1_475' title='bbox 1289 3561 1345 3611; x_wconf 90' lang='lat' dir='ltr'>te</span> <span class='ocrx_word' id='word_1_476' title='bbox 1399 3573 1686 3629; x_wconf 89' lang='lat' dir='ltr'>perquam</span> <span class='ocrx_word' id='word_1_477' title='bbox 1736 3559 2003 3629; x_wconf 87' lang='lat' dir='ltr'>apposite</span> 
     </span>
    </p>
   </div>
   <div class='ocr_carea' id='block_1_66' title="bbox 355 3640 2003 3712">
    <p class='ocr_par' dir='ltr' id='par_1_66' title="bbox 355 3640 2003 3712">
     <span class='ocr_line' id='line_1_66' title="bbox 355 3640 2003 3712; baseline 0.006 -19"><span class='ocrx_word' id='word_1_478' title='bbox 355 3642 822 3712; x_wconf 81' lang='lat' dir='ltr'>praenuntiatum</span> <span class='ocrx_word' id='word_1_479' title='bbox 847 3645 925 3698; x_wconf 92' lang='lat' dir='ltr'>sit</span> <span class='ocrx_word' id='word_1_480' title='bbox 944 3640 1207 3699; x_wconf 88' lang='lat' dir='ltr'>divinum</span> <span class='ocrx_word' id='word_1_481' title='bbox 1229 3644 1377 3700; x_wconf 91' lang='lat' dir='ltr'>illud</span> <span class='ocrx_word' id='word_1_482' title='bbox 1392 3647 1750 3703; x_wconf 89' lang='lat' dir='ltr'>sanctissimi</span> <span class='ocrx_word' id='word_1_483' title='bbox 1771 3648 2003 3703; x_wconf 85' lang='lat' dir='ltr'>Davidis</span> 
     </span>
    </p>
   </div>
   <div class='ocr_carea' id='block_1_67' title="bbox 357 3729 2003 3807">
    <p class='ocr_par' dir='ltr' id='par_1_67' title="bbox 357 3729 2003 3807">
     <span class='ocr_line' id='line_1_67' title="bbox 357 3729 2003 3807; baseline 0.006 -24"><span class='ocrx_word' id='word_1_484' title='bbox 357 3729 638 3785; x_wconf 77' lang='lat' dir='ltr'>effatum:</span> <span class='ocrx_word' id='word_1_485' title='bbox 684 3733 749 3785; x_wconf 89' lang='lat' dir='ltr'>In</span> <span class='ocrx_word' id='word_1_486' title='bbox 781 3747 990 3787; x_wconf 84' lang='lat' dir='ltr'>omnem</span> <span class='ocrx_word' id='word_1_487' title='bbox 1040 3740 1241 3789; x_wconf 81' lang='lat' dir='ltr'>terram</span> <span class='ocrx_word' id='word_1_488' title='bbox 1290 3737 1459 3791; x_wconf 72' lang='lat' dir='ltr'>exivit</span> <span class='ocrx_word' id='word_1_489' title='bbox 1501 3750 1662 3792; x_wconf 87' lang='lat' dir='ltr'>sonus</span> <span class='ocrx_word' id='word_1_490' title='bbox 1711 3753 1918 3807; x_wconf 84' lang='lat' dir='ltr'>eorum,</span> <span class='ocrx_word' id='word_1_491' title='bbox 1952 3743 2003 3792; x_wconf 81' lang='lat' dir='ltr'>et</span> 
     </span>
    </p>
   </div>
   <div class='ocr_carea' id='block_1_68' title="bbox 364 3820 2003 3898">
    <p class='ocr_par' dir='ltr' id='par_1_68' title="bbox 364 3820 2003 3898">
     <span class='ocr_line' id='line_1_68' title="bbox 364 3820 2003 3898; baseline 0.006 -26"><span class='ocrx_word' id='word_1_492' title='bbox 364 3820 422 3872; x_wconf 79' lang='lat' dir='ltr'>in</span> <span class='ocrx_word' id='word_1_493' title='bbox 452 3821 584 3889; x_wconf 80' lang='lat' dir='ltr'>ﬁnes</span> <span class='ocrx_word' id='word_1_494' title='bbox 613 3821 758 3874; x_wconf 76' lang='lat' dir='ltr'>orbis</span> <span class='ocrx_word' id='word_1_495' title='bbox 790 3827 955 3879; x_wconf 64' lang='lat' dir='ltr'>terra?</span> <span class='ocrx_word' id='word_1_496' title='bbox 974 3823 1138 3878; x_wconf 69' lang='lat' dir='ltr'>verba</span> <span class='ocrx_word' id='word_1_497' title='bbox 1167 3838 1352 3880; x_wconf 84' lang='lat' dir='ltr'>eorum</span> <span class='ocrx_word' id='word_1_498' title='bbox 1378 3825 1421 3879; x_wconf 85' lang='grc'>⁵.</span> <span class='ocrx_word' id='word_1_499' title='bbox 1474 3824 1656 3881; x_wconf 87' lang='lat' dir='ltr'>Fuisti</span> <span class='ocrx_word' id='word_1_500' title='bbox 1706 3826 2003 3898; x_wconf 91' lang='lat' dir='ltr'>siquidem</span> 
     </span>
    </p>
   </div>
   <div class='ocr_carea' id='block_1_69' title="bbox 355 3906 2003 3986">
    <p class='ocr_par' dir='ltr' id='par_1_69' title="bbox 355 3906 2003 3986">
     <span class='ocr_line' id='line_1_69' title="bbox 355 3906 2003 3986; baseline 0.004 -23"><span class='ocrx_word' id='word_1_501' title='bbox 355 3906 637 3963; x_wconf 90' lang='lat' dir='ltr'>alumnus</span> <span class='ocrx_word' id='word_1_502' title='bbox 663 3909 901 3981; x_wconf 84' lang='lat' dir='ltr'>Christi,</span> <span class='ocrx_word' id='word_1_503' title='bbox 934 3912 1033 3983; x_wconf 91' lang='lat' dir='ltr'>qui</span> <span class='ocrx_word' id='word_1_504' title='bbox 1065 3913 1193 3984; x_wconf 91' lang='lat' dir='ltr'>ipsa</span> <span class='ocrx_word' id='word_1_505' title='bbox 1217 3930 1351 3969; x_wconf 92' lang='lat' dir='ltr'>vere</span> <span class='ocrx_word' id='word_1_506' title='bbox 1382 3914 1674 3986; x_wconf 87' lang='lat' dir='ltr'>sapientia</span> <span class='ocrx_word' id='word_1_507' title='bbox 1705 3920 1812 3982; x_wconf 88' lang='lat' dir='ltr'>est,</span> <span class='ocrx_word' id='word_1_508' title='bbox 1856 3916 2003 3970; x_wconf 92' lang='lat' dir='ltr'>sub-</span> 
     </span>
    </p>
   </div>
   <div class='ocr_carea' id='block_1_70' title="bbox 355 3998 2003 4075">
    <p class='ocr_par' dir='ltr' id='par_1_70' title="bbox 355 3998 2003 4075">
     <span class='ocr_line' id='line_1_70' title="bbox 355 3998 2003 4075; baseline 0.005 -24"><span class='ocrx_word' id='word_1_509' title='bbox 355 4001 518 4051; x_wconf 90' lang='lat' dir='ltr'>stans</span> <span class='ocrx_word' id='word_1_510' title='bbox 558 3998 658 4052; x_wconf 91' lang='lat' dir='ltr'>Dei</span> <span class='ocrx_word' id='word_1_511' title='bbox 687 4005 745 4053; x_wconf 87' lang='lat' dir='ltr'>et</span> <span class='ocrx_word' id='word_1_512' title='bbox 773 4000 964 4055; x_wconf 88' lang='lat' dir='ltr'>Patris</span> <span class='ocrx_word' id='word_1_513' title='bbox 995 4002 1177 4056; x_wconf 91' lang='lat' dir='ltr'>virtus</span> <span class='ocrx_word' id='word_1_514' title='bbox 1206 3998 1249 4069; x_wconf 62' lang='lat'>3,</span> <span class='ocrx_word' id='word_1_515' title='bbox 1284 4004 1555 4075; x_wconf 86' lang='lat' dir='ltr'>ejusque,</span> <span class='ocrx_word' id='word_1_516' title='bbox 1587 4010 1875 4075; x_wconf 90' lang='lat' dir='ltr'>quantum</span> <span class='ocrx_word' id='word_1_517' title='bbox 1902 4022 2003 4075; x_wconf 88' lang='lat' dir='ltr'>pe-</span> 
     </span>
    </p>
   </div>
   <div class='ocr_carea' id='block_1_71' title="bbox 353 4090 2006 4163">
    <p class='ocr_par' dir='ltr' id='par_1_71' title="bbox 353 4090 2006 4163">
     <span class='ocr_line' id='line_1_71' title="bbox 353 4090 2006 4163; baseline 0.005 -22"><span class='ocrx_word' id='word_1_518' title='bbox 353 4102 460 4142; x_wconf 89' lang='lat' dir='ltr'>nes</span> <span class='ocrx_word' id='word_1_519' title='bbox 485 4091 538 4141; x_wconf 91' lang='lat' dir='ltr'>te</span> <span class='ocrx_word' id='word_1_520' title='bbox 572 4092 716 4155; x_wconf 87' lang='lat' dir='ltr'>erat,</span> <span class='ocrx_word' id='word_1_521' title='bbox 754 4090 999 4163; x_wconf 86' lang='lat' dir='ltr'>vestigia</span> <span class='ocrx_word' id='word_1_522' title='bbox 1023 4092 1371 4163; x_wconf 86' lang='lat' dir='ltr'>premendo,</span> <span class='ocrx_word' id='word_1_523' title='bbox 1405 4093 1667 4149; x_wconf 89' lang='lat' dir='ltr'>imitator</span> <span class='ocrx_word' id='word_1_524' title='bbox 1723 4093 1913 4150; x_wconf 91' lang='lat' dir='ltr'>factus</span> <span class='ocrx_word' id='word_1_525' title='bbox 1945 4110 2006 4149; x_wconf 90' lang='lat' dir='ltr'>es</span> 
     </span>
    </p>
   </div>
   <div class='ocr_carea' id='block_1_72' title="bbox 357 4176 2008 4254">
    <p class='ocr_par' dir='ltr' id='par_1_72' title="bbox 357 4176 2008 4254">
     <span class='ocr_line' id='line_1_72' title="bbox 357 4176 2008 4254; baseline 0.006 -24"><span class='ocrx_word' id='word_1_526' title='bbox 357 4176 668 4248; x_wconf 87' lang='lat' dir='ltr'>Dei,juxta</span> <span class='ocrx_word' id='word_1_527' title='bbox 690 4184 866 4250; x_wconf 88' lang='lat' dir='ltr'>atque</span> <span class='ocrx_word' id='word_1_528' title='bbox 894 4179 1119 4236; x_wconf 91' lang='lat' dir='ltr'>homini</span> <span class='ocrx_word' id='word_1_529' title='bbox 1144 4181 1428 4254; x_wconf 90' lang='lat' dir='ltr'>possibile</span> <span class='ocrx_word' id='word_1_530' title='bbox 1452 4189 1559 4238; x_wconf 91' lang='lat' dir='ltr'>est.</span> <span class='ocrx_word' id='word_1_531' title='bbox 1583 4184 1665 4239; x_wconf 92' lang='lat' dir='ltr'>Tu</span> <span class='ocrx_word' id='word_1_532' title='bbox 1696 4184 1854 4239; x_wconf 91' lang='lat' dir='ltr'>enim</span> <span class='ocrx_word' id='word_1_533' title='bbox 1890 4190 2008 4239; x_wconf 90' lang='lat' dir='ltr'>ter-</span> 
     </span>
    </p>
   </div>
   <div class='ocr_carea' id='block_1_73' title="bbox 356 4265 2008 4344">
    <p class='ocr_par' dir='ltr' id='par_1_73' title="bbox 356 4265 2008 4344">
     <span class='ocr_line' id='line_1_73' title="bbox 356 4265 2008 4344; baseline 0.007 -26"><span class='ocrx_word' id='word_1_534' title='bbox 356 4265 551 4319; x_wconf 91' lang='lat' dir='ltr'>minos</span> <span class='ocrx_word' id='word_1_535' title='bbox 582 4265 1009 4339; x_wconf 88' lang='lat' dir='ltr'>columnasque</span> <span class='ocrx_word' id='word_1_536' title='bbox 1041 4276 1288 4339; x_wconf 71' lang='lat' dir='ltr'>naturae,</span> <span class='ocrx_word' id='word_1_537' title='bbox 1322 4271 1516 4328; x_wconf 90' lang='lat' dir='ltr'>omnis</span> <span class='ocrx_word' id='word_1_538' title='bbox 1547 4287 1760 4344; x_wconf 90' lang='lat' dir='ltr'>nempe</span> <span class='ocrx_word' id='word_1_539' title='bbox 1778 4272 2008 4329; x_wconf 87' lang='lat' dir='ltr'>virtutis</span> 
     </span>
    </p>
   </div>
   <div class='ocr_carea' id='block_1_74' title="bbox 358 4355 2007 4432">
    <p class='ocr_par' dir='ltr' id='par_1_74' title="bbox 358 4355 2007 4432">
     <span class='ocr_line' id='line_1_74' title="bbox 358 4355 2007 4432; baseline 0.005 -24"><span class='ocrx_word' id='word_1_540' title='bbox 358 4355 661 4425; x_wconf 88' lang='lat' dir='ltr'>specimen</span> <span class='ocrx_word' id='word_1_541' title='bbox 697 4358 959 4412; x_wconf 80' lang='lat' dir='ltr'>struxisti</span> <span class='ocrx_word' id='word_1_542' title='bbox 1018 4360 1079 4415; x_wconf 89' lang='lat' dir='ltr'>in</span> <span class='ocrx_word' id='word_1_543' title='bbox 1128 4361 1593 4432; x_wconf 86' lang='lat' dir='ltr'>profundissimo</span> <span class='ocrx_word' id='word_1_544' title='bbox 1653 4360 2007 4418; x_wconf 89' lang='lat' dir='ltr'>humilitatis</span> 
     </span>
    </p>
   </div>
   <div class='ocr_carea' id='block_1_75' title="bbox 356 4443 2007 4520">
    <p class='ocr_par' dir='ltr' id='par_1_75' title="bbox 356 4443 2007 4520">
     <span class='ocr_line' id='line_1_75' title="bbox 356 4443 2007 4520; baseline 0.006 -23"><span class='ocrx_word' id='word_1_545' title='bbox 356 4443 764 4512; x_wconf 82' lang='lat' dir='ltr'>fundamento,</span> <span class='ocrx_word' id='word_1_546' title='bbox 800 4463 906 4519; x_wconf 89' lang='lat' dir='ltr'>per</span> <span class='ocrx_word' id='word_1_547' title='bbox 938 4465 1115 4519; x_wconf 90' lang='lat' dir='ltr'>quam</span> <span class='ocrx_word' id='word_1_548' title='bbox 1148 4450 1355 4520; x_wconf 90' lang='lat' dir='ltr'>solam,</span> <span class='ocrx_word' id='word_1_549' title='bbox 1391 4458 1449 4507; x_wconf 91' lang='lat' dir='ltr'>et</span> <span class='ocrx_word' id='word_1_550' title='bbox 1478 4451 1701 4507; x_wconf 90' lang='lat' dir='ltr'>salvare</span> <span class='ocrx_word' id='word_1_551' title='bbox 1735 4454 1886 4508; x_wconf 85' lang='lat' dir='ltr'>Deus</span> <span class='ocrx_word' id='word_1_552' title='bbox 1908 4470 2007 4507; x_wconf 92' lang='lat' dir='ltr'>vo-</span> 
     </span>
    </p>
   </div>
   <div class='ocr_carea' id='block_1_76' title="bbox 357 4532 2005 4614">
    <p class='ocr_par' dir='ltr' id='par_1_76' title="bbox 357 4532 2005 4614">
     <span class='ocr_line' id='line_1_76' title="bbox 357 4532 2005 4614; baseline 0.007 -28"><span class='ocrx_word' id='word_1_553' title='bbox 357 4532 489 4596; x_wconf 86' lang='lat' dir='ltr'>luit,</span> <span class='ocrx_word' id='word_1_554' title='bbox 523 4540 580 4589; x_wconf 88' lang='lat' dir='ltr'>et</span> <span class='ocrx_word' id='word_1_555' title='bbox 608 4535 802 4590; x_wconf 89' lang='lat' dir='ltr'>salvus</span> <span class='ocrx_word' id='word_1_556' title='bbox 836 4537 901 4592; x_wconf 78' lang='lat' dir='ltr'>tit</span> <span class='ocrx_word' id='word_1_557' title='bbox 932 4539 1126 4594; x_wconf 86' lang='lat' dir='ltr'>homo.</span> <span class='ocrx_word' id='word_1_558' title='bbox 1156 4541 1393 4596; x_wconf 88' lang='lat' dir='ltr'>Nullum</span> <span class='ocrx_word' id='word_1_559' title='bbox 1418 4540 1635 4614; x_wconf 88' lang='lat' dir='ltr'>quippe</span> <span class='ocrx_word' id='word_1_560' title='bbox 1658 4542 1912 4598; x_wconf 89' lang='lat' dir='ltr'>fulcrum</span> <span class='ocrx_word' id='word_1_561' title='bbox 1938 4559 2005 4599; x_wconf 89' lang='lat' dir='ltr'>ea</span> 
     </span>
    </p>
   </div>
   <div class='ocr_carea' id='block_1_77' title="bbox 357 4622 2002 4703">
    <p class='ocr_par' dir='ltr' id='par_1_77' title="bbox 357 4622 2002 4703">
     <span class='ocr_line' id='line_1_77' title="bbox 357 4622 2002 4703; baseline 0.008 -27"><span class='ocrx_word' id='word_1_562' title='bbox 357 4622 586 4679; x_wconf 80' lang='lat' dir='ltr'>firmius</span> <span class='ocrx_word' id='word_1_563' title='bbox 618 4630 724 4680; x_wconf 91' lang='lat' dir='ltr'>est.</span> <span class='ocrx_word' id='word_1_564' title='bbox 758 4627 863 4681; x_wconf 85' lang='lat' dir='ltr'>Ast</span> <span class='ocrx_word' id='word_1_565' title='bbox 894 4628 1292 4685; x_wconf 89' lang='lat' dir='ltr'>humilitatem</span> <span class='ocrx_word' id='word_1_566' title='bbox 1325 4646 1393 4686; x_wconf 83' lang='lat' dir='ltr'>ex</span> <span class='ocrx_word' id='word_1_567' title='bbox 1425 4632 1539 4687; x_wconf 83' lang='lat' dir='ltr'>ﬁde</span> <span class='ocrx_word' id='word_1_568' title='bbox 1571 4631 1861 4703; x_wconf 76' lang='lat' dir='ltr'>originem</span> <span class='ocrx_word' id='word_1_569' title='bbox 1884 4638 2002 4688; x_wconf 87' lang='lat' dir='ltr'>tra-</span> 
     </span>
    </p>
   </div>
   <div class='ocr_carea' id='block_1_78' title="bbox 356 4711 2001 4790">
    <p class='ocr_par' dir='ltr' id='par_1_78' title="bbox 356 4711 2001 4790">
     <span class='ocr_line' id='line_1_78' title="bbox 356 4711 2001 4790; baseline 0.007 -25"><span class='ocrx_word' id='word_1_570' title='bbox 356 4711 497 4767; x_wconf 85' lang='lat' dir='ltr'>here</span> <span class='ocrx_word' id='word_1_571' title='bbox 533 4715 757 4769; x_wconf 88' lang='lat' dir='ltr'>nemini</span> <span class='ocrx_word' id='word_1_572' title='bbox 791 4733 911 4771; x_wconf 91' lang='lat' dir='ltr'>non</span> <span class='ocrx_word' id='word_1_573' title='bbox 950 4719 1329 4790; x_wconf 89' lang='lat' dir='ltr'>perspicuum</span> <span class='ocrx_word' id='word_1_574' title='bbox 1380 4727 1486 4775; x_wconf 92' lang='lat' dir='ltr'>est.</span> <span class='ocrx_word' id='word_1_575' title='bbox 1541 4720 1792 4787; x_wconf 87' lang='lat' dir='ltr'>Quinam</span> <span class='ocrx_word' id='word_1_576' title='bbox 1842 4723 2001 4777; x_wconf 91' lang='lat' dir='ltr'>enim</span> 
     </span>
    </p>
   </div>
   <div class='ocr_carea' id='block_1_79' title="bbox 355 4800 2004 4878">
    <p class='ocr_par' dir='ltr' id='par_1_79' title="bbox 355 4800 2004 4878">
     <span class='ocr_line' id='line_1_79' title="bbox 355 4800 2004 4878; baseline 0.006 -23"><span class='ocrx_word' id='word_1_577' title='bbox 355 4800 549 4857; x_wconf 86' lang='lat' dir='ltr'>divino</span> <span class='ocrx_word' id='word_1_578' title='bbox 578 4804 809 4858; x_wconf 90' lang='lat' dir='ltr'>numini</span> <span class='ocrx_word' id='word_1_579' title='bbox 843 4805 1033 4860; x_wconf 89' lang='lat' dir='ltr'>subsit</span> <span class='ocrx_word' id='word_1_580' title='bbox 1062 4806 1297 4878; x_wconf 89' lang='lat' dir='ltr'>aliquis,</span> <span class='ocrx_word' id='word_1_581' title='bbox 1330 4808 1392 4863; x_wconf 92' lang='lat' dir='ltr'>ni</span> <span class='ocrx_word' id='word_1_582' title='bbox 1423 4815 1582 4865; x_wconf 90' lang='lat' dir='ltr'>certo</span> <span class='ocrx_word' id='word_1_583' title='bbox 1615 4810 1816 4865; x_wconf 90' lang='lat' dir='ltr'>credat</span> <span class='ocrx_word' id='word_1_584' title='bbox 1836 4810 2004 4866; x_wconf 89' lang='lat' dir='ltr'>altis-</span> 
     </span>
    </p>
   </div>
   <div class='ocr_carea' id='block_1_80' title="bbox 357 4892 1331 4956">
    <p class='ocr_par' dir='ltr' id='par_1_80' title="bbox 357 4892 1331 4956">
     <span class='ocr_line' id='line_1_80' title="bbox 357 4892 1331 4956; baseline 0.009 -9"><span class='ocrx_word' id='word_1_585' title='bbox 357 4892 573 4948; x_wconf 89' lang='lat' dir='ltr'>simum</span> <span class='ocrx_word' id='word_1_586' title='bbox 601 4912 729 4951; x_wconf 90' lang='lat' dir='ltr'>esse</span> <span class='ocrx_word' id='word_1_587' title='bbox 762 4896 1026 4952; x_wconf 92' lang='lat' dir='ltr'>divinum</span> <span class='ocrx_word' id='word_1_588' title='bbox 1060 4914 1282 4955; x_wconf 91' lang='lat' dir='ltr'>numen</span> <span class='ocrx_word' id='word_1_589' title='bbox 1303 4900 1331 4956; x_wconf 80' lang='lat' dir='ltr'>‘I</span> 
     </span>
    </p>
   </div>
   <div class='ocr_carea' id='block_1_81' title="bbox 424 5000 2000 5075">
    <p class='ocr_par' dir='ltr' id='par_1_81' title="bbox 424 5000 2000 5075">
     <span class='ocr_line' id='line_1_81' title="bbox 424 5000 2000 5075; baseline 0.008 -21"><span class='ocrx_word' id='word_1_590' title='bbox 424 5000 477 5055; x_wconf 93' lang='lat'>3.</span> <span class='ocrx_word' id='word_1_591' title='bbox 512 5000 686 5074; x_wconf 88' lang='lat' dir='ltr'>Atqui</span> <span class='ocrx_word' id='word_1_592' title='bbox 719 5004 1020 5060; x_wconf 91' lang='lat' dir='ltr'>Sermonis</span> <span class='ocrx_word' id='word_1_593' title='bbox 1048 5006 1239 5062; x_wconf 90' lang='lat' dir='ltr'>cultor</span> <span class='ocrx_word' id='word_1_594' title='bbox 1264 5023 1397 5064; x_wconf 91' lang='lat' dir='ltr'>cum</span> <span class='ocrx_word' id='word_1_595' title='bbox 1431 5024 1611 5075; x_wconf 89' lang='lat' dir='ltr'>esses,</span> <span class='ocrx_word' id='word_1_596' title='bbox 1658 5025 2000 5067; x_wconf 87' lang='lat' dir='ltr'>sermonum</span> 
     </span>
    </p>
   </div>
   <div class='ocr_carea' id='block_1_82' title="bbox 354 5092 1999 5169">
    <p class='ocr_par' dir='ltr' id='par_1_82' title="bbox 354 5092 1999 5169">
     <span class='ocr_line' id='line_1_82' title="bbox 354 5092 1999 5169; baseline 0.01 -27"><span class='ocrx_word' id='word_1_597' title='bbox 354 5106 591 5159; x_wconf 86' lang='lat' dir='ltr'>quoque</span> <span class='ocrx_word' id='word_1_598' title='bbox 624 5092 837 5163; x_wconf 92' lang='lat' dir='ltr'>plenus</span> <span class='ocrx_word' id='word_1_599' title='bbox 868 5093 1053 5164; x_wconf 84' lang='lat' dir='ltr'>fuisti,</span> <span class='ocrx_word' id='word_1_600' title='bbox 1089 5097 1306 5169; x_wconf 91' lang='lat' dir='ltr'>quibus</span> <span class='ocrx_word' id='word_1_601' title='bbox 1354 5098 1617 5156; x_wconf 90' lang='lat' dir='ltr'>divinum</span> <span class='ocrx_word' id='word_1_602' title='bbox 1669 5101 1999 5158; x_wconf 87' lang='lat' dir='ltr'>subsisten-</span> 
     </span>
    </p>
   </div>
   <div class='ocr_carea' id='block_1_83' title="bbox 354 5182 1999 5263">
    <p class='ocr_par' dir='ltr' id='par_1_83' title="bbox 354 5182 1999 5263">
     <span class='ocr_line' id='line_1_83' title="bbox 354 5182 1999 5263; baseline 0.011 -33"><span class='ocrx_word' id='word_1_603' title='bbox 354 5183 593 5247; x_wconf 88' lang='lat' dir='ltr'>temque</span> <span class='ocrx_word' id='word_1_604' title='bbox 618 5182 720 5235; x_wconf 91' lang='lat' dir='ltr'>Dei</span> <span class='ocrx_word' id='word_1_605' title='bbox 754 5188 811 5237; x_wconf 91' lang='lat' dir='ltr'>et</span> <span class='ocrx_word' id='word_1_606' title='bbox 840 5186 1028 5240; x_wconf 87' lang='lat' dir='ltr'>Patris</span> <span class='ocrx_word' id='word_1_607' title='bbox 1054 5187 1423 5251; x_wconf 82' lang='lat' dir='ltr'>Sermonem,</span> <span class='ocrx_word' id='word_1_608' title='bbox 1450 5192 1753 5263; x_wconf 89' lang='lat' dir='ltr'>suppetias</span> <span class='ocrx_word' id='word_1_609' title='bbox 1776 5192 1999 5249; x_wconf 91' lang='lat' dir='ltr'>ferente</span> 
     </span>
    </p>
   </div>
   <div class='ocr_carea' id='block_1_84' title="bbox 353 5264 2003 5353">
    <p class='ocr_par' dir='ltr' id='par_1_84' title="bbox 353 5264 2003 5353">
     <span class='ocr_line' id='line_1_84' title="bbox 353 5264 2003 5353; baseline 0.012 -36"><span class='ocrx_word' id='word_1_610' title='bbox 353 5264 596 5336; x_wconf 88' lang='lat' dir='ltr'>Spiritu,</span> <span class='ocrx_word' id='word_1_611' title='bbox 630 5271 1200 5331; x_wconf 88' lang='lat' dir='ltr'>consubstantialem</span> <span class='ocrx_word' id='word_1_612' title='bbox 1232 5294 1360 5333; x_wconf 90' lang='lat' dir='ltr'>esse</span> <span class='ocrx_word' id='word_1_613' title='bbox 1378 5279 1535 5334; x_wconf 85' lang='lat' dir='ltr'>Patri</span> <span class='ocrx_word' id='word_1_614' title='bbox 1557 5279 1889 5353; x_wconf 67' lang='lat' dir='ltr'>prmdicasti</span> <span class='ocrx_word' id='word_1_615' title='bbox 1911 5299 1922 5349; x_wconf 90' lang='lat'><strong>;</strong></span> <span class='ocrx_word' id='word_1_616' title='bbox 1942 5288 2003 5338; x_wconf 92' lang='lat' dir='ltr'>ut</span> 
     </span>
    </p>
   </div>
   <div class='ocr_carea' id='block_1_85' title="bbox 354 5356 1997 5441">
    <p class='ocr_par' dir='ltr' id='par_1_85' title="bbox 354 5356 1997 5441">
     <span class='ocr_line' id='line_1_85' title="bbox 354 5356 1997 5441; baseline 0.013 -33"><span class='ocrx_word' id='word_1_617' title='bbox 354 5356 552 5411; x_wconf 87' lang='lat' dir='ltr'>unitas</span> <span class='ocrx_word' id='word_1_618' title='bbox 581 5358 883 5416; x_wconf 91' lang='lat' dir='ltr'>adoranda</span> <span class='ocrx_word' id='word_1_619' title='bbox 912 5365 973 5419; x_wconf 92' lang='lat' dir='ltr'>in</span> <span class='ocrx_word' id='word_1_620' title='bbox 1005 5367 1287 5423; x_wconf 89' lang='lat' dir='ltr'>Trinitate</span> <span class='ocrx_word' id='word_1_621' title='bbox 1318 5370 1515 5441; x_wconf 91' lang='lat' dir='ltr'>palam</span> <span class='ocrx_word' id='word_1_622' title='bbox 1576 5371 1997 5440; x_wconf 90' lang='lat' dir='ltr'>innotesceret,</span> 
     </span>
    </p>
   </div>
   <div class='ocr_carea' id='block_1_86' title="bbox 353 5447 1996 5533">
    <p class='ocr_par' dir='ltr' id='par_1_86' title="bbox 353 5447 1996 5533">
     <span class='ocr_line' id='line_1_86' title="bbox 353 5447 1996 5533; baseline 0.012 -34"><span class='ocrx_word' id='word_1_623' title='bbox 353 5460 466 5500; x_wconf 89' lang='lat' dir='ltr'>nec</span> <span class='ocrx_word' id='word_1_624' title='bbox 496 5462 616 5501; x_wconf 91' lang='lat' dir='ltr'>non</span> <span class='ocrx_word' id='word_1_625' title='bbox 647 5447 899 5506; x_wconf 89' lang='lat' dir='ltr'>Trinitas</span> <span class='ocrx_word' id='word_1_626' title='bbox 950 5454 1023 5508; x_wconf 91' lang='lat' dir='ltr'>ad</span> <span class='ocrx_word' id='word_1_627' title='bbox 1076 5457 1319 5512; x_wconf 89' lang='lat' dir='ltr'>unitatis</span> <span class='ocrx_word' id='word_1_628' title='bbox 1367 5477 1661 5516; x_wconf 90' lang='lat' dir='ltr'>summam</span> <span class='ocrx_word' id='word_1_629' title='bbox 1710 5468 1996 5533; x_wconf 86' lang='lat' dir='ltr'>revocata,</span> 
     </span>
    </p>
   </div>
   <div class='ocr_carea' id='block_1_87' title="bbox 422 5644 1841 5730">
    <p class='ocr_par' dir='ltr' id='par_1_87' title="bbox 422 5644 1841 5730">
     <span class='ocr_line' id='line_1_87' title="bbox 422 5644 1841 5730; baseline 0.012 -32"><span class='ocrx_word' id='word_1_630' title='bbox 422 5644 443 5680; x_wconf 77' lang='grc'>³</span> <span class='ocrx_word' id='word_1_631' title='bbox 474 5645 627 5701; x_wconf 90' lang='lat' dir='ltr'>Psal.</span> <span class='ocrx_word' id='word_1_632' title='bbox 657 5663 819 5717; x_wconf 81' lang='lat' dir='ltr'>xvm,</span> <span class='ocrx_word' id='word_1_633' title='bbox 852 5651 881 5704; x_wconf 82' lang='lat'><strong>5</strong></span> <span class='ocrx_word' id='word_1_634' title='bbox 909 5666 923 5721; x_wconf 89' lang='lat'><strong>;</strong></span> <span class='ocrx_word' id='word_1_635' title='bbox 959 5653 1122 5709; x_wconf 84' lang='lat' dir='ltr'>Rom.</span> <span class='ocrx_word' id='word_1_636' title='bbox 1157 5669 1215 5723; x_wconf 74' lang='grc' dir='ltr'>χ,</span> <span class='ocrx_word' id='word_1_637' title='bbox 1250 5656 1334 5710; x_wconf 80' lang='lat' dir='ltr'>t8.</span> <span class='ocrx_word' id='word_1_638' title='bbox 1412 5655 1433 5691; x_wconf 84' lang='grc'><strong><em>⁸</em></strong></span> <span class='ocrx_word' id='word_1_639' title='bbox 1461 5659 1485 5712; x_wconf 95' lang='grc' dir='ltr'><strong>Ι</strong></span> <span class='ocrx_word' id='word_1_640' title='bbox 1517 5660 1645 5716; x_wconf 89' lang='lat' dir='ltr'>Cor.</span> <span class='ocrx_word' id='word_1_641' title='bbox 1681 5674 1718 5730; x_wconf 88' lang='lat' dir='ltr'>l,</span> <span class='ocrx_word' id='word_1_642' title='bbox 1753 5661 1841 5715; x_wconf 68' lang='grc'>24.</span> 
     </span>
    </p>
   </div>
   <div class='ocr_carea' id='block_1_88' title="bbox 2187 3106 3719 3184">
    <p class='ocr_par' dir='ltr' id='par_1_88' title="bbox 2187 3106 3719 3184">
     <span class='ocr_line' id='line_1_88' title="bbox 2187 3106 3719 3184; baseline -0.003 -20"><span class='ocrx_word' id='word_1_643' title='bbox 2187 3110 2254 3184; x_wconf 88' lang='grc' dir='ltr'>β’.</span> <span class='ocrx_word' id='word_1_644' title='bbox 2286 3107 2619 3181; x_wconf 82' lang='grc' dir='ltr'>Ἀρξάμενος</span> <span class='ocrx_word' id='word_1_645' title='bbox 2647 3106 2748 3183; x_wconf 79' lang='grc' dir='ltr'>γὰρ</span> <span class='ocrx_word' id='word_1_646' title='bbox 2808 3108 2859 3179; x_wconf 75' lang='grc' dir='ltr'><strong>ἐξ</strong></span> <span class='ocrx_word' id='word_1_647' title='bbox 2926 3107 3140 3178; x_wconf 63' lang='grc' dir='ltr'>ἑαυτοῦ,</span> <span class='ocrx_word' id='word_1_648' title='bbox 3192 3109 3286 3165; x_wconf 74' lang='grc' dir='ltr'>καὶ</span> <span class='ocrx_word' id='word_1_649' title='bbox 3341 3109 3526 3164; x_wconf 82' lang='grc' dir='ltr'>σαυτὸν</span> <span class='ocrx_word' id='word_1_650' title='bbox 3583 3106 3719 3169; x_wconf 75' lang='grc' dir='ltr'>ὅντως</span> 
     </span>
    </p>
   </div>
   <div class='ocr_carea' id='block_1_89' title="bbox 2110 3194 3717 3273">
    <p class='ocr_par' dir='ltr' id='par_1_89' title="bbox 2110 3194 3717 3273">
     <span class='ocr_line' id='line_1_89' title="bbox 2110 3194 3717 3273; baseline -0.004 -18"><span class='ocrx_word' id='word_1_651' title='bbox 2110 3194 2475 3273; x_wconf 82' lang='grc' dir='ltr'>Ἰερουσαλὴμ</span> <span class='ocrx_word' id='word_1_652' title='bbox 2503 3198 2903 3259; x_wconf 73' lang='grc' dir='ltr'>κατασκευάσας</span> <span class='ocrx_word' id='word_1_653' title='bbox 2932 3195 3094 3253; x_wconf 80' lang='grc' dir='ltr'>πόλιν</span> <span class='ocrx_word' id='word_1_654' title='bbox 3120 3201 3259 3253; x_wconf 91' lang='grc' dir='ltr'>Θεοῦ</span> <span class='ocrx_word' id='word_1_655' title='bbox 3296 3202 3487 3268; x_wconf 85' lang='grc' dir='ltr'>ζῶντος</span> <span class='ocrx_word' id='word_1_656' title='bbox 3532 3196 3601 3260; x_wconf 84' lang='grc' dir='ltr'>εἷς</span> <span class='ocrx_word' id='word_1_657' title='bbox 3641 3214 3717 3249; x_wconf 74' lang='grc' dir='ltr'>κα-</span> 
     </span>
    </p>
   </div>
   <div class='ocr_carea' id='block_1_90' title="bbox 2108 3285 3716 3363">
    <p class='ocr_par' dir='ltr' id='par_1_90' title="bbox 2108 3285 3716 3363">
     <span class='ocr_line' id='line_1_90' title="bbox 2108 3285 3716 3363; baseline 0 -20"><span class='ocrx_word' id='word_1_658' title='bbox 2108 3288 2469 3361; x_wconf 71' lang='grc' dir='ltr'>τοικητήριον</span> <span class='ocrx_word' id='word_1_659' title='bbox 2500 3287 2646 3352; x_wconf 85' lang='grc' dir='ltr'>θείου</span> <span class='ocrx_word' id='word_1_660' title='bbox 2670 3286 3005 3360; x_wconf 75' lang='grc' dir='ltr'>Πνεῦματος,</span> <span class='ocrx_word' id='word_1_661' title='bbox 3054 3287 3373 3363; x_wconf 80' lang='grc' dir='ltr'>πανταχόσε</span> <span class='ocrx_word' id='word_1_662' title='bbox 3412 3295 3527 3361; x_wconf 78' lang='grc' dir='ltr'>γῆς,</span> <span class='ocrx_word' id='word_1_663' title='bbox 3579 3285 3716 3344; x_wconf 68' lang='grc' dir='ltr'>’Βώπς</span> 
     </span>
    </p>
   </div>
   <div class='ocr_carea' id='block_1_91' title="bbox 2108 3375 3716 3451">
    <p class='ocr_par' dir='ltr' id='par_1_91' title="bbox 2108 3375 3716 3451">
     <span class='ocr_line' id='line_1_91' title="bbox 2108 3375 3716 3451; baseline -0.001 -18"><span class='ocrx_word' id='word_1_664' title='bbox 2108 3396 2167 3433; x_wconf 87' lang='grc' dir='ltr'>τε</span> <span class='ocrx_word' id='word_1_665' title='bbox 2199 3376 2290 3431; x_wconf 79' lang='grc' dir='ltr'>καὶ</span> <span class='ocrx_word' id='word_1_666' title='bbox 2345 3376 2629 3451; x_wconf 78' lang='grc' dir='ltr'>Ἑσπερίου</span> <span class='ocrx_word' id='word_1_667' title='bbox 2686 3375 2916 3448; x_wconf 76' lang='grc' dir='ltr'>λήξεως,</span> <span class='ocrx_word' id='word_1_668' title='bbox 2975 3377 3222 3451; x_wconf 80' lang='grc' dir='ltr'>Ἄρκτου</span> <span class='ocrx_word' id='word_1_669' title='bbox 3280 3398 3341 3433; x_wconf 89' lang='grc' dir='ltr'>τε</span> <span class='ocrx_word' id='word_1_670' title='bbox 3393 3376 3480 3433; x_wconf 84' lang='grc' dir='ltr'>καὶ</span> <span class='ocrx_word' id='word_1_671' title='bbox 3529 3381 3716 3446; x_wconf 80' lang='grc' dir='ltr'>Μεσημ-</span> 
     </span>
    </p>
   </div>
   <div class='ocr_carea' id='block_1_92' title="bbox 2109 3461 3716 3542">
    <p class='ocr_par' dir='ltr' id='par_1_92' title="bbox 2109 3461 3716 3542">
     <span class='ocr_line' id='line_1_92' title="bbox 2109 3461 3716 3542; baseline -0.004 -22"><span class='ocrx_word' id='word_1_672' title='bbox 2109 3461 2263 3539; x_wconf 77' lang='grc' dir='ltr'>ϐρίας</span> <span class='ocrx_word' id='word_1_673' title='bbox 2294 3463 2530 3535; x_wconf 80' lang='grc' dir='ltr'>ἐπῆλθες</span> <span class='ocrx_word' id='word_1_674' title='bbox 2559 3469 2639 3538; x_wconf 78' lang='grc' dir='ltr'>τῷ</span> <span class='ocrx_word' id='word_1_675' title='bbox 2669 3463 2911 3542; x_wconf 83' lang='grc' dir='ltr'>λόγῳτὰ</span> <span class='ocrx_word' id='word_1_676' title='bbox 2971 3467 3203 3541; x_wconf 81' lang='grc' dir='ltr'>πάρατα,</span> <span class='ocrx_word' id='word_1_677' title='bbox 3263 3468 3337 3527; x_wconf 88' lang='grc' dir='ltr'>ὼς</span> <span class='ocrx_word' id='word_1_678' title='bbox 3385 3466 3470 3521; x_wconf 82' lang='grc' dir='ltr'>καὶ</span> <span class='ocrx_word' id='word_1_679' title='bbox 3530 3462 3605 3520; x_wconf 72' lang='grc' dir='ltr'>ἐπὶ</span> <span class='ocrx_word' id='word_1_680' title='bbox 3652 3461 3716 3515; x_wconf 78' lang='grc' dir='ltr'>σοὶ</span> 
     </span>
    </p>
   </div>
   <div class='ocr_carea' id='block_1_93' title="bbox 2110 3550 3714 3629">
    <p class='ocr_par' dir='ltr' id='par_1_93' title="bbox 2110 3550 3714 3629">
     <span class='ocr_line' id='line_1_93' title="bbox 2110 3550 3714 3629; baseline -0.004 -19"><span class='ocrx_word' id='word_1_681' title='bbox 2110 3554 2499 3611; x_wconf 79' lang='grc' dir='ltr'>εὐστοχώτατα</span> <span class='ocrx_word' id='word_1_682' title='bbox 2528 3553 2798 3629; x_wconf 76' lang='grc' dir='ltr'>λεχθῆναι</span> <span class='ocrx_word' id='word_1_683' title='bbox 2828 3558 2927 3610; x_wconf 92' lang='grc' dir='ltr'>τοῦ</span> <span class='ocrx_word' id='word_1_684' title='bbox 2958 3554 3247 3618; x_wconf 71' lang='grc' dir='ltr'>θεσπεσίου</span> <span class='ocrx_word' id='word_1_685' title='bbox 3299 3550 3460 3611; x_wconf 74' lang='grc' dir='ltr'>Δαϐὶδ</span> <span class='ocrx_word' id='word_1_686' title='bbox 3505 3552 3561 3609; x_wconf 85' lang='grc' dir='ltr'>τὸ</span> <span class='ocrx_word' id='word_1_687' title='bbox 3603 3555 3714 3616; x_wconf 81' lang='grc' dir='ltr'>θεῖον</span> 
     </span>
    </p>
   </div>
   <div class='ocr_carea' id='block_1_94' title="bbox 2108 3640 3713 3721">
    <p class='ocr_par' dir='ltr' id='par_1_94' title="bbox 2108 3640 3713 3721">
     <span class='ocr_line' id='line_1_94' title="bbox 2108 3640 3713 3721; baseline -0.004 -22"><span class='ocrx_word' id='word_1_688' title='bbox 2108 3644 2587 3720; x_wconf 71' lang='grc' dir='ltr'>προαναφώνημαο</span> <span class='ocrx_word' id='word_1_689' title='bbox 2669 3643 2766 3706; x_wconf 75' lang='grc' dir='ltr'>Εἷς</span> <span class='ocrx_word' id='word_1_690' title='bbox 2841 3649 3013 3699; x_wconf 81' lang='grc' dir='ltr'>πᾶσαν</span> <span class='ocrx_word' id='word_1_691' title='bbox 3085 3646 3186 3714; x_wconf 73' lang='grc' dir='ltr'>τὴν</span> <span class='ocrx_word' id='word_1_692' title='bbox 3276 3650 3375 3721; x_wconf 81' lang='grc' dir='ltr'>γῆν</span> <span class='ocrx_word' id='word_1_693' title='bbox 3454 3640 3713 3716; x_wconf 76' lang='grc' dir='ltr'>έξῆλθενὸ</span> 
     </span>
    </p>
   </div>
   <div class='ocr_carea' id='block_1_95' title="bbox 2109 3727 3711 3811">
    <p class='ocr_par' dir='ltr' id='par_1_95' title="bbox 2109 3727 3711 3811">
     <span class='ocr_line' id='line_1_95' title="bbox 2109 3727 3711 3811; baseline -0.001 -23"><span class='ocrx_word' id='word_1_694' title='bbox 2109 3734 2347 3811; x_wconf 78' lang='grc' dir='ltr'>φθόγγος</span> <span class='ocrx_word' id='word_1_695' title='bbox 2380 3727 2578 3803; x_wconf 78' lang='grc' dir='ltr'>αὐτῶν,</span> <span class='ocrx_word' id='word_1_696' title='bbox 2630 3730 2722 3787; x_wconf 77' lang='grc' dir='ltr'>καὶ</span> <span class='ocrx_word' id='word_1_697' title='bbox 2774 3730 2851 3794; x_wconf 75' lang='grc' dir='ltr'>εἷς</span> <span class='ocrx_word' id='word_1_698' title='bbox 2909 3732 2978 3787; x_wconf 77' lang='grc' dir='ltr'><strong>τὰ</strong></span> <span class='ocrx_word' id='word_1_699' title='bbox 3032 3734 3243 3806; x_wconf 69' lang='grc' dir='ltr'>πέρατα</span> <span class='ocrx_word' id='word_1_700' title='bbox 3291 3739 3391 3802; x_wconf 80' lang='grc' dir='ltr'>τῆς</span> <span class='ocrx_word' id='word_1_701' title='bbox 3435 3727 3711 3800; x_wconf 62' lang='grc' dir='ltr'>οἰκουμένης</span> 
     </span>
    </p>
   </div>
   <div class='ocr_carea' id='block_1_96' title="bbox 2104 3814 3703 3898">
    <p class='ocr_par' dir='ltr' id='par_1_96' title="bbox 2104 3814 3703 3898">
     <span class='ocr_line' id='line_1_96' title="bbox 2104 3814 3703 3898; baseline -0.001 -20"><span class='ocrx_word' id='word_1_702' title='bbox 2104 3824 2173 3879; x_wconf 67' lang='grc' dir='ltr'>τὰ</span> <span class='ocrx_word' id='word_1_703' title='bbox 2203 3822 2421 3898; x_wconf 74' lang='grc' dir='ltr'>ῥήματα</span> <span class='ocrx_word' id='word_1_704' title='bbox 2452 3821 2651 3878; x_wconf 83' lang='grc' dir='ltr'>αὐτῶν.</span> <span class='ocrx_word' id='word_1_705' title='bbox 2686 3823 2968 3892; x_wconf 78' lang='grc' dir='ltr'>Φοιτητὴς</span> <span class='ocrx_word' id='word_1_706' title='bbox 2996 3822 3100 3897; x_wconf 75' lang='grc' dir='ltr'>γὰρ</span> <span class='ocrx_word' id='word_1_707' title='bbox 3157 3823 3391 3898; x_wconf 88' lang='grc' dir='ltr'>γέγονας</span> <span class='ocrx_word' id='word_1_708' title='bbox 3435 3824 3528 3886; x_wconf 83' lang='grc' dir='ltr'>τῆς</span> <span class='ocrx_word' id='word_1_709' title='bbox 3572 3814 3703 3876; x_wconf 81' lang='grc' dir='ltr'>ὅντως</span> 
     </span>
    </p>
   </div>
   <div class='ocr_carea' id='block_1_97' title="bbox 2109 3905 3709 3990">
    <p class='ocr_par' dir='ltr' id='par_1_97' title="bbox 2109 3905 3709 3990">
     <span class='ocr_line' id='line_1_97' title="bbox 2109 3905 3709 3990; baseline -0.001 -22"><span class='ocrx_word' id='word_1_710' title='bbox 2109 3909 2435 3990; x_wconf 79' lang='grc' dir='ltr'>αὖτοσοφίας</span> <span class='ocrx_word' id='word_1_711' title='bbox 2462 3916 2558 3966; x_wconf 88' lang='grc' dir='ltr'>τοῦ</span> <span class='ocrx_word' id='word_1_712' title='bbox 2614 3913 2873 3987; x_wconf 79' lang='grc' dir='ltr'>Χριστοῦ,</span> <span class='ocrx_word' id='word_1_713' title='bbox 2920 3917 3021 3981; x_wconf 80' lang='grc' dir='ltr'>τῆς</span> <span class='ocrx_word' id='word_1_714' title='bbox 3067 3915 3166 3966; x_wconf 88' lang='grc' dir='ltr'>τοῦ</span> <span class='ocrx_word' id='word_1_715' title='bbox 3224 3915 3361 3967; x_wconf 88' lang='grc' dir='ltr'>Θεοῦ</span> <span class='ocrx_word' id='word_1_716' title='bbox 3402 3911 3484 3965; x_wconf 79' lang='grc' dir='ltr'>καὶ</span> <span class='ocrx_word' id='word_1_717' title='bbox 3542 3905 3709 3980; x_wconf 58' lang='lat' dir='ltr'>Harpe:</span> 
     </span>
    </p>
   </div>
   <div class='ocr_carea' id='block_1_98' title="bbox 2109 3993 3706 4077">
    <p class='ocr_par' dir='ltr' id='par_1_98' title="bbox 2109 3993 3706 4077">
     <span class='ocr_line' id='line_1_98' title="bbox 2109 3993 3706 4077; baseline -0.002 -22"><span class='ocrx_word' id='word_1_718' title='bbox 2109 3999 2467 4055; x_wconf 78' lang='grc' dir='ltr'>ἐνυποστάτου</span> <span class='ocrx_word' id='word_1_719' title='bbox 2498 3998 2801 4074; x_wconf 77' lang='grc' dir='ltr'>δυνάμεως,</span> <span class='ocrx_word' id='word_1_720' title='bbox 2849 4002 2940 4055; x_wconf 85' lang='grc' dir='ltr'>καὶ</span> <span class='ocrx_word' id='word_1_721' title='bbox 2988 4005 3179 4056; x_wconf 88' lang='grc' dir='ltr'>τοῦτον</span> <span class='ocrx_word' id='word_1_722' title='bbox 3233 3999 3587 4077; x_wconf 67' lang='grc' dir='ltr'>ἱχνηλατῆσας</span> <span class='ocrx_word' id='word_1_723' title='bbox 3630 3993 3706 4059; x_wconf 72' lang='grc' dir='ltr'>ὅση</span> 
     </span>
    </p>
   </div>
   <div class='ocr_carea' id='block_1_99' title="bbox 2113 4085 3707 4163">
    <p class='ocr_par' dir='ltr' id='par_1_99' title="bbox 2113 4085 3707 4163">
     <span class='ocr_line' id='line_1_99' title="bbox 2113 4085 3707 4163; baseline -0.006 -18"><span class='ocrx_word' id='word_1_724' title='bbox 2113 4087 2361 4162; x_wconf 69' lang='grc' dir='ltr'>δύναμις,</span> <span class='ocrx_word' id='word_1_725' title='bbox 2391 4086 2480 4144; x_wconf 74' lang='grc' dir='ltr'>καὶ</span> <span class='ocrx_word' id='word_1_726' title='bbox 2543 4089 2794 4163; x_wconf 73' lang='grc' dir='ltr'>μιμητὴς</span> <span class='ocrx_word' id='word_1_727' title='bbox 2845 4094 2978 4144; x_wconf 89' lang='grc' dir='ltr'>Θεοῦ</span> <span class='ocrx_word' id='word_1_728' title='bbox 3030 4088 3331 4163; x_wconf 75' lang='grc' dir='ltr'>γενόμενος</span> <span class='ocrx_word' id='word_1_729' title='bbox 3374 4089 3445 4149; x_wconf 86' lang='grc' dir='ltr'>ὡς</span> <span class='ocrx_word' id='word_1_730' title='bbox 3486 4085 3707 4158; x_wconf 83' lang='grc' dir='ltr'>ἀνθρώπῳ</span> 
     </span>
    </p>
   </div>
   <div class='ocr_carea' id='block_1_100' title="bbox 2114 4170 3706 4257">
    <p class='ocr_par' dir='ltr' id='par_1_100' title="bbox 2114 4170 3706 4257">
     <span class='ocr_line' id='line_1_100' title="bbox 2114 4170 3706 4257; baseline -0.006 -24"><span class='ocrx_word' id='word_1_731' title='bbox 2114 4176 2360 4235; x_wconf 70' lang='grc' dir='ltr'>δυνατόν.</span> <span class='ocrx_word' id='word_1_732' title='bbox 2415 4178 2491 4233; x_wconf 83' lang='grc' dir='ltr'><strong>Σὺ</strong></span> <span class='ocrx_word' id='word_1_733' title='bbox 2548 4178 2753 4253; x_wconf 85' lang='grc' dir='ltr'>πέρατα</span> <span class='ocrx_word' id='word_1_734' title='bbox 2808 4177 2911 4253; x_wconf 78' lang='grc' dir='ltr'>γὰρ</span> <span class='ocrx_word' id='word_1_735' title='bbox 2968 4179 3036 4234; x_wconf 81' lang='grc' dir='ltr'>τὰ</span> <span class='ocrx_word' id='word_1_736' title='bbox 3089 4186 3189 4248; x_wconf 81' lang='grc' dir='ltr'>τῆς</span> <span class='ocrx_word' id='word_1_737' title='bbox 3245 4179 3451 4257; x_wconf 73' lang='grc' dir='ltr'>φύσεως</span> <span class='ocrx_word' id='word_1_738' title='bbox 3524 4170 3706 4245; x_wconf 79' lang='grc' dir='ltr'>Γάδειρα</span> 
     </span>
    </p>
   </div>
   <div class='ocr_carea' id='block_1_101' title="bbox 2113 4260 3704 4343">
    <p class='ocr_par' dir='ltr' id='par_1_101' title="bbox 2113 4260 3704 4343">
     <span class='ocr_line' id='line_1_101' title="bbox 2113 4260 3704 4343; baseline -0.003 -21"><span class='ocrx_word' id='word_1_739' title='bbox 2113 4274 2292 4337; x_wconf 71' lang='grc' dir='ltr'>πάσης</span> <span class='ocrx_word' id='word_1_740' title='bbox 2323 4269 2515 4342; x_wconf 81' lang='grc' dir='ltr'>ἀρετῆς</span> <span class='ocrx_word' id='word_1_741' title='bbox 2555 4265 2699 4323; x_wconf 68' lang='grc' dir='ltr'>ἰδέαν</span> <span class='ocrx_word' id='word_1_742' title='bbox 2750 4265 2837 4322; x_wconf 75' lang='grc' dir='ltr'>ἐπὶ</span> <span class='ocrx_word' id='word_1_743' title='bbox 2891 4270 2972 4339; x_wconf 81' lang='grc' dir='ltr'>τῶ</span> <span class='ocrx_word' id='word_1_744' title='bbox 3023 4267 3309 4343; x_wconf 74' lang='grc' dir='ltr'>βαθυτάτῳ</span> <span class='ocrx_word' id='word_1_745' title='bbox 3364 4262 3584 4339; x_wconf 83' lang='grc' dir='ltr'>θεμελίῳ</span> <span class='ocrx_word' id='word_1_746' title='bbox 3632 4260 3704 4325; x_wconf 70' lang='grc' dir='ltr'>τῆς</span> 
     </span>
    </p>
   </div>
   <div class='ocr_carea' id='block_1_102' title="bbox 2037 4348 3704 4451">
    <p class='ocr_par' dir='ltr' id='par_1_102' title="bbox 2037 4348 3704 4451">
     <span class='ocr_line' id='line_1_102' title="bbox 2037 4348 3704 4451; baseline -0.004 -40"><span class='ocrx_word' id='word_1_747' title='bbox 2037 4357 2490 4451; x_wconf 70' lang='grc' dir='ltr'>Βταπεινώσεως</span> <span class='ocrx_word' id='word_1_748' title='bbox 2546 4354 2930 4429; x_wconf 80' lang='grc' dir='ltr'>ᾠκοδόμησας,</span> <span class='ocrx_word' id='word_1_749' title='bbox 2991 4354 3062 4410; x_wconf 82' lang='grc' dir='ltr'>δι’</span> <span class='ocrx_word' id='word_1_750' title='bbox 3118 4358 3185 4424; x_wconf 71' lang='grc' dir='ltr'>ἧς</span> <span class='ocrx_word' id='word_1_751' title='bbox 3244 4356 3411 4431; x_wconf 63' lang='grc' dir='ltr'>’γόνης</span> <span class='ocrx_word' id='word_1_752' title='bbox 3460 4351 3539 4407; x_wconf 85' lang='grc' dir='ltr'>καὶ</span> <span class='ocrx_word' id='word_1_753' title='bbox 3604 4348 3704 4405; x_wconf 80' lang='grc' dir='ltr'>Θεὸς</span> 
     </span>
    </p>
   </div>
   <div class='ocr_carea' id='block_1_103' title="bbox 2116 4436 3704 4518">
    <p class='ocr_par' dir='ltr' id='par_1_103' title="bbox 2116 4436 3704 4518">
     <span class='ocr_line' id='line_1_103' title="bbox 2116 4436 3704 4518; baseline -0.005 -18"><span class='ocrx_word' id='word_1_754' title='bbox 2116 4445 2304 4515; x_wconf 84' lang='grc' dir='ltr'>σώζειν</span> <span class='ocrx_word' id='word_1_755' title='bbox 2339 4443 2620 4516; x_wconf 83' lang='grc' dir='ltr'>εὐδόκησε,</span> <span class='ocrx_word' id='word_1_756' title='bbox 2652 4446 2743 4500; x_wconf 81' lang='grc' dir='ltr'>καὶ</span> <span class='ocrx_word' id='word_1_757' title='bbox 2800 4447 3088 4518; x_wconf 78' lang='grc' dir='ltr'>ἅνθρωπος</span> <span class='ocrx_word' id='word_1_758' title='bbox 3134 4446 3381 4515; x_wconf 84' lang='grc' dir='ltr'>σώζεται.</span> <span class='ocrx_word' id='word_1_759' title='bbox 3433 4438 3583 4499; x_wconf 66' lang='grc' dir='ltr'>Οὐδὲν</span> <span class='ocrx_word' id='word_1_760' title='bbox 3624 4436 3704 4510; x_wconf 58' lang='lat' dir='ltr'>vi?</span> 
     </span>
    </p>
   </div>
   <div class='ocr_carea' id='block_1_104' title="bbox 2111 4523 3702 4612">
    <p class='ocr_par' dir='ltr' id='par_1_104' title="bbox 2111 4523 3702 4612">
     <span class='ocr_line' id='line_1_104' title="bbox 2111 4523 3702 4612; baseline -0.005 -22"><span class='ocrx_word' id='word_1_761' title='bbox 2111 4535 2314 4604; x_wconf 74' lang='grc' dir='ltr'>ταύτης</span> <span class='ocrx_word' id='word_1_762' title='bbox 2343 4535 2739 4612; x_wconf 80' lang='grc' dir='ltr'>ἀσφαλέστερον</span> <span class='ocrx_word' id='word_1_763' title='bbox 2773 4529 3018 4608; x_wconf 79' lang='grc' dir='ltr'>ἔρεισμα.</span> <span class='ocrx_word' id='word_1_764' title='bbox 3087 4535 3153 4590; x_wconf 84' lang='grc' dir='ltr'>Ἡ</span> <span class='ocrx_word' id='word_1_765' title='bbox 3206 4532 3265 4590; x_wconf 67' lang='grc' dir='ltr'>δὲ</span> <span class='ocrx_word' id='word_1_766' title='bbox 3313 4531 3604 4588; x_wconf 82' lang='grc' dir='ltr'>ταπείνωσις</span> <span class='ocrx_word' id='word_1_767' title='bbox 3645 4523 3702 4582; x_wconf 80' lang='grc' dir='ltr'>ὡς</span> 
     </span>
    </p>
   </div>
   <div class='ocr_carea' id='block_1_105' title="bbox 2115 4618 3701 4698">
    <p class='ocr_par' dir='ltr' id='par_1_105' title="bbox 2115 4618 3701 4698">
     <span class='ocr_line' id='line_1_105' title="bbox 2115 4618 3701 4698; baseline -0.003 -20"><span class='ocrx_word' id='word_1_768' title='bbox 2115 4622 2174 4678; x_wconf 67' lang='grc' dir='ltr'>ἐκ,</span> <span class='ocrx_word' id='word_1_769' title='bbox 2204 4624 2436 4686; x_wconf 81' lang='grc' dir='ltr'>πίστεως</span> <span class='ocrx_word' id='word_1_770' title='bbox 2466 4626 2625 4679; x_wconf 81' lang='grc' dir='ltr'>παντί</span> <span class='ocrx_word' id='word_1_771' title='bbox 2659 4642 2763 4678; x_wconf 88' lang='grc' dir='ltr'>που</span> <span class='ocrx_word' id='word_1_772' title='bbox 2814 4620 3007 4693; x_wconf 83' lang='grc' dir='ltr'>δῆλον.</span> <span class='ocrx_word' id='word_1_773' title='bbox 3072 4626 3193 4679; x_wconf 86' lang='grc' dir='ltr'>ΙΙῶν</span> <span class='ocrx_word' id='word_1_774' title='bbox 3247 4624 3346 4698; x_wconf 76' lang='grc' dir='ltr'>γὰρ</span> <span class='ocrx_word' id='word_1_775' title='bbox 3393 4618 3448 4677; x_wconf 73' lang='grc' dir='ltr'>ἄν</span> <span class='ocrx_word' id='word_1_776' title='bbox 3493 4637 3565 4679; x_wconf 82' lang='grc' dir='ltr'>τις</span> <span class='ocrx_word' id='word_1_777' title='bbox 3602 4623 3701 4698; x_wconf 58' lang='grc' dir='ltr'>καθξ</span> 
     </span>
    </p>
   </div>
   <div class='ocr_carea' id='block_1_106' title="bbox 2111 4696 3698 4789">
    <p class='ocr_par' dir='ltr' id='par_1_106' title="bbox 2111 4696 3698 4789">
     <span class='ocr_line' id='line_1_106' title="bbox 2111 4696 3698 4789; baseline -0.006 -21"><span class='ocrx_word' id='word_1_778' title='bbox 2111 4708 2351 4783; x_wconf 79' lang='grc' dir='ltr'>υποϐαίη</span> <span class='ocrx_word' id='word_1_779' title='bbox 2382 4712 2461 4787; x_wconf 82' lang='grc' dir='ltr'>τῷ</span> <span class='ocrx_word' id='word_1_780' title='bbox 2489 4710 2782 4789; x_wconf 73' lang='grc' dir='ltr'>κρείττονι,</span> <span class='ocrx_word' id='word_1_781' title='bbox 2815 4714 2892 4787; x_wconf 79' lang='grc' dir='ltr'>μὴ</span> <span class='ocrx_word' id='word_1_782' title='bbox 2929 4712 3220 4776; x_wconf 75' lang='grc' dir='ltr'>πιστεύσας</span> <span class='ocrx_word' id='word_1_783' title='bbox 3252 4711 3336 4767; x_wconf 83' lang='grc' dir='ltr'>ὅτι</span> <span class='ocrx_word' id='word_1_784' title='bbox 3381 4707 3606 4786; x_wconf 81' lang='grc' dir='ltr'>κρείττων</span> <span class='ocrx_word' id='word_1_785' title='bbox 3632 4696 3698 4755; x_wconf 59' lang='grc' dir='ltr'>λα)</span> 
     </span>
    </p>
   </div>
   <div class='ocr_carea' id='block_1_107' title="bbox 2112 4800 2376 4877">
    <p class='ocr_par' dir='ltr' id='par_1_107' title="bbox 2112 4800 2376 4877">
     <span class='ocr_line' id='line_1_107' title="bbox 2112 4800 2376 4877; baseline 0.008 -21"><span class='ocrx_word' id='word_1_786' title='bbox 2112 4800 2335 4877; x_wconf 74' lang='grc' dir='ltr'>ὕψιστος</span> <span class='ocrx_word' id='word_1_787' title='bbox 2362 4829 2376 4872; x_wconf 85' lang='lat'><strong>;</strong></span> 
     </span>
    </p>
   </div>
   <div class='ocr_carea' id='block_1_108' title="bbox 2182 5003 3697 5093">
    <p class='ocr_par' dir='ltr' id='par_1_108' title="bbox 2182 5003 3697 5093">
     <span class='ocr_line' id='line_1_108' title="bbox 2182 5003 3697 5093; baseline -0.013 -6"><span class='ocrx_word' id='word_1_788' title='bbox 2182 5016 2250 5091; x_wconf 70' lang='grc' dir='ltr'>γ’.</span> <span class='ocrx_word' id='word_1_789' title='bbox 2284 5015 2473 5092; x_wconf 81' lang='grc' dir='ltr'>Λόγων</span> <span class='ocrx_word' id='word_1_790' title='bbox 2508 5013 2567 5071; x_wconf 57' lang='grc' dir='ltr'>δὲ</span> <span class='ocrx_word' id='word_1_791' title='bbox 2604 5014 2829 5093; x_wconf 74' lang='grc' dir='ltr'>πλήρης</span> <span class='ocrx_word' id='word_1_792' title='bbox 2888 5015 2962 5078; x_wconf 76' lang='grc' dir='ltr'>ὡς</span> <span class='ocrx_word' id='word_1_793' title='bbox 3020 5014 3203 5092; x_wconf 79' lang='grc' dir='ltr'>Λόγου</span> <span class='ocrx_word' id='word_1_794' title='bbox 3262 5010 3569 5090; x_wconf 73' lang='grc' dir='ltr'>θεραπευτής</span> <span class='ocrx_word' id='word_1_795' title='bbox 3612 5003 3697 5077; x_wconf 77' lang='grc' dir='ltr'>ἔγε-</span> 
     </span>
    </p>
   </div>
   <div class='ocr_carea' id='block_1_109' title="bbox 2107 5093 3692 5183">
    <p class='ocr_par' dir='ltr' id='par_1_109' title="bbox 2107 5093 3692 5183">
     <span class='ocr_line' id='line_1_109' title="bbox 2107 5093 3692 5183; baseline -0.005 -23"><span class='ocrx_word' id='word_1_796' title='bbox 2107 5105 2308 5183; x_wconf 81' lang='grc' dir='ltr'>γόνεις,</span> <span class='ocrx_word' id='word_1_797' title='bbox 2342 5100 2411 5159; x_wconf 85' lang='grc' dir='ltr'>δι’</span> <span class='ocrx_word' id='word_1_798' title='bbox 2443 5105 2516 5160; x_wconf 83' lang='grc' dir='ltr'>ὢν</span> <span class='ocrx_word' id='word_1_799' title='bbox 2543 5106 2634 5161; x_wconf 82' lang='grc' dir='ltr'>τὸν</span> <span class='ocrx_word' id='word_1_800' title='bbox 2678 5107 2821 5161; x_wconf 84' lang='grc' dir='ltr'>Θεῖον</span> <span class='ocrx_word' id='word_1_801' title='bbox 2857 5106 3052 5179; x_wconf 83' lang='grc' dir='ltr'>Λόγον,</span> <span class='ocrx_word' id='word_1_802' title='bbox 3112 5104 3200 5161; x_wconf 85' lang='grc' dir='ltr'>καὶ</span> <span class='ocrx_word' id='word_1_803' title='bbox 3253 5103 3580 5160; x_wconf 82' lang='grc' dir='ltr'>ὲνυπόστατον</span> <span class='ocrx_word' id='word_1_804' title='bbox 3620 5093 3692 5146; x_wconf 74' lang='grc' dir='ltr'>τοῧ</span> 
     </span>
    </p>
   </div>
   <div class='ocr_carea' id='block_1_110' title="bbox 2111 5184 3693 5273">
    <p class='ocr_par' dir='ltr' id='par_1_110' title="bbox 2111 5184 3693 5273">
     <span class='ocr_line' id='line_1_110' title="bbox 2111 5184 3693 5273; baseline 0.001 -22"><span class='ocrx_word' id='word_1_805' title='bbox 2111 5199 2244 5251; x_wconf 80' lang='grc' dir='ltr'>Θεοῦ</span> <span class='ocrx_word' id='word_1_806' title='bbox 2273 5196 2363 5249; x_wconf 83' lang='grc' dir='ltr'>καὶ</span> <span class='ocrx_word' id='word_1_807' title='bbox 2406 5197 2640 5273; x_wconf 84' lang='grc' dir='ltr'>Πατρὸς,</span> <span class='ocrx_word' id='word_1_808' title='bbox 2699 5194 2789 5251; x_wconf 77' lang='grc' dir='ltr'>διὰ</span> <span class='ocrx_word' id='word_1_809' title='bbox 2848 5196 3164 5268; x_wconf 73' lang='grc' dir='ltr'>ΙΙνεῦματος</span> <span class='ocrx_word' id='word_1_810' title='bbox 3213 5200 3288 5267; x_wconf 80' lang='grc' dir='ltr'>τῷ</span> <span class='ocrx_word' id='word_1_811' title='bbox 3344 5189 3496 5267; x_wconf 79' lang='grc' dir='ltr'>Πατρὶ</span> <span class='ocrx_word' id='word_1_812' title='bbox 3541 5184 3693 5273; x_wconf 61' lang='grc' dir='ltr'>ἐκήρτζ</span> 
     </span>
    </p>
   </div>
   <div class='ocr_carea' id='block_1_111' title="bbox 2111 5265 3692 5362">
    <p class='ocr_par' dir='ltr' id='par_1_111' title="bbox 2111 5265 3692 5362">
     <span class='ocr_line' id='line_1_111' title="bbox 2111 5265 3692 5362; baseline -0.002 -24"><span class='ocrx_word' id='word_1_813' title='bbox 2111 5287 2199 5358; x_wconf 84' lang='grc' dir='ltr'>ξας</span> <span class='ocrx_word' id='word_1_814' title='bbox 2261 5284 2581 5358; x_wconf 73' lang='grc' dir='ltr'>ὁμοούσιον,</span> <span class='ocrx_word' id='word_1_815' title='bbox 2641 5282 2842 5361; x_wconf 80' lang='grc' dir='ltr'>γονάδα</span> <span class='ocrx_word' id='word_1_816' title='bbox 2902 5288 3086 5362; x_wconf 82' lang='grc' dir='ltr'>σαφῶς</span> <span class='ocrx_word' id='word_1_817' title='bbox 3170 5282 3359 5340; x_wconf 77' lang='grc' dir='ltr'>εἰδέναι</span> <span class='ocrx_word' id='word_1_818' title='bbox 3437 5279 3484 5335; x_wconf 79' lang='grc' dir='ltr'>έν</span> <span class='ocrx_word' id='word_1_819' title='bbox 3549 5265 3692 5347; x_wconf 70' lang='grc' dir='ltr'>Τρεαδι</span> 
     </span>
    </p>
   </div>
   <div class='ocr_carea' id='block_1_112' title="bbox 2110 5368 3691 5449">
    <p class='ocr_par' dir='ltr' id='par_1_112' title="bbox 2110 5368 3691 5449">
     <span class='ocr_line' id='line_1_112' title="bbox 2110 5368 3691 5449; baseline -0.008 -21"><span class='ocrx_word' id='word_1_820' title='bbox 2110 5374 2613 5449; x_wconf 85' lang='grc' dir='ltr'>προσκυνουμένην,</span> <span class='ocrx_word' id='word_1_821' title='bbox 2672 5375 2761 5429; x_wconf 80' lang='grc' dir='ltr'>καὶ</span> <span class='ocrx_word' id='word_1_822' title='bbox 2819 5372 3029 5447; x_wconf 84' lang='grc' dir='ltr'>Τριάδα</span> <span class='ocrx_word' id='word_1_823' title='bbox 3080 5373 3156 5439; x_wconf 85' lang='grc' dir='ltr'>εἷς</span> <span class='ocrx_word' id='word_1_824' title='bbox 3215 5368 3413 5448; x_wconf 81' lang='grc' dir='ltr'>μονάδα</span> <span class='ocrx_word' id='word_1_825' title='bbox 3487 5368 3691 5435; x_wconf 61' lang='grc' dir='ltr'>ἀνακεφα-</span> 
     </span>
    </p>
   </div>
   <div class='ocr_carea' id='block_1_113' title="bbox 2111 5451 3687 5543">
    <p class='ocr_par' dir='ltr' id='par_1_113' title="bbox 2111 5451 3687 5543">
     <span class='ocr_line' id='line_1_113' title="bbox 2111 5451 3687 5543; baseline -0.009 -25"><span class='ocrx_word' id='word_1_826' title='bbox 2111 5460 2471 5538; x_wconf 84' lang='grc' dir='ltr'>λαιουμένην,</span> <span class='ocrx_word' id='word_1_827' title='bbox 2503 5461 2806 5541; x_wconf 81' lang='grc' dir='ltr'>παράδοξόν</span> <span class='ocrx_word' id='word_1_828' title='bbox 2857 5484 2977 5519; x_wconf 89' lang='grc' dir='ltr'>τινα</span> <span class='ocrx_word' id='word_1_829' title='bbox 3025 5463 3283 5543; x_wconf 84' lang='grc' dir='ltr'>φέρουσαν</span> <span class='ocrx_word' id='word_1_830' title='bbox 3322 5462 3416 5530; x_wconf 77' lang='grc' dir='ltr'>τὴν</span> <span class='ocrx_word' id='word_1_831' title='bbox 3458 5451 3611 5512; x_wconf 72' lang='grc' dir='ltr'>ἕνωσίν</span> <span class='ocrx_word' id='word_1_832' title='bbox 3648 5463 3687 5499; x_wconf 70' lang='grc' dir='ltr'>τε</span> 
     </span>
    </p>
   </div>
  </div>
