3958 6198
189 374 293 433 765

1258 366 1627 430 LAUDATIO
1660 369 1721 427 Β.
1759 363 1962 424 JOAN.
2000 365 2519 423 CHBYBOBTOMI.

3479 370 3589 434 766

188 499 272 556 καὶ
302 494 585 571 διαίρεσιν.
615 490 752 553 Οϐτε
774 495 837 551 τὸ
890 494 1092 551 ἓνιαῖον
1152 496 1587 572 συγκεχυμίνον,
1615 489 1738 548 οὔτε
1766 491 1819 546 τε

1972 504 2075 562 [uae
2107 490 2391 546 unionem
2415 490 2982 563 distinctionemque
3006 491 3266 551 humano
3298 502 3471 570 captu
3488 516 3585 559 su-

189 588 393 664 τρισσὸν
430 584 499 641 δι’
533 583 710 659 ἄμπαξ
753 582 1153 661 διαιρούμενον·
1215 584 1266 641 ἰν
1326 586 1532 660 θατέρῳ
1589 578 1647 638 δὲ
1704 599 1826 637 συν-

192 677 517 753 τηρούμενον
552 676 793 748 θσὶτερον,
842 674 895 731 ἐν
954 679 1023 749 τῇ
1084 676 1273 731 ὲνώσει
1333 677 1425 749 μὲν
1483 677 1582 743 τῆς
1636 671 1825 733 οὐσίας

193 774 291 824 τῶν
322 766 663 821 ύποστάσεων
689 765 752 819 τὸ
782 762 981 819 ἑιιαῑὸν
1022 784 1081 820 τε
1137 765 1226 819 καὶ
1281 772 1381 834 τῆς
1415 763 1623 843 φύσεως
1654 763 1827 836 ἀπαρ-

191 856 476 913 άλλακτον.
538 857 710 908 Ταῦτα
760 860 934 909 πᾶσαν
992 855 1094 923 τὴν
1159 852 1483 927 οἰκουμένην
1563 848 1824 921 ἐδίδαξας,

199 947 313 1021 μίαν
343 944 571 1015 ϐιότητα
597 943 1027 1018 τρισυπόστατον
1061 942 1112 999 ἐν
1150 948 1249 1017 μιᾷ
1303 948 1411 999 τῶν
1467 942 1637 1011 αὐτῆς
1694 942 1825 996 ὑπο-

190 1036 410 1089 στάσεων
444 1031 648 1093 ὁλικῶς
705 1034 843 1104 ἡμῖν
896 1033 1325 1102 κοινωνήσασανο
1388 1032 1423 1099 ἡ
1483 1027 1541 1085 δὲ
1598 1028 1737 1084 ἐστιν
1797 1025 1825 1082 ὁ

190 1124 302 1185 Υἱὸς
330 1126 425 1177 τοῦ
449 1125 587 1178 Θεοῦ
642 1121 733 1175 καὶ
791 1120 990 1197 Λόγος,
1054 1122 1081 1176 ὁ
1140 1120 1353 1189 ἀπαθὴς
1400 1121 1619 1193 παθητῇ
1674 1116 1824 1196 φύσει

190 1213 478 1285 ἱνούμενος,
536 1211 627 1266 καὶ
682 1213 851 1265 ταῦτα
930 1208 1095 1265 οἱονεὶ
1156 1208 1535 1286 ὑφιστάμενος,
1588 1208 1679 1262 καὶ
1729 1210 1827 1262 τοῦ

190 1303 305 1357 εἶναι
351 1300 688 1375 ἀρχόμενος,
744 1298 1113 1375 σαρκούμενός
1166 1318 1225 1354 τε
1270 1298 1360 1354 καὶ
1416 1298 1823 1373 παχυνόμενος,

195 1389 565 1451 καὶὸἀπλοῦς
621 1393 689 1463 τῇ
750 1388 903 1466 φύσει
968 1388 1178 1463 φύσεως
1235 1387 1549 1463 προσλήψει
1588 1388 1825 1451 συντιθε-

195 1500 360 1552 μενος,
416 1480 505 1533 καὶ
568 1476 771 1557 διφυὴς
826 1476 1052 1547 ἀληθῶς
1105 1477 1531 1554 γνωριζόμενος,
1600 1477 1675 1540 ὡς
1730 1474 1825 1531 δύο

189 1569 354 1644 ονξισεις
383 1567 564 1643 φέρων
594 1568 729 1640 μετὰ
760 1568 883 1635 ’τὴν
946 1563 1164 1633 ἕνωσιν,
1222 1565 1272 1637 ἐξ
1304 1564 1375 1619 ὧν
1429 1561 1483 1620 ἓν
1518 1564 1657 1620 ἐστιν
1692 1567 1823 1640 ἅπερ

186 1658 508 1732 κηρύττεταιο
540 1659 773 1718 τελείως
837 1653 1068 1732 ἔχουσαν
1130 1654 1357 1726 ἑκάστην
1415 1656 1550 1710 κατά
1576 1656 1667 1709 τὸν
1698 1654 1823 1730 ὅρον

189 1769 235 1804 τι
258 1748 339 1803 καὶ
368 1746 531 1822 λόγον
565 1752 661 1802 τὸν
695 1748 915 1816 ἑαυτῆς,
944 1747 1043 1814 τήν
1107 1746 1203 1819 μὶν
1259 1742 1497 1819 ἄναρχόν
1529 1765 1587 1799 τε
1626 1743 1716 1798 καὶ
1766 1744 1825 1798 ἃς

184 1857 399 1907 κτιστον,
430 1837 532 1905 τήν
568 1833 630 1891 δὲ
658 1836 946 1911 ἠργμένην
976 1854 1035 1891 τε
1091 1832 1181 1890 καὶ
1214 1833 1559 1908 ἐκτισμένην⁸
1592 1834 1692 1903 τὴν
1729 1833 1823 1907 μὶν

190 1928 374 1996 ἀπαθῆ,
408 1925 671 1999 ἀόρατον,
734 1924 937 2002 ἀναφῆ,
992 1924 1416 2002 ἀπερίγραπτον,
1472 1924 1573 1992 τὴν
1607 1921 1665 1977 δὲ
1720 1943 1827 1977 πα-

189 2017 340 2086 θητήν
368 2036 426 2070 τε
454 2014 549 2070 καὶ
584 2014 897 2088 ὁρωμένην,
925 2015 1014 2069 καὶ
1050 2015 1250 2083 ἆπτήν,
1303 2015 1392 2068 καὶ
1426 2014 1821 2089 περιγραπτήν

186 2105 457 2173 Θελητικήν
512 2104 799 2179 ἑκατέραν,
884 2101 975 2158 καὶ
1033 2102 1399 2177 αὐτεξούσιον,
1455 2104 1546 2157 καὶ
1603 2100 1826 2177 ἐνεργη-

185 2197 346 2263 τικήν,
379 2193 538 2256 αὐτὸς
604 2198 767 2248 τοῦτο
827 2192 1045 2247 κάκεῖνο
1104 2197 1304 2262 τεΛῶν,
1361 2193 1389 2247 ὁ
1440 2193 1517 2255 εἴς
1573 2191 1825 2266 Χριστὸς,

184 2285 261 2339 καὶ
290 2284 426 2350 Υἱὸς,
479 2284 574 2339 καὶ
635 2282 858 2356 Κύριος·
906 2288 1009 2349 τῆς
1063 2282 1157 2355 μὶν
1217 2282 1523 2357 ὁργανικῶς
1578 2278 1825 2353 λειτουρ-

187 2374 562 2450 γησᾶσης,τῇς
615 2369 673 2427 δὲ
731 2370 1065 2433 δεσποτικῶς
1125 2370 1512 2445 ἐνεργησάσης·
1574 2370 1826 2443 ἑκατέρας

189 2464 273 2531 τήν
326 2461 523 2517 οἷκείαν
589 2460 863 2537 ἑνίργειάν
920 2481 979 2516 τε
1025 2460 1115 2515 καὶ
1190 2460 1532 2530 αὐτεξούσιον
1613 2458 1825 2529 κίνησιν

189 2551 423 2627 Eludant:-
448 2552 627 2607 αὐτοῦ
657 2549 714 2606 δὶ
740 2555 838 2606 τοῦ
879 2551 995 2613 ἑνὸς
1049 2552 1211 2605 τοῦτο
1267 2548 1485 2605 κάκεῖνο
1513 2549 1825 2618 τελοῦντος,

191 2639 248 2695 δι’
267 2641 461 2716 ἀμφοῖν
491 2643 603 2711 τήν
635 2643 797 2714 ἡμῶν
841 2640 1309 2715 κατεργασαμένου
1370 2641 1639 2715 σωτήριον
1700 2638 1824 2694 ἅνα-

190 2730 414 2800 καίνισιν,
448 2732 528 2807 ἐφ’
562 2731 617 2803 ᾦ
648 2734 944 2803 συμπαθῶς
973 2729 1161 2786 ἑαυτὸν
1191 2730 1476 2785 κεκινωκι.

1858 1874 1905 1943 Β

1938 583 2232 653 periorem
2258 584 2494 652 habeat,
2537 582 2762 639 unitate
2813 585 3053 656 quidem
3086 587 3474 658 confusionis,
3530 599 3587 650 et

1936 674 2195 727 ternario
2228 673 2534 728 divisionis
2559 680 2797 745 experte
2818 690 3062 746 prorsus
3076 676 3580 747 persistenteQuo

1936 762 2003 817 ﬁt
2022 769 2086 817 ut
2114 763 2365 817 alterum
2399 762 2457 817 in
2489 763 2674 818 altero
2694 763 2768 818 sit
2800 765 3060 831 salvum;
3092 766 3152 821 in
3176 766 3398 822 unione
3420 768 3583 823 scili-

1934 857 2029 906 cet
2059 852 2406 907 substantim
2436 853 2632 907 unitas
2688 867 3099 924 personarum,
3135 862 3192 910 et
3219 862 3447 912 natura:
3479 873 3585 930 per

1935 942 2136 997 omnia
2166 941 2574 998 conformitas.
2601 943 2733 997 Haec
2778 942 3031 999 docuisti
3082 945 3285 1001 orbem
3344 948 3586 1004 univer-

1936 1045 2089 1099 sum,
2122 1031 2401 1086 deitatem
2433 1047 2614 1086 unam
2646 1032 2706 1085 in
2738 1032 2926 1087 tribus
2957 1034 3395 1106 hypostasibus,
3448 1055 3579 1109 quae

1935 1120 1997 1173 in
2027 1120 2434 1191 hypostasium
2469 1136 2710 1175 suarum
2744 1136 2862 1177 una
2893 1121 3066 1193 plene
3087 1124 3259 1179 nobis
3291 1126 3581 1196 perfecte-

1935 1222 2049 1279 que
2073 1209 2508 1264 communicata
2540 1210 2635 1265 sit.
2691 1211 2823 1266 Hinc
2880 1217 3079 1267 autem
3139 1211 3241 1268 Dei
3296 1213 3477 1271 Filius
3527 1220 3587 1273 et

1934 1298 2188 1353 Verbum
2225 1304 2312 1353 est
2341 1300 2441 1369 qui
2474 1315 2609 1355 cum
2642 1300 2887 1356 minime
2919 1304 3039 1373 pati
3071 1308 3289 1375 posset,
3325 1322 3458 1360 cum
3483 1323 3584 1377 pa-

1935 1387 2087 1442 tibili
2120 1394 2332 1442 natura
2384 1390 2694 1460 copulatus
2724 1390 2855 1458 fuit,
2901 1408 3209 1464 unumque
3245 1399 3303 1449 et
3332 1394 3489 1450 idem
3521 1412 3589 1451 ac

1935 1477 2065 1548 ipsa
2093 1477 2271 1531 veluti
2292 1478 2644 1545 subsistens,
2680 1484 2886 1535 etesse
2921 1482 3234 1553 incipiens,
3286 1490 3592 1556 assumpta

1936 1582 2134 1634 carne,
2184 1568 2451 1621 crassitie
2502 1568 2746 1622 vestitus
2796 1569 2926 1625 fuit.
2980 1571 3145 1626 Unde
3200 1590 3330 1628 cum
3375 1579 3589 1631 natura

1937 1657 2187 1728 simplex
2219 1662 2632 1722 esset,natura)
2666 1661 3042 1731 susceptione
3062 1663 3427 1734 compositus
3450 1680 3586 1719 eva-

1938 1748 2035 1814 sit,
2067 1746 2321 1817 duplicis
2365 1762 2567 1801 revera
2624 1754 2851 1803 natura)
2912 1750 3225 1816 exsistens,
3290 1757 3583 1823 quatenus

1937 1842 2181 1892 naturas
2212 1836 2357 1892 duas
2386 1843 2519 1908 post
2547 1838 3137 1911 unitionemgerit,ex
3162 1841 3377 1913 quibus
3399 1860 3586 1899 unum

1936 1926 2061 1997 ipse
2095 1931 2203 1990 est,
2236 1942 2366 1997 qua)
2428 1942 2554 1981 esse
2613 1926 2971 1998 prmdicatur
3004 1930 3124 1985 :ita
3155 1936 3220 1985 ut
3266 1937 3584 2003 utramque

1938 2015 2153 2071 habeat
2184 2015 2509 2071 secundum
2544 2016 2854 2088 utriusque
2889 2017 3299 2075 definitionem
3323 2027 3379 2077 et
3403 2020 3587 2078 ratio-

1936 2120 2073 2159 nem
2109 2120 2121 2172 ;
2150 2120 2329 2159 unam
2354 2105 2593 2175 quidem
2626 2107 2905 2178 principii
2939 2113 3241 2180 expertem
3276 2111 3585 2167 etincrea-

1935 2199 2078 2261 tam,
2114 2194 2415 2265 inceptam
2447 2194 2695 2249 alteram
2727 2200 2785 2249 et
2812 2201 3071 2251 creatam
3099 2214 3111 2253 :
3144 2215 3326 2254 unam
3349 2199 3585 2272 impati-

1936 2283 2697 2355 bilem,invisibilem,tangi
2731 2286 3017 2354 nesciam,
3050 2303 3117 2342 ac
3144 2288 3583 2358 circumscribi;

1937 2374 2183 2429 alteram
2235 2374 2561 2445 patibilem,
2609 2374 3053 2445 aspectabilem,
3108 2377 3478 2435 tractabilem
3530 2384 3589 2435 et

1938 2464 2489 2533 circumscriptam:
2522 2467 2839 2534 utramque
2865 2464 3189 2536 voluntate,
3224 2467 3453 2523 arbitrii
3516 2470 3585 2523 li-

1936 2553 2185 2620 bertate,
2219 2557 2277 2608 et
2306 2552 2647 2624 operatione
2690 2554 3064 2623 instructam,
3099 2561 3164 2610 ut
3203 2557 3327 2628 ipse
3386 2558 3496 2613 hoc
3530 2561 3589 2614 et

1937 2641 2087 2697 illud
2119 2642 2377 2705 exsistat,
2414 2642 2680 2696 Christus
2712 2659 2887 2710 unus,
2912 2644 3213 2716 Filiusque
3278 2651 3333 2702 et
3391 2648 3588 2701 Domi-

1937 2747 2051 2785 nus
2087 2748 2099 2796 ;
2133 2730 2235 2785 illa
2266 2731 2648 2785 instrumenti
2683 2748 2845 2786 more
2873 2732 3389 2800 ministrante,hac
3413 2734 3587 2791 herili

190 2826 450 2893 potestate
481 2828 739 2895 agente;
777 2827 1025 2893 utraque
1056 2821 1297 2876 demum
1332 2821 1634 2893 propriam
1686 2820 1981 2875 actionem
2032 2820 2407 2890 liberumque
2465 2826 2688 2874 motum
2752 2826 3095 2887 exserente;
3130 2827 3424 2893 quatenus
3456 2824 3585 2895 ipse

188 2920 321 2959 unus
350 2904 457 2959 hoc
481 2910 541 2958 et
576 2902 732 2957 illud
762 2902 1011 2967 exsistit,
1046 2908 1107 2957 et
1162 2919 1268 2973 per
1296 2908 1615 2973 utrumque
1662 2902 1983 2957 salutarem
2041 2901 2488 2955 renovationem
2548 2906 2811 2956 nostram
2860 2902 3130 2973 patravit,
3182 2904 3352 2976 cujus
3396 2906 3585 2978 gratia

189 2995 421 3065 seipsum
452 2993 986 3048 commiseratione
1020 2996 1214 3047 motus
1245 2992 1567 3047 exinanivit
1589 2992 1631 3048 ⁷.

252 3088 312 3149 δ’.
336 3094 515 3148 Ταῦτα
556 3089 754 3165 μαθὼν
805 3087 1071 3163 ἐδίδαξας,
1126 3088 1214 3145 καὶ
1269 3090 1488 3153 τούτοις
1532 3085 1820 3145 ἐποικοδοο
1854 3090 1897 3158 C

198 3186 295 3253 μεῖν
324 3182 552 3248 τὴντῶν
594 3180 833 3255 ἀρίστων
891 3176 1063 3256 ἔργων
1121 3186 1408 3255 χρυσαυγῆ
1463 3199 1523 3234 τε
1577 3179 1669 3234 καὶ
1728 3179 1825 3254 ἆρ-

195 3277 470 3349 γυροφεγγῆ
505 3269 861 3343 εὐπρέπειαν
894 3269 971 3331 ὡς
1014 3267 1074 3323 ἃν
1139 3270 1215 3338 μή
1272 3274 1354 3342 τῷ
1408 3274 1638 3344 κριτικῷ
1693 3268 1824 3345 πυρὶ

194 3359 568 3428 πλησιάσαντες
658 3355 1033 3436 φρυγανώδεις
1120 3354 1270 3420 ὄντες
1381 3358 1814 3432 ἀναλωθείημεν·

190 3446 334 3503 πλέον
365 3447 539 3504 δὲκαὶ
572 3446 751 3503 πλέον
808 3447 1234 3523 καθαρθείημεν,
1287 3445 1664 3519 δαπανώμενοι
1728 3448 1823 3520 μὲν

192 3536 297 3591 ὅσον
317 3534 607 3609 κίϐδηλον,
642 3536 734 3592 καὶ
766 3535 991 3612 καθαροὶ
1027 3541 1251 3612 καθαρῷ
1278 3542 1357 3609 τῷ
1418 3540 1674 3612 μυροῦντι
1733 3536 1824 3591 καὶ

188 3628 368 3682 Θεοῦντι
396 3628 869 3696 συναιωνίζοντες.
929 3624 1025 3688 Τίς
1088 3646 1180 3699 μοι
1214 3624 1338 3695 δοίη
1398 3624 1647 3702 γλῶσσαν
1675 3625 1821 3697 ἀξίαν

188 3724 269 3785 τῆς
298 3717 561 3794 εὐφημίας
600 3737 617 3788 ;
652 3717 751 3779 Τίς
787 3734 854 3790 με
894 3714 1010 3786 θείη
1072 3714 1172 3771 ἂνά
1227 3714 1435 3790 ἡμέραν
1480 3716 1580 3783 τήν
1613 3708 1820 3788 ἔμπρο-

192 3817 310 3874 σθεν,
338 3806 422 3861 ὅτε
450 3806 613 3882 ηὕγει
649 3810 756 3880 πῦρ
810 3807 952 3860 Θεῖον
1012 3802 1397 3881 γλωσσοειδῶς
1454 3802 1821 3877 τυπούμενον,

192 3893 519 3971 ἐῖι⁹ὶκάτερόν
551 3916 614 3952 τε
643 3900 754 3950 τῶν
818 3893 1138 3950 ἀποστόλων
1199 3890 1451 3958 ἒνοειδῶς
1504 3893 1593 3949 καὶ
1644 3893 1819 3950 πολυ-

200 3992 352 4057 μερῶς
408 3987 845 4060 ἀναπαυόμενον,
878 3986 953 4049 ὡς
1000 3983 1059 4041 ἄν
1113 3986 1175 4041 τὸ
1233 3985 1431 4040 ἑνιαῖον
1490 3983 1665 4059 δόγμα
1719 3991 1822 4055 τῆς

192 4076 397 4139 πίστεως
427 4076 479 4133 ἐν
512 4072 889 4150 πολυσχεδὲσι
928 4075 1206 4153 γλώσσαις
1259 4074 1658 4151 καταγγελθείη
1696 4097 1822 4130 συν-

194 4164 297 4236 άγον
343 4166 413 4227 εἷς
464 4165 519 4222 ἓν
577 4168 652 4222 τὰ
710 4163 996 4237 διεστῶτα,
1056 4164 1454 4235 καταλυθείσης
1486 4171 1583 4234 τῆς
1643 4163 1819 4220 πολυ-

193 4252 388 4329 σχιδοίς
418 4256 661 4326 πλάνης,
693 4256 831 4329 πρὸς
869 4252 935 4324 ἤν
993 4260 1175 4317 κακῶς
1204 4253 1531 4324 ὡμονόησαν
1561 4255 1613 4308 οἱ
1644 4251 1813 4308 πάλαι

193 4348 690 4417 πυργοποιήσαντες,
750 4345 841 4400 καὶ
901 4344 1090 4417 μισθὸν
1138 4338 1337 4398 ἔλαϐον
1413 4347 1514 4409 τῆς
1571 4339 1817 4406 ἀσεϐείας

2009 3090 2063 3143 4.
2093 3091 2225 3145 Ηωο
2252 3106 2385 3145 cum
2418 3090 2750 3155 didicisses,
2784 3090 3058 3160 docuisti,
3103 3096 3170 3148 ut
3201 3093 3258 3148 in
3308 3092 3400 3150 his
3432 3110 3583 3166 quo-

1936 3194 2052 3251 que
2085 3178 2237 3235 888
2272 3196 2517 3235 aureum
2546 3186 2603 3235 et
2645 3186 2990 3254 argenteum
3035 3184 3395 3255 optimorum
3428 3201 3577 3257 ope-

1934 3285 2066 3325 rum
2087 3270 2361 3325 decorem
2395 3275 2941 3339 exstrueremus,ne
2956 3272 3003 3326 si
3034 3273 3263 3344 stipula:
3295 3290 3582 3344 essemus,

1934 3359 2368 3430 adjudicialem
2396 3359 2590 3432 ignem
2607 3376 2740 3415 cum
2762 3361 3581 3433 accedemus,consumamur;

1934 3448 2077 3520 quin
2117 3450 2305 3521 magis
2373 3450 2677 3521 magisque
2726 3466 3067 3522 purgemur.
3123 3457 3209 3518 ut,
3268 3452 3581 3525 absumpto

1933 3538 2223 3609 quidquid
2256 3539 2462 3593 scoriao
2496 3540 2772 3611 supersit,
2806 3539 3167 3613 obtentaque
3190 3541 3580 3609 munditie,in

1934 3632 2223 3682 aeternum
2256 3644 2391 3682 cum
2435 3644 2503 3683 eo
2551 3628 2832 3697 vivamus,
2888 3630 3058 3701 cujus
3116 3629 3248 3703 igne
3308 3630 3580 3689 succensi

1932 3715 2263 3771 efficiemur
2290 3716 2539 3782 dii.Quis
2570 3718 2717 3772 mihi
2749 3717 3011 3791 linguam
3031 3718 3408 3791 tribuat,qum
3428 3739 3581 3793 prm-

1932 3807 2119 3861 coniis
2152 3807 2268 3861 tuis
2299 3807 2674 3863 celebrandis
2707 3809 2782 3863 sit
2808 3807 2989 3881 digna
3015 3809 3043 3864 ‘?
3072 3808 3211 3875 Quis
3242 3827 3335 3865 me
3386 3815 3581 3867 trans—

1930 3896 2085 3951 ferre
2117 3897 2307 3952 valeat
2336 3914 2397 3952 ιη
2430 3897 2741 3969 pristinam
2784 3898 2949 3953 illam
2983 3898 3162 3967 diem,
3197 3918 3314 3971 qua
3343 3900 3578 3959 divinus

1930 3986 2031 4042 ille
2063 3986 2215 4058 ignis
2246 3987 2307 4041 in
2328 3986 2545 4060 linguas
2578 3988 2839 4059 speciem
2874 3989 3179 4061 figuratus,
3214 3991 3275 4044 in
3328 3993 3579 4065 singulis

1932 4076 2219 4147 apostolis
2246 4092 2365 4131 una
2390 4076 2580 4132 forma
2611 4093 2676 4131 ac
2708 4077 2914 4132 multis
2956 4078 3145 4132 modis
3176 4080 3480 4149 requievit,
3515 4085 3581 4136 ut

1928 4182 2116 4220 unum
2143 4166 2279 4221 ﬁdei
2314 4166 2527 4239 dogma
2548 4165 2861 4237 multiplici
2880 4166 3080 4238 lingua
3094 4168 3573 4239 annuntiaretur,

1928 4256 2148 4310 coactis
2180 4255 2241 4309 in
2269 4271 2453 4310 unum
2488 4272 2617 4326 qua:
2644 4256 3029 4321 dissidebant,
3068 4255 3380 4325 solutoque
3420 4257 3576 4311 mul-

1927 4344 2093 4400 tifido
2129 4361 2352 4410 errore,
2386 4345 2445 4399 in
2477 4362 2650 4415 quem
2685 4344 3168 4415 conspiraverant
3204 4346 3346 4400 olim
3394 4346 3573 4402 turris

192 4433 273 4501 τήν
298 4438 621 4511 σδγχυτικὴν
675 4441 776 4504 τῆς
832 4433 1115 4508 γλώσσης,
1164 4432 1254 4487 καὶ
1312 4431 1383 4488 δι’
1440 4433 1611 4504 αὐτῆς
1668 4434 1808 4508 γνώο

1972 4439 2587 4506 rstructores,accepta
2601 4434 2922 4506 impietatis
2936 4433 3206 4489 mercede
3222 4434 3571 4491 confusione

195 4541 283 4591 μης
312 4521 559 4597 διαίρεσιν
598 4544 614 4593 ;
647 4523 750 4585 Τίς
786 4543 877 4595 μοι
908 4522 1112 4593 ταύτης
1150 4519 1412 4596 μεταδοίη
1470 4529 1571 4593 τῆς
1628 4520 1809 4599 γλώσο

191 4629 272 4679 σης
298 4617 384 4667 τοῦ
418 4614 759 4685 ΙΙνεύμοιτος,
794 4613 867 4674 ὡς
928 4611 988 4666 ἄν
1045 4614 1113 4668 τὰ
1167 4610 1328 4667 τοῦδε
1358 4612 1468 4679 ,τοῦ
1499 4633 1809 4687 πνευματο-

189 4702 333 4775 φόρου
361 4704 551 4776 ἀνδρὸς
596 4705 666 4760 τα
729 4704 862 4779 ὑπὲρ
922 4705 1080 4770 φύσιν
1137 4704 1439 4780 ἐξαγγείλω
1472 4703 1807 4776 πλεονεκτή-

194 4812 313 4863 ματα
341 4811 353 4861 ;
386 4796 633 4857 Ὠκεανὸς
665 4792 896 4849 ἐνταῦθα
953 4795 1184 4867 παρήτω
1247 4792 1454 4869 λόγων,
1514 4795 1807 4867 νοημάτων

187 4900 235 4934 τε
262 4878 494 4953 ἄϐυσσος,
538 4882 667 4939 ἀλλ’
726 4883 836 4939 οὐχ
892 4882 1098 4938 ὑπείκει
1160 4881 1347 4960 λόγοις
1407 4886 1442 4953 ἡ
1502 4883 1666 4959 χάρις
1713 4887 1810 4939 τοῦ

190 4970 491 5045 Πνεύματος.
522 4975 580 5027 Ὀ
612 4973 716 5049 γὰρ
777 4974 902 5027 ἄνευ
955 4977 1051 5027 τοῦ
1109 4972 1429 5045 Πνεύματος
1469 4972 1809 5049 βουλόμενος

191 5056 337 5133 λέγειν
362 5063 425 5116 τὰ
450 5068 546 5118 τοῦ
599 5062 936 5136 Πνεύματος,
1000 5062 1182 5140 φωτὸς
1241 5060 1363 5117 ἄνευ
1426 5060 1646 5139 βλέπειν
1680 5083 1810 5138 προς

192 5157 412 5224 αιρεῖται,
445 5154 532 5208 καὶ
564 5153 756 5208 σκότον
805 5152 922 5228 ἔχει
980 5150 1223 5228 ποδηγὸν
1282 5159 1384 5223 τῆς
1420 5153 1679 5229 ὁράσεως.
1714 5153 1806 5208 Διὸ

188 5239 327 5294 πάλιν
356 5243 486 5317 πρὸς
537 5244 694 5298 αὐτὸν
755 5242 1007 5316 ἐπάνειμι
1057 5244 1147 5298 τὸν
1207 5247 1300 5298 νῦν
1360 5242 1805 5318 εύφημούμενον,

190 5325 231 5399 ἐξ
252 5329 397 5385 αύτοῦ
441 5332 513 5395 ὡς
548 5332 693 5387 θείου
752 5331 1083 5406 λαμπτῆρος
1137 5332 1229 5388 τὸν
1289 5332 1496 5409 λύχνον
1556 5332 1803 5388 ἀνάπτων

189 5424 272 5485 τῆς
294 5420 554 5493 γνώσεως,
577 5422 649 5484 ὡς
679 5419 737 5477 ἄν
765 5421 934 5483 αὐτὸς
979 5423 1062 5494 εἱη
1122 5429 1221 5488 τῆς
1283 5421 1557 5503 εὐφημίας
1610 5423 1802 5486 ὑπόθε-

188 5524 273 5575 σις,
297 5510 379 5563 καὶ
406 5514 511 5566 τῶν
537 5508 767 5568 ἐπαίνων
799 5510 1079 5587 χορηγός.

249 5726 267 5763 τ
294 5728 535 5805 Philipp.
572 5748 631 5801 ιι,
663 5734 714 5786 6.

1923 4525 2284 4596 linguarum,
2322 4524 2873 4593 sententiarumque
2918 4522 3063 4578 adeo
3112 4523 3402 4580 discidio?
3432 4525 3573 4590 Quis

1922 4614 2215 4685 ejusmodi
2246 4613 2508 4685 linguam
2530 4612 2781 4684 Spiritus
2804 4612 3089 4668 concedat
3120 4612 3286 4680 mihi,
3320 4630 3436 4685 qua
3465 4614 3574 4668 viri

1921 4704 2103 4775 hujus
2135 4702 2354 4775 Spiritu
2388 4708 2591 4759 sancto
2612 4702 2773 4774 pleni
2795 4702 3231 4774 prmcellentias
3250 4709 3462 4759 natura
3476 4721 3572 4759 su-

1921 4793 2228 4849 blimiores
2251 4793 2532 4849 eil‘eram?
2546 4809 2890 4848 sermonum
2906 4793 3051 4848 mihi
3076 4809 3331 4848 oceanus
3344 4794 3572 4849 utinam

1922 4885 2216 4951 afflueret,
2238 4884 2603 4956 abyssusque
2629 4884 3079 4939 sententiarum.
3120 4884 3329 4938 Verum
3350 4900 3570 4940 sermo-

1921 4975 2097 5029 nibus
2129 4974 2385 5029 obnoxia
2410 4990 2531 5029 non
2565 4977 2654 5028 est
2700 4973 2887 5045 gratia
2935 4974 3206 5045 Spiritus.
3259 4974 3366 5039 Qui
3408 4974 3570 5031 enim

1921 5064 2141 5135 Spiritu
2172 5079 2388 5118 vacuus
2416 5080 2546 5133 quae
2576 5062 2825 5134 Spiritus
2857 5067 2995 5117 sunt
3048 5063 3247 5134 eloqui
3292 5063 3568 5132 voluerit,

1919 5153 2077 5209 idem
2102 5152 2203 5207 ille
2235 5158 2571 5224 praestat,ac
2603 5153 2650 5207 si
2672 5152 2797 5207 sine
2831 5152 3196 5208 luceintueri
3228 5154 3567 5224 contendat,

1920 5260 2054 5299 cum
2073 5241 2301 5296 vivendi
2325 5242 2538 5297 ducem
2562 5242 2743 5296 alium
2768 5259 2888 5297 non
2908 5242 3123 5299 habeat
3140 5243 3254 5299 nisi
3272 5244 3569 5301 tenebras.

1918 5332 2204 5399 Quocirca
2224 5331 2298 5387 ad
2324 5348 2457 5387 eum
2478 5335 2763 5399 revertor,
2798 5349 2974 5402 quem
2994 5350 3151 5389 nunc
3177 5333 3419 5390 laudare
3443 5352 3578 5407 pro-

1918 5422 2368 5495 posui,accensa
2391 5437 2459 5476 ex
2491 5437 2558 5476 eo
2592 5420 2855 5476 scientia:
2888 5421 3150 5493 lucerna,
3185 5423 3346 5479 velut
3378 5441 3447 5479 ex
3479 5423 3570 5479 di-

1916 5512 2053 5568 vina
2082 5511 2276 5567 facula
2297 5510 2576 5583 quadam,
2599 5516 2665 5565 ut
2690 5509 2849 5566 idem
2881 5511 3007 5583 ipse
3049 5517 3109 5568 et
3150 5510 3431 5570 laudandi
3465 5529 3562 5569 ar-

1915 5608 2264 5673 gumentum
2297 5602 2393 5671 sit,
2425 5606 2482 5656 et
2502 5600 2746 5657 laudum
2776 5601 3166 5659 ministrator.
