3926 6200
347 296 454 352 767

425 425 476 477 5.
519 417 734 490 Ecquis
793 415 952 472 enim
1012 421 1131 472 tam
1202 416 1456 488 copiosm
1507 415 1798 472 facundiaa
1865 413 2078 483 fuit,A

355 515 529 568 tantm
562 507 894 578 prudentim
926 513 986 561 et
1015 507 1352 579 sagacitatis
1386 524 1398 574 ;
1425 523 1676 577 quorum
1699 519 2008 574 compara-

357 601 434 655 tio
473 599 556 653 sic
591 598 720 652 sine
752 598 1199 668 comparatione
1227 603 1337 660 est,
1379 603 1445 650 ut
1473 595 1721 668 perinde
1779 594 1856 649 sit
1901 591 2007 646 ob-

359 704 596 744 scurum
627 693 761 741 utra
791 692 957 758 parte
1008 686 1343 741 mirabilior
1370 685 1550 741 fuerit
1577 686 1604 740 ‘I
1633 685 1772 750 Quis
1819 683 2009 736 forma

354 779 639 833 virtutum
673 778 756 830 sic
792 775 1035 844 exstitit,
1060 781 1160 831 aut
1190 793 1453 846 unquam
1486 775 1762 837 innotuit,
1785 778 1851 828 ut
1880 788 2006 826 ver-

354 869 444 923 bis
477 867 692 938 quibus
726 865 1144 920 institueretur
1171 883 1293 920 non
1325 865 1651 937 indiguerit
1671 864 1698 919 ?
1727 863 1860 934 quis
1881 878 2010 916 ver-

351 957 567 1012 borum
601 956 822 1010 imbres
856 954 940 1009 sic
1002 971 1269 1025 unquam
1328 953 1645 1026 profudit?
1693 971 1823 1024 qua)
1873 967 2010 1006 cum

355 1046 657 1102 actionum
682 1044 1051 1098 consectaria
1074 1044 1574 1105 essent,virtutem
1593 1060 1664 1097 ex
1695 1043 1814 1096 illis
1838 1057 2008 1096 acce-

357 1140 664 1208 perant,ut
685 1140 743 1188 et
773 1134 843 1187 de
877 1150 944 1187 eo
979 1133 1364 1204 pronuntiare
1387 1131 1748 1202 liceat,quod
1773 1131 2010 1185 divinus

358 1226 544 1278 Lucas
577 1223 649 1277 de
678 1224 816 1277 Jesu
840 1223 956 1276 Deo
982 1228 1185 1276 nostro
1213 1240 1224 1276 :
1261 1224 1387 1287 Quae
1410 1224 1579 1291 capit
1602 1225 1787 1290 facere
1818 1227 1869 1274 et
1901 1221 2008 1272 do-

355 1311 554 1367 ccrcg:
591 1311 1078 1381 quandoquidem
1112 1310 1183 1364 ab
1217 1311 1363 1381 ipso,
1384 1316 1506 1364 tum
1540 1326 1688 1371 esse,
1711 1314 1834 1362 tum
1861 1309 2010 1362 bene

354 1419 482 1458 esse
500 1406 705 1455 nactus
739 1399 904 1454 erat?
921 1401 1051 1469 quis
1071 1401 1151 1453 ita
1164 1399 1385 1453 actioni
1401 1397 2010 1468 contemplationique

355 1491 519 1545 dedit
551 1505 817 1559 operam,
840 1495 906 1541 ut
935 1488 1180 1542 calcatis
1213 1489 1409 1542 carnis
1443 1486 1868 1558 voluptatibus,
1902 1501 2013 1539 ceu

355 1597 602 1649 corpore
633 1582 1012 1639 vacaret,una
1043 1593 1178 1632 cum
1202 1582 1315 1631 Deo
1348 1577 1549 1631 divina
1567 1574 2015 1647 specularetur?

361 1670 492 1740 quis
515 1668 588 1722 ad
605 1667 779 1721 ﬁdem
797 1684 978 1737 opera
991 1667 1075 1720 uti
1091 1666 1359 1722 membra
1381 1668 1646 1736 corporis
1664 1665 1735 1720 ad
1750 1665 2014 1720 animam

361 1757 442 1810 ita
463 1753 798 1826 composuit
815 1754 1186 1825 subjecitque
1204 1754 1231 1808 ?
1253 1754 1384 1824 quis
1416 1770 1596 1824 opera
1619 1753 1732 1807 ﬁde
1772 1752 1855 1806 sic
1887 1752 2012 1806 ani-

363 1845 549 1899 mavit
568 1843 875 1914 vividaque
899 1843 1206 1898 reddidit?
1227 1860 1480 1914 quorum
1499 1842 1729 1896 scilicet
1760 1841 2014 1896 alterum

363 1936 490 1990 sine
522 1934 708 1988 altero
733 1933 944 1987 inutile
973 1933 1316 2002 nulliusque
1367 1931 1753 1987 emolumenti
1785 1932 1881 1996 sit,
1933 1936 2014 1985 ta-

361 2023 534 2078 metsi
566 2023 859 2092 quispiam
891 2022 1248 2076 antecellere
1305 2021 1505 2085 ﬁdem,
1566 2021 1724 2075 haud
1758 2020 2013 2075 absurde

364 2129 609 2182 prorsus
638 2110 941 2164 concedat.
979 2110 1118 2175 Quis
1151 2110 1234 2164 sic
1263 2110 1461 2181 gulam
1499 2111 1706 2180 procul
1739 2109 2011 2164 elimina-

1625 293 1688 346 Β.
1726 289 2029 346 JOANNIS
2063 286 2489 342 DAMABCENI

2044 1797 2092 1863 B

3620 290 3708 344 768

2182 415 2239 468 ε’.
2273 409 2373 472 Τίς
2408 410 2501 484 μὶν
2535 407 2677 465 οὕτω
2708 407 2886 472 πολὺς
2918 409 2970 464 έν
3003 406 3155 485 λόγῳ
3190 406 3280 464 καὶ
3317 410 3481 484 μέγας
3530 409 3576 465 έν
3602 433 3712 490 φρει-

2111 503 2283 572 νήσει,
2312 499 2385 555 ὧν
2421 504 2454 571 ἡ
2489 503 2772 576 σύγκρισις
2833 501 3181 578 ἀσύγκριτος,
3239 503 3314 563 ὡς
3372 499 3565 571 ἄδηλον
3610 505 3716 559 εἶναι

2111 590 2330 664 ποτέρῳ
2394 589 2610 664 μᾶλλον
2668 592 2825 654 οὗτος
2881 592 3328 666 θαυμασιώτερος
3388 610 3402 660 ;
3451 591 3540 655 Τίς
3603 593 3716 648 οὕτω

2111 679 2282 742 τύπος
2313 680 2508 756 ἀρετῆς
2541 682 2609 749 ἦν
2641 681 2732 736 καὶ
2766 683 3070 757 ὁρώμενος,
3103 682 3175 742 ὡς
3213 681 3288 753 μὴ
3353 678 3550 744 δεῖσθαι
3584 680 3718 756 λόγου

2112 771 2248 845 πρὸς
2281 767 2558 824 παίδευσιν
2594 791 2608 838 ς
2642 769 2739 827 Τίς
2794 771 2975 844 λόγων
3033 768 3260 845 νιφάδας
3293 769 3473 845 ἐξέχεε
3523 776 3627 833 τοῖς
3650 769 3716 848 ἕρ·

2113 880 2236 934 γοις
2296 857 2658 934 ἐφεπομένας,
2716 858 2775 914 ἐκ
2830 857 3038 914 τούτων
3091 879 3150 914 τε
3215 854 3594 932 λᾶμϐανούσας
3638 863 3714 929 τήν

2116 945 2369 1019 δύναμιν,
2404 948 2478 1009 ὡς
2509 949 2600 1003 καὶ
2631 947 2719 1002 ἐπὶ
2750 946 2948 1002 τούτου
3007 947 3205 1021 λέγειν,
3237 946 3312 1002 ὦν
3365 947 3558 1022 ἤρξατο
3583 954 3721 1004 ποιεῖν

2113 1036 2279 1091 τεκαὶ
2315 1033 2608 1105 διδάσκειν,
2642 1035 2672 1090 ὅ
2720 1036 2846 1110 περὶ
2900 1038 3085 1106 Ἰησοῦ
3139 1039 3236 1089 τοῦ
3296 1039 3432 1089 Θεοῦ
3490 1055 3586 1108 μου
3612 1044 3720 1090 Λου-

2115 1130 2407 1201 κᾶςφησιν
2469 1125 2497 1179 ὁ
2556 1127 2859 1194 θεσπέσιος,
2909 1123 2959 1196 ἐξ
3019 1123 3080 1178 οὗ
3135 1124 3199 1178 τὸ
3249 1123 3408 1191 εἶναι,
3447 1124 3532 1178 καὶ
3583 1126 3635 1178 τὸ
3680 1125 3722 1179 εὖ

2117 1213 2251 1269 εἶναι
2284 1212 2632 1287 κεκλήρωται
2669 1233 2682 1283 ;
2715 1213 2805 1275 Τίς
2862 1216 3052 1286 πρᾶξιν
3113 1211 3322 1280 ἐπῆλθε
3378 1211 3469 1267 καῖ
3517 1212 3724 1288 θεωρίαν,

2117 1304 2316 1377 σαρκός
2343 1323 2404 1358 τε
2445 1301 2650 1372 ἡδονὰς
2707 1303 2978 1372 πατήσας,
3039 1301 3112 1363 ὡς
3171 1298 3434 1376 ἄσαρκος,
3489 1300 3573 1355 καὶ
3621 1302 3728 1374 μετὰ

2119 1395 2254 1448 θεοῦ
2283 1393 2350 1446 τὰ
2379 1393 2497 1446 θεῖα
2526 1391 2914 1466 σκεψάμενος;
2968 1390 3065 1452 Τίς
3122 1389 3304 1447 πίστει
3365 1393 3441 1453 ὡς
3489 1393 3629 1466 ψυχῇ
3675 1393 3728 1446 τὰ

2119 1476 2247 1556 ἔργα
2307 1483 2394 1535 οἷα
2455 1478 2596 1553 μέλη
2657 1483 2913 1553 σώματος
2974 1479 3246 1542 εὐτάκτως
3314 1479 3594 1555 περιέθηκε
3654 1479 3726 1534 καὶ

2124 1571 2367 1643 ὑπέταξε,
2425 1571 2516 1625 καὶ
2575 1567 2704 1646 ἔργα
2771 1569 2949 1625 πίστει
3006 1569 3263 1644 ἐψύχωσε
3335 1569 3426 1624 καὶ
3507 1568 3729 1638 ἐζώωσεν,

2123 1658 2196 1713 ὧν
2230 1663 2454 1734 θάτερον
2489 1660 2716 1734 θατέρου
2765 1657 2921 1734 δίχα,
2953 1660 3232 1734 ἄχρηστον
3259 1661 3355 1714 καὶ
3385 1659 3646 1729 ἀνόνητον,
3695 1656 3729 1711 εἰ

2121 1750 2212 1806 καὶ
2241 1755 2308 1824 τῇ
2339 1751 2540 1823 πίστει,
2563 1751 2667 1806 οὐκ
2697 1751 2802 1806 ἀπὸ
2852 1755 3064 1806 σκοποῦ
3121 1748 3245 1821 δοίη
3305 1773 3392 1812 τις
3446 1750 3506 1806 τὸ
3565 1749 3730 1824 προτέ-

2123 1862 2275 1917 ρημα
2332 1861 2345 1910 ;
2407 1841 2500 1903 Τίς
2557 1839 2700 1896 οὕτω
2757 1841 3192 1917 γαστριμαργίαν
3257 1841 3473 1912 ἐξέωσε,
3520 1838 3734 1895 δουλώσα

2121 1932 2220 1999 τήν
2259 1927 2568 1996 δέσποιναν,
2624 1929 2715 1986 καὶ
2787 1932 3044 2008 φιμώσας
3101 1931 3515 2004 μαιμάσσουσαν
3563 1923 3729 1984 sane“

2123 2017 2397 2095 λογισμῷ,
2441 2020 2801 2093 αὐτοκρατὴς,
2863 2020 2924 2076 ού
2981 2021 3324 2095 θεραπευτής
3377 2020 3570 2090 ταύτης
3611 2018 3731 2096 γενό-

2127 2130 2289 2182 μενος
2323 2131 2336 2180 ;

368 2201 468 2264 vit,
503 2206 568 2253 ut
590 2199 697 2253 hac
729 2200 873 2254 hera
905 2200 1168 2253 servituti
1193 2200 1550 2270 mancipata,
1583 2199 2044 2270 lascivienteque
2070 2200 2321 2270 frenata,
2355 2201 2634 2274 religioso
2667 2201 2868 2257 animo
2901 2202 3178 2258 dominus
3210 2201 3366 2274 ejus,
3399 2218 3514 2256 non
3544 2217 3732 2268 servus,

372 2291 617 2344 effectus
651 2287 771 2342 sit?

453 2380 504 2431 6.
537 2378 732 2430 Tantae
755 2392 890 2430 vero
923 2376 1294 2432 continentia
1326 2377 1488 2432 illius
1510 2379 1868 2449 praastantim
1889 2379 2020 2446 fuit,

378 2473 445 2522 ut
466 2466 854 2533 nesciret,an,
887 2467 1230 2536 quidve,aut
1261 2472 1548 2538 quantum
1582 2469 1697 2523 cibi
1728 2475 2022 2541 potusque

378 2556 737 2611 admitteret.
768 2556 985 2610 Natura
1009 2556 1229 2627 quippe
1266 2556 1384 2612 fato
1417 2557 1673 2612 obnoxia
1698 2564 1805 2626 est,
1840 2565 1899 2613 et
1926 2576 2020 2614 ca-

376 2644 628 2699 runcula
659 2645 782 2698 ham
806 2644 1446 2717 ﬁuxa,mobilisque,ac
1461 2647 1777 2717 Spirituum
1803 2648 2020 2720 indiga.

377 2735 523 2800 Quia
558 2735 680 2788 ﬁeri
713 2751 833 2788 non
862 2741 1074 2805 potest,
1134 2741 1199 2788 ut
1248 2735 1375 2789 sine
1425 2736 1816 2806 respiratione
1847 2738 2023 2792 vitam

377 2825 704 2888 trahamus,
735 2824 1091 2896 caeterisque
1122 2825 1368 2896 perinde
1402 2844 1550 2897 opus
1597 2832 1686 2882 est
1734 2828 1927 2898 nobis,
1961 2836 2026 2884 ut

377 2914 766 2984 indigentiam
799 2914 1208 2984 suppleamus.
1243 2915 1554 2970 Enimvero
1578 2916 1691 2971 tria
1722 2924 1864 2972 sunt
1892 2936 2023 2990 qum

375 3009 751 3066 evacuantur,
788 3003 1496 3074 siccum,humidumque,
1527 3010 1584 3060 et
1606 3005 2026 3078 spiritus,quo-

373 3110 503 3148 rum
537 3093 827 3164 cujusque
862 3092 1076 3149 idonea
1098 3093 1406 3164 plenitudo
1438 3093 1803 3150 aConditore
1827 3113 2024 3152 rerum

373 3182 620 3236 deﬁnita
652 3187 757 3249 est,
789 3199 906 3252 qua
936 3187 1148 3237 natura
1197 3182 1462 3253 corporis
1499 3185 1915 3242 constituatur.
1951 3190 2024 3241 At

371 3287 506 3325 vero
537 3271 722 3342 gratia
757 3270 1006 3340 Spiritus
1038 3277 1265 3326 naturm
1298 3271 1570 3326 terminis
1603 3272 1870 3343 subjecta
1900 3292 2018 3332 non

374 3364 481 3412 est.
518 3361 635 3412 Non
664 3360 824 3412 enim
860 3360 915 3410 in
941 3358 1056 3413 solo
1098 3376 1248 3428 pane
1273 3361 1404 3414 vivit
1433 3359 1612 3427 homo,
1646 3362 1739 3415 sed
1768 3364 1822 3415 in
1875 3366 2024 3418 omni

371 3449 531 3502 verbo
561 3449 710 3517 quod
751 3449 1006 3516 procedit
1054 3465 1122 3502 ea:
1176 3449 1326 3502 889
1381 3467 1474 3504 ore
1532 3453 1630 3505 Dei
1661 3453 1702 3507 ’.
1756 3455 1894 3518 Quis
1939 3455 2023 3510 sic

371 3536 570 3590 animo
604 3536 1100 3606 cogitationeque,
1125 3537 1345 3591 nedum
1377 3556 1623 3610 corpore
1655 3559 1836 3612 purus
1859 3544 2026 3606 sit,ut

376 3623 626 3676 deillius
659 3640 794 3693 erga
824 3625 1132 3678 libidinem
1155 3627 1587 3682 carnisobtusm
1621 3630 2024 3688 indolistesti-

375 3709 645 3764 monium
661 3710 811 3764 ferat
832 3727 842 3763 :
863 3728 1204 3782 quanquam
1231 3730 1298 3768 ea
1313 3714 1523 3770 obtusa
1545 3718 1719 3786 plane
1742 3736 1861 3775 non
1877 3727 2021 3788 erat;

376 3815 506 3869 quae
531 3814 649 3851 non
682 3798 856 3852 bruta
878 3800 1151 3868 qumdam
1181 3818 1290 3856 nec
1331 3811 1556 3858 natura:
1589 3807 1907 3865 inﬁrmitas
1940 3829 2025 3866 es-

377 3888 596 3948 set,sed
629 3887 1398 3962 continentiarationis.qua
1417 3911 1551 3964 pars
1573 3913 1692 3950 non
1713 3900 2023 3954 rationalis

377 3978 591 4032 animm
625 3983 1019 4050 regeretur,ut
1045 3978 1404 4036 desiderium
1420 3999 1595 4037 omne
1614 3986 2025 4043 intenderetur

381 4067 454 4122 ad
489 4067 669 4122 Deum
697 4072 940 4138 propter
969 4083 1145 4139 quem
1179 4075 1304 4123 erat
1334 4071 1609 4126 conditus
1645 4090 1658 4128 :
1693 4092 1823 4145 qum
1867 4077 2026 4131 volu-

377 4156 556 4228 ptatis
593 4157 943 4211 suavitatem
973 4174 1078 4212 ceu
1113 4157 1382 4214 fomitem
1411 4160 1669 4216 incendii
1709 4163 2022 4236 refugeret,

378 4246 686 4318 plurisque
736 4246 958 4301 faceret
1030 4246 1260 4302 virtutis
1318 4250 1719 4320 asperitatem,
1779 4270 1896 4322 qua
1951 4254 2023 4308 ad

375 4335 875 4405 tranquillitatem
900 4340 1186 4391 aeternam
1220 4337 1662 4394 subveheretur.
1698 4342 1797 4395 llis
1829 4359 2026 4397 assue-

372 4423 584 4484 factus,
610 4424 892 4494 paulatim
913 4425 1365 4497 progrediendo,
1389 4428 1582 4498 seipso
1616 4431 1677 4484 in
1700 4431 1826 4486 dies
1843 4433 2026 4486 conti-

374 4514 616 4568 nentior
647 4512 1150 4583 evadebat,donec
1183 4517 1396 4570 affectu
1430 4520 1868 4575 exercitationis
1898 4529 2023 4577 arte

2203 2380 2267 2443 ς’.
2327 2380 2431 2436 Καὶ
2484 2379 2646 2435 τόσον
2704 2379 2852 2452 αύτῷ
2905 2383 3005 2450 τῆς
3061 2379 3381 2454 ἐγκρατείας
3454 2379 3515 2435 τὸ
3565 2379 3737 2453 περιὸν,

2133 2467 2205 2529 ὡς
2237 2466 2542 2537 λανθάνειν,
2595 2467 2703 2524 εἴτε
2739 2469 2899 2524 καὶὸ
2953 2490 3030 2538 τι,
3082 2470 3173 2524 καὶ
3226 2467 3359 2524 ὅσον
3419 2469 3735 2544 προσεφέρετο

2137 2558 2392 2633 βρώσεώς
2419 2579 2477 2612 τε
2505 2556 2595 2612 καὶ
2625 2557 2856 2622 πόσεως.
2887 2563 2947 2613 Ἦ
2982 2559 3080 2631 μὲν
3117 2557 3216 2632 γὰρ
3281 2558 3440 2636 φύσις
3495 2556 3732 2630 ἐπίκηρος,

2131 2646 2308 2701 καὶτὸ
2336 2648 2554 2723 σαρκίον
2614 2647 2832 2722 ῥευστὸν
2896 2648 2988 2703 καὶ
3046 2647 3398 2720 κινούμενον,
3454 2647 3539 2702 καὶ
3591 2647 3736 2720 ὥσπερ

2132 2734 2438 2808 πνεύματος
2481 2734 2672 2800 ἐνδεές·
2737 2737 3009 2806 ἀναπνοῆς
3056 2737 3159 2813 γὰρ
3216 2738 3346 2792 ἄνευ
3380 2740 3472 2810 ζῇν
3496 2739 3593 2790 τῶν
3621 2736 3737 2806 ἁμη-

2133 2827 2345 2900 χάνων,
2377 2824 2605 2880 καὶτῶν
2641 2825 2848 2881 λοιπῶν
2905 2825 3048 2880 οὕτω
3101 2826 3286 2900 χρεὼν
3340 2824 3736 2895 ἀναπληροῦσθαι

2132 2912 2231 2980 τὴν
2265 2908 2494 2969 ἔνδειαν.
2521 2913 2660 2988 Τρία
2679 2915 2783 2988 γὰρ
2813 2913 2879 2968 τὰ
2907 2914 3222 2986 κενούμενα,
3258 2914 3447 2988 ξηρὸν,
3498 2913 3578 2967 καὶ
3611 2910 3737 2987 ὑγρὸν

2133 3000 2224 3055 καὶ
2257 3006 2486 3073 πνεῦμαο
2532 3002 2605 3056 ὧν
2659 3002 2884 3057 ἑκάστου
2941 3005 2976 3072 ἡ
3035 3000 3397 3072 κατάλληλος
3456 3001 3736 3072 ἀναπλήρω-

2137 3111 2219 3152 σις
2242 3095 2488 3161 συνιστᾷν
2519 3089 2645 3146 τόδε
2693 3091 2755 3146 τὸ
2813 3096 2974 3165 σῶμα
3031 3095 3272 3168 φυσικῶς
3331 3091 3467 3165 πρὸς
3518 3093 3604 3144 τοῦ
3649 3087 3736 3142 κτί-

2137 3200 2322 3240 σαντος
2358 3180 2605 3252 ὥρισται.
2651 3178 2817 3235 ⁸ΑΛλ’
2861 3183 2896 3250 ἡ
2972 3181 3138 3256 χάρις
3187 3185 3289 3236 τοῦ
3346 3179 3636 3252 Πνεύματος
3655 3177 3736 3249 οὐχ

2053 3241 2096 3306 C
2140 3268 2343 3324 ὑπείκει
2377 3241 2588 3347 φύσεως
2630 3270 2803 3344 ὃροις.
2989 3241 3090 3346 γάρ
3125 3241 3136 3244 ⁷
3179 3269 3229 3324 έν
3275 3267 3424 3345 ἄρτῳ
3481 3241 3616 3342 μόνῳ
3663 3241 3738 3334 Ui:

2132 3379 2276 3412 σεται
2365 3360 2394 3413 ὁ
2477 3357 2781 3428 ἃνθρωπος,
2863 3357 2994 3414 ἀλλ’
3049 3358 3138 3414 ἐπὶ
3203 3360 3370 3414 παντί
3427 3359 3614 3436 ῥήματι
3665 3354 3734 3410 έκ-

2130 3446 2490 3521 πορευομένῳ
2545 3445 2633 3504 διᾶ
2691 3447 2961 3522 στόματος
2995 3453 3150 3506 Θεοῦ.
3207 3449 3300 3510 Τίς
3348 3447 3488 3504 οὕτω
3537 3443 3728 3518 καθαρός

2128 3537 2217 3592 καὶ
2243 3539 2431 3612 ψυχὴν
2461 3537 2552 3592 καὶ
2611 3536 2848 3594 διάνοιαν
2880 3539 3017 3615 πρὸς
3070 3542 3150 3610 τῷ
3209 3539 3446 3611 σώματι,
3499 3536 3568 3598 ὠς
3619 3554 3729 3606 μαρ-

2128 3629 2401 3701 τυρεῖσθαι
2444 3629 2594 3698 αὐτῷ
2649 3628 2738 3683 καὶ
2799 3628 2862 3683 τὸ
2920 3628 3058 3704 πρὸς
3112 3627 3283 3700 μίξεις
3345 3621 3730 3696 ἡλίθιον;Ἀλλ’

2131 3714 2228 3770 οὐκ
2258 3713 2478 3784 ἠλίθιον
2513 3715 2703 3779 ὅντως·
2738 3715 2798 3770 ού
2831 3716 2936 3792 γὰρ
2996 3715 3220 3792 ἄλογον,
3275 3713 3401 3771 οὐδὲ
3449 3714 3636 3792 φύσεως
3681 3709 3728 3764 τὸ

2129 3805 2493 3881 ἀρρώστημα,
2550 3803 2722 3880 λόγου
2783 3803 2841 3860 δὲ
2896 3805 3209 3878 ἐπικράτεια
3267 3808 3614 3880 ἡνιοχοῦντος
3681 3799 3727 3852 τὸ

2130 3893 2352 3969 ἄλογον,
2405 3894 2494 3950 καὶ
2544 3899 2716 3949 πᾶσαν
2747 3896 2845 3963 τήν
2896 3891 3072 3973 ἔφεσιν
3132 3895 3270 3970 πρὸς
3324 3895 3450 3950 Θεὸν
3479 3889 3727 3947 ἁνατείνον·

2127 4007 2242 4049 τος,
2271 3984 2352 4051 ἐφ’
2382 3985 2427 4056 ᾧ
2458 3983 2547 4038 καὶ
2603 3980 3072 4060 δεδημιούργητο,
3130 3982 3603 4061 ἀποστρεφομένου
3652 3976 3726 4049 μὶν

2127 4074 2189 4128 τὸ
2223 4071 2370 4128 λεῖον
2398 4079 2498 4141 τῆς
2527 4069 2733 4142 ἡδονῆς
2766 4071 2842 4134 ὠς
2874 4073 3043 4144 πυρὸς
3104 4072 3444 4145 ὑπέκκαυμα,
3475 4086 3726 4144 προαιρου-

2133 4163 2296 4234 μένου
2329 4159 2386 4216 δέ
2415 4162 2474 4216 τὸ
2500 4160 2677 4236 τραχὺ
2706 4165 2806 4226 τῆς
2860 4161 3058 4235 ἀρετῆς
3106 4161 3270 4238 φέρον
3315 4165 3449 4237 πρὸς
3493 4156 3723 4238 ῥαστώνην

2130 4247 2327 4307 ἀΐδιον.
2365 4251 2553 4310 Οὕτως
2587 4251 2772 4305 ἑαυτὸν
2817 4252 3132 4320 συνεθίζων,
3192 4249 3254 4305 ἐκ
3309 4253 3501 4325 μικροῦ
3545 4237 3728 4320 προϐαί-

2129 4360 2256 4406 νων,
2308 4339 2590 4414 ὠσημέραι
2653 4339 2734 4394 ἀεὶ
2794 4338 3002 4415 ἐγίνετο
3087 4339 3280 4394 ἑαυτοῦ
3338 4338 3725 4414 ἐγκρατέστερος,

2129 4425 2232 4490 ἕως
2264 4429 2326 4483 τὸ
2374 4428 2544 4490 πάθος
2577 4428 2842 4501 ἐκοίμησε
2868 4428 3078 4497 τέλεον,
3138 4428 3408 4500 ἀσκητικῇ
3464 4426 3612 4498 τέχνῃ
3661 4438 3727 4471 τιν

2132 4517 2424 4580 Οασσεύσας
2463 4516 2555 4572 καὶ
2616 4514 2817 4593 δράσας
2887 4517 3136 4596 ὑφήνιον,
3198 4517 3275 4579 εἷς
3330 4515 3436 4588 ἕξιν
3482 4518 3568 4571 τοῦ
3607 4509 3726 4572 ἔθους

375 4604 655 4666 cicurato,
677 4602 980 4674 frenisque
1015 4604 1277 4670 subacto,
1315 4611 1678 4663 contractam
1701 4617 2018 4666 consuetu-

2130 4612 2203 4678 τῷ
2231 4608 2424 4682 χρόνῳ
2452 4607 2543 4662 καὶ
2570 4603 2854 4681 προϐάδην
2903 4607 2979 4670 εῗς
3043 4606 3200 4682 φύσιν
3229 4605 3535 4665 ἐλάσαντος.
3589 4597 3726 4654 Πόνος

376 4693 576 4748 dinem
610 4692 967 4763 procedente
987 4695 1324 4765 temporein
1341 4701 1612 4752 naturam
1640 4700 1876 4754 tandem
1905 4717 2026 4755 mu-

374 4787 545 4838 taret.
582 4781 768 4837 Labor
797 4782 1114 4854 siquidem,
1144 4784 1236 4838 cui
1265 4784 1530 4840 divinum
1563 4787 1851 4843 auxilium
1874 4791 2024 4860 aspi-

374 4873 613 4937 raverit,
645 4873 892 4926 affectus
925 4871 1134 4927 sedare
1157 4879 1334 4928 natus
1370 4879 1476 4930 est.

446 4964 496 5014 ’7.
528 4961 668 5026 Quis
700 4961 786 5016 sic
815 4961 1076 5016 avaritiaa
1131 4963 1510 5032 renuntiavit,
1546 4982 1782 5037 unaque
1840 4984 2022 5039 pecu-

375 5049 717 5111 niis,utnon
740 5051 959 5106 habere
983 5052 1228 5122 perinde
1252 5070 1319 5107 ac
1345 5053 1499 5109 alter
1519 5054 1736 5110 habere
1749 5063 2021 5129 peropta-

375 5140 467 5188 ret
491 5136 517 5189 ?
537 5154 605 5191 ea
628 5139 844 5210 quippe
869 5157 1179 5210 pravorum
1205 5143 1386 5197 animi
1421 5149 1688 5199 motuum
1711 5145 2024 5201 fulcimen-

378 5229 503 5278 tum
537 5231 645 5286 est,
680 5229 988 5284 exstinctio
1049 5231 1193 5301 spei,
1253 5232 1589 5289 adversaria
1648 5234 1805 5289 ﬁdei.
1860 5236 2024 5291 Unde

380 5312 598 5367 Paulus
629 5313 964 5370 divinarum
997 5317 1247 5389 Spiritus
1282 5323 1468 5376 sancti
1500 5340 1708 5378 vocum
1741 5323 1887 5395 lyra,
1917 5325 2027 5379 lin-

382 5416 628 5474 guarum
644 5404 1102 5474 apostolicarum
1116 5426 1179 5463 os
1195 5411 1314 5465 mul
1326 5412 1816 5484 tisonum,apposi
1828 5422 1879 5470 te
1895 5432 2025 5471 eam

453 5623 477 5658 ⁸
507 5625 632 5680 Act.
669 5641 704 5689 ι,
742 5623 780 5678 l.
815 5623 1024 5679 ’Deut.
1051 5625 1164 5693 vin,
1199 5627 1228 5679 3
1263 5645 1276 5692 ;
1311 5628 1508 5682 Matth.
1543 5646 1613 5698 iv,
1647 5633 1697 5684 4.

2131 4698 2232 4772 γὰρ
2288 4695 2431 4759 θείας
2489 4694 2802 4772 ἐπικουρίας
2848 4696 3062 4764 τυχὼν,
3138 4696 3399 4762 ἀπάθειαν
3453 4687 3724 4768 χαρίζεσθαι

2132 4785 2355 4845 πέφυκε.

2205 4968 2266 5035 ζ’.
2322 4966 2419 5028 Τίς
2501 4964 2867 5044 φιλαργυρίαν
2949 4967 3375 5040 τῶνξκτημάτων
3430 4953 3722 5044 προαπεκτῆς

2134 5077 2284 5124 σστο,
2322 5057 2434 5130 μεθ’
2463 5055 2529 5124 ἧς
2557 5056 2745 5111 καὶτὰ
2784 5057 3062 5129 κτήματα,
3095 5054 3241 5110 οὕτω
3298 5054 3529 5123 ποθήσας
3570 5046 3622 5099 τὸ
3662 5039 3718 5114 μῆ

2134 5143 2402 5220 ἕχειν,ὡς
2431 5143 2612 5220 ἔτερος
2639 5145 2702 5200 τὸ
2761 5143 2952 5220 ἔχειν;
3005 5148 3124 5201 Τῶν
3181 5146 3364 5199 παθῶν
3428 5141 3479 5196 τὸ
3520 5132 3720 5212 ἔρεισμα,

2132 5241 2230 5305 τῆς
2265 5232 2489 5297 ἐλπίδος
2522 5235 2582 5290 τὸ
2613 5235 2885 5310 στέρημα,
2916 5241 3017 5302 τῆς
3054 5234 3291 5297 πίστεως
3343 5236 3403 5286 τὸ
3455 5219 3720 5284 ἀντίπαλον.

2136 5324 2229 5379 Διὸ
2258 5325 2348 5380 καὶ
2381 5323 2598 5387 Παῦλος
2627 5327 2661 5394 ἡ
2697 5324 3028 5400 θεόφθογγος
3115 5321 3255 5397 λύρα
3303 5324 3396 5377 τοῦ
3442 5313 3717 5400 Πνεύμνξοςι

2136 5419 2244 5471 τῶν
2274 5414 2658 5472 ἀποστολικῶν
2688 5413 2954 5491 γλωσσῶν
2986 5414 3049 5470 τὸ
3120 5413 3409 5488 ποΛύηχον
3436 5405 3608 5478 στόμα,
3635 5394 3720 5452 δευ-
