3958 6198
147 300 249 354 769

1210 297 1578 352 LAUDATIO
1613 299 1671 352 8.
1711 298 1914 353 JOAN.
1953 299 2479 360 CHRYSOSTOMI.

3436 313 3544 368 770

150 425 299 497 τέρα-δ
348 416 770 492 εἰδωλολατρίαν
836 417 1040 487 ταύτην
1117 417 1347 493 καιρίως
1403 420 1781 491 κατονομάζει.

1944 424 2222 495 ppellatal
2233 432 2416 482 teram
2429 429 2700 485 idolorum
2713 431 3097 486 servitutem”.
3109 435 3249 488 Nam
3265 436 3536 509 quisquis

144 513 316 589 Ἀφεὶς
348 510 450 585 γαρ
479 530 559 570 τις
586 512 688 572 τῆς
741 508 888 571 θείας
935 507 1205 582 προνοίας
1251 508 1456 584 ἀφάψαι
1487 515 1589 578 τῆς
1619 507 1780 563 ἐλπί-

149 601 231 663 δος
281 600 376 668 τήν
423 595 682 673 ἄγκυραν,
740 601 846 652 τῶν
903 600 1212 671 χρημάτων
1259 600 1327 670 τῇ
1382 595 1626 672 συλλογῇ
1655 595 1782 652 ἐπε-

149 687 382 765 ρείδεται.
415 690 592 744 Ταῦτα
619 686 792 750 τιθεὶς
853 686 961 761 πρὸ
1017 690 1115 740 τοῦ
1170 685 1504 760 κρείττονος,
1536 686 1611 748 ὡς
1638 686 1780 750 ἀθα-

146 801 266 835 νατα
295 777 650 853 βιωσόμενος,
681 775 771 830 καὶ
805 776 880 839 ὡς
910 775 1154 831 Θάλασσα
1193 776 1295 830 οὐκ
1325 774 1776 848 ἐμπιπλώμενος,

146 868 230 924 κᾶν
262 868 289 922 ὅ
317 888 368 921 τι
425 865 678 920 πλεῖστοι
732 869 944 940 χρυσοῦ
995 864 1238 937 ποταμοὶ
1292 863 1540 940 είσρέωσί
1589 886 1647 920 τε
1688 864 1778 920 καὶ

155 957 404 1031 μέγιστοι,
447 953 554 1028 οὐχ
603 952 784 1008 εἳλετο
839 952 1068 1008 τοῦτουν
1121 954 1149 1007 ὁ
1196 957 1283 1006 νῦν
1337 951 1778 1030 εὐφημούμενος,

145 1045 257 1099 ἀλλ’
284 1042 639 1115 ἀπωσάμενος
685 1041 916 1114 ἅπαντα,
957 1043 1150 1119 αὐχεῖν
1202 1039 1438 1116 πατρίδα
1467 1041 1663 1098 εὐκλεᾶ
1692 1043 1780 1098 καὶ

146 1132 420 1207 περίοπτον
478 1133 579 1202 τήν
611 1133 908 1208 ’Λντιόχου
940 1129 1106 1207 λέγω,
1157 1133 1247 1186 καὶ
1295 1135 1393 1200 τῆς
1426 1133 1562 1194 ἒώας
1595 1129 1780 1207 δεδεγο

150 1224 298 1294 μένην
352 1220 481 1282 τοῦς
535 1219 746 1282 οἷάκας³
807 1223 965 1296 γένος
1023 1219 1114 1275 καὶ
1194 1223 1334 1294 αἷμα
1390 1215 1780 1295 περίϐλεπτον,

149 1310 352 1385 χρυσὸν,
410 1312 669 1386 ἄργυρον,
727 1309 911 1372 λίθους
965 1308 1310 1381 πολυτελεῖς,
1369 1309 1597 1378 ἐσθῆτος
1653 1309 1777 1365 ὅσον

151 1399 376 1472 μαλακὸν
423 1399 517 1453 καὶ
577 1396 857 1474 περίδοξον
919 1397 1117 1462 ἄλλοις
1178 1399 1610 1474 παραχωρήσας,
1642 1399 1778 1476 πρὸς

149 1485 197 1542 δὲ
222 1487 304 1542 καί
333 1486 504 1562 λόγου
537 1487 703 1550 κλέος
734 1489 822 1542 καὶ
861 1485 1195 1545 δυναστείαν.

209 1577 272 1646 η’.
303 1581 474 1647 Φοιτᾷ
504 1577 642 1650 πρὸς
699 1577 967 1634 Μελὲτιον
1027 1580 1124 1646 τῆς
1183 1577 1515 1653 Ἀντιοχέων
1547 1576 1781 1646 Ἐκκλη-

149 1665 249 1726 σίας
277 1665 362 1719 τὸν
395 1663 691 1741 πρόεδρον,
752 1664 920 1739 ἄνδρα
979 1665 1263 1729 πλείστοις
1321 1667 1486 1731 θείοις
1523 1671 1783 1739 κομῶντα

147 1756 454 1831 χαρίσμασι,
495 1754 605 1829 βίῳ
659 1756 750 1810 καὶ
811 1755 962 1830 λόγῳ
1018 1757 1178 1811 παντὶ
1226 1756 1687 1832 περιηχούςιενον·
1723 1757 1783 1820 ὃς

145 1849 314 1898 τοῦτον
345 1842 638 1916 δεξάμενος
673 1843 792 1908 ἔτος
843 1865 948 1900 που
1003 1845 1147 1900 ὁκτὼ
1178 1845 1267 1900 καὶ
1299 1843 1525 1900 δὲκάτον
1559 1843 1775 1922 ἄγοντα,

148 1931 352 2008 ἰραστής
381 1953 439 1986 τε
467 1937 571 1987 τοῦ
625 1932 868 1994 κάλλους
919 1937 1020 1999 τῆς
1078 1933 1241 1988 αὐτοῦ
1291 1931 1514 2010 καρδίας
1546 1934 1776 2008 γενόμε-

149 2041 246 2089 νος,
275 2022 344 2082 ὡς
375 2016 774 2098 προϐλεπτικῷ
829 2017 1038 2094 ὄμματι
1091 2023 1189 2090 τήν
1227 2025 1324 2076 τοῦ
1353 2023 1474 2076 νέου
1505 2022 1777 2094 θεώμενος

150 2104 363 2180 ἔκϐασιν,
392 2115 512 2171 τοῖς
544 2130 608 2164 τε
637 2116 738 2178 τῆς
779 2105 1052 2172 εὐσεϐείας
1102 2111 1462 2184 στοιχειώσας
1491 2108 1776 2185 δόγμασιν,

147 2195 262 2266 ἦθός
310 2219 365 2253 τε
420 2199 511 2253 καὶ
575 2198 778 2274 τρόπον
837 2199 1037 2262 ἱκανῶς
1085 2199 1480 2272 ἀποσεμνῦνας,
1521 2199 1611 2253 καὶ
1644 2218 1778 2270 τιρο-

149 2291 334 2364 γράψας
362 2289 425 2344 τὸ
476 2287 692 2351 κάλλος
745 2296 843 2359 τῆς
901 2288 1184 2360 ἀληθείας,
1243 2289 1385 2344 οὕτω
1427 2286 1514 2343 δια
1544 2286 1780 2364 λουτροῦ

150 2378 550 2453 παλιγγενεσίας
589 2384 797 2456 μορφοῖ
853 2377 907 2434 ἒν
964 2377 1114 2451 αὖτῷ
1167 2380 1423 2454 Χριστὸν,
1451 2379 1542 2434 τὸν
1577 2379 1780 2454 ὡραῖον

150 2471 275 2544 παρά
313 2470 437 2532 τοὺς
485 2471 650 2535 υἱοὺς
693 2475 800 2525 τῶν
843 2471 1168 2546 ἀνθρώπων,
1227 2471 1305 2533 ὡς
1347 2469 1540 2526 κάλλει
1573 2468 1783 2542 ἐκλαμ-

152 2581 300 2616 ποντα
325 2566 423 2626 τῆς
454 2562 746 2632 θεότητος.
779 2563 946 2618 Έτῶν
1005 2561 1072 2630 ἦν
1132 2562 1208 2624 ὼς
1237 2563 1527 2638 τριάκοντα
1556 2563 1644 2616 καὶ
1679 2561 1782 2616 οῦ-

156 2669 247 2712 τως
298 2653 408 2723 ἅμα
463 2650 517 2706 ἐν
587 2655 656 2725 τῇ
711 2650 1020 2721 τελειότητι
1069 2657 1170 2720 τῆς
1220 2672 1278 2706 τε
1327 2659 1646 2724 σωματικῆς
1695 2651 1785 2706 καὶ

158 2747 502 2813 πνευματικῆς
568 2740 791 2810 ἡλικίας
842 2739 1151 2817 γενόμενος,
1200 2739 1290 2795 καὶ
1339 2744 1446 2795 τῶν
1490 2740 1644 2795 θείων
1677 2739 1786 2795 λό-

157 2850 251 2902 γων
305 2829 660 2904 ἀναγνώστης
714 2831 1018 2905 προαχθεὶς
1092 2831 1233 2902 ὁμοῦ
1291 2829 1378 2885 καὶ
1439 2827 1787 2901 διδασκαλος,

156 2915 279 2992 ῥύμῃ
306 2917 446 2974 θείου
497 2915 712 2994 ἔρωτος
771 2920 907 2989 πρὸς
961 2919 1061 2987 τήν
1122 2916 1334 2994 ἔρημοι)
1386 2921 1786 2992 μετανίσταται,

157 3012 433 3084 σοριγῶσαν
489 3009 600 3076 τήν
663 3008 833 3078 σάρκα
883 3006 973 3062 καὶ
1029 3005 1364 3086 φλοιδοῦσαν
1417 3014 1538 3069 τοῖς
1595 3008 1786 3062 πάθεσι

156 3100 502 3172 καταμαραναι
542 3096 912 3172 βουλόμενος,
945 3097 1020 3160 ὡς
1067 3095 1128 3152 ἂν
1184 3099 1260 3169 μή
1291 3097 1352 3151 τὸ
1379 3103 1622 3171 κρεῖττον
1657 3095 1788 3152 δου-

158 3167 441 3259 λωθε-ίηντῷ
471 3167 956 3266 χείρονα-’Ἄμφω
984 3186 1084 3262 γὰρ
1131 3167 1248 3240 κατ’
1301 3167 1566 3256 ἀλλῆλων
1600 3185 1788 3241 ἐπιθυ-
1820 3167 1864 3235 C

165 3280 259 3345 μεῖ,
283 3276 367 3330 καὶ
396 3279 431 3346 ἡ
465 3278 650 3354 φθορά
703 3281 799 3330 τοῦ
855 3277 1217 3348 σκηνώματος
1273 3273 1496 3337 εἶκότως
1535 3277 1605 3346 τῇ
1633 3279 1788 3351 ψυχῇ

163 3366 247 3433 τὴν
276 3365 612 3441 ἐπικράτειαν
664 3363 874 3420 δίδωσι·
925 3365 1013 3420 καὶ
1061 3369 1180 3426 τοῖς
1231 3362 1402 3428 πέλας
1439 3365 1794 3438 προσομιλή-

169 3472 245 3514 σας
274 3454 464 3527 ὂρεσιν,
526 3453 813 3530 ὁδηγεῖται
874 3453 1010 3528 πρός
1063 3474 1184 3508 τινα
1236 3449 1566 3529 πρεσϐύτην,
1616 3453 1791 3529 Σύρον

167 3542 247 3612 μὶν
294 3544 391 3610 τήν
447 3541 765 3610 διάλεκτον,
821 3545 922 3611 τὴν
1004 3539 1062 3597 δὲ
1116 3547 1315 3617 γνῶσιν
1386 3541 1484 3597 οὐκ
1542 3540 1794 3613 ἰδιώτην,

165 3629 306 3705 ἄκραν
387 3631 806 3710 φιλοσοφοῦντα
890 3630 1226 3707 ἐγκράτειαν,
1284 3633 1376 3686 καὶ
1441 3631 1642 3687 τούτου
1695 3633 1792 3700 τήν

167 3720 560 3799 σκληραγωγίαν
616 3723 864 3797 τὲτρασιν
945 3720 1402 3794 ἀποσμηξὶμενος
1456 3717 1646 3794 ἔτεσιν,
1707 3725 1796 3776 καί

173 3810 326 3880 πάσης
352 3810 688 3881 ἡδυπαθείας
743 3810 874 3886 ῥᾶον
932 3810 1368 3887 περιγενόμενος,
1430 3811 1593 3885 λόγον
1651 3809 1796 3886 ἔχων

171 3903 237 3970 τῷ
257 3900 398 3973 πόνῳ
450 3898 975 3974 συναμιλλώμενον,
1027 3906 1126 3969 τῆς
1180 3897 1410 3970 ἀδηλίας
1437 3900 1798 3976 γλιχόμενος,

174 3984 400 4064 ἔσχατιῇ
428 4013 579 4054 τινος
612 3990 827 4066 ἐγένετο
868 3990 1156 4066 πάροικος,
1191 3987 1382 4063 ἄντρον
1417 3990 1605 4066 αὐχῶν
1636 4012 1801 4046 κατα-

171 4078 350 4152 γώγιον
406 4081 480 4143 ὡς
568 4081 771 4157 ἀρετῆς
855 4078 1192 4154 παλαίστραν
1280 4080 1368 4134 καὶ
1431 4081 1801 4154 κονιστήριον.

172 4165 313 4222 Ἔνθα
338 4169 535 4232 πόσους
592 4171 690 4240 μὲν
745 4167 945 4233 ἄθλους
1005 4167 1242 4232 ὑποστὰς
1286 4168 1420 4224 κατὰ
1475 4169 1536 4224 τὸ
1587 4167 1801 4239 πλῆθος

171 4259 263 4309 τῶν
299 4255 494 4312 ὀδυνῶν
525 4259 634 4327 τήν
663 4261 760 4311 τοῦ
794 4257 1106 4329 Πνεόματος
1137 4256 1479 4330 παράκλησιν
1531 4257 1800 4331 ἀντελαμ-

174 4339 315 4413 ϐανες
345 4347 510 4409 πόσας
546 4344 608 4401 δὲ
641 4341 922 4409 ἀναϐάσεις
978 4343 1030 4400 ἐν
1083 4349 1151 4419 τῇ
1210 4343 1409 4420 καρδίᾳ
1467 4347 1692 4418 θέμενος
1720 4351 1800 4419 τῷ

175 4432 414 4506 Πνεόματι
445 4434 832 4510 κατειργαζετο
864 4455 878 4503 ;
938 4433 998 4489 ἐκ
1055 4431 1335 4507 δυνάμεως
1385 4429 1696 4508 προϐαίνων
1727 4434 1802 4496 εἷς

1888 512 2102 568 divinae
2122 517 2503 586 providentia;
2525 520 2974 590 apprehendere
2990 537 3269 577 ancoram
3287 542 3404 580 non
3430 545 3534 582 cu-

1883 609 1992 665 rat,
2029 603 2124 658 hic
2169 608 2464 678 congestis
2509 607 2732 664 divitiis
2791 609 3019 677 nititur,
3053 628 3200 682 quas
3231 616 3544 684 anteponit

1885 692 2144 759 Numini,
2170 711 2277 749 ceu
2308 701 2596 752 aeternum
2620 698 2878 754 victurus
2897 700 2973 754 sit
3002 717 3014 754 :
3040 700 3143 755 sed
3175 718 3248 756 ne
3271 702 3321 756 is
3353 704 3534 758 maris

1883 781 2072 836 instar
2094 783 2396 854 impletur,
2415 788 2648 842 tametsi
2671 789 2980 860 complura
3002 789 3382 862 ingentiaque
3410 793 3539 846 auri

1884 865 2134 924 ﬂumina
2162 870 2220 924 in
2253 871 2448 942 ipsum
2493 875 2818 930 conﬂuant.
2853 877 2987 932 1'1th
3032 895 3151 932 non
3203 879 3381 950 elegit
3411 879 3532 948 ille,

1885 957 2054 1026 cujus
2073 975 2230 1013 nunc
2249 959 2455 1015 laudes
2474 962 2874 1028 celebramus;
2898 964 3000 1019 sed
3024 967 3234 1036 spretis
3258 968 3537 1023 omnibus

1882 1047 2134 1115 patriam
2157 1050 2729 1112 exornatjllustrem
2751 1059 2808 1107 et
2829 1053 3113 1124 inclytam
3138 1055 3535 1125 (Antiochiam

1885 1133 2218 1207 dico,cujus
2239 1139 2513 1211 regimini
2537 1141 2744 1196 Oriens
2768 1143 3054 1213 parebat),
3079 1161 3266 1216 genus
3296 1146 3539 1218 sangui-

1885 1241 2142 1296 nemque
2175 1229 2585 1299 conspicuum,
2616 1247 2849 1300 aurum,
2874 1241 3206 1305 argentum,
3242 1235 3535 1306 pretiosos

1883 1313 2134 1384 lapides,
2158 1316 2402 1372 mollem
2426 1319 2701 1374 vestitum
2726 1321 3226 1393 splendidumque
3252 1323 3540 1394 relinquit

1885 1402 2041 1472 aliis,
2076 1403 2192 1458 imo
2226 1411 2282 1459 et
2311 1405 2666 1479 elegantiam
2694 1410 2927 1481 vimque
2963 1413 3280 1469 sermonis.

1956 1583 2008 1635 8.
2044 1583 2129 1636 Ad
2161 1584 2458 1640 Meletium
2490 1588 2681 1660 pergit
2704 1589 3086 1644 Antiochenaa
3121 1589 3397 1645 Ecclesiaa
3429 1608 3538 1646 an-

1883 1669 2153 1737 tistitem,
2187 1672 2401 1728 divinis
2434 1675 2843 1746 compluribus
2877 1677 3166 1730 nitentem
3201 1676 3394 1742 donis,
3419 1678 3538 1733 vita

1813 1799 1856 1862 Β
1888 1756 2275 1830 doctrinaque
2298 1762 2518 1833 ubique
2541 1763 2872 1819 celebrem:
2900 1764 2999 1835 qui
3018 1766 3302 1819 Joannem
3330 1766 3538 1820 decem

1888 1850 1947 1902 et
1975 1853 2106 1902 octo
2138 1849 2374 1904 circiter
2402 1867 2592 1907 annos
2624 1859 2829 1908 natum
2879 1854 3144 1924 suscipit,
3181 1854 3375 1910 cordis
3408 1855 3536 1926 ejus

1886 1953 2086 1992 amore
2120 1939 2448 2010 perculsus,
2470 1959 2578 1998 ceu
2601 1944 2842 2015 juvenis
2867 1944 3090 2000 exitum
3122 1945 3368 2015 prwscio
3393 1962 3538 1999 con-

1889 2027 2039 2080 tuitu
2072 2035 2359 2083 cerneret.
2395 2032 2562 2086 Hunc
2608 2033 2855 2087 sinceraa
2895 2034 3132 2104 pietatis
3163 2035 3537 2089 documentis

1889 2114 2229 2180 instituens,
2252 2119 2520 2174 moribus
2542 2121 2670 2192 ejus
2685 2122 2758 2175 ad
2784 2122 3110 2176 honestatis
3128 2123 3359 2194 regulas
3383 2139 3539 2177 com-

1889 2206 2120 2277 positis,
2152 2208 2414 2263 veritatis
2445 2209 2506 2263 in
2539 2227 2606 2264 eo
2658 2209 3165 2280 pulchritudinem
3196 2211 3535 2266 delineavit.

1891 2294 2010 2349 Hoc
2035 2295 2208 2350 modo
2237 2297 2535 2352 Christum
2569 2299 2631 2352 in
2663 2315 2730 2352 eo
2763 2315 2869 2369 per
2900 2299 3195 2352 lavacrum
3227 2315 3542 2369 regenera-

1890 2383 2070 2438 tionis
2103 2383 2348 2456 ﬁgurat;
2382 2387 3012 2458 speciosum,inquam,
3043 2387 3212 2442 illum
3245 2405 3366 2458 prae
3400 2388 3538 2442 filiis

1892 2473 2202 2527 hominum
2222 2476 2264 2510 ¹ι
2287 2482 2528 2546 propter
2559 2477 2942 2549 effulgentem
2966 2477 3210 2532 Deitatis
3235 2476 3533 2532 decorem.

1892 2561 2151 2632 Triginta
2180 2564 2354 2617 annis
2401 2571 2596 2629 natus,
2645 2582 2779 2621 cum
2822 2565 3146 2636 perfectam
3180 2565 3444 2636 corporis
3485 2570 3544 2620 et

1894 2649 2076 2704 animi
2109 2656 2341 2705 aetatem
2374 2658 2532 2707 esset
2581 2659 2906 2719 assecutus,
2941 2654 3015 2708 ad
3047 2654 3380 2708 divinorum
3416 2654 3542 2708 elo-

1897 2739 2171 2808 quiorum
2202 2739 2460 2806 lectoris,
2486 2741 2604 2795 imo
2633 2747 2690 2796 et
2719 2742 3040 2814 magisterii
3074 2748 3379 2812 promotus
3409 2759 3544 2812 gra-

1899 2826 2060 2888 dum,
2093 2827 2277 2881 divini
2311 2829 2530 2884 amoris
2561 2830 2827 2900 impulsu
2873 2831 2933 2884 in
2976 2830 3275 2884 desertum
3313 2830 3546 2898 migrat,

1897 2916 2254 2970 luxuriantis
2287 2918 2750 2989 ebullientisque
2798 2920 2994 2974 carnis
3031 2918 3548 2990 perturbationum

1899 3007 2468 3077 compescendarum
2491 3008 2709 3073 studio,
2734 3027 2807 3064 ne
2832 3027 2966 3080 pars
2990 3009 3180 3080 potior
3201 3008 3544 3080 ignobiliori

1900 3095 2167 3166 subjecta
2199 3097 2384 3152 ﬁeret.
2421 3097 2621 3152 Ambae
2655 3097 2950 3168 siquidem
2991 3096 3271 3152 adversus
3306 3114 3366 3151 se
3401 3096 3549 3150 invi-

1901 3200 2028 3240 cem
2062 3187 2513 3257 concupiscunt,
2551 3187 2992 3258 destructioque
3041 3186 3404 3241 tabernaculi
3437 3185 3550 3239 im-

1902 3275 2133 3346 perium
2184 3276 2245 3330 in
2299 3276 2561 3331 animam
2611 3277 2911 3332 transfert.
2961 3277 3142 3345 Igitur
3171 3277 3230 3330 in
3263 3275 3550 3346 proximis

1903 3365 2207 3420 montibus
2236 3381 2371 3420 cum
2394 3372 2748 3433 versaretur,
2772 3366 2845 3420 ad
2869 3365 3187 3437 quemdam
3211 3381 3414 3420 senem
3441 3364 3554 3418 du-

1905 3455 2076 3520 citur,
2104 3455 2200 3525 qui
2225 3455 2366 3527 Syra
2389 3457 2629 3527 quidem
2654 3456 2906 3511 dialecto
2929 3462 3214 3524 uteretur,
3242 3455 3346 3510 sed
3371 3455 3556 3510 scien-

1908 3544 1989 3598 tia
2020 3543 2334 3614 imperitus
2378 3562 2498 3600 non
2548 3552 2694 3610 erat,
2730 3562 3141 3617 supremusque
3174 3544 3556 3600 continentia:

1907 3632 2136 3704 apicem
2169 3634 2525 3690 excoluerat.
2551 3636 2737 3708 Hujus
2759 3637 3165 3690 austeritatem
3196 3651 3385 3689 annos
3412 3650 3555 3704 qua-

1908 3726 2042 3775 tuor
2071 3738 2204 3776 cum
2237 3723 2645 3794 expressisset,
2671 3723 3120 3794 omnigenaaque
3143 3721 3556 3777 delectationis

1909 3811 2180 3881 superior
2200 3812 2402 3878 evasit,
2422 3811 2651 3867 ratione
2676 3829 2809 3867 cum
2833 3811 3136 3866 laboribus
3167 3811 3288 3865 suis
3321 3809 3558 3881 conspi-

1910 3906 2100 3968 rante,
2155 3901 2532 3956 obscuritatis
2582 3901 2899 3966 desnderio,
2934 3907 3211 3956 extremae
3249 3899 3559 3972 cujusdam

1909 4007 2025 4044 ora:
2049 3990 2295 4046 colonus
2316 3992 2470 4046 890
2493 3991 2768 4058 efﬁcitur,
2792 3996 3025 4046 antrum
3050 3991 3268 4046 habere
3298 3990 3558 4060 gestiens

1910 4080 1970 4133 in
1995 4079 2588 4142 diversorium.veluti
2613 4081 2951 4152 palzestram
2977 4080 3352 4148 stadiumque
3371 4079 3558 4131 virtu-

1912 4171 2004 4225 tis.
2040 4172 2192 4235 Quot
2219 4188 2354 4226 vero
2384 4171 2509 4226 illic
2540 4171 2866 4227 certamina
2897 4169 3061 4235 obiit,
3095 4175 3159 4222 ut
3189 4166 3557 4221 tantumdem

1911 4259 2238 4314 secundum
2273 4261 2717 4315 multitudinem
2757 4259 3052 4326 dolorum,
3085 4255 3560 4310 consolationum

1911 4351 2162 4421 Spiritus
2193 4351 2570 4422 perciperet?
2595 4355 2740 4421 quot
2770 4351 2830 4404 in
2854 4348 3030 4403 corde
3059 4347 3438 4401 ascensiones
3460 4362 3562 4416 po-

1912 4456 2086 4506 nens,
2111 4440 2328 4510 Spiritu
2356 4440 2776 4512 perficiebatur
2796 4439 2822 4493 ?
2852 4437 2924 4492 de
2950 4438 3160 4491 virtute
3194 4436 3252 4490 in
3283 4436 3559 4488 virtutem

175 4517 398 4594 ὂῦναμιν,
451 4525 539 4579 καὶ
607 4521 679 4579 δι’
737 4525 941 4599 ἀμφοῖν
997 4523 1243 4594 πράξεώς
1299 4545 1356 4579 τε
1414 4523 1504 4579 καὶ
1549 4525 1778 4599 θεωρίας

1944 4529 2420 4600 .rogrediebalur,
2446 4534 2510 4583 ut
2531 4545 2636 4600 per
2666 4535 3006 4597 utramque,
3035 4526 3328 4581 actionem
3350 4523 3480 4578 dico
3506 4528 3568 4577 et

177 4605 294 4664 ἅπαν
321 4612 618 4687 Αἰγύπτιον
664 4612 852 4686 νόημα
899 4618 997 4682 τῆς
1047 4614 1236 4688 ψυχῆς
1287 4611 1543 4688 ἐξορίζων
1570 4613 1659 4668 καὶ
1692 4614 1803 4667 σώ-

181 4719 349 4769 ματος.

234 4789 288 4845 θ“.
320 4793 559 4862 Μωυσῆς
600 4813 682 4854 τις
735 4789 912 4854 ἄλλος
967 4793 1046 4865 τῷ
1103 4791 1210 4868 βίῳ
1267 4787 1669 4868 δεδωρημὲνος,
1700 4793 1798 4862 τὴν

175 4877 433 4951 Αἰγύπτου
485 4880 880 4937 καταλελοίπει
937 4882 1028 4936 τὸν
1086 4879 1216 4956 τῇδε
1277 4880 1419 4957 βίον,
1476 4883 1564 4936 καὶ
1613 4883 1679 4937 τὰ
1705 4887 1802 4937 τοῦ

180 4965 304 5038 βίου,
333 4971 420 5024 καὶ
469 4971 678 5045 τρόπον
708 4971 830 5025 τινὰ
886 4968 988 5041 ἔξω
1043 4975 1140 5025 τοῦ
1203 4969 1322 5044 βίου
1352 4970 1663 5044 γενόμενος,
1697 4969 1804 5026 εἶδε

179 5059 287 5112 Θεὸν
339 5061 414 5122 ὠς
466 5061 521 5116 ἐν
587 5061 732 5137 βάτῳ
782 5066 860 5133 τῷ
915 5066 1112 5137 τραχεῖ
1137 5065 1233 5116 τοῦ
1283 5061 1403 5136 βίου
1432 5059 1800 5134 ἐκλάμπονταο

177 5148 250 5200 καὶ
305 5147 480 5225 ὣσπερ
530 5149 585 5221 ἐξ
642 5153 877 5220 ἀκάνθης
926 5152 987 5206 τὸ
1047 5148 1230 5226 ῥόδον,
1288 5148 1460 5212 οὕτως
1521 5149 1580 5205 ἐκ
1626 5150 1803 5205 πόνων

178 5233 351 5308 ἀρετῆς
405 5242 571 5317 φυτὸν
630 5239 828 5302 εὐῶδες
888 5241 961 5302 εἰς
1019 5241 1195 5313 ὀσμήν
1249 5244 1345 5295 τοῦ
1401 5245 1535 5294 Θεοῦ
1584 5239 1805 5318 φύεσθαι

177 5326 406 5399 πειρυκεν.
448 5329 611 5386 Οῦτω
655 5328 838 5393 λυθεὶς
883 5333 991 5385 τῶν
1034 5329 1407 5406 χαμαιζήλων
1442 5327 1687 5400 ἐννοιῶν,
1716 5330 1805 5385 καὶ

178 5412 310 5492 ἀφεὶς
364 5415 519 5490 δίκην
581 5417 833 5490 πηδίλων
879 5421 947 5475 τὰ
1003 5422 1173 5496 γήῖνα
1223 5417 1275 5474 ἐν
1334 5419 1490 5493 τόπῳ
1527 5423 1684 5492 Θεοῦ,
1727 5423 1809 5492 τῷ

244 5651 284 5685 ¹⁰
308 5653 519 5724 Ephes.
555 5671 608 5724 v,
635 5657 685 5712 5.
720 5656 763 5693 υ
795 5653 951 5711 Psal.
983 5669 1132 5722 κων,
1167 5655 1220 5711 3.

1915 4616 2501 4688 contemplationem,
2529 4617 2930 4690 {Egyptiacam
2959 4632 3196 4670 omnem
3223 4613 3405 4669 animi
3430 4628 3564 4667 cor-

1911 4707 2192 4780 porisque
2224 4707 2494 4762 exsulare
2520 4706 2942 4779 cogitationem
2976 4710 3230 4776 cogeret.

1984 4800 2036 4852 9.
2070 4797 2215 4851 Cum
2265 4812 2419 4865 vero,
2471 4813 2577 4851 ceu
2627 4798 2851 4867 Moyses
2899 4795 3050 4849 alter
3098 4793 3305 4847 huicce
3337 4789 3562 4846 mundo

1913 4903 2018 4960 pro
2051 4886 2268 4941 eximio
2319 4902 2565 4940 munere
2613 4885 2804 4950 datus,
2838 4886 3147 4955 zEgyptum
3199 4880 3562 4951 reliquisset,

1913 4977 2067 5031 hanc
2096 4976 2300 5046 utique
2331 4975 2530 5038 vitam,
2565 4990 2813 5044 qumque
2836 4973 2907 5027 ad
2935 4973 3122 5042 ipsam
3159 4970 3559 5042 pertinent,ac

1914 5063 2090 5118 modo
2124 5062 2382 5133 quodam
2431 5064 2560 5117 vita)
2620 5063 2796 5133 hujus
2856 5078 3058 5116 exsors
3109 5061 3350 5114 effectus
3384 5061 3564 5125 esset,

1915 5156 2100 5208 Deum
2132 5153 2277 5207 vidit
2308 5155 2367 5207 in
2417 5154 2663 5224 hujusce
2715 5152 2916 5207 saeculi
2963 5151 3282 5221 asperitate
3311 5148 3470 5203 velut
3500 5147 3564 5202 in

1914 5242 2064 5297 rubo
2088 5242 2624 5313 splendescentem.
2649 5240 3158 5307 Quemadmodum
3183 5239 3342 5294 enim
3365 5253 3566 5292 rosam

1917 5350 1986 5388 ex
2017 5331 2225 5402 spinis,
2259 5333 2344 5388 sic
2377 5349 2445 5387 ex
2495 5331 2800 5386 laboribus
2855 5331 3300 5386 suaveolentem
3329 5327 3564 5383 virtutis

1916 5421 2182 5494 plantam
2201 5421 2262 5476 in
2281 5422 2381 5477 Dei
2401 5421 2644 5478 odorem
2665 5420 3000 5494 germinare
3022 5424 3432 5493 comparatum
3454 5421 3565 5474 est.
