3926 6200
427 318 530 377 771

1713 318 1773 372 8.
1811 315 2114 370 JOANNIS
2150 315 2570 369 DAMASCENI
3672 329 3756 385 πρ

428 446 689 519 Abjectis
719 444 919 514 itaque
951 441 1413 515 cogitationibus
1441 444 1774 511 exemptus,
1794 439 2079 495 terrenis-

2196 434 2319 510 ἰδίῳ
2349 441 2428 504 τῷ
2456 439 2687 512 γίνεται,
2719 438 2808 494 καὶ
2844 440 2945 514 ὁρᾷ
2982 440 3112 496 Θεὸν
3171 443 3247 504 ὡς
3304 440 3429 499 ἰδεῖν
3461 442 3669 517 δυνατὸν,
3691 452 3761 507 καὶ

436 553 548 607 que
578 534 755 589 rebus
786 538 1327 589 calceamentorum
1351 532 1540 587 instar
1562 529 1857 601 positis,in
1882 529 2078 584 locum

435 625 536 679 Dei
558 622 814 679 occurrit
838 624 1057 691 (mente
1082 638 1189 676 sua
1210 621 1456 691 scilicet)
1480 619 1579 673 ubi
1610 620 1793 673 Deum
1816 619 2081 673 intuetur

430 718 718 783 quantum
741 712 957 767 intueri
980 710 1262 783 possibile
1288 712 1659 764 est.llursum
1682 725 1814 763 vero
1838 706 1898 762 in
1918 710 2080 779 Egy-

428 809 595 875 ptum
624 808 867 870 remeat,
894 802 1179 873 pepulum
1204 801 1457 856 multum
1480 818 1590 856 nec
1612 798 1915 854 numerari
1938 798 2079 853 faci-

429 894 568 961 lem,
590 910 658 948 ex
683 893 807 960 illa,
845 899 902 947 et
925 910 994 948 ex
1018 909 1219 947 amara
1246 891 1569 947 Pharaonis
1601 889 1889 963 principis
1920 888 2081 945 orbis

431 984 709 1039 servitute
742 983 1137 1038 translaturus
1160 982 1235 1037 ad
1260 982 1552 1037 excelsam
1583 987 1800 1035 terram
1828 979 2080 1051 promis-

433 1073 641 1143 sionis,
666 1078 731 1128 ut
762 1073 1030 1129 traducat
1061 1089 1159 1128 eos
1192 1088 1297 1143 per
1328 1088 1489 1126 mare
1513 1070 1775 1126 Rubrum
1799 1086 1967 1140 aqum
1992 1068 2084 1121 di-

430 1163 583 1217 vinae
617 1168 675 1217 et
704 1162 1031 1234 sanguinis,
1062 1163 1121 1216 in
1155 1162 1388 1217 deserto
1437 1160 1955 1233 perturbationum
1986 1174 2079 1212 va-

432 1270 540 1308 cuo
572 1258 891 1317 versantes,
914 1252 1014 1307 ubi
1044 1259 1246 1307 exacto
1274 1251 1534 1318 Amalec,
1561 1249 1837 1321 expansis
1860 1249 1921 1303 in
1948 1264 2083 1302 cru-

431 1343 513 1397 cis
547 1343 787 1398 modum
826 1343 1121 1408 manibus,
1185 1342 1257 1398 ad
1320 1342 1507 1395 instar
1567 1341 1729 1394 illius
1762 1340 1859 1409 qui
1894 1337 2082 1392 nostri

431 1435 619 1505 gratia
651 1451 862 1489 manus
896 1433 1175 1505 expandit
1206 1433 1266 1486 in
1308 1448 1502 1497 cruce,
1544 1430 1844 1487 victricem
1880 1447 1947 1485 ex
1978 1429 2081 1483 illo

432 1523 707 1577 virtutem
740 1524 1067 1577 obtineant.
1104 1522 1344 1577 Duobus
1396 1522 1574 1593 igitur
1603 1521 1775 1575 annis
1809 1520 1869 1573 in
1902 1535 2082 1589 specu

433 1614 999 1679 moratus,coercitis
1027 1630 1131 1684 per
1152 1612 1379 1680 vigilias
1402 1611 1603 1666 anima
1621 1617 1679 1665 et
1699 1626 2080 1681 corpore,ceu

425 1700 551 1771 jam
580 1716 757 1755 carne
792 1701 943 1756 liber
974 1707 1151 1768 esset,
1184 1701 1519 1755 divinorum
1553 1700 1925 1771 eloquiorum
1954 1705 2080 1753 stu-

434 1789 530 1843 dio
563 1796 621 1844 et
650 1790 1035 1846 meditatione
1095 1790 1492 1863 ignorantiam
1552 1806 1790 1845 omnem
1831 1787 2078 1860 pepulit,

430 1894 580 1933 verae
612 1880 876 1935 scientias
909 1880 1135 1935 lumine
1194 1880 1253 1933 in
1306 1884 1495 1934 semet
1524 1884 1780 1951 recepto.
1817 1879 1915 1933 Sin
1942 1894 2077 1932 vero

428 1967 736 2040 indulgere
772 1987 977 2025 somno
1005 1987 1152 2041 opus
1199 1976 1345 2037 erat,
1371 1986 1487 2040 quo
1526 1975 1738 2023 natura
1770 1983 2070 2023 recreare-

433 2062 529 2111 tur
550 2065 1126 2129 sustentareturque,
1154 2058 1263 2113 hoc
1286 2058 1548 2113 olﬁcium
1574 2065 1800 2113 naturae
1824 2057 1907 2111 sic
1930 2075 2082 2128 prm-

433 2147 645 2213 stabat,
681 2154 747 2201 ut
778 2148 880 2202 illo
910 2147 1175 2214 biennio,
1211 2165 1319 2202 nec
1349 2152 1543 2213 nocte,
1570 2164 1678 2201 nec
1705 2147 1801 2201 die
1832 2146 2081 2201 recuba-

433 2241 543 2289 ret.
579 2237 694 2289 Iiac
725 2236 953 2290 ratione
1013 2236 1311 2290 inferioris
1339 2236 1525 2307 partis
1557 2236 1836 2290 libidines
1867 2252 2078 2291 eneca-

432 2323 671 2391 bantur,
704 2324 1041 2379 lumborum
1088 2326 1331 2380 virtutes
1386 2326 1785 2393 solvebantur,
1814 2325 2081 2381 umbilici

432 2412 918 2485 exstinguebatur
961 2420 1161 2483 aestus,
1216 2421 1281 2470 ut
1333 2414 1485 2469 nihil
1542 2415 1755 2469 virium
1813 2414 2078 2483 haberet,

434 2501 649 2572 quibus
672 2503 867 2574 juvari
894 2510 1116 2575 posset.

507 2722 591 2776 10.
626 2720 689 2774 In
722 2720 975 2791 patriam
1008 2720 1207 2792 itaque
1256 2720 1516 2787 rediens,
1551 2720 1908 2793 presbyterii
1939 2738 2079 2795 gra-

437 2806 579 2863 dum
613 2809 845 2879 accipit.
881 2809 1143 2880 Cumque
1203 2813 1484 2881 tanquam
1526 2809 1672 2882 grati
1704 2809 1885 2863 animi
1922 2809 2081 2864 filius

435 2897 651 2952 nutrici
674 2898 846 2953 matri
869 2898 1282 2953 nutricationis
1300 2898 1544 2970 praemia
1564 2898 2079 2969 rependisset,Deo

434 2987 779 3063 providente
811 2988 884 3043 ad
916 2988 1151 3043 urbium
1182 2989 1516 3061 principem
1550 2988 1924 3053 transfertur,
1953 3005 2079 3045 ma-

433 3076 652 3149 gnique
684 3078 984 3147 pontificis
1018 3078 1200 3133 ﬁliam
1233 3078 1397 3133 ducit
1426 3094 1691 3133 uxorem.
1720 3079 1971 3147 Equum
2000 3076 2081 3130 si—

431 3165 672 3236 quidem
705 3184 824 3223 non
866 3172 1009 3233 erat,
1056 3172 1121 3221 ut
1168 3168 1415 3239 insignis
1468 3167 1614 3222 adeo
1646 3166 1949 3238 religionis
1976 3165 2074 3220 lu-

430 3272 626 3321 cerna,
662 3256 722 3310 in
756 3273 872 3328 qua
903 3256 1105 3313 lumen
1154 3257 1403 3330 tempori
1447 3257 1613 3313 nullo
1664 3256 1987 3311 obnoxium
2020 3262 2076 3311 et

430 3350 717 3401 aeternum
740 3347 1167 3418 requiesc'ebat,
1196 3346 1303 3402 sub
1332 3346 1526 3402 modio
1551 3344 2079 3412 occultaretur,sed

430 3450 607 3506 super
632 3435 1053 3491 candelabrum
1087 3437 1385 3492 excelsum
1418 3436 1814 3507 omnibusque
1848 3433 2079 3505 conspi-

432 3540 607 3579 cuum
641 3530 1018 3594 statueretur,
1042 3532 1105 3580 ut
1127 3542 1195 3580 ex
1221 3526 1342 3581 alta
1372 3526 1680 3599 positaque
1712 3526 1772 3580 in
1807 3523 2078 3579 meditul-

430 3610 509 3665 lio
543 3613 803 3681 specula,
838 3631 945 3668 ceu
980 3614 1117 3669 tuba
1151 3632 1218 3669 ex
1251 3632 1393 3669 auro
1428 3615 1656 3677 ductili,
1692 3615 1767 3670 ad
1816 3612 2075 3669 universi

432 3704 694 3754 extrema
725 3718 975 3772 qumque
1035 3710 1402 3775 personaret.
1464 3705 1604 3770 Quis
1637 3704 1962 3759 Ecclesium
1994 3704 2078 3759 sic

428 3787 581 3842 rexit
599 3788 1096 3860 ordinavitque,et
1114 3792 1401 3849 humilem
1425 3793 1817 3849 nihilominus
1837 3809 2077 3848 sensum

425 3893 546 3948 pra)
580 3893 639 3931 se
668 3877 847 3933 tulit?
873 3880 1003 3948 quis
1028 3880 1176 3935 iram
1202 3882 1505 3951 animique
1534 3883 1970 3938 vehementiam
1995 3883 2078 3937 sic

427 3966 813 4038 compescuit,
848 3974 912 4023 ut
955 3970 1475 4026 mansuetudinem
1526 3972 1599 4027 ad
1636 3972 1888 4041 justitiaa
1918 3972 2078 4043 leges

429 4062 694 4111 exactam
718 4064 1071 4114 consecutus
1103 4066 1259 4115 esset
1286 4077 1299 4127 ;
1350 4077 1465 4131 qua
1496 4059 1788 4135 quidquid
1819 4060 2080 4116 obstaret

428 4146 651 4209 virtuti,
684 4147 999 4220 refugeret,
1025 4148 1374 4223 justumque
1425 4150 1496 4206 ab
1544 4150 1783 4219 injustis
1814 4149 2080 4205 vindica-

426 4235 565 4292 ret?
595 4236 728 4308 quis
760 4238 1049 4294 cliaritate
1082 4238 1205 4307 illa,
1241 4256 1310 4294 ex
1363 4255 1479 4312 qua
1525 4237 1935 4294 misericordia
1966 4255 2077 4295 na-

429 4326 632 4395 scitur,
685 4328 936 4383 eximius
983 4327 1130 4383 adeo
1180 4328 1332 4397 fuit;
1394 4329 1564 4402 cujus
1604 4329 1835 4384 virtutis
1867 4345 2078 4383 monu-

426 4421 629 4471 menta
684 4417 933 4473 animati
992 4418 1147 4490 cippi
1205 4418 1496 4491 hodieque
1557 4418 1836 4491 gestant?
1874 4418 2077 4473 Omnis

427 4521 621 4560 sermo
654 4505 815 4561 illius
875 4507 945 4561 de
1006 4508 1413 4563 misericordia
1470 4514 1614 4575 erat,
1675 4509 1895 4580 quique
1938 4524 2075 4563 eum

2188 526 2353 582 πάλιν
2417 526 2494 588 είς
2554 528 2828 604 Αἴγυπτον
2888 532 3267 605 παραγίνεται,
3318 532 3497 605 πλήθη
3551 536 3701 593 πολλά
3722 563 3763 596 τε

2190 616 2277 670 καὶ
2310 616 2502 692 ἄπειρα
2534 616 2583 691 ἐξ
2637 618 2938 695 Αἰγύπτου,
2995 621 3087 676 καὶ
3144 629 3243 692 τῆς
3272 630 3484 699 πικρᾶς,
3512 628 3762 701 τυραννίδος

2196 706 2393 781 Φαραὼ
2421 711 2518 761 τοῦ
2546 708 3022 786 κοσμοκράτορος,
3081 710 3171 766 καὶ
3230 712 3362 787 πρὸς
3412 715 3505 783 τήν
3561 714 3653 770 ἄνω
3691 726 3766 791 γῆν

2187 803 2288 865 τῆς
2321 795 2646 872 ἐπαγγελίας
2682 800 3158 874 μεταστησάμενός
3213 823 3291 870 τε,
3348 802 3437 857 καὶ
3483 809 3766 876 μεταστήσων

2192 881 2280 939 διὰ
2337 886 2610 957 θαλάττης
2664 888 2927 963 Ἐρυθρᾶς
2993 894 3090 944 τοῦ
3175 890 3317 955 θείου
3386 888 3568 955 ὕδατός
3615 914 3661 948 τε
3703 900 3765 951 καὶ

2191 972 2443 1046 α’ίματος,
2480 975 2531 1030 έν
2564 976 2756 1053 ἐρήμῳ
2813 983 2920 1033 τῶν
2983 984 3168 1044 παθῶν
3203 979 3682 1057 πολιτευσαμένους,
3706 986 3767 1039 καὶ

2190 1062 2444 1137 Ἀμαλὴκ
2497 1063 2846 1131 ἐκκλίναντας
2927 1074 3133 1145 χειρῶν
3189 1069 3391 1126 ἐκτάσει
3461 1072 3767 1148 ἐπαιρομένων

2190 1150 2555 1229 σταυροειδῶς
2612 1156 2751 1231 πρὸς
2829 1159 2921 1212 τὸν
2982 1157 3034 1213 ἐν
3096 1164 3311 1234 σταυρῷ
3374 1161 3466 1225 τὰς
3519 1168 3681 1238 χεῖρας
3721 1163 3770 1218 δι’

2191 1245 2340 1315 ἡμᾶς
2392 1242 2716 1315 ἐκτείναντα,
2774 1244 2822 1319 ἐξ
2855 1247 3027 1302 αὑτοῦ
3078 1270 3135 1303 τε
3189 1249 3290 1318 τὴν
3342 1256 3675 1327 τροπαιοῦχον
3708 1250 3771 1309 δε-

2193 1329 2484 1406 δεγμένους
2541 1330 2791 1407 δύναμιν.
2849 1338 2935 1391 Ἐν
2984 1341 3066 1410 τῷ
3124 1338 3379 1412 σπηλαίῳ
3432 1341 3599 1395 τοίνυν
3638 1341 3771 1397 διττὸν

2191 1418 2309 1484 ἔτος
2342 1420 2647 1499 διατρίψας,
2678 1424 2767 1479 καὶ
2802 1423 3072 1502 ἄγρυπνον
3131 1429 3228 1496 τῆν
3290 1431 3472 1505 ψυχὴν
3513 1431 3611 1498 ἅμα
3636 1432 3773 1487 καὶτὸ

2193 1517 2351 1585 σῶμα
2410 1510 2765 1591 διαφυλάξας,
2828 1518 2943 1570 οἷον
3024 1516 3257 1593 ἄσαρκος
3333 1523 3402 1595 τῇ
3459 1518 3638 1596 μελέτῃ
3695 1526 3773 1576 τῶν

2190 1602 2347 1656 θείων
2402 1600 2604 1677 λογίων
2682 1602 3173 1679 ἐνασχολούμενος,
3228 1613 3400 1663 πᾶσαν
3454 1608 3775 1685 ἐξωστράκισεν

2193 1689 2430 1767 ἄγνοιαν,
2483 1693 2546 1747 τὸ
2605 1696 2717 1769 φῶς
2761 1701 2860 1763 τῆς
2919 1694 3162 1765 ἀληθοῦς
3219 1696 3624 1770 είσοικισάμενος
3667 1702 3775 1775 γνώ-

2191 1802 2347 1845 σεως.
2384 1780 2447 1837 Εἴ
2477 1778 2534 1835 δὲ
2562 1783 2651 1837 γαὶ
2684 1781 2853 1838 ὕπνου
2889 1784 3222 1861 μεταλαχεῖν
3280 1785 3387 1843 ἔδει
3428 1789 3558 1864 πρὸς
3599 1790 3681 1857 τῆν
3709 1796 3777 1859 τῆς

2189 1869 2399 1948 φύσεως
2460 1871 2748 1942 ἀνακτησιν
2825 1873 2915 1928 καὶ
2991 1874 3319 1951 ἀνάρῥωσιν,
3374 1872 3507 1933 ἔστω
3555 1879 3639 1946 τὴν
3690 1878 3777 1933 λει-

2187 1959 2440 2036 τουργίαν
2469 1958 2640 2016 ἐτέλει
2669 1968 2769 2031 τῆς
2826 1964 3058 2039 φύσεως,
3120 1965 3193 2027 ὡς
3251 1967 3315 2021 τὸ
3363 1963 3534 2022 διττὸν
3563 1965 3666 2029 ἔτος
3693 1965 3781 2021 οὐδ’

2189 2048 2337 2111 ὅλως
2368 2049 2749 2121 ἀνακλιθῆναι,
2799 2052 2860 2107 οὐ
2904 2053 3134 2130 νύκτωρ,
3171 2054 3232 2109 οὑ
3265 2059 3388 2128 μεθ’
3418 2058 3629 2132 ἡμέραν.
3656 2056 3775 2114 Οὕτω

2188 2142 2472 2213 νεκροῦται
2558 2141 2624 2194 τὰ
2712 2141 3062 2217 ὑπογάστρια,
3150 2145 3241 2198 καὶ
3319 2150 3424 2199 τῶν
3479 2151 3662 2222 νεφρῶν
3708 2146 3778 2208 τὰς

2190 2223 2447 2301 δυνάμεις
2501 2227 2768 2300 ἐκλύεται,
2826 2230 2917 2285 καὶ
2976 2235 3082 2286 τῶν
3146 2231 3231 2287 ἐπ’
3289 2232 3544 2308 ὀμφαλοῦ
3594 2235 3778 2311 γαστρὸς

2187 2317 2287 2385 τήν
2356 2316 2598 2391 πύρωσιν
2649 2315 3095 2395 παρασϐέννυται,
3163 2321 3253 2377 καὶ

2190 2406 2364 2479 ἑαυτῷ
2395 2408 2755 2484 χρησιμεύειν
2785 2407 3017 2486 γίνεται.

3344 2322 3466 2380 ἅτον
3476 2346 3529 2387 ος
3581 2326 3695 2401 πρὸς
3735 2324 3782 2378 τὸ

2263 2714 2347 2770 ια’.
2381 2712 2543 2778 Αὖθίς
2574 2735 2633 2769 τε
2662 2714 2799 2790 πρὸς
2854 2716 2952 2787 τὴν
3013 2715 3252 2793 πατρίδα
3282 2720 3688 2792 παλινοσττξσας,
3712 2718 3781 2775 καὶ

2186 2805 2285 2872 τῆς
2318 2802 2644 2875 Ἐκκλησίας
2704 2805 2755 2859 ἐν
2816 2801 3184 2885 πρεσϐυτέρου
3240 2808 3785 2887 τᾶξειγινόμενος,καὶ

2186 2892 2354 2968 ταύτῃ
2391 2893 2463 2956 ὡς
2499 2892 2794 2969 εὐγνώμων
2836 2901 2965 2959 παῖς
3022 2901 3057 2970 ᾖ
3114 2899 3323 2971 τιθηνῷ
3385 2903 3545 2977 μητρὶ
3578 2900 3784 2960 ἀποτίσας

2186 2981 2252 3037 τὰ
2299 2983 2555 3058 θρέπτρα,
2605 2984 2721 3055 θείᾳ
2776 2984 3006 3063 προνοίᾳ
3061 2987 3198 3061 πρὸς
3253 2990 3359 3057 τήν
3408 2987 3680 3063 ἁλουργίδα
3702 2993 3780 3042 τῶν

2187 3070 2401 3126 πόλεων
2439 3073 2844 3144 μετατάττεται,
2876 3074 2966 3133 καὶ
3018 3077 3116 3144 τήν
3171 3079 3440 3155 θυγατέρα
3468 3085 3559 3135 τοῦ
3590 3078 3783 3153 μεγάλου

2189 3160 2488 3238 ἀρχιερέως
2516 3160 2865 3237 νυμφεύεται.
2911 3163 2988 3222 O5
3046 3166 3149 3243 γὰρ
3206 3167 3312 3223 ὑπὸ
3349 3168 3535 3242 μόδιον
3567 3169 3783 3243 κρύπτεσ-

2188 3252 2274 3305 θαι
2306 3249 2453 3305 ὅσιον
2515 3258 2776 3329 φωστῆρα
2830 3251 3064 3324 τοιόνδε,
3121 3254 3202 3333 ἐφ’
3259 3257 3308 3329 ᾧ
3370 3258 3433 3314 τὸ
3485 3258 3691 3335 ἄχρονον
3718 3254 3783 3311 καὶ

2186 3338 2362 3395 ἀίδιον
2394 3345 2509 3421 φῶς
2567 3342 2958 3412 ἀναπέπαυται,
3021 3341 3148 3400 ἀλλ’
3206 3345 3292 3403 ἐπὶ
3361 3346 3580 3424 λυχνίαν
3614 3344 3785 3420 ὑψηλὴν

2186 3431 2275 3485 καὶ
2324 3431 2621 3502 περίοπτον
2683 3431 3045 3502 ἀνατίθεσθαι,
3092 3432 3160 3489 ί’ν’
3212 3438 3287 3497 ὼς
3344 3436 3395 3508 ἐξ
3462 3438 3682 3493 ἀπόπτου
3720 3433 3786 3491 καὶ

2192 3518 2516 3593 μεσαιτάτης
2548 3528 2830 3593 περιωπῆς
2861 3520 3092 3598 σάλπιγξ
3142 3526 3229 3578 οἵα
3281 3526 3626 3602 χρυσήλατος
3654 3525 3786 3581 πάντα

2186 3608 2505 3683 περιηχήσῃ
2558 3609 2626 3662 τὰ
2676 3610 2902 3685 πέρατα.
2959 3611 3056 3674 Τίς
3114 3612 3290 3685 οῗίτως
3334 3614 3647 3684 Ἐκκλησίαν
3676 3611 3786 3669 {linit

2184 3718 2243 3751 τε
2272 3697 2361 3751 καὶ
2404 3695 2572 3770 ἔταξε,
2623 3699 2713 3753 καὶ
2773 3699 3062 3774 χθαμαλὸν
3125 3699 3442 3776 ἐπεδείξατο
3476 3708 3722 3781 φρόνημα,
3747 3702 3783 3755 ἐν

2190 3788 2510 3861 ὑψηλῷτοῦ
2562 3786 2871 3861 ἀξιώματος
2930 3802 3355 3867 προτερήματις
3407 3796 3489 3858 τίς
3540 3795 3691 3857 οὕτως
3718 3792 3785 3860 ὀρ·

2185 3876 2284 3948 γῆν
2343 3876 2431 3930 καὶ
2491 3877 2659 3948 θυμὸν
2714 3877 3039 3953 ἡνιόχησεν,
3119 3882 3195 3944 ὡς
3271 3878 3502 3958 ἔννομον
3559 3883 3787 3957 πρᾳότητα

2186 3966 2506 4035 κτήσασθαι,
2566 3964 2976 4040 ἀποπυγοῦσαν
3041 3969 3135 4042 μέν
3186 3978 3292 4027 πᾶν
3344 3975 3374 4027 ’ὀ
3420 3995 3471 4028 τι
3516 3981 3607 4044 τῆς
3632 3972 3785 4046 ἀρετῆς

2189 4052 2487 4121 ἀντίθετον,
2519 4053 2609 4108 καὶ
2642 4051 3012 4111 διεκδικοῦσαν
3044 4055 3101 4113 δὲ
3133 4060 3182 4131 ἐξ
3214 4059 3419 4118 ἀδίκων
3448 4064 3538 4118 τὸν
3583 4060 3785 4127 simam;

2186 4141 2264 4205 τίς
2326 4140 2542 4218 ἀγάπης
2600 4143 2882 4215 τοσοῦτος,
2943 4144 2993 4216 ἐξ
3042 4150 3109 4216 ἧς
3169 4146 3326 4214 ἔλεος
3375 4152 3595 4230 ederat;
3641 4150 3692 4203 οὗ
3714 4153 3787 4213 τῆς

2186 4230 2381 4305 ἀρετῆς
2468 4233 2637 4307 μέχρι
2711 4238 2801 4289 νῦν
2881 4229 3126 4312 ἔμψυχοι
3208 4239 3415 4310 στῆλαι
3470 4242 3533 4298 τὰ
3584 4233 3788 4313 σύμϐολα

2187 4319 2430 4398 φέρουσι·
2484 4324 2664 4397 Λόγος
2705 4324 2804 4399 γὰρ
2864 4330 2967 4387 πᾶς
3030 4325 3179 4400 αὐτῷ
3234 4327 3398 4384 ἐλέου
3431 4331 3658 4403 ὑπῆρχεν
3689 4322 3790 4381 ὑπό-

2186 4410 2350 4481 θεσις,
2384 4410 2458 4474 ὡς
2510 4410 2584 4474 εἰς
2642 4408 2746 4482 ἕξιν
2806 4410 3135 4485 ἐληλακέναι
3195 4420 3533 4491 συμπαθείας
3558 4417 3792 4487 καὶμετα·

2187 4496 2389 4561 δόσεως
2433 4499 2560 4563 τοὺς
2621 4505 2727 4555 τῶν
2784 4500 2990 4558 ἐκείνου
3051 4503 3335 4570 ὲπαίοντας
3394 4507 3585 4583 λόγων.
3614 4509 3792 4561 “Exim?

425 4594 907 4650 verbifacientem
930 4597 1293 4661 audisset,ad
1314 4598 1583 4655 habitum
1610 4599 1894 4654 continuo
1916 4588 2073 4652 com-

2190 4588 2284 4663 γᾶρ
2339 4592 2456 4661 Θεῷ
2510 4590 2578 4643 τὰ
2640 4589 2813 4646 οἰκεῖα
2869 4598 3087 4667 κιχρᾷν,
3173 4597 3387 4673 φθαρτᾶ
3450 4594 3676 4656 διδόντας
3721 4586 3788 4646 zu";

428 4686 831 4741 miserationis
864 4687 1357 4761 liberalitatisque
1387 4689 1834 4763 provehebatur.
1862 4688 2077 4745 Suade-

428 4775 527 4832 bat
557 4776 703 4832 891
746 4794 851 4832 sua
874 4779 990 4834 Deo
1014 4777 1292 4846 fenerari,
1326 4780 1735 4851 corruptibilia
1767 4786 1825 4833 et
1853 4778 2076 4833 caduca

426 4865 730 4939 largiendo
757 4867 865 4931 illi,
891 4868 989 4939 qui
1016 4869 1431 4939 permanentia
1455 4874 1512 4923 et
1543 4868 1887 4938 incorrupta
1910 4868 2075 4922 vicis-

427 4953 540 5009 sim
564 4954 749 5024 daret,
778 4974 843 5012 ac
868 4957 1191 5013 recondere
1218 4957 1280 5012 in
1305 4958 1468 5013 cmlis
1496 4956 1896 5012 miserationis
1919 4972 2077 5028 penu

429 5044 585 5113 quod
613 5062 731 5101 non
758 5052 1234 5116 consumeretur,
1256 5066 1364 5103 nec
1387 5046 1735 5119 praedationi
1760 5045 1956 5102 furum
1982 5063 2080 5118 pa-

431 5135 613 5189 teret:
646 5140 711 5190 ut
739 5142 982 5206 peccata
1041 5137 1434 5209 eleemosynis
1492 5142 1830 5210 purgarent,
1884 5141 1940 5191 et
1965 5136 2080 5191 ini-

432 5218 689 5287 quitates
708 5223 1121 5283 misericordia
1144 5243 1281 5300 erga
1304 5242 1548 5297 egenos:
1574 5226 1915 5299 frangerent
1934 5242 2082 5297 pau-

433 5304 673 5376 peribus
704 5329 917 5385 panem
949 5316 1277 5373 secundum
1309 5317 1719 5388 praescriptum
1761 5315 2078 5388 Evangelii,

434 5394 891 5471 sitientibusque
922 5404 1201 5474 poculum
1230 5406 1441 5462 darent
1465 5423 1477 5475 ;
1521 5405 1819 5461 nudorum
1844 5405 2085 5462 nudita-

432 5488 554 5538 tem
581 5490 1132 5557 tegerent,vestibus
1165 5494 1479 5550 destitutos
1504 5494 1958 5561 induerent,sub
1983 5494 2078 5549 dio

2187 4676 2374 4753 ῥέοντα
2426 4677 2765 4753 ἀντιμετρεῖν
2838 4682 2907 4735 τὰ
2982 4682 3211 4754 ἑστῶτα,
3270 4686 3361 4739 καὶ
3422 4684 3667 4763 ἄφθαρτα,
3714 4677 3781 4733 καὶ

2186 4766 2526 4842 θησαυρίζειν
2572 4767 2624 4822 ἐν
2658 4769 2913 4844 οὐρανοῖς
2969 4779 3071 4837 τῆς
3131 4774 3472 4846 συμπαθείας
3516 4776 3602 4831 τὸν
3629 4771 3791 4845 Egeram,

2186 4858 2250 4911 οὐ
2291 4854 2703 4929 δαπανώμενον.
2757 4857 2898 4915 Οὐδέ
2944 4861 3157 4939 κλέπτῃ
3212 4863 3553 4938 συλώμενον,
3602 4862 3793 4931 ἐλεημο-

2186 4946 2369 5009 σύναις
2418 4946 2513 5009 τὰς
2565 4948 2832 5024 ἁμαρτίας
2880 4950 3185 5027 καθαίρειν,
3232 4954 3323 5009 καὶ
3393 4954 3486 5016 τὰς
3532 4951 3718 5012 ἀδικίας
3755 4945 3791 4999 έν

2189 5036 2462 5110 οἶκτιμοῖς
2517 5039 2780 5108 πενήτωνυ
2842 5045 3071 5097 πεινῶσι
3142 5040 3489 5122 διαθρύπτειν
3537 5045 3623 5098 τὸν
3668 5038 3792 5113 ἄρτον

2190 5127 2581 5204 εύαγγελικῶς,
2627 5128 2716 5184 καὶ
2774 5127 2972 5205 διψῶσι
3035 5130 3244 5190 διδόναι
3298 5128 3791 5210 ποτήριοψγυδμνῶν

2190 5216 2565 5294 περιστέλλειν
2627 5219 2726 5288 τῆν
2783 5220 3091 5297 γύμνωσιν,
3148 5224 3236 5280 καὶ
3295 5223 3584 5301 ἀμφιέζειν
3613 5218 3796 5287 ἀνείμο-

2190 5329 2303 5377 νας,
2364 5308 2452 5363 καὶ
2537 5306 2793 5384 ἀστέγους
2855 5310 3175 5389 ὑπαιθρίους
3251 5310 3490 5373 σκέπειν·
3567 5306 3792 5365 ποιεῖσθαι

2192 5397 2495 5454 νοσούντων
2553 5394 2857 5472 ἐπίσκεψιν,
2916 5406 3012 5456 καῖ
3064 5402 3199 5464 πρὸς
3260 5404 3499 5477 φρουρὰν
3552 5400 3635 5456 τὸν
3686 5389 3793 5450 πόδα

2193 5488 2505 5564 προίεσθαι,
2539 5491 2875 5558 καρποῦσθαι
2908 5494 2987 5561 τῷ
3020 5489 3159 5563 ἐλέῳ
3179 5492 3269 5545 τὸν
3303 5489 3481 5550 ἔλεον.

430 5580 672 5648 agentes
704 5577 1070 5651 colligerent,
1102 5583 1410 5641 visitarent
1441 5585 1733 5652 inﬁrmos,
1767 5584 1840 5640 ad
1870 5584 2168 5641 custodias
2200 5580 2542 5637 conferrent
2578 5578 2813 5650 pedem,
2848 5585 2905 5635 et
2930 5581 3403 5639 misericordiam
3436 5570 3790 5640 misericordia

428 5667 826 5729 lucrarentur.
