3958 6198
161 315 253 370 773

166 529 392 600 ποίμνιον
422 524 652 593 πέπεικε,
684 521 785 589 τὴν
816 521 885 576 τά
927 522 1045 574 θεῖα
1093 517 1390 595 σπλάγχνα
1416 524 1523 575 τῶν
1557 521 1772 598 οἰκτιρ-

168 624 266 691 μῶν
293 619 399 676 τοῖς
429 610 611 688 ἔχουσι
651 609 937 665 κλείουσαν
974 630 988 681 ;
1048 616 1134 670 Ὠς
1184 610 1284 683 γὰρ
1345 608 1606 681 ἐποίησας
1637 614 1770 683 (73),

168 704 281 763 ἔστω
320 726 417 770 σοι,
465 701 639 779 φησίν·
689 700 734 771 ᾦ
789 700 971 775 μέτρῳ
1024 704 1258 773 μετρεῖς,
1310 697 1776 772 ἐντιμετρηθησο-

170 798 309 870 μένῳ.
370 793 569 867 Ἀφέντι
619 791 724 865 γὰρ
784 790 1130 867 ἀφεθήσεται.
1187 788 1291 844 Καὶ
1350 786 1587 861 ἔμπαλιν
1639 789 1772 843 ἀκο-

165 884 330 948 λουθία
358 882 681 956 πεφώνηκεν·
745 878 846 934 οὐκ
899 878 1226 956 ἀφεθήσεται
1259 876 1363 952 γὰρ
1413 877 1512 932 οὐκ
1541 877 1773 954 ἀφιέντι.

166 976 243 1035 Τίς
269 972 466 1049 φθόνον,
524 968 611 1023 καὶ
668 967 959 1044 βασκανίαν
1018 965 1319 1040 κατέκρινε,
1372 966 1461 1021 καὶ
1519 967 1775 1041 κατάκρι-

167 1086 233 1117 σιν
281 1058 516 1129 διδάξας
564 1058 625 1112 τὸ
692 1058 1005 1133 φθονεῖσθαι
1077 1054 1335 1132 ἄριστον;
1410 1056 1602 1132 ἀγατὸν
1675 1055 1776 1131 γὰρ

164 1152 279 1206 ’ἁπαν
317 1149 602 1225 ἐτίφθονον.
654 1146 1125 1222 Αὐτοκατάκριτον
1178 1143 1235 1201 δὲ
1282 1145 1418 1219 πρὸς
1463 1150 1544 1217 τῷ
1591 1144 1777 1220 αἰσχί-

164 1262 256 1313 στῳ
280 1240 336 1295 τὸ
367 1238 618 1315 βάσκανον
663 1237 727 1291 τὸ
778 1238 995 1292 πάντων
1048 1239 1156 1289 τῶν
1216 1237 1400 1289 παθῶν
1443 1231 1775 1290 ἀδικώτατον

163 1331 235 1384 καὶ
263 1328 573 1383 εἶκαιότατον
604 1326 667 1381 τὸ
696 1330 792 1381 τοῦ
842 1323 1031 1388 ἐλέους
1072 1322 1393 1379 ἀντίπαλον·
1442 1344 1592 1399 ειπερ
1622 1320 1777 1385 ἕλεος

171 1416 580 1491 μὶιιάΑλοτρίοις
636 1420 829 1477 κακοῖς
886 1412 1300 1490 ἐπαλγύνεσθαι,
1363 1415 1580 1488 ἀγαθοῖς
1635 1411 1688 1468 δὲ
1716 1414 1778 1470 τὸ

172 1508 417 1582 βασκανθν,
447 1504 555 1580 οὐχ
582 1506 775 1560 ἑαυτοῦ
824 1499 999 1573 ἕνεκα,
1057 1507 1154 1558 τοῦ
1215 1501 1273 1557 δὲ
1325 1503 1654 1577 πάσχοντος
1688 1503 1779 1558 καί⁵

166 1594 354 1669 αὔξησιν
383 1598 651 1649 ποιεῖσθαι
682 1598 781 1659 τῆς
826 1590 1119 1663 τηκεδόνος
1166 1600 1267 1662 τῆς
1312 1592 1507 1647 ἑαυτοῦ
1535 1597 1645 1648 τῶν
1677 1591 1777 1647 ἀλ-

164 1684 364 1760 λοτρίων
391 1683 568 1739 καλῶν
625 1684 726 1752 τὴν
785 1682 1101 1755 ἐπαύξησιν,
1131 1683 1223 1737 τὸν
1255 1680 1585 1755 κεκτημένον
1636 1682 1781 1756 ἀμυ-

162 1774 357 1846 νόμενον
415 1773 701 1850 πρότερον.
762 1773 867 1828 Καὶ
940 1769 1234 1834 παιδεύσας
1261 1772 1367 1874 ..μὴ
1427 1772 1628 1847 κρίνειν
1685 1773 1776 1827 τὸν
1812 1809 1859 1874 Β

166 1861 447 1931 σόνδουλον,
509 1863 583 1923 ὡς
645 1862 703 1915 ἂν
764 1862 839 1933 μή
901 1861 1217 1936 κριθείημεν
1258 1857 1490 1924 δικαίοις
1519 1866 1780 1933 σταθμοῖς

164 1957 244 2008 τοῦ
295 1953 457 2025 μόνου
512 1956 706 2026 κριτοῦ
762 1951 861 2019 τὴν
926 1947 1084 2020 δίκην
1140 1953 1279 2023 ἡμῖν
1335 1948 1781 2009 ταλαντεῦοντος⁶

173 2039 291 2115 μηδὲ
343 2042 589 2116 ἁρπάζειν
649 2040 712 2095 τὸ
766 2043 862 2093 τοῦ
920 2036 1185 2095 δεσπότου
1241 2039 1474 2111 ἀξίωμα.
1532 2041 1626 2100 Εἷς
1679 2039 1782 2114 γάρ

171 2132 355 2205 κριτὴς,
386 2132 441 2193 ὅς
473 2130 533 2183 οὐ
564 2129 840 2204 κρίνεσθαι
885 2129 1141 2205 πέφυκεν,
1193 2128 1267 2190 ὡς
1322 2128 1486 2201 μόνος
1518 2129 1784 2205 ἁμαρτίας

169 2218 434 2293 ἐλεύθερος,
482 2216 785 2289 δεσπόζων,
831 2218 893 2273 οὐ
942 2216 1355 2291 δεσποζόμενος.
1383 2222 1594 2295 Ἄφετε,
1630 2218 1784 2293 εὐαγ-

168 2314 368 2385 γελικῶς
414 2305 560 2375 ἐϐόα,
612 2308 705 2363 καὶ
754 2307 1107 2383 ἀφεθήσεσθε.
1157 2308 1254 2370 Τίς
1305 2308 1485 2378 λύπην
1530 2308 1784 2363 ἀπώσατο

166 2400 246 2465 τὴν
296 2400 422 2473 πρὸς
479 2400 708 2455 θάνατον
767 2396 995 2473 ἄγουσαν
1050 2403 1141 2452 καί
1202 2396 1383 2468 Λύπην
1442 2395 1647 2468 ἐδίδαξε
1682 2399 1780 2467 τήν

169 2486 405 2560 θυμηδίας
462 2487 766 2564 πρόξενον,
823 2488 896 2541 ὧν
954 2489 989 2556 ἡ
1055 2487 1149 2559 μὲν
1207 2486 1282 2549 ὡς
1339 2488 1534 2551 πίνθος
1582 2493 1682 2556 τῆς
1726 2486 1786 2541 ἐκ

167 2582 276 2631 Θεοῦ
304 2578 578 2652 ἁμαρτίας,
630 2579 927 2652 σωτήριος*
988 2576 1139 2651 εἷ’περ
1197 2576 1522 2652 ἁμαρτάνειν
1544 2579 1607 2631 τὸ
1638 2576 1783 2632 ἀπο-

170 2671 421 2742 τυγχάνειν
471 2669 522 2722 οἱ
579 2671 752 2723 ταῦτα
806 2664 973 2721 δεινοὶ
1025 2663 1391 2744 διειλήφασιψ
1420 2669 1456 2736 ἡ
1488 2664 1544 2721 δὲ
1571 2666 1640 2741 τῇ
1668 2687 1787 2721 στε-

171 2758 296 2831 ρήσει
323 2761 422 2811 τῶν
453 2754 677 2827 ἡδονῶν
718 2751 1204 2828 ἐπισυμδαίνουσα,
1239 2754 1583 2834 θυμόφθορος
1615 2752 1786 2819 ὄντως

170 2842 425 2921 καὶάρδην
484 2853 598 2921 (74)
664 2843 977 2920 εὐδόκιμος.
1041 2846 1118 2904 Οὐ
1175 2846 1276 2924 γὰρ
1338 2844 1633 2914 ἐστιν,οὐκ
1677 2844 1786 2901 ἔστι

170 2933 322 3003 λύπην
376 2932 675 3010 συμϐῆναι,
708 2936 741 3004 ἢ
776 2935 861 2991 ἐπὶ
921 2938 1167 3008 στερήσει
1226 2934 1478 3011 ἐφέσεως.
1530 2933 1628 2990 Οῗα
1672 2935 1789 2991 τοί-

170 3047 244 3078 νυν
288 3029 318 3095 ἡ
366 3024 559 3103 ἔξεο-ις,
610 3023 805 3080 τοιάδε
884 3025 972 3080 καὶ
1052 3031 1151 3094 τῆς
1217 3024 1479 3100 ἀστοχίας
1527 3028 1561 3095 ἡ
1617 3024 1789 3095 λύπη.

170 3114 342 3189 ἀγαθῆς
375 3117 466 3187 μὶν
500 3115 728 3192 ἀρίστη,
757 3113 942 3175 ἀλλως
972 3112 1027 3169 δὲ
1058 3112 1317 3190 ἐχούσης,
1350 3112 1537 3176 ἄλλως
1566 3112 1790 3190 ἔχουσα.

1188 306 1559 364 LAUDATIO
1593 310 1651 363 Β.
1690 307 1894 365 JOAN.
1933 309 2464 366 CHRYBOBTOMI.

226 438 303 495 ια’,
360 437 525 503 Μῆνιν
585 429 638 486 δὲ
691 430 776 492 τίς
835 429 1115 497 ἀπώσατο,
1167 430 1257 486 καὶ
1313 431 1647 496 ἀπωθεῖσθαι
1705 432 1767 487 τὸ
1801 441 1851 503 Α

3423 315 3532 372 774

1956 438 2039 490 11.
2075 436 2217 501 Quis
2248 441 2449 491 autem
2481 435 2854 492 iracundiam
2887 436 2973 492 sic
2999 437 3216 511 abegit,
3248 442 3526 514 gregique

1883 524 2120 598 abigere
2153 526 2469 597 persuasit,
2496 543 2613 597 qua
2636 525 2837 581 divina
2858 526 3283 583 misericordiae
3306 531 3534 587 viscera

1884 614 1954 668 iis
1987 615 2085 685 qui
2120 631 2188 669 ea
2222 620 2359 669 sunt
2390 614 2621 686 perciti,
2656 614 3062 671 clauduntur?
3085 618 3229 671 Nam
3253 619 3535 687 quemad-

1883 704 2127 759 modum
2176 703 2386 759 feceris
2437 705 2593 768 aliis,
2641 704 2869 759 accidet
2913 705 3036 772 tibi,
3089 705 3285 776 inquit
3333 706 3414 772 ης
3478 711 3536 761 et

1886 810 2001 864 qua
2034 810 2317 849 mensura
2347 810 2590 848 mensus
2621 794 2826 858 fueris,
2869 794 3260 850 remetientur
3307 795 3434 849 tibi.
3470 796 3534 850 Ei

1887 883 2104 954 quippe
2133 884 2233 953 qui
2254 882 2569 951 dimiserit,
2592 882 2940 938 dimittetur.
2967 886 3035 938 Et
3055 901 3126 939 ex
3143 885 3535 955 consequenti

1886 972 2103 1027 iterum
2145 972 2460 1027 clamavit:
2509 988 2630 1027 non
2671 972 3092 1029 dimittendum
3140 991 3267 1029 esse
3312 974 3400 1029 illi
3430 974 3533 1045 qui

1891 1078 2007 1117 non
2028 1061 2293 1116 dimittit.
2316 1061 2528 1132 Ecquis
2550 1060 2939 1117 invidentiam
2954 1063 3275 1135 odiumque
3298 1064 3380 1120 sic
3398 1082 3534 1119 con-

1887 1151 2148 1219 demnet,
2181 1157 2245 1205 ut
2275 1152 2374 1222 qui
2407 1151 2805 1207 condemnare
2836 1152 3090 1209 alterum
3113 1153 3358 1209 docuit?
3384 1154 3533 1209 Invi-

1886 1240 2103 1295 (lentiae
2134 1241 2433 1311 objectum
2465 1258 2593 1296 esse
2626 1258 2721 1297 res
2752 1240 2976 1313 optima
3007 1248 3115 1308 est,
3139 1243 3279 1313 quia
3308 1244 3531 1299 bonum

1887 1346 2063 1383 omne
2080 1330 2423 1385 invidentia;
2446 1330 2769 1385 obnoxium
2793 1336 2900 1386 est.
2922 1333 3027 1386 Ast
3048 1331 3371 1388 invidentia
3388 1350 3536 1404 prm-

1889 1424 1979 1473 ter
2008 1418 2263 1473 dedecus
2283 1420 2478 1489 seipsa
2500 1419 2860 1474 damnabilis
2884 1426 2991 1487 est,
3012 1421 3280 1475 omnium
3300 1429 3534 1493 pertur-

1888 1508 2195 1563 bationum
2210 1508 2588 1578 iniquissima
2603 1508 3026 1563 misericordias
3041 1509 3303 1564 hostis:si
3319 1528 3533 1583 nempe

1890 1597 2300 1653 misericordia
2332 1597 2391 1650 in
2405 1597 2517 1652 hoc
2539 1597 2651 1651 sita
2674 1602 2781 1660 est,
2805 1604 2869 1651 ut
2890 1598 3221 1653 alienorum
3240 1599 3534 1655 malorum

1889 1688 2152 1758 aliquem
2184 1687 2401 1748 doleat.
2432 1686 2756 1743 invidentia
2774 1703 2906 1740 vero
2929 1686 3241 1751 bonorum,
3269 1704 3387 1742 non
3412 1688 3531 1743 sui-

1888 1777 2074 1848 ipsius
2108 1793 2307 1843 causa,
2342 1775 2445 1830 sed
2476 1776 2603 1848 ejus
2635 1775 2735 1846 qui
2768 1775 2839 1831 iis
2870 1775 3165 1831 afﬁcitur:
3213 1782 3389 1847 atque
3421 1777 3533 1832 hoc

1891 1867 2137 1938 insuper
2162 1870 2423 1937 praestat,
2456 1870 2521 1919 ut
2567 1865 2811 1919 alterius
2861 1864 3152 1919 bonorum
3200 1866 3534 1922 accretione

1891 1956 2074 2010 invidi
2105 1955 2269 2010 labes
2314 1960 2373 2009 et
2418 1955 2668 2027 languor
2714 1960 3011 2023 augescat.
3062 1955 3223 2010 Adeo
3267 1962 3333 2011 ut
3373 1958 3537 2027 prior

1892 2045 1992 2099 ille
2024 2044 2374 2109 vindicetur,
2409 2045 2507 2115 qui
2556 2050 2762 2099 auctus
2810 2043 2986 2098 bonis
3029 2044 3225 2101 fuerit.
3276 2045 3357 2099 Ad
3411 2047 3538 2103 haec

1892 2150 2240 2190 conservum
2264 2133 2665 2203 nonjudicare
2681 2133 2931 2199 monuit,
2954 2150 3027 2187 ne
3043 2134 3225 2204 justis
3243 2135 3532 2207 soliusju-

1893 2224 2040 2280 dicis
2071 2223 2234 2278 illius
2265 2223 2509 2278 calculis
2532 2222 2895 2291 judicemur,
2945 2240 2979 2277 a
3010 2239 3126 2293 quo
3170 2223 3535 2294 judiciorum

1891 2313 2225 2369 redduntur
2276 2313 2451 2379 vices,
2510 2328 2619 2366 nec
2677 2311 2907 2366 Domini
2960 2312 3100 2383 jura
3156 2329 3533 2384 usurpemus.

1892 2403 2184 2470 Dimittite,
2221 2402 2558 2475 evangelico
2587 2417 2749 2457 more
2781 2401 3095 2469 clamabat,
3147 2408 3198 2456 et
3228 2404 3539 2459 dimittetur

1892 2494 2043 2550 vobis
2076 2496 2138 2547 ¹³.
2174 2496 2478 2549 Maerorem
2511 2492 2612 2563 qui
2662 2492 2735 2547 ad
2779 2497 3089 2563 peccatum
3133 2492 3315 2561 ducit,
3361 2494 3539 2549 dolo-

1892 2600 2140 2655 remque
2181 2583 2401 2650 docuit,
2432 2598 2548 2652 quo
2590 2582 2798 2637 laetitia
2844 2583 3090 2653 paritur.
3133 2584 3393 2648 Quorum
3442 2584 3540 2641 hic

1896 2672 2136 2743 quidem
2168 2671 2445 2727 salutaris
2475 2670 2671 2725 luctus
2695 2677 2783 2725 est
2804 2672 2877 2726 ob
2897 2678 3203 2743 peccatum
3226 2690 3342 2742 quo
3364 2673 3537 2727 aber-

1895 2767 2088 2816 ratum
2115 2761 2226 2814 fuit
2255 2778 2289 2814 a
2322 2761 2458 2827 Deo,
2480 2760 2619 2830 quia
2643 2777 2887 2830 peccare
2912 2760 3183 2814 excidere
3207 2767 3315 2828 est,
3336 2777 3543 2835 quem-

1897 2850 2217 2906 admodum
2250 2850 2463 2903 harum
2493 2865 2692 2903 rerum
2724 2849 2896 2919 periti
2929 2848 3224 2920 produnt:
3276 2849 3377 2903 ille
3408 2867 3543 2905 vero

1899 2957 2017 2995 una
2030 2956 2162 2994 cum
2177 2938 2641 2993 oblectationum
2661 2938 2985 3008 privatione
3000 2939 3540 3009 conﬂcitanimum,

1901 3035 2108 3100 estque
2167 3046 2409 3100 prorsus
2454 3026 2838 3082 illaudabilis.
2891 3028 3061 3082 Nullo
3108 3028 3325 3099 quippe
3372 3034 3544 3100 pacto

1904 3120 2031 3175 fleri
2067 3120 2252 3191 possit
2283 3117 2549 3173 accidere
2581 3133 2915 3180 maerorem,
2943 3118 3055 3171 nisi
3080 3118 3360 3172 frustrato
3385 3118 3546 3173 desi-

171 3204 361 3277 Ἀρίστη
393 3205 447 3260 δὲ
496 3211 604 3261 τῶν
673 3205 900 3283 icto-saw
967 3206 1066 3275 μία
1122 3205 1257 3279 πρὸς
1288 3205 1351 3260 τὸ
1385 3205 1546 3278 μόνον
1580 3203 1788 3281 ἄριστον

1912 3182 2089 3264 [10νὶοί
2120 3208 2464 3281 Cujusmodi
2496 3208 2694 3277 itaque
2727 3206 3089 3261 desiderium
3123 3211 3231 3272 est,
3256 3207 3549 3279 ejusmodi

167 3294 379 3354 vadosas.
408 3302 523 3352 Τῶν
558 3296 823 3351 ἐναντίων
885 3293 942 3351 δὲ
998 3296 1087 3351 καὶ
1146 3296 1201 3350 αἱ
1258 3295 1462 3375 ἐφέσεις
1502 3296 1795 3355 ἀντίθετοι.

173 3384 395 3454 ’Ᾱκηδίις
428 3385 574 3442 δὲτὸ
606 3383 803 3442 ἄτονον
867 3386 965 3441 οὐκ
1021 3384 1251 3442 ἐτόνιυσε
1293 3388 1481 3461 μνήμῃ
1517 3388 1745 3451 θανάτου
1781 3406 1794 3457 ἱ

172 3470 358 3546 διδάξας
386 3478 553 3547 αὐτῆς
584 3482 695 3545 τῆς
728 3480 913 3551 ψυχῆς
964 3480 1399 3551 νευροτομοῦσαν
1432 3478 1531 3545 τὴν
1567 3474 1793 3548 δύναμιν

169 3564 502 3635 ἀποσείεσθαι,
551 3567 647 3622 καὶ
709 3566 911 3637 ταύτην
974 3567 1369 3628 ἀντεισοικίσας
1422 3571 1568 3629 θεῖον
1602 3560 1793 3640 φοϐον,

172 3653 245 3706 καὶ
272 3655 411 3729 πόθῳ
456 3657 546 3711 τὸν
608 3654 747 3711 λαὸν
808 3654 1149 3731 παροτρύνας
1200 3656 1333 3729 πρὸς
1367 3655 1552 3731 εὐχὰς,
1580 3655 1669 3710 καὶ
1703 3655 1793 3731 ῥᾳ-

174 3744 340 3815 θυμίαν
398 3744 559 3820 ἄρδην
620 3749 733 3802 τῶν
794 3748 987 3822 ψυχῶν
1047 3745 1463 3817 ἐκτινάττεσθαι,
1515 3745 1791 3800 καὶπαντὶ

233 3834 248 3863 ι
406 3839 417 3855 ε
503 3837 521 3869 ι
883 3833 905 3852 κ
955 3842 961 3849 ρ
1172 3841 1194 3851 -ο
1290 3835 1303 3856 ι
1383 3838 1394 3853 ς
1618 3835 1630 3851 ο
1712 3832 1735 3852 Ν

178 3835 320 3889 σθινει
366 3856 455 3898 τας
504 3858 715 3891 εαυτων
771 3835 993 3909 καροίας
1036 3855 1240 3909 τηρειν,
1274 3857 1350 3896 ως
1382 3836 1439 3889 ἂν
1492 3837 1567 3908 μή
1602 3856 1673 3897 ως
1709 3834 1797 3889 διὰ

176 3921 379 3997 θυρίδων
436 3929 602 3979 τινῶν
668 3927 776 3978 τῶν
834 3923 1133 3995 αἰσθήσεων
1195 3918 1368 3997 ἀναϐῇ
1429 3923 1653 3985 θάνατος
1712 3921 1797 3977 ἐπ’

177 4010 312 4073 αὐτάς
324 4056 335 4069 .

1908 3315 2144 3369 quoque
2176 3314 2394 3353 mazror
2409 3314 2527 3352 non
2550 3296 2807 3351 obtenta)
2830 3296 2914 3350 rei
2943 3294 3291 3351 desideratas
3318 3313 3330 3351 :
3357 3314 3486 3367 quaa
3507 3297 3557 3352 si

1906 3388 2064 3442 bona
2095 3392 2203 3453 est,
2247 3386 2298 3442 is
2348 3390 2438 3441 est
2482 3386 2781 3456 optimus:
2834 3385 2925 3440 sin
2973 3384 3147 3440 aliter
3195 3385 3429 3453 habeat,
3480 3386 3555 3443 ad

1905 3495 2089 3549 genus
2121 3476 2373 3531 alterum
2407 3480 2651 3546 spectat.
2698 3474 3133 3528 Desideriorum
3174 3490 3357 3529 unum
3390 3476 3552 3546 opti-

1908 3586 2071 3623 mum
2105 3575 2211 3633 est,
2245 3566 2403 3638 quod
2436 3566 2508 3621 ad
2542 3566 2688 3620 illud
2718 3566 2902 3638 vergit
2932 3565 3089 3636 quod
3140 3565 3333 3620 solum
3388 3566 3550 3637 opti-

1908 3676 2068 3730 mpm
2102 3658 2196 3713 sit.
2234 3656 2677 3713 Contrariorum
2715 3672 2888 3726 porro
2941 3654 3240 3710 desideria
3282 3655 3554 3727 opposita

1908 3762 2142 3817 quoque
2160 3749 2319 3799 sunt.
2336 3743 2615 3814 Nunquid
2630 3760 2748 3797 non
2769 3743 2973 3797 mortis
2990 3741 3401 3797 recordatione
3419 3758 3552 3797 ace-

1907 3836 2018 3890 diaa
2048 3852 2151 3890 seu
2188 3835 2442 3906 torporis
2473 3832 2939 3887 imbecillitatem
2991 3832 3323 3887 recreavit?
3374 3849 3553 3903 quam

1905 3926 2127 3997 pellere
2162 3924 2381 3985 docuit.
2415 3940 2522 3978 ceu
2547 3923 2778 3977 virtutis
2797 3922 3011 3977 anima)
3044 3939 3254 3977 nervos
3277 3922 3552 3977 exciden-

1906 4019 2045 4077 tem,
2083 4014 2134 4068 ei
2159 4011 2576 4068 substituendo
2596 4013 2696 4066 Dei
2722 4012 3015 4078 timorem,
3041 4012 3446 4082 populumque
3468 4028 3555 4066 ar-

177 4099 381 4157 dentius
411 4102 752 4169 excitando,
787 4109 911 4159 tum
941 4108 1007 4158 ut
1034 4103 1367 4158 rationibus
1398 4103 1608 4159 darent
1636 4120 1898 4175 operam,
1934 4109 2057 4156 tum
2089 4107 2154 4155 ut
2184 4117 2429 4156 excusso
2461 4118 2531 4155 ex
2561 4100 2776 4155 animis
2810 4106 3064 4170 torpore,
3093 4098 3371 4153 omnibus
3414 4099 3553 4153 viri-

174 4187 266 4245 bus
292 4194 459 4248 corda
488 4194 922 4262 custodiamus,
950 4210 1023 4248 ne
1056 4210 1161 4264 per
1193 4210 1405 4248 sensus
1436 4193 1595 4247 velut
1623 4210 1728 4264 per
1757 4193 2048 4248 fenestras
2075 4192 2135 4245 in
2168 4208 2236 4246 ea
2261 4196 2569 4263 peccatum
2600 4188 2901 4245 ascendat.

234 4306 311 4379 ιβ’.
342 4308 589 4382 Ἐρευνᾷν
654 4308 753 4370 τὰς
810 4306 1024 4384 Γραφάς
1080 4304 1336 4377 ἐδίδαξεν,
1399 4305 1668 4383 ἐξηγητὴς
1711 4306 1877 4376 καὶΒ

175 4391 434 4467 παιδευτὴς
486 4396 705 4452 τούτων
762 4398 1078 4472 γενόμενος,
1136 4396 1225 4450 καὶ
1279 4400 1608 4472 προφητικῷ
1648 4396 1803 4451 πνεό-

178 4504 286 4552 ματι
336 4486 398 4540 τὰ
453 4486 809 4560 κεκρυμμένα
873 4487 1011 4563 βάθη
1076 4482 1423 4560 διερευνήσαε
1482 4490 1576 4539 τοῖ’)
1634 4485 1805 4540 Ilva-5-

179 4591 342 4641 ματος,
398 4578 482 4630 καὶ
545 4574 841 4651 διαρῥηξας
896 4579 991 4630 τοῦ
1028 4576 1351 4650 γράμματος
1391 4574 1454 4630 τὸ
1483 4572 1805 4648 προκᾶλυμ-

179 4663 365 4729 μα,καὶ
408 4666 469 4720 τὸ
519 4664 737 4726 καλλος
799 4662 1166 4738 δημοσιευσας
1222 4664 1284 4718 τὸ
1342 4662 1679 4727 ἐναπόθετον·
1715 4666 1803 4719 καὶ

177 4751 318 4803 ταῦτα
369 4754 542 4809 πάντα
598 4753 808 4831 ἀτῦιρῳ,
862 4753 950 4808 καὶ
1010 4750 1314 4825 ἀκενοδόξῳ
1360 4759 1437 4825 τῷ
1470 4755 1792 4829 φρονήματι.

176 4834 307 4894 Ἥξει
351 4842 476 4917 γὰρ,
537 4840 663 4917 ᾔδει
721 4848 1044 4898 καταπατεῖν
1099 4843 1161 4898 τὸ
1218 4843 1370 4896 κενὸν
1432 4839 1702 4918 δοξάριον,
1742 4843 1803 4898 τὸ

176 4928 307 4981 κενὸν
335 4935 437 4985 τῶν
470 4933 658 4987 πόνων
688 4932 977 5006 ἀνάλωμα,
1026 4932 1087 4987 τὸ
1135 4936 1240 4985 τῶν
1276 4930 1476 5004 ἀρετῶν
1510 4930 1670 5003 λήϊον
1705 4931 1805 4988 λυ-

177 5018 500 5093 μαινόμενον.
532 5023 730 5097 Τιθρᾷν
777 5023 881 5097 γὰρ
937 5018 1101 5089 οἶδεν,
1151 5023 1240 5075 οἷα
1266 5022 1445 5092 πίθον,
1477 5021 1538 5075 τὸ
1570 5022 1804 5097 ψυχικὸν

173 5097 365 5179 δοχεῖον
396 5115 503 5164 τῶν
538 5111 768 5185 ἀρετῶν,
818 5109 908 5165 καὶ
949 5114 1018 5185 τῇ
1065 5109 1229 5186 ἐκροῇ
1274 5111 1490 5185 είσροὴν
1524 5105 1800 5184 ἐκλαμϐά-

170 5212 331 5269 νουσα,
385 5199 540 5256 οὐδὲν
598 5203 761 5271 ἦττον
819 5201 971 5256 κενὸν
1054 5201 1118 5257 τὸ
1186 5199 1404 5279 δοχεῖον
1463 5201 1799 5276 καθίστησιν,

170 5280 386 5363 ἀκερδεῖς
418 5287 660 5366 ἱδρῶτας
708 5291 1076 5370 χαριζομένη,
1122 5292 1211 5346 καὶ
1263 5292 1426 5348 πόνον
1468 5289 1800 5367 προξενοῦσα

236 5466 275 5500 ¹²
303 5469 498 5525 Matth.
533 5487 630 5541 vn,
660 5472 709 5525 2.
747 5471 793 5507 ‘3
824 5472 958 5527 Luc.
993 5488 1066 5540 v1,
1101 5472 1188 5525 37.

238 5650 340 5723 (73)
370 5653 543 5727 Lego,
576 5648 745 5726 ἔσται,
774 5647 1282 5728 ἀναμιτρηθήσεταί
1305 5671 1411 5711 σοι.

1984 4312 2069 4364 l2.
2088 4307 2346 4363 Scrutari
2371 4308 2701 4379 Scripturas
2724 4305 2944 4369 docuit,
2970 4320 3221 4375 quarum
3245 4307 3555 4359 enarrator

1914 4398 2236 4469 doctorque
2278 4397 2467 4452 factus
2515 4412 2649 4450 cum
2699 4395 2897 4457 fuerit,
2950 4394 3292 4466 prOphetico
3341 4393 3555 4465 spiritu

1916 4504 2162 4543 arcanas
2177 4486 2427 4559 Spiritus
2445 4483 2717 4558 profundi
2729 4489 2874 4539 tates
2888 4482 3177 4548 rimando,
3195 4482 3377 4537 scisso
3396 4482 3559 4536 litte-

1916 4596 1996 4632 ras
2027 4577 2174 4643 velo,
2207 4576 2573 4631 reconditam
2600 4574 2948 4644 elegantiam
2972 4572 3355 4644 exprompsit,
3380 4577 3557 4643 atque

1916 4667 2121 4722 isthazc
2136 4666 2338 4721 omnia
2358 4665 2626 4720 modesto
2650 4663 2918 4733 nihilque
2944 4662 3195 4734 superbo
3220 4678 3421 4716 sensu.
3446 4662 3555 4715 No-

1915 4762 2076 4811 verat
2122 4755 2438 4826 siquidem,
2489 4760 2735 4808 noverat
2778 4752 3015 4808 inanem
3062 4750 3369 4824 gloriolam
3417 4768 3559 4822 pro-

1916 4846 2167 4908 culcare,
2195 4846 2339 4902 892
2365 4843 2765 4917 qualahorum
2794 4843 3047 4914 pretium
3069 4840 3479 4914 supprimitur,
3502 4844 3561 4893 et

1913 4937 2194 4990 virtutum
2219 4934 2532 4989 marcescit
2552 4934 2746 4989 decor.
2770 4932 3099 4987 Soletenim
3113 4932 3393 4987 virtutum
3416 4946 3560 4983 con-

1914 5024 2283 5097 ceptaculum
2299 5023 2455 5080 haud
2471 5040 2639 5078 secus
2654 5029 2828 5093 atque
2843 5021 3062 5075 dolium
3081 5020 3379 5093 perforare
3392 5018 3564 5072 inﬂu-

1911 5132 2169 5184 xumque
2186 5114 2405 5169 effluxu
2421 5112 2742 5184 excipiens,
2768 5128 2864 5165 vas
2896 5110 3286 5165 nihilominus
3316 5121 3565 5163 vacuum

1911 5203 2632 5277 relinquitinfructuosos
2648 5200 2881 5256 labores
2894 5198 3212 5272 praebendo
3231 5195 3571 5254 efﬁciendo-

1914 5312 2027 5368 que
2059 5299 2123 5349 ut
2152 5292 2321 5350 labor
2340 5292 2492 5348 nihil
2517 5289 2905 5349 emolumenti
2928 5288 3238 5363 percipiat.
3264 5288 3327 5342 Ei
3351 5287 3570 5363 quippe

1992 5656 2105 5727 (74)
2137 5653 2307 5727 Lego,
2336 5649 2623 5726 ἀδόκιμος.
