3958 6198
477 285 584 341 775
1745 283 1803 335 Β.
1842 279 2040 335 ,ιοΑΝι

2205 281 2610 341 DAMASCENI
3697 299 3768 353 776

477 412 845 480 compertum
867 409 1012 470 erat,
1037 404 1287 477 gloriam
1310 420 1548 459 omnem
1570 403 2040 473 sublimitatemq

2235 401 2560 479 ἐπικαρπίας
2619 409 2921 484 ἀμέτοχον.
2980 411 3211 482 Πρέπειν
3271 413 3373 485 γὰρ
3424 409 3548 488 ᾔδει,
3595 423 3684 490 Θεῷ
3709 423 3768 491 κέν

475 505 590 556 Deo
619 500 850 562 decere,
882 496 1112 550 homini
1144 513 1278 550 vero
1312 495 1732 558 humilitatem,
1768 513 1899 566 qua:
1931 497 2022 550 via

2231 496 2333 547 πᾶν
2366 494 2527 558 κλέος
2557 498 2647 550 καὶ
2704 497 2950 571 ἔπαρμα,
3009 499 3284 575 ἀνθρώπῳ
3320 498 3375 555 δὲ
3401 503 3491 571 τὴν
3518 507 3773 576 ταπείνωσιν,

473 590 593 643 viro
618 588 840 659 Optimo
864 593 927 641 ut
951 586 1261 651 exaltetur,
1286 601 1519 639 necnon
1544 585 1781 639 Israelis
1804 585 1982 651 scala,
2006 603 2036 655 q

2230 578 2353 636 ὁδὸν
2386 583 2590 659 ἀρίστῳ
2645 589 2938 659 γινομένην
3004 590 3290 662 ὑψώσεως,
3339 591 3425 644 καὶ
3477 593 3658 669 Ἰσραὴλ
3690 597 3772 652 κλί-

469 679 645 732 homo
673 675 982 731 attollatur
1010 674 1084 730 ad
1117 677 1329 743 Deum,
1361 680 1606 745 tumque
1638 676 1824 730 Deum
1856 674 1916 728 in
1943 690 2032 728 cor

2231 692 2394 743 ματα,
2427 674 2562 746 πρὸς
2601 676 2728 729 Θεὸν
2795 677 2891 748 μὲν
2956 673 3382 748 ἀναϐιϐάζουσαν
3443 679 3773 755 ἄνθρωποιμηύ

468 765 960 822 contubernalem
989 764 1222 820 habeat.

2227 761 2355 815 Θεὸν
2389 761 2611 837 καρδίας
2641 763 2907 820 τελοῦσαν
2931 765 3199 844 ἐφέστιον.

539 857 624 909 13.
658 857 954 909 Creaturm
985 854 1149 908 omni
1184 858 1428 924 propter
1447 853 1763 908 Dominum
1785 858 2102 908 creatorem

2300 853 2387 925 ιγ’.
2424 853 2802 909 Ἐταπεινοῦτο
2834 858 2977 930 πασῃ
3031 855 3100 931 τῇ
3156 857 3328 912 κτίσει
3383 855 3467 913 διὰ
3491 860 3568 914 τὸν
3597 862 3775 918 κτίσαντι

467 947 916 1017 subjiciebatur,
952 945 1066 1000 nisi
1099 945 1472 999 solummodo
1503 944 1605 999 ubi
1639 945 1850 998 honori
1899 943 2030 998 Chri

2225 939 2449 1015 Κύριον,
2604 943 2766 1015 μόνον
2827 943 2888 998 οὗ
2946 947 3177 1021 Χριστὸς
3235 946 3774 1024 ἡτιμᾶζετο,καὲνὸμος

463 1035 877 1107 derogabatur,
913 1051 1019 1089 seu
1042 1034 1242 1089 divina
1259 1035 1352 1088 lex
1377 1034 1624 1104 spretim
1649 1033 1984 1089 haberetur.
2015 1050 2026 1087 ε

2225 1031 2367 1093 οεὶος
2400 1040 2722 1109 παρεωρᾶτο
2779 1036 2872 1090 καὶ
2929 1036 3276 1112 ἀνετρέπετο.
3326 1041 3639 1114 Ἀπηνῄνατο
3665 1039 3775 1097 εοεα-

463 1125 969 1196 pessumdaretur.
1006 1123 1337 1195 Superbum
1369 1140 1608 1179 omnem
1628 1129 1686 1178 et
1718 1129 1946 1177 torvum
1967 1124 2026 1178 af

2223 1121 2314 1194 ρὸν
2403 1121 2538 1176 ἅπαν
2593 1125 2683 1178 καὶ
2771 1125 3068 1202 βλοσυρὸν,
3120 1129 3206 1182 καὶ
3299 1125 3774 1207 ὑπεροφρυῧλὲφιρον·

461 1221 642 1281 ctum,
679 1231 1077 1286 arrogansque
1111 1213 1493 1284 supercilium
1521 1212 1726 1283 procul
1759 1230 1793 1267 a
1815 1229 1874 1267 se
1906 1229 2024 1267 ama

2225 1211 2504 1287 μειλίχιον
2540 1215 2635 1285 μὲν
2667 1215 2728 1268 τὸ
2779 1210 2936 1288 ὄμμα
2989 1223 3106 1279 τοῖς
3165 1216 3421 1291 ὁμιλοῦσι
3454 1216 3633 1286 διδοὺς,
3662 1220 3772 1295 λογτιν

462 1304 720 1368 daverat,
753 1304 1091 1374 blandoque
1123 1309 1364 1374 aspectu
1392 1319 1491 1356 eos
1523 1301 1624 1371 qui
1648 1318 1709 1355 se
1732 1301 2025 1371 alloquere

2221 1296 2278 1353 δὲ
2333 1299 2498 1370 ἤπιον
2557 1302 2646 1357 καὶ
2706 1311 2846 1367 θεῖον
2906 1307 3211 1381 ἠρτυμένον
3270 1307 3446 1362 ἆλατι.
3497 1309 3560 1362 Τὸ
3585 1310 3690 1376 ἦθος
3713 1310 3773 1381 μὶν

461 1398 576 1461 tur,
610 1400 925 1455 contuens,
957 1392 1214 1460 benigno
1249 1398 1309 1445 et
1337 1391 1535 1446 divino
1559 1390 1681 1445 sale
1708 1390 1966 1444 conditis
1989 1408 2024 1444 si

2218 1389 2430 1464 χαρίεν,
2489 1391 2697 1446 ἀστεῖον
2756 1391 2813 1448 δὲ
2868 1395 2930 1450 τὸ
2985 1401 3082 1450 τοῦ
3139 1398 3441 1471 προσώπου
3473 1395 3708 1469 μειδίαμα,
3733 1400 3771 1453 οὗ

460 1484 741 1538 monibus
773 1482 1123 1553 excipiebat.
1159 1481 1442 1536 Gratiosis
1465 1481 1664 1551 itaque
1689 1480 1953 1534 moribus
1976 1498 2023 1534 cn

2219 1481 2355 1554 πρὸς
2416 1478 2643 1536 ἔκλυτον
2697 1479 3057 1558 διαχεόμενον
3116 1487 3355 1560 γέλωτα.
3416 1484 3576 1549 Εἰδὼς
3623 1488 3702 1562 γὰρ
3725 1490 3772 1550 ὡς

459 1577 637 1633 esset,
671 1571 834 1626 vultu
879 1572 1128 1625 comiter
1171 1570 1492 1637 arridebat,
1545 1586 1664 1623 non
1721 1585 1788 1623 eo
1840 1568 1966 1624 risu
2009 1587 2022 1622 (

2216 1574 2336 1629 ταῖς
2391 1568 2608 1645 ἀρεταῖς
2666 1571 2720 1626 αἱ
2777 1572 2960 1628 κακίαι
3014 1577 3456 1650 παραπεπήγασι,
3485 1576 3567 1630 καὶ
3593 1576 3673 1630 εἶσί
3695 1599 3775 1639 πως

453 1661 740 1715 dissolute
767 1661 1190 1716 effunderetur.
1219 1663 1364 1715 Nam
1386 1660 1527 1730 quia
1542 1659 1914 1730 exploratum
1934 1660 2016 1714 bal

2217 1655 2529 1731 ἀγχίθυροι,
2585 1663 2665 1731 τῷ
2743 1657 2932 1734 ἄριστα
3016 1659 3453 1736 διακελευομένῳ
3506 1663 3775 1736 πειθόμενος,

452 1749 575 1819 bat,
610 1751 750 1805 vitia
773 1767 905 1805 cum
925 1750 1240 1804 virtutibus
1264 1750 1529 1820 proxime
1555 1750 1878 1820 conjuncta
1899 1765 2015 1803 esse

2216 1751 2508 1821 προσεῖχεν
2593 1748 2786 1820 ἑαυτῷ,
2863 1751 3193 1825 τραπεζίτης
3250 1751 3490 1826 εὐκρινὴς
3537 1753 3771 1826 γινόμενος.

2257 1828 2335 1845 ,ολ
2383 1832 2399 1845 .
2555 1837 2567 1845 .
2663 1836 2684 1845 ..
2864 1839 2876 1845 -
3137 1839 3148 1845 -
3425 1840 3435 1845 -
3677 1843 3690 1845 Α
3739 1838 3766 1845 -.

447 1839 664 1902 vicina,
699 1855 923 1893 morem
955 1855 1171 1911 gerens
1203 1839 1253 1892 ei
1293 1838 1391 1909 qui
1425 1837 1646 1908 optima
1671 1855 1922 1908 quaeque
1953 1855 2010 1909 pi

2212 1828 2477 1900 κίϐδηλον
2516 1837 2609 1908 μὲν
2663 1836 2800 1892 ἅπαν
2852 1839 3321 1913 ἀποπεμπόμενος
3370 1840 3618 1914 χάραγμα,
3643 1843 3718 1902 τῆς
3738 1838 3775 1893 δὲ

451 1927 616 1998 cipit,
647 1945 784 1999 erga
815 1928 1079 1999 seipsum
1129 1932 1357 1982 attento
1408 1927 1610 1981 animo
1643 1932 1789 1993 erat,
1824 1933 2014 1997 trapez

2216 1923 2510 1996 βασιλικῆς
2542 1925 2750 1989 εἷ’κόνος
2802 1930 2902 1997 τὴν
2963 1926 3224 2004 δραχμὴν
3264 1930 3615 2005 προσιέμενος,
3641 1930 3773 1990 κακίας

455 2033 629 2088 sagax
689 2018 898 2082 factus,
948 2017 1048 2087 qui
1100 2017 1365 2087 spuriam
1415 2021 1715 2070 monetam
1762 2015 2018 2086 repeller

2214 2012 2307 2084 μὶν
2343 2016 2479 2068 ἅπαν
2510 2014 2672 2086 εἶδος,
2731 2017 2805 2080 ὡς
2863 2022 2998 2092 χοῦν
3047 2017 3320 2094 ἐκρίπτων
3353 2026 3449 2087 τῆς
3497 2019 3658 2072 ἑαυτοῦ
3680 2039 3773 2091 καρ-

453 2107 921 2175 drachmamque
941 2105 1092 2176 regis
1109 2105 1363 2176 imagine
1380 2105 1726 2174 inscriptam
1741 2104 2016 2159 admitter

2210 2100 2327 2164 δίας
2359 2103 2506 2177 ῥύμῃ
2562 2103 2708 2168 θείου
2767 2106 3106 2178 Πνεύματος,
3166 2113 3290 2169 ταῖς
3343 2107 3613 2168 ἀντιθέτοις
3639 2103 3772 2161 δὲτῶν

453 2196 702 2249 Omnem
729 2195 951 2248 etenim
983 2194 1225 2247 malitia)
1278 2193 1536 2263 speciem
1583 2210 1688 2246 suo
1742 2210 1810 2246 ex
1863 2199 2016 2263 pecu

2211 2196 2414 2246 κακιῶν
2443 2192 2659 2267 ἀρεταῖς
2687 2191 3046 2268 ἀρδευὸμενός
3104 2216 3164 2250 τε
3220 2197 3311 2251 καὶ
3369 2193 3769 2267 πιαινόμενος,ιιιὶ

456 2286 846 2358 ablegaverat,
870 2287 1050 2340 divini
1075 2286 1325 2356 Spiritus
1344 2291 1511 2347 nutu,
1546 2287 2017 2358 contrariarumq

2209 2281 2332 2335 ὡσεὶ
2368 2280 2525 2336 ἐλαία
2570 2281 2914 2358 κατάκαρπος
2971 2283 3021 2338 ἐν
3083 2283 3224 2358 οἷ’κῳ
3281 2289 3410 2341 Θεοῦ
3456 2289 3518 2358 τῇ
3548 2282 3772 2352 Ἐκκλησίᾳ

450 2375 607 2429 vitiis
633 2376 916 2429 virtutum
948 2375 1290 2446 irrigatione
1324 2375 1734 2446 pinguescens,
1759 2375 1918 2429 velut
1947 2376 2013 2430 ol:

2206 2369 2467 2440 ἀειθκλὴς
2521 2372 2952 2446 γινωσκόμενος,
3033 2373 3122 2429 καὶ
3211 2379 3330 2447 Θεῷ
3411 2377 3569 2451 φέρων
3619 2373 3768 2444 καρπὸν

448 2463 757 2518 fructifera
786 2463 846 2517 in
879 2463 1053 2517 domo
1107 2463 1227 2529 Dei,
1275 2462 1604 2517 virentibus
1654 2479 1890 2528 semper
1936 2463 2011 2518 fol

2206 2458 2404 2532 ὡραῖον
2437 2460 2537 2528 τήν
2587 2465 2694 2515 τῶν
2750 2459 2819 2516 δι’
2865 2462 3030 2517 αὐτοῦ
3088 2464 3417 2537 σωζομένων
3447 2460 3769 2533 πληθῦν·ἤὼς

447 2551 824 2622 conspicuus,
852 2551 1409 2622 praestantissimum
1432 2551 1686 2606 fructum
1719 2551 1933 2606 obtulit
1954 2555 2010 2608 ῡι

2204 2547 2377 2624 φοίνιξ
2408 2569 2492 2611 τις
2539 2554 2648 2604 τῶν
2690 2550 2921 2625 ἀρίστων
2981 2551 3230 2628 ἐλέγχων
3290 2549 3767 2631 σφραττὸμενοςσκό-

446 2639 891 2694 multitudinem
928 2657 1133 2695 eorum
1165 2641 1268 2710 qui
1289 2640 1449 2694 illius
1470 2656 1651 2710 opera
1672 2646 1974 2710 compotes
1998 2659 2009 2696 ι

2203 2633 2356 2710 λοῲι.
2399 2639 2503 2692 Καὶ
2557 2636 2862 2715 διελέγχων
2896 2638 3086 2716 ἄριστα
3141 2642 3272 2705 τοὺς
3302 2643 3470 2696 οἰκίαν
3498 2642 3613 2715 πρὸς
3638 2639 3765 2693 clx-519

440 2727 584 2782 lutis
606 2728 743 2782 facti
767 2734 907 2782 sunt
933 2745 946 2782 :
971 2729 1060 2783 vel
1086 2728 1262 2782 etiam
1289 2735 1566 2797 tanquam
1596 2728 1814 2798 palma,
1839 2729 2003 2799 opliu

2203 2725 2587 2798 συνάπτοντας,
2641 2729 2732 2784 καὶ
2817 2725 3091 2786 Ναϐουθαὶ
3181 2730 3486 2808 διαρπάζειν
3542 2726 3766 2801 ἐπειγομέ-

441 2833 574 2871 rum
591 2818 951 2872 monitorum
969 2817 1121 2888 palis
1143 2818 1370 2872 munita
1409 2816 1661 2870 Fortiter
1682 2816 1968 2871 nimirum
1991 2834 2004 2870 ε

2203 2837 2318 2877 νους
2369 2816 2461 2871 τὸν
2519 2817 2842 2890 ἀμπελῶνα.
2901 2821 2978 2881 ὡς
3035 2821 3135 2876 οὐκ
3193 2819 3350 2879 ὄντος
3386 2823 3558 2878 Ἠλιοῦ
3588 2823 3666 2873 τοῦ
3688 2815 3766 2870 διε-

443 2905 814 2978 objurgabat,
849 2907 948 2977 qui
983 2905 1188 2960 domos
1221 2905 1495 2959 domibus
1517 2903 2006 2976 fungendo,vinez

2198 2901 2512 2978 λέγξοντος.
2572 2905 2730 2962 Ἀλλ’
2788 2906 3007 2982 ᾔγειρεν
3067 2909 3220 2972 αὖθις
3279 2909 3462 2967 Ἠλίαν
3503 2909 3557 2963 τὸ
3602 2910 3761 2976 Πνεῦμα

441 2994 667 3050 Naboth
700 3013 907 3066 rapere
940 2993 1400 3059 contenderent,
1433 3010 1500 3048 ac
1531 2993 1578 3046 si
1609 3010 1730 3048 non
1756 3001 1912 3048 esset
1932 2995 1995 3048 El

2198 2997 2256 3050 τὸ
2311 2997 2488 3070 ἅγιον,
2550 2995 2980 3073 ἐμφιλοχωροῦν
3034 2999 3084 3053 ἐν
3146 2997 3371 3055 δικαίων
3426 3003 3622 3073 ψυχαῖς.
3656 2995 3761 3050 lini

439 3084 516 3139 ad
548 3084 1024 3155 redarguendum
1059 3089 1318 3154 paratus.
1356 3084 1429 3136 At
1459 3082 1617 3137 enim
1668 3083 1853 3137 Eliam
1889 3083 2002 3138 den

2199 3085 2373 3160 γενεὰν
2423 3086 2515 3139 καὶ
2567 3086 2752 3162 γενεὰν
2802 3090 3087 3165 προφήτας
3135 3089 3406 3159 ἀνίστησι,
3457 3085 3666 3158 ζηλωτὰς
3702 3082 3762 3156 ἔρ-

439 3173 690 3243 Spiritus
709 3179 949 3228 sanctus
975 3173 1311 3238 suscitarat,
1331 3172 1452 3242 qui,
1482 3188 1617 3226 cum
1640 3172 2002 3244 libenterinj

2207 3141 2219 3160 Ι
2581 3141 2592 3162 Ι
2846 3141 2937 3165 Illi
2976 3141 3086 3158 I771
3141 3141 3406 3159 'VVV‘VVI‘V,
3459 3141 3513 3158 τι
3655 3141 3663 3145 ”
3722 3141 3728 3156 Ι

2198 3195 2305 3247 γων
2359 3172 2597 3249 ἀγαθῶν,
2656 3175 3098 3252 ἀποστυγοῦντας
3160 3177 3260 3250 μὲν
3320 3178 3350 3232 ὅ
3401 3199 3450 3232 τι
3499 3173 3667 3254 φαῦλον
3700 3171 3761 3224 καὶ

437 3265 664 3316 storum
697 3262 912 3316 animis
943 3267 1199 3327 maneat,
1235 3277 1341 3332 per
1383 3259 1646 3332 singulas
1691 3265 1892 3314 aatates
1942 3278 2000 3332 px

2195 3259 2416 3335 ἄτοπον,
2478 3263 2937 3337 εἷ’σοικιζομένους
2992 3264 3048 3320 δὲ
3103 3267 3193 3322 καὶ
3257 3267 3625 3342 ἀντεισαγοντας
3687 3265 3758 3314 πᾶν

435 3353 644 3423 phetas
676 3354 1001 3408 identidem
1034 3352 1251 3407 excitat
1285 3351 1573 3406 bonorum
1615 3369 1862 3424 operum
1895 3369 1998 3407 αξη]

1332 3369 1573 3406 onorum
1615 3369 1862 3424 operum
1895 3369 2082 3408 mmu-
2193 3345 2423 3425 ἔννομόν
2454 3373 2512 3408 τε
2543 3354 2628 3408 καὶ
2667 3351 2895 3414 δίκαιον,

436 3442 677 3505 latores,
713 3443 813 3514 qui
847 3441 1115 3497 odientes
1147 3441 1295 3496 illud
1328 3457 1504 3496 omne
1537 3439 1694 3511 quod
1725 3441 1951 3495 malum
1980 3458 2444 3514 perversumque
2478 3449 2585 3511 est,
2618 3445 2878 3500 vicissim
2909 3445 3230 3503 admittant
3257 3445 3530 3520 quidquid
3553 3460 3609 3497 ex
3632 3455 3764 3514 pras-

437 3533 625 3603 cripto
656 3533 851 3603 legum
885 3537 943 3586 et
963 3531 1213 3602 justitim
1242 3536 1351 3586 est.

508 3623 592 3673 14.
630 3621 746 3674 Hac
777 3622 1005 3675 ratione
1036 3619 1272 3674 divinus
1303 3619 1404 3674 ille
1435 3620 1524 3674 vir
1546 3620 1858 3691 injustitia:
1885 3621 2071 3676 omnis

2299 3617 2338 3638 Μ
2442 3620 2468 3640 υ
2654 3622 2682 3644 γ
2901 3629 2948 3656 ᾖ..
3079 3625 3092 3644 ,
3144 3627 3158 3644 ς
3401 3627 3413 3645 ,
3531 3629 3553 3641 ,
3615 3616 3657 3634 ης
3706 3614 3759 3654 ξ,

2274 3635 2322 3675 ιο
2345 3663 2357 3677 .
2392 3623 2581 3685 Ουτως
2622 3643 2778 3685 ουτος
2809 3625 2836 3679 ὁ
2865 3625 3008 3686 θειος
3067 3645 3203 3699 ανηρ
3267 3646 3452 3701 κριτης
3495 3644 3583 3692 της
3608 3636 3759 3674 acut-1.

437 3709 622 3765 evasit
643 3708 850 3780 judex,
879 3725 1000 3763 non
1024 3714 1090 3763 ut
1120 3709 1250 3780 ipsa
1268 3708 1519 3764 ducente
1539 3709 1838 3780 judicaret
1862 3725 1875 3777 ;
1901 3710 2000 3765 abs

2199 3708 2423 3785 ἐγίνετο·
2487 3709 2549 3765 οὐ
2601 3711 2768 3786 ταύτῃ
2829 3713 3052 3787 κρίνων,
3111 3713 3309 3790 ἄπαγε’
3367 3719 3477 3778 πῶς
3515 3702 3759 3788 γὰρ;ἂλλὶ

434 3797 682 3870 quinam
730 3796 890 3850 enim
935 3796 1138 3851 istud?
1189 3797 1290 3852 sed
1336 3797 1501 3852 illam
1550 3798 1633 3852 uti
1677 3797 1997 3853 detestanda

2195 3799 2555 3872 κατακρίνων,
2637 3801 2726 3856 καὶ
2806 3798 3015 3864 δεικνὺς
3093 3804 3297 3874 ταύτην
3357 3798 3654 3870 ἀπόϐλητον,
3697 3790 3757 3846 καῖ

435 3885 1125 3956 damnando,divinisque
1140 3886 1394 3941 arcendo
1410 3887 1592 3958 septis
1606 3887 1892 3943 facientes
1909 3906 1998 3943 ma

2191 3893 2298 3942 τῶν
2333 3889 2488 3944 θείων
2540 3885 2851 3964 περιϐόλων
2908 3891 3196 3968 ἀπείργων,
3251 3897 3523 3953 ποιοῦντας
3545 3889 3600 3943 τὰ
3625 3881 3754 3940 ἄδικα-

437 3976 626 4032 Vidua
652 3975 947 4047 siquidem
980 3992 1117 4030 eum
1151 3975 1389 4031 assidue
1429 3976 1764 4048 sugillabat,
1815 3994 1924 4032 nec
1956 3979 2000 4032 si

2193 3977 2358 4050 Χήρα
2413 3978 2514 4051 γὰρ
2579 3975 2738 4032 αυτὸν
2799 3978 3059 4048 ὑπεπίαζε
3140 3980 3345 4052 θαμινά
3398 3975 3755 4052 παρενοχλοῦσα,

434 4065 1128 4138 importunitate,quippe
1161 4083 1292 4135 qua)
1319 4065 1392 4118 ob
1415 4065 1642 4120 illatam
1665 4065 1775 4120 sibi
1801 4065 1997 4136 injuri:

2188 4065 2506 4138 τρυχομένη
2564 4067 2664 4135 τὴν
2725 4064 2946 4139 καρδίαν
3003 4072 3083 4140 τῷ
3142 4065 3458 4142 ἀδικήματι.
3491 4059 3750 4136 Καταφῦγιον

433 4154 612 4211 corde
635 4155 1090 4210 excruciaretur.
1117 4155 1282 4209 Hunc
1301 4171 1475 4226 porro
1499 4154 1803 4208 hominem
1828 4155 1926 4209 Dei
1947 4173 1996 4226 pi

2191 4151 2371 4228 ὥσπερ
2407 4153 2608 4230 ὀχυρόν
2649 4176 2701 4210 τι
2749 4157 2838 4210 καὶ
2891 4157 3239 4232 ἀκαθαίρετον
3291 4155 3493 4213 τουτονὶ
3534 4149 3749 4218 καταλαμ-

432 4245 641 4300 hendit
655 4262 760 4300 ceu
780 4244 1041 4299 validum
1066 4244 1396 4316 perfugium
1413 4244 1568 4314 quod
1585 4245 1860 4315 nequiret
1876 4262 1995 4299 evei

2189 4237 2336 4297 ϐαίνει
2385 4244 2477 4298 τὸν
2521 4249 2617 4299 τοῦ
2667 4249 2801 4300 Θεοῦ
2860 4244 3165 4319 ἄνθρωπον,
3217 4246 3466 4326 ἀσφαλῶς
3496 4244 3586 4316 οεὶχ
3605 4239 3746 4307 imm

433 4337 514 4390 Ac
529 4339 587 4388 tu
598 4341 651 4390 to
672 4335 847 4405 plane
863 4339 1144 4404 certoque
1160 4333 1429 4388 consilio.
1450 4335 1706 4404 Ecquem
1722 4334 1882 4388 enim
1906 4351 1996 4388 nat

2191 4327 2653 4408 βεϐουλευομένη.
2731 4334 2857 4389 Τίνα
2927 4337 3028 4410 γὰρ
3126 4336 3184 4391 ἃν
3247 4337 3428 4411 ἕτερον
3481 4333 3638 4408 εὕρατο
3678 4326 3745 4378 τοῦ

431 4423 684 4479 alterum
708 4425 918 4478 fuisset
940 4423 1296 4478 calamitatis
1316 4429 1374 4477 et
1396 4423 1629 4493 injuria;
1653 4424 1942 4478 vindicem
1962 4425 1988 4478 ?

2186 4423 2391 4485 πάθους
2449 4422 2929 4496 ἀντιληψόμενον;
3012 4426 3292 4501 ἄρχοντα,
3351 4422 3469 4481 ἀλλ»
3508 4423 3626 4495 ἦρχε
3667 4416 3742 4466 τῶν

431 4511 802 4583 principibus
819 4512 1082 4583 aliquem
1097 4512 1124 4567 ‘?
1137 4518 1196 4567 at
1217 4512 1587 4584 principibus
1608 4513 1708 4568 illa
1728 4512 1993 4584 imperab

2186 4510 2468 4586 ἀρχῦντιυν
2521 4514 2558 4582 ἡ
2606 4513 2775 4568 ταῦτα
2823 4512 3208 4587 ἐπηρεάζουσα.
3267 4512 3521 4580 Basilii;
3565 4504 3679 4562 ἀλλᾶ
3698 4502 3745 4570 τῇ

433 4617 564 4671 qum
597 4601 821 4671 injusta
847 4601 972 4655 haec
1021 4607 1407 4672 perpetraret.
1459 4603 1882 4673 Imperatorem
1905 4603 1932 4656 ?
1959 4620 1994 4673 q

2184 4604 2282 4654 τοῦ
2343 4599 2543 4674 μέλους
2601 4602 2941 4676 προσπαθεία
2995 4604 3094 4672 τὴν
3154 4605 3380 4680 γνώμην
3408 4594 3743 4668 κατεθηλόνετο.

431 4706 566 4744 vero
600 4706 735 4761 erga
769 4690 856 4745 sui
891 4695 1117 4761 partem
1141 4691 1355 4745 affectu
1381 4690 1698 4757 ferebatur,
1734 4693 1994 4747 effeminz

2187 4690 2326 4764 Σάρξ
2381 4691 2484 4766 γάρ
2528 4691 2594 4760 ἦν
2649 4690 2708 4746 ἐκ
2773 4699 2875 4762 τῆς
2927 4693 3125 4768 σαρκὸς
3170 4679 3337 4749 ἀύτοῦ
3422 4693 3586 4746 ὀστοῦν
3624 4679 3742 4768 αὖτοῦ

429 4795 675 4852 prorsus
698 4780 899 4834 animo
923 4785 1068 4834 erat.
1093 4781 1231 4844 Quaa
1256 4780 1415 4834 enim
1437 4780 1555 4834 vim
1579 4780 1741 4834 illam
1769 4780 1986 4835 affereb

2183 4781 2586 4854 κεχρημάτικεν
2645 4783 2678 4850 ἡ
2743 4778 2924 4857 δρῶσα
2971 4785 3033 4837 τὸ
3087 4783 3285 4858 βίαιον.
3346 4783 3436 4837 Καὶ
3465 4781 3523 4848 ἢν
3547 4773 3631 4831 ἔδει
3654 4765 3745 4858 τοὺς

430 4885 565 4922 caro
600 4885 781 4940 osque
816 4874 941 4924 erat
982 4867 1167 4940 ipsius
1194 4886 1206 4922 :
1233 4874 1290 4923 et
1337 4887 1466 4939 quae
1518 4869 1726 4939 iniqua
1774 4874 1993 4939 patranl

2185 4867 2508 4931 ἀδικοῦντας
2565 4867 2957 4944 ἐπιστομίζειν,
3015 4857 3218 4927 ἀδικεῖν
3277 4872 3534 4946 ἠπείγετο.
3575 4857 3741 4933 Τίδρᾷς

428 4959 704 5013 cohibere
723 4958 1043 5025 debuisset,
1070 4959 1195 5030 ipsa
1220 4958 1354 5012 totis
1378 4958 1588 5013 studiis
1612 4957 1671 5012 in
1699 4958 1991 5029 iniquitati

2183 4958 2228 5011 ὧ
2299 4959 2615 5033 παράνομον
2691 4959 2950 5034 γύναιονς
3009 4960 3306 5039 ἁλουργίδα
3363 4959 3640 5036 μερίκεισαι,
3681 4946 3742 4999 οἷα

427 5048 789 5118 rapiebatur.
823 5049 971 5113 Quid
993 5049 1140 5117 agis,
1166 5049 1386 5117 injusta
1412 5047 1677 5102 femina?
1703 5065 1990 5120 purpura*

2181 5044 2352 5118 νόμου
2385 5045 2559 5125 φύλαξ
2619 5043 3068 5123 προϐεϐλημένη,
3121 5051 3210 5106 καὶ
3268 5051 3426 5125 νόμον
3455 5040 3738 5125 καταπατεῖςξ

431 5136 614 5200 stiris,
646 5137 807 5191 velut
837 5137 910 5193 ad
943 5138 1102 5207 leges
1133 5137 1552 5192 custodiendas
1581 5154 1648 5192 eo
1699 5154 1886 5208 usque
1935 5155 1994 5208 pr

2183 5129 2355 5200 ὤτῆς
2416 5135 2657 5212 ἇῤῥὴτου
2717 5138 2904 5217 σοφίας
2954 5145 3052 5194 τοῦ
3111 5143 3393 5217 φήσαντος·
3449 5137 3530 5204 Μὴ
3580 5121 3739 5217 δότετᾶ

431 5232 596 5280 vecta
625 5243 639 5290 ;
672 5231 731 5280 tu
761 5244 896 5282 vero
925 5227 1116 5298 legem
1151 5227 1400 5298 pedibus
1433 5225 1716 5298 proteris!
1751 5243 1782 5280 ο
1817 5227 1989 5298 inexp

2183 5221 2309 5298 ὕγια
2391 5231 2512 5288 τοῖς
2591 5226 2738 5295 κυσὶ,
2823 5225 2966 5301 μηδὲ
3053 5230 3268 5306 ῥίπτετε
3343 5227 3461 5290 τοὺς
3532 5209 3735 5296 μαργαρί-

435 5313 689 5369 cabilem
717 5316 1068 5385 sapientiam
1113 5315 1265 5372 893
1309 5316 1471 5370 illius
1511 5316 1611 5387 qui
1662 5315 1843 5370 dixit:
1893 5317 1996 5372 Nol

2179 5332 2275 5376 τας
2329 5309 2629 5389 ἔμπροσθεν
2689 5320 2796 5370 τῶν
2854 5319 3104 5393 χοῖρωνῐ
3165 5320 3313 5392 Αὕτη
3356 5318 3466 5394 -γᾶρ
3511 5312 3588 5367 τὸν
3634 5306 3737 5394 θεῖον

435 5404 569 5458 dare
625 5409 814 5457 sancta
861 5405 1124 5459 canibus:
1171 5421 1344 5475 neque
1381 5404 1702 5475 proﬁciatis
1739 5407 1998 5475 margarii

2179 5403 2348 5476 νόμον
2407 5407 2830 5476 καταπατήσασα
2883 5392 2976 5463 τὸν
3065 5410 3240 5486 ἅγιον,
3321 5392 3406 5464 τδν
3471 5392 3733 5486 μαργαρίττξν

431 5499 563 5548 ante
581 5507 784 5562 porcos
812 5493 891 5548 “1
927 5494 1060 5549 Haec
1089 5493 1271 5563 enim,
1305 5500 1511 5551 sancta
1541 5494 1640 5550 Dei
1681 5494 1806 5567 lege
1834 5512 1994 5567 prom

2181 5488 2391 5567 δῃλαδὴ
2447 5495 2543 5552 τὸν
2600 5496 2937 5575 πολύτιμον,
3009 5477 3304 5579 στραφείσα
3380 5477 3481 5567 τὴν
3534 5477 3731 5560 πενιχρὰν

499 5618 547 5658 ¹⁴
574 5617 779 5675 Matth.
811 5634 910 5689 vn,
942 5621 1000 5676 6.
