3952 6202
142 420 228 475 777
1161 418 1531 473 LAUDATIO
1566 419 1626 473 Β.
1665 417 1867 473 JOAN.
1908 418 2429 476 CHRYSOSTOMI.
3382 422 3453 473 77
3466 465 3500 518 8

140 544 287 618 χήραν
314 536 507 616 ἔῤῥηξι.
539 537 637 606 τὴν
670 538 876 608 ταύτης
927 535 1203 614 ἐφήμερον
1263 538 1455 612 βιοτὴν
1503 536 1701 615 διαρπά

1933 541 2441 613 :a,pretiosissima
2461 540 2690 597 scilicet
2706 540 2812 596 illa
2828 540 3494 612 margarita,pauperem

145 650 270 687 σασα.
296 628 355 685 Τί
398 627 663 703 πράττεις,
724 624 769 681 ὣ
800 624 1084 698 ἄπληστον
1139 627 1231 682 καὶ
1286 629 1584 704 ἀχάριστον
1640 628 1706 704 γύ

1939 633 2085 686 Luam
2120 648 2405 687 conversa
2431 631 2709 703 diifregit,
2745 632 2805 686 in
2838 630 3252 702 quotidianum
3284 630 3500 685 victum

144 741 266 775 ναιον
296 738 309 788 ;
336 723 429 792 γῆν
452 737 508 771 τε
544 716 631 771 καὶ
687 715 956 773 θάλασσαν
1020 715 1447 796 δωροφοροῦσαν
1509 714 1705 793 ἔχουσα

1936 738 1978 777 is
2002 721 2519 787 invadendo.Quid
2548 722 2734 795 agis,o
2767 722 3127 777 insatiabilis
3151 720 3497 793 ingrataque

145 811 293 883 χήρας
320 806 515 879 ἀπόρου
554 807 908 881 κατατρέχεις
962 810 1059 862 τοῦ
1116 812 1382 884 πενιχροῦ
1436 810 1706 882 κτήματος

1936 810 2111 867 ilier?
2142 818 2204 866 tu
2235 811 2330 867 cui
2363 817 2521 867 terra
2552 817 2611 866 et
2641 828 2803 867 mare
2836 828 3086 867 munera
3125 812 3406 878 afferunt,
3435 810 3497 864 in

136 901 190 968 ἧς
214 918 263 953 σε
292 895 487 952 δίκαιον
515 898 580 965 ἦν
614 895 1047 970 ἀνταλλάξασθαι
1084 898 1203 973 βίον
1239 915 1254 968 ;
1315 896 1470 973 λόγῳ
1527 896 1584 953 δὶ
1645 900 1697 973 βε

1939 901 2073 955 antis
2087 901 2276 956 viduae
2293 902 2715 973 pauperculam
2730 901 3170 973 possessionem
3190 900 3500 968 irruis,cu-

142 983 329 1041 εαιοῦσα
354 986 437 1041 τὸν
467 986 659 1059 νόμον,
700 980 845 1062 ἔργῳ
874 989 1066 1041 τοῦτον
1118 984 1247 1061 δρᾶς
1303 987 1683 1063 ἀποκήρυκτον

1936 989 2305 1061 ινὶιίιῐηξίρεδ.
2334 990 2627 1045 redimere
2651 990 2942 1045 debueras
2972 990 3000 1045 ‘I
3029 988 3367 1060 quaeverbis
3411 995 3497 1042 te-

137 1075 214 1131 ούκ
240 1072 591 1150 ᾐδέσθηςτὸν
648 1073 855 1150 πατέρα
913 1079 1021 1130 τῶν
1080 1075 1332 1154 ὀρφανῶν
1390 1076 1482 1130 καὶ
1538 1077 1698 1152 κριτή

1935 1095 1959 1132 s
1989 1078 2181 1150 legem
2214 1078 2608 1147 ﬁrmas,hanc
2640 1080 2873 1135 actione
2906 1084 3007 1134 tua
3038 1079 3270 1134 irritam
3302 1077 3448 1133 facis
3469 1078 3496 1132 ‘I

134 1170 218 1219 τῶν
241 1168 413 1240 χηρῶν
445 1184 459 1235 ;
492 1162 617 1220 ἀλλ’
647 1162 877 1233 ἤκουσεν
910 1160 1083 1226 ὅντως
1112 1165 1140 1219 ὁ
1165 1169 1281 1226 τοῖς
1334 1164 1503 1228 θείοις
1544 1163 1695 1242 λόγοι

1931 1185 2045 1224 [ιοιι
2057 1169 2344 1224 reveritus
2358 1187 2420 1224 es
2434 1174 2661 1240 patrem
2680 1171 3081 1241 orphanorum
3092 1169 3126 1240 ,j
3136 1169 3492 1239 udicemque

132 1254 195 1309 ἀεὶ
241 1253 551 1329 τρεφόμενος
606 1256 706 1317 τῆς
765 1252 1129 1318 θιοπνεύστου
1189 1253 1419 1331 ρήσεως·
1509 1254 1693 1331 Κρίναι

1931 1257 2154 1312 tuarum
2189 1257 2281 1312 ‘5?
2302 1258 2484 1313 Plane
2515 1258 2616 1328 qui
2646 1259 2820 1314 verbo
2853 1259 2953 1314 Dei
2988 1257 3492 1329 alitur,prolatam

130 1342 345 1419 ὀρφανὸν,
398 1342 484 1397 καὶ
546 1340 874 1398 δικαιώσατε
929 1343 1130 1414 χήραν·
1192 1343 1283 1397 καὶ
1334 1343 1527 1399 Ἦλίαν
1585 1342 1691 1419 ἔχω

1934 1348 2029 1401 )eo
2062 1363 2264 1401 vocem
2295 1346 2449 1403 hanc
2481 1347 2739 1403 audivit:
2770 1350 3027 1403 Judicate
3078 1347 3382 1418 pupillum,
3445 1352 3495 1401 et

129 1435 206 1485 τοῦ
228 1429 375 1501 ζήλου
401 1429 645 1506 ποδηγὸν
675 1432 768 1487 τὸν
822 1431 1142 1509 πυρίπνοον,
1174 1430 1428 1488 Ἰωάννου
1458 1434 1690 1506 ιμιμεῖτε

1935 1436 2067 1488 Tuam
2091 1435 2395 1504 justificate
2418 1435 2481 1491 ‘5.
2515 1436 2623 1500 Qui
2656 1437 2787 1509 igne
2820 1438 3145 1508 spirantem
3177 1436 3366 1490 Eliam
3388 1435 3496 1489 zeli

127 1520 206 1589 τήν
232 1518 531 1596 παρρησίαν,
565 1519 666 1575 οὐκ
698 1517 868 1591 ἔξεστί
928 1541 1014 1576 σοι
1077 1516 1258 1596 λέγων
1292 1518 1437 1596 ἔχειν
1469 1522 1560 1577 τὸν
1621 1521 1688 1594 ἀμ

1937 1542 2051 1579 :em
2082 1524 2258 1580 habet
2289 1526 2386 1580 hic
2409 1527 2653 1581 Joannis
2678 1526 3014 1581 libertatem
3030 1526 3498 1581 aamulatur.Non

129 1609 419 1678 πιλῶνατῆς
449 1605 692 1686 ἀδελφῆς
748 1630 864 1665 σου.
922 1606 1041 1666 Οἴει
1104 1610 1209 1685 γὰρ
1266 1610 1367 1681 τὴν
1399 1610 1555 1689 φύσιν
1588 1607 1690 1665 ἐκϐι

1936 1619 1980 1668 at
2008 1613 2591 1683 tibi,inquit,sororis
2623 1620 2737 1669 tuaa
2751 1616 2983 1670 vineam
2999 1614 3497 1685 occupare.Vide-—

125 1692 325 1766 ὄηκέναι,
379 1696 426 1753 εἴ
477 1697 570 1753 καῖ
631 1698 730 1767 τὴν
794 1698 943 1769 ἀξίαν
1004 1694 1276 1775 ὑπερέϐης
1319 1704 1399 1772 τῷ
1425 1720 1686 1772 τυραννικη

1947 1702 2053 1757 tibi
2080 1709 2308 1758 naturae
2341 1703 2628 1758 terminos
2661 1704 3155 1774 excessisse,quia
3175 1702 3488 1774 tyrannico

125 1787 346 1859 ἀξιώματι
400 1806 416 1858 ;
471 1788 654 1863 ’Λρχὴ
711 1787 814 1862 γὰρ
885 1787 1042 1862 νόμῳ
1093 1790 1412 1859 τυπουμένη
1475 1789 1686 1865 βασιλεί

1925 1798 2129 1864 paratu
2161 1792 2444 1865 dignitate
2499 1793 2626 1864 ejus
2659 1794 3049 1864 exsuperasti.
3084 1794 3227 1847 Nam
3259 1791 3486 1862 princi-

123 1875 407 1947 καθίσταται,
464 1877 784 1953 παρανομίᾳ
840 1874 897 1932 δὲ
966 1878 1416 1953 στοιχειουμένη,
1472 1877 1684 1951 τυραννῖ

1921 1886 2031 1948 tus,
2065 1881 2167 1952 qui
2196 1883 2324 1954 lege
2355 1882 2667 1951 formatur,
2699 1881 3015 1953 imperium
3048 1886 3139 1936 est
3170 1898 3181 1935 :
3214 1880 3314 1951 qui
3346 1897 3482 1935 vero

125 1964 206 2018 οὐκ
252 1962 432 2027 ἀδίκως
488 1967 946 2040 κατονομάζεται.
1005 1966 1120 2024 Οὐκ
1195 1966 1429 2042 ἀνέγνως
1487 1962 1686 2036 Ἰεζαϐἒ

1926 1970 2129 2027 ustitia
2158 1970 2568 2037 instituitur,is
2580 1988 2701 2025 non
2728 1971 3025 2026 immerito
3043 1971 3307 2042 tyrannis
3329 1968 3487 2041 apel-

124 2053 170 2107 τὸ
196 2050 691 2130 ὃραματούργημας
749 2054 804 2111 τί
857 2057 1075 2111 τουτονὶ
1136 2057 1228 2112 τὸν
1290 2062 1435 2120 θεῖον
1496 2055 1685 2132 είσέρχ

1922 2077 2010 2115 ur.
2046 2062 2259 2115 Annon
2291 2076 2422 2131 quaa
2455 2060 2612 2115 circa
2638 2059 2967 2115 Jezabelem
3009 2064 3172 2131 gesta
3203 2064 3363 2123 sunt,
3396 2058 3483 2112 le-

124 2142 254 2213 σηκόν
279 2165 292 2213 ;
322 2145 487 2220 ἄπαγε
515 2143 712 2221 πόρῥω
740 2149 850 2201 τῶν
908 2145 1065 2201 θείων
1125 2144 1463 2222 ἀνακτόρων.
1498 2147 1685 2215 Λουτή

1927 2149 1967 2203 ti
1986 2149 2279 2220 ?,Curnam
2307 2149 2571 2205 divinum
2602 2149 2760 2204 istud
2786 2148 3101 2203 delubrum
3129 2147 3487 2219 ingrederis?

127 2232 318 2308 ὑπάρχει
348 2234 374 2288 ὁ
403 2239 545 2298 θεῖος
597 2235 745 2303 ναὸς,
803 2233 1157 2311 ἀπορρίπτων
1216 2235 1283 2290 τά
1331 2237 1688 2311 ἁμαρτήματα

1923 2244 1970 2293 to
2002 2238 2276 2309 procula
2320 2238 2505 2294 sacris
2561 2237 2691 2293 istis
2750 2237 2996 2293 uadibus.
3062 2237 3163 2291 Dei
3196 2236 3484 2306 templum

122 2322 182 2378 Ού
207 2320 426 2395 τελώνης
452 2325 541 2379 τὸν
576 2326 789 2393 Ἰησοῦν
837 2322 1082 2400 ἐφέστιον
1131 2322 1506 2398 εισδεξάμενος
1536 2324 1683 2381 καλῶ

1919 2328 2020 2383 lvis
2052 2346 2135 2396 es,
2168 2344 2284 2399 quo
2301 2332 2545 2400 peccata
2566 2328 3083 2383 eluuntur.Nonne
3106 2325 3480 2398 publicanus,

124 2407 462 2486 διεσκόρπισεν,
516 2410 553 2469 ἅ
610 2418 790 2478 κακῶς
848 2412 1203 2484 έτελώνησες
1254 2413 1345 2469 καὶ
1400 2414 1464 2470 σὺ
1496 2414 1685 2492 θύγατε

1927 2418 1933 2471 i
1963 2418 2163 2473 Jesum
2193 2417 2450 2489 hospitio
2465 2416 2866 2487 suscepit,rite
2892 2415 3176 2488 dispersit
3197 2430 3329 2486 quae
3346 2413 3488 2469 telo-

122 2498 199 2571 (ἔτι
223 2500 313 2577 γάρ
342 2524 397 2557 σε
428 2499 602 2577 μέλος
631 2501 814 2573 οὖσαν,
847 2502 893 2559 εί
925 2503 1015 2559 καὶ
1058 2501 1404 2579 δύσχρηστον
1432 2506 1546 2578 (75)
1576 2524 1676 2579 περ

1918 2523 1933 2561 )
1957 2506 2113 2562 male
2147 2506 2412 2562 lucratus
2429 2506 2601 2562 erat?
2629 2507 2712 2560 Tu
2737 2505 3027 2568 vero.ﬂlia
3045 2508 3208 2574 (nam
3229 2510 3307 2567 te,
3339 2503 3479 2575 quia

124 2587 207 2644 έόω
232 2589 397 2647 ἐλπίδι
425 2600 523 2664 τῆς
548 2592 851 2667 σωτηρίας,
884 2593 1127 2669 σωτηρία
1158 2592 1215 2649 δὲ
1248 2594 1535 2668 μετανοίας
1568 2591 1685 2669 δίχα

1918 2596 2169 2650 ambrum
2201 2611 2284 2658 es,
2314 2595 2644 2667 quamlibet
2673 2594 2884 2649 inutile
2906 2600 2964 2649 et
2992 2594 3259 2659 noxium,
3293 2593 3479 2659 foveo,

124 2680 208 2731 τῶν
233 2678 559 2755 ἀνυπάρκτων
600 2682 973 2757 καθέστηκεν),
1033 2680 1237 2744 ἀπόδος
1291 2681 1499 2756 καλῶς,
1553 2686 1585 2739 ἃ
1634 2704 1685 2738 κε

1918 2701 1973 2739 m
2008 2701 2143 2755 spes
2174 2684 2343 2739 adest
2376 2684 2587 2739 salutis
2619 2700 2633 2738 :
2664 2682 2917 2738 salutem
2949 2700 3084 2737 vero
3114 2682 3339 2751 absque
3356 2699 3479 2752 pm-

121 2770 207 2829 κῶς
231 2764 535 2843 διήρπασας.

1916 2773 2086 2828 entia
2114 2772 2370 2827 obtineri
2402 2770 2770 2843 impossibile
2801 2770 2930 2841 est),
2955 2770 3136 2825 redde
3167 2769 3477 2840 bene,quai

1829 2862 1987 2918 male
2019 2860 2292 2932 rapuisti.

178 2966 242 3024 ιε’.
279 2972 441 3025 Ταῦτα
493 2967 702 3047 λέγων,
762 2968 862 3026 οὐκ
919 2967 1151 3026 ἔπειθεν.
1209 2964 1409 3027 *Εϐυσε
1463 2968 1564 3045 γὰρ
1620 2970 1718 3040 τήν

1916 2970 1990 3022 [5.
2018 2968 2151 3022 Haac
2182 2972 2380 3023 autem
2410 2982 2547 3021 cum
2568 2965 2811 3034 diceret,
2846 2965 2999 3020 nihil
3030 2964 3334 3020 suadebat.
3368 2964 3477 3020 Illa

122 3052 257 3126 ἇκοὴν
280 3057 396 3115 ὡσεὶ
450 3060 643 3126 ἀσπὶς,
705 3059 803 3115 οὐκ
855 3058 1114 3115 έπαίουσα
1158 3063 1256 3115 τοῦ
1304 3056 1579 3134 φιλοθέως
1630 3080 1683 3115 κο

1913 3056 2129 3128 [uidem
2172 3061 2454 3127 tanquam
2502 3054 2662 3126 aspis
2720 3071 2893 3111 aures
2945 3055 3339 3121 obturaverat,
3400 3070 3474 3109 ne

125 3153 266 3224 σοφῶς
292 3154 751 3226 φαρμακεύοντος.
782 3152 935 3209 Ἐπεὶ
976 3149 1034 3207 δὲ
1081 3152 1145 3207 τὸ
1194 3152 1367 3214 πάθος
1400 3150 1544 3226 ἑώρα
1570 3151 1686 3226 πάμ

1913 3146 2089 3219 igiosi
2106 3146 2513 3217 sapientisque
2527 3144 2916 3200 incantatoris
2929 3160 3128 3200 vocem
3149 3142 3474 3199 exaudiret.

123 3254 201 3289 παν
228 3238 438 3311 ἀνίατον,
468 3241 664 3312 ἐξωθεῖ
706 3243 803 3296 τοῦ
859 3240 1010 3315 ἱεροῦ
1066 3239 1317 3313 θαλάμου
1366 3242 1468 3310 τήν
1515 3234 1684 3313 ἔνδυμ

1914 3236 2248 3303 .amobrem,
2281 3251 2415 3290 cum
2450 3235 2647 3290 sanari
2680 3233 2956 3289 morbum
2986 3250 3110 3289 non
3148 3249 3321 3304 posse
3342 3249 3475 3303 per-

122 3324 264 3395 γςίμου
292 3330 360 3399 μή
391 3288 647 3404 ἰχθύσαν.
680 3330 817 3386 Εἶτα
861 3288 963 3398 τίΓς
1018 3329 1053 3399 ἠ
1108 3288 1344 3397 Ἰεζάὄελ
1398 3288 1565 3382 πάλιν
1615 3288 1683 3382 1::

1919 3288 2739 3395 .ceret,sacroveamﬁthalamo
2771 3323 2959 3395 pellit,
2992 3340 3124 3394 quaa
3148 3288 3480 3394 nuptialem

124 3415 360 3489 προφήτου
387 3417 851 3487 κατεξανίσταται,
906 3413 998 3470 καὶ
1058 3413 1241 3492 φεύγει
1305 3415 1399 3488 μὲν
1459 3412 1685 3489 οὐδαμῶ

1920 3421 2051 3469 item
2080 3430 2200 3469 non
2231 3413 2730 3468 haberet.Deinde
2749 3429 2882 3467 vero
2915 3412 3057 3484 quid
3078 3412 3348 3468 ?Jezabe1
3372 3412 3481 3466 ite-

124 3497 304 3575 ὁκτξρυξ
330 3511 422 3574 τῆς
443 3505 729 3577 ἀληθείας,
763 3502 890 3560 οὐδὲ
936 3508 1148 3581 φρουρᾷ
1192 3500 1575 3579 παραδίδοται,
1629 3505 1685 3558 οἷ

1921 3508 2189 3560 ncontra
2217 3503 2568 3575 prophetam
2626 3502 2899 3575 insurgit.
2940 3506 3046 3557 Ast
3101 3518 3482 3572 nequaquam

123 3591 244 3662 (ξωνὴ
275 3594 525 3666 βοᾶντος,
560 3593 697 3650 ἀλλ’
741 3593 1029 3668 ὑπερορίαν
1061 3591 1496 3662 καταδικάζεται.
1529 3593 1595 3647 Ὠ
1621 3613 1684 3647 το

1921 3595 1979 3663 git
2007 3592 2270 3648 veritatis
2300 3609 2516 3663 praaco.
2568 3608 2763 3663 neque
2794 3592 3078 3647 custodiae
3104 3591 3482 3663 mancipatur

122 3676 284 3734 ἀτόπου
310 3685 661 3759 φρονήματος
699 3684 713 3740 l
744 3681 911 3738 πάλιν
940 3682 1004 3738 τὸ
1059 3686 1156 3738 τοῦ
1215 3677 1390 3760 ὄφεως
1421 3681 1683 3759 θέλγητρο

1916 3683 2010 3739 ,ιιιί
2032 3700 2142 3737 vox
2169 3681 2484 3738 clamantis
2517 3699 2532 3748 ;
2566 3680 2670 3736 sed
2702 3681 2988 3736 multatur
3009 3681 3235 3736 exsilio.
3260 3683 3302 3737 Ο
3321 3681 3477 3736 male

122 3772 200 3833 τῆς
243 3770 547 3843 Ἐκκλησίας
594 3773 693 3827 τὸν
748 3776 848 3828 τοῦ
917 3776 1050 3827 Θεοῦ
1125 3772 1403 3844 ἄνθρωπον
1464 3771 1683 3846 ἐξορίζει

1917 3790 2043 3828 ium
2073 3773 2390 3828 consilium
2420 3771 2644 3828 ldenuo
2677 3774 2969 3845 serpentis
2990 3772 3264 3829 mulcedo
3278 3772 3478 3828 Eccle-

126 3851 368 3933 ἐπείγεται,
398 3862 485 3917 καί
514 3869 621 3932 τῆς
656 3860 890 3940 ἐφέσεως
922 3859 983 3917 ού
1025 3858 1315 3935 διήμαρτε.
1349 3861 1559 3937 Μικρὸν
1594 3860 1687 3915 ὅσο

1916 3908 1921 3919 ,
1950 3863 2172 3935 pellere
2201 3862 2507 3918 hominem
2537 3861 2640 3917 Dei
2666 3870 2931 3918 conatur.
2982 3864 3098 3918 Nec
3124 3862 3340 3935 aptatis
3373 3879 3477 3918 ex—

129 3949 204 3997 τοῦ
250 3948 377 4003 θείου
436 3949 814 4025 μακροθύμως
873 3948 1314 4020 έπινυστάξαντος
1378 3947 1690 4025 βλέμματος

1915 3953 1993 4007 lit.
2004 3951 2103 4007 Dei
2121 3952 2420 4007 tantillum
2432 3951 2590 4006 velut
2601 3951 2961 4008 dormitante
2974 3953 3269 4023 patienter
3285 3952 3476 4023 oculo,

122 4038 198 4088 τοῦ
224 4036 485 4111 βασιλικοῦ
519 4040 826 4116 ἐξορίζεται
868 4042 1074 4111 ἄστεος,
1109 4037 1323 4113 μᾶλλον
1383 4037 1441 4095 δὲ
1496 4060 1683 4116 προμη

1918 4044 1996 4115 ςίει
2019 4042 2252 4098 civitate
2279 4041 2549 4098 exsulare
2572 4042 2661 4097 vir
2677 4048 2918 4098 sanctus
2944 4044 3173 4115 cogitur
3200 4060 3213 4108 ;
3238 4043 3357 4097 imo
3376 4042 3479 4096 Dei

129 4121 216 4193 θείᾳ
239 4132 353 4183 Θεοῦ
376 4135 472 4185 τοῦ
512 4125 987 4205 θριαμϐεύσαντος
1025 4132 1133 4184 τῶν
1188 4128 1356 4184 αὐτοῦ
1403 4128 1577 4206 φίλων
1632 4131 1690 4184 θε

1923 4131 2176 4187 ινίάοιιιθ
2199 4132 2543 4198 numine,ut
2569 4131 2753 4187 virilis
2776 4132 3127 4187 dilectorum
3159 4130 3270 4185 sibi
3293 4146 3484 4185 servo-

128 4220 356 4281 ραπευτῶν
398 4219 459 4274 τὸ
515 4218 837 4295 ἀρρενωπὸν
898 4216 1179 4296 φρόνημα,
1242 4217 1332 4272 καὶ
1380 4222 1551 4273 πᾶσαν
1613 4221 1689 4291 (7f

1919 4240 1963 4277 ιι
1985 4220 2170 4276 animi
2202 4222 2572 4294 triumphum
2594 4221 2919 4285 exhiberet,
2962 4234 3319 4289 omnemque
3377 4217 3480 4272 Dei

130 4305 232 4356 Θεοῦ
259 4308 337 4360 οἶα
364 4313 492 4363 Θεοῦ
550 4307 630 4364 ὣν
692 4306 744 4363 έν
794 4306 961 4381 αὐτῷ,
1019 4308 1109 4363 καὶ
1160 4307 1253 4362 σὺν
1312 4307 1461 4381 αύτῷ
1486 4307 1691 4384 περιῄει

1919 4312 2021 4383 qui
2045 4310 2144 4366 Dei
2170 4315 2461 4376 esset,ceu
2488 4311 2550 4364 in
2566 4314 2769 4380 quo,et
2791 4308 3029 4379 quicum
3050 4306 3283 4362 adesset
3308 4306 3480 4376 Deus,

131 4386 201 4441 σὺν
225 4389 446 4471 Ἀϐραὰμ
482 4398 620 4473 πρὸς
652 4394 979 4466 ἀλλοδαπὴν
1010 4395 1377 4470 καλούμενος,
1397 4396 1490 4451 σὺν
1518 4404 1692 4453 Μωϋσέ

1923 4419 1967 4457 rn
1988 4401 2283 4456 Abraham
2298 4399 2586 4456 circuibat
2606 4398 2681 4453 ad
2703 4403 3045 4453 extraneam
3066 4396 3370 4468 regionem
3383 4412 3484 4450 vo-

125 4482 211 4532 τῶν
257 4483 524 4555 βασιλείων
583 4484 1055 4561 φυγαδευόμενος,
1113 4486 1204 4541 σὺν
1255 4485 1418 4559 Ἠλίᾳ
1469 4486 1606 4560 πρὸς
1661 4507 1686 4541 τ

1922 4488 2231 4561 ;us:regiis
2261 4488 2487 4543 aadibus
2517 4504 2653 4543 cum
2672 4488 2865 4558 Moyse
2883 4485 3326 4558 expulsus,cum
3355 4484 3483 4539 Elia

129 4562 282 4642 ἄντρον
309 4571 505 4650 Χωρήϐ
539 4575 895 4651 ἀποτρέχων,
928 4574 1022 4631 σὺν
1073 4576 1258 4647 Ἰησοῦ
1312 4580 1392 4648 τῷ
1430 4580 1547 4649 Θεῷ
1598 4574 1690 4653 φεύ

1930 4584 2169 4634 antrum
2199 4576 2389 4632 Horeb
2422 4592 2905 4636 excurrens.cum
2928 4576 3045 4630 Deo
3074 4575 3209 4629 Jesu
3242 4574 3304 4627 in
3319 4575 3483 4645 Egy-

123 4676 210 4727 γων
235 4679 299 4723 εις
325 4664 623 4740 Αἴγυπτον,
656 4665 732 4727 ὡς
785 4664 846 4720 ἄν
908 4664 960 4720 έν
1003 4669 1120 4727 τοῖς
1172 4661 1362 4728 ἄθλοις
1418 4666 1454 4735 ἠ
1507 4662 1684 4740 ἀνδρεί

1917 4685 2001 4723 1m
2034 4665 2290 4738 fugiens,
2321 4670 2388 4720 ut
2438 4664 2500 4720 in
2549 4664 2976 4721 certaminibus
3031 4662 3316 4719 fortitudo
3350 4662 3478 4733 ejus

126 4750 366 4822 γνωσθείη,
392 4755 484 4808 καὶ
512 4752 851 4824 κατάλληλα
877 4754 945 4809 τά
976 4750 1187 4809 ἔπαθλα
1217 4750 1495 4829 δρέψοιτο.
1528 4756 1617 4817 Ὦς
1666 4754 1687 4809 ἆ

1919 4761 2142 4829 mperta
2173 4756 2362 4821 ﬁeret,
2394 4759 2781 4825 carperetque
2842 4754 3051 4809 merita
3080 4751 3363 4824 praemia:
3395 4755 3480 4815 ut,

126 4836 285 4907 τρόπον
310 4844 425 4897 τινὰ
450 4845 546 4899 τὸν
595 4838 724 4901 Ἰὼϐ
758 4841 1161 4916 ἐκμιμήσηται,
1220 4843 1312 4897 καὶ
1370 4843 1508 4919 πρὸς
1569 4843 1687 4900 αὖτε

1922 4844 2319 4918 μιαωμιοὺιιηι
2353 4844 2529 4899 modo
2560 4843 2817 4914 quodam
2839 4843 3307 4907 imitaretur,ceu
3329 4842 3483 4895 Deus

129 4920 213 4991 ἐρεῖ
236 4929 369 4993 Θεόςο
401 4934 468 4986 Ἦ
498 4931 605 4988 οἴει
653 4953 719 5006 με
763 4930 951 4995 ἄλλως
994 4932 1461 5006 κεχρηματικέναι
1520 4954 1628 5004 σοι,

1926 4956 1937 4992 ι
1969 4938 2162 5008 ipsum
2185 4935 2380 4990 verbis
2411 4934 2799 5006 compellaret
2822 4935 2965 4989 :Non
2989 4940 3159 5004 putas
3188 4949 3270 4988 me
3291 4931 3487 4987 aliade

125 5021 194 5101 Eva
218 5011 403 5083 δίκαιος
431 5020 710 5101 ἀναφανῇς
744 5039 759 5092 ;
792 5020 867 5083 ὼς
899 5017 960 5075 ἃν
1008 5019 1099 5075 καὶ
1159 5017 1355 5084 ἄλλοις
1403 5020 1619 5097 κηρύξῃΔ
1670 5044 1686 5076 ει

1931 5042 2013 5081 [sa
2060 5026 2162 5080 tibi
2208 5025 2564 5094 respondisse,
2598 5024 2708 5078 nisi
2753 5029 2814 5077 ut
2860 5024 3049 5092 justus
3095 5039 3366 5093 appareas
3400 5022 3492 5076 ‘7‘?

127 5098 432 5181 Εὖαγγέλιον.
549 5098 558 5101 ν

1854 5114 2142 5182 Quinimo,
2174 5119 2242 5168 ut
2270 5113 2403 5168 aliis
2434 5113 2613 5168 etiam
2644 5111 2997 5183 praedicares
3018 5112 3415 5185 Evangelium.

179 5210 248 5273 ις’.
278 5213 421 5272 Είδὶ
460 5215 553 5274 καί
606 5237 751 5282 τινες
775 5213 951 5294 ἕτεροι
1006 5222 1107 5287 τῆς
1164 5216 1488 5293 παρανόμου
1527 5218 1729 5291 ταύτης

1931 5225 2004 5276 [6.
2029 5220 2434 5276 Tametsivero
2450 5218 2692 5291 quidam
2717 5219 2895 5275 etiam
2917 5237 2988 5275 ex
3019 5220 3373 5293 praesulibus
3388 5219 3492 5276 alii

130 5292 376 5384 ᾇπερορίας
406 5304 796 5381 συλλήπτορες
832 5292 1107 5383 γεγόνασι,
1164 5310 1289 5381 σιγῇ
1342 5312 1593 5382 τιμῶμεν
1648 5308 1691 5363 αἱ

1929 5313 2072 5380 iusto
2104 5310 2310 5365 huicce
2345 5309 2552 5365 exsilio
2584 5310 2884 5382 suifragati
2929 5292 3051 5366 sint
3082 5326 3097 5366 :
3127 5316 3188 5366 at
3217 5310 3490 5368 silentio-

130 5380 197 5441 δοῖ
219 5390 312 5447 τῶν
340 5396 618 5474 Πατέρων,
652 5380 726 5459 ὡς
757 5393 817 5451 ἄν
847 5380 942 5471 ⁷μῆ
996 5399 1095 5452 τοῦ
1317 5380 1691 5475 ἀπενεγκώμεε

1931 5418 1978 5456 ιιι
2002 5399 2327 5472 transigere
2352 5398 2520 5465 libet,
2542 5380 2791 5471 propter
2811 5399 3100 5456 honorem
3122 5402 3385 5469 Patrum,
3416 5417 3492 5457 ne

182 5567 219 5604 ³³
244 5571 383 5633 Psal.
420 5594 593 5646 um,
627 5580 683 5646 6,
717 5578 760 5615 ¹⁶
777 5576 935 5634 Psal.
968 5595 1161 5648 um,
1186 5580 1237 5634 3.
1282 5580 1324 5616 ¹⁷
1353 5579 1459 5636 Job
1484 5598 1575 5651 XL,
1608 5583 1662 5639 8.

181 5738 272 5815 (75)
300 5743 440 5821 Lege
459 5743 730 5824 περιέχω.

1905 5752 2022 5826 (76)
2055 5751 2161 5807 Hic
2190 5748 2359 5807 deest
2379 5749 2630 5823 aliquid.

396 5866 670 5930 Panos.
716 5868 827 5934 Gn.
869 5868 1081 5933 XCVI.
3094 5870 3174 5929 25
