3958 6198
524 424 632 478 783
1797 428 1857 481 Β.
1897 423 2087 478 ΙΟΑΝἸ

2299 418 2653 472 LMASCENI
3779 437 3862 493 784

525 545 806 617 martyrio
828 545 1076 603 victores
1098 549 1467 618 exstiterunt,
1484 547 1753 621 gloriam,
1775 548 2088 619 gratiamqi

2300 538 2423 593 ιίων
2458 537 2721 609 σύνθεσιν,
2752 542 2861 593 τῶν
2918 538 3109 615 ἁγίων,
3168 542 3255 597 καὶ
3314 550 3415 614 τῆς
3464 544 3717 615 εὐσεϐείας
3762 558 3863 612 κα).-

524 640 579 689 et
612 635 962 703 claritatem,
983 638 1142 691 omni
1163 636 1573 692 laudationum
1595 636 2011 708 compositioni
2028 652 2087 705 pr

2293 624 2511 682 λινίκων
2561 626 2847 703 μαρτύρων
2881 631 2915 698 ἠ
2951 627 3101 701 δόξα,
3156 633 3245 686 καὶ
3307 632 3493 710 χάρις,
3544 639 3626 693 καὶ
3678 640 3856 720 εὔκλεια,

522 724 758 791 cellere,
792 725 998 796 illique
1030 727 1185 792 fuco,
1222 728 1321 798 qui
1354 727 1529 782 cultis
1558 733 1879 792 oratorum,
1908 725 2085 794 artisq

2289 715 2365 771 ιιαῖ
2396 723 2494 785 τῆς
2525 714 2585 771 ix
2630 716 2937 792 ῥητορικῶν
2972 717 3176 796 λόγων,
3232 722 3321 775 καῖ
3359 735 3665 798 σοφιστικῆς
3703 714 3852 808 τέχνης

523 813 859 884 sophisticae
892 815 1264 870 sermonibus
1295 817 1526 871 collatis
1558 817 1734 872 veluti
1759 814 2042 887 symbolis
2069 830 2086 884 ι

2290 807 2730 883 λάρυγγισμάτων
2787 805 3176 881 έρανιζομένης
3228 810 3574 889 ὑπερίδρυται
3644 805 3853 890 πλάσεως,

520 909 708 970 ratur,
740 902 914 976 longe
947 906 1233 972 eminere,
1265 908 1535 962 confessa
1566 924 1660 961 res
1690 912 1796 961 est.
1832 908 1912 959 Ac
1931 902 2083 974 ᾳιιὶὼ

2291 896 2380 950 Καὶ
2412 894 2913 970 καταπλαγείησαν,
2946 897 3125 970 οἶμαι,
3154 899 3245 953 καὶ
3294 900 3623 976 ἀποροίησαν
3668 905 3714 960 ἄν
3754 912 3854 983 πρὸς

519 991 645 1045 fore
678 993 972 1061 existimo,
1000 1000 1066 1049 ut
1088 995 1247 1067 ipsos
1280 1014 1516 1068 quoque
1548 996 1930 1052 scientiarum
1954 992 2082 1049 ετιιι.

2287 985 2336 1038 τὸ
2392 991 2491 1053 τῆς
2545 984 2852 1047 ὑποθέσεως
2912 987 3160 1061 μέγεθος,
3216 986 3306 1042 καὶ
3363 990 3417 1044 οἱ
3476 990 3593 1046 λίαν
3645 998 3745 1071 περὲ
3786 1000 3850 1061 τὰς

522 1082 806 1140 tissimos.
828 1100 897 1139 ac
921 1085 1019 1155 qui
1048 1086 1119 1139 iis
1144 1086 1483 1141 excolendis
1501 1086 1961 1157 exercendisque
1985 1083 2085 1138 otii

2285 1071 2525 1135 τοιαύτας
2559 1072 2862 1146 ἐπιστήμας
2895 1071 3089 1147 δεινοὶ,
3114 1076 3203 1130 καὶ
3234 1078 3323 1132 τὸν
3370 1076 3501 1135 ὅλον
3548 1082 3727 1138 ἑαυτῶν
3770 1088 3848 1161 βίον

523 1186 699 1227 omne
732 1173 1031 1244 vitamque
1065 1175 1505 1246 impenderunt,
1539 1175 1870 1248 argumenti
1892 1173 2077 1244 majes

2284 1162 2398 1235 περὶ
2428 1163 2523 1224 τάς
2579 1161 2796 1217 τοιάσδε
2852 1160 3063 1239 τριϐὰς,
3116 1166 3205 1220 καὶ
3254 1163 3487 1239 μελέτας
3543 1169 3847 1246 ἔσχολακότες,

522 1262 806 1317 attonitos
834 1263 1062 1330 reddat,
1097 1265 1450 1335 consiliique
1482 1265 1722 1330 anxios;
1770 1263 1955 1317 multo
1988 1278 2083 1316 ma

2286 1252 2363 1305 εαὶ
2394 1251 2866 1323 κατανηλωκὸτες·
2899 1256 2974 1327 μή
3008 1254 3091 1310 ὅτι
3120 1277 3183 1331 γε
3230 1258 3279 1310 οἱ
3336 1261 3457 1312 καθ’
3511 1263 3648 1333 ἡμᾶς
3688 1264 3849 1337 ἀμαθεῖς

524 1350 643 1405 mei
680 1352 927 1417 similes,
965 1353 1241 1407 homines
1272 1353 1450 1409 rudes
1492 1359 1549 1407 et
1600 1353 1893 1417 indoctos,
1948 1350 2048 1421 qui

2281 1361 2332 1396 τε
2362 1345 2445 1395 καζ
2482 1339 2718 1417 ἄπειροι,
2751 1344 2837 1398 καὶ
2874 1342 3004 1416 μηδ’
3034 1343 3185 1421 ἄκρῳ
3220 1343 3497 1421 δακτύλῳ,
3528 1351 3585 1404 τὸ
3638 1349 3695 1420 δὴ
3736 1353 3844 1429 λεγό-

522 1445 785 1494 extremo
816 1441 1079 1510 quidem,
1112 1447 1179 1495 ut
1207 1442 1390 1509 aiunt,
1427 1442 1629 1514 digito,
1684 1441 1959 1513 peritiam
2005 1438 2085 1493 illa

2285 1449 2459 1503 μενον,
2484 1429 2687 1500 ταύτης
2716 1433 3069 1506 γεγευσμὲνοι
3117 1436 3217 1502 τῆς
3274 1432 3558 1513 ἐμπειρίας
3597 1460 3647 1493 τε
3684 1442 3753 1495 καὶ
3790 1442 3848 1496 εὖ·

519 1532 781 1601 artisque
809 1531 1201 1601 solertiam,et
1222 1533 1546 1588 condendae
1570 1532 1855 1587 orationis
1879 1547 2082 1603 prmce]

2285 1518 2512 1587 τεχνίας,
2541 1518 2632 1573 καὶ
2665 1519 3082 1596 λογογραφιγῆς
3142 1523 3409 1597 σκέψεως.
3467 1525 3617 1582 Ἀλλ’
3655 1528 3708 1583 οὐ
3750 1532 3848 1605 παρᾶ

518 1619 1173 1676 delibarunt.Cazterum
1188 1623 1431 1677 minime
1445 1622 1663 1677 idcirco
1679 1619 2081 1676 committendi

2285 1613 2433 1664 τοῦτο
2465 1609 2639 1679 πάντη
2673 1610 2810 1685 πρὸς
2866 1614 2966 1680 τήν
3016 1616 3113 1666 τοῦ
3172 1611 3343 1687 λόγου
3399 1614 3690 1691 ἐγχείρησιν
3733 1616 3848 1673 οἷονεί

519 1712 628 1772 est,
662 1713 727 1761 ut
756 1709 1086 1764 orationem
1144 1711 1566 1783 aggrediendo,
1626 1727 1777 1782 pene
1836 1708 2082 1779 stupefa¢

2283 1719 2392 1761 πως
2422 1697 2845 1774 ἰλιγγιάσαντες,
2880 1701 2968 1755 καὶ
3001 1697 3181 1773 δειλίᾳ
3242 1704 3601 1779 συσχεθέντες,
3644 1708 3717 1761 καί
3756 1729 3846 1762 κατ-

518 1802 922 1869 conceptoque
950 1805 1113 1854 metu
1136 1805 1193 1855 et
1216 1800 1446 1873 ignavia
1462 1806 1829 1868 cunctantes,
1854 1816 1965 1853 nos
1987 1798 2077 1869 ips

2280 1788 2619 1857 οκνήσαντες,
2651 1790 2800 1860 ἡμᾶς
2828 1809 2887 1863 γε
2914 1789 3135 1858 αὐτοὺς,
3180 1790 3271 1844 καὶ
3320 1792 3383 1846 τὸ
3433 1795 3594 1867 παρὸν
3646 1794 3843 1872 φιλήκοον

517 1886 686 1956 etqui
702 1887 921 1941 adsunt
936 1889 1203 1943 discendi
1217 1890 1415 1945 avidos
1428 1889 2080 1958 auditores,emolumer

2277 1875 2661 1951 ἀκροατήριον,
2723 1876 2989 1951 ἀμοίρους
3045 1882 3147 1943 τῆς
3196 1878 3255 1934 ἐκ
3311 1881 3641 1951 τηλικούτων
3682 1884 3840 1958 ἀγώνων

518 1976 676 2045 quod
695 1993 763 2031 ex
783 1983 1083 2033 tantorum
1107 1980 1523 2045 certaminum,
1550 1985 1614 2033 ut
1636 1997 1742 2051 par
1769 1984 1875 2047 est,
1895 1977 2047 2032 mira
2072 1995 2081 2019 π

2277 1965 2639 2039 περιπετείας,
2725 1966 2800 2027 ὡς
2874 1966 3039 2040 εἰκὸς,
3123 1971 3563 2044 προσγενομένης
3646 1971 3840 2048 ὠρελείας

514 2065 724 2119 rietate
756 2067 1047 2136 provenit,
1082 2075 1350 2139 expertes
1381 2069 1814 2139 relinquamus.
1836 2068 2072 2139 Ageigit

2276 2059 2555 2116 παντελῶς
2584 2053 3021 2129 καταλείψωμεν.
3070 2058 3211 2133 Φέρε
3277 2055 3347 2127 δὴ
3406 2057 3514 2128 οῦν,
3567 2062 3655 2130 τήν
3696 2060 3837 2124 ἄνωθεν

515 2170 837 2222 supernum
856 2155 1029 2209 nobis
1048 2155 1395 2211 instinctum
1412 2164 1465 2211 ct
1486 2158 1769 2212 auxilium
1785 2156 1856 2211 ab
1872 2156 2078 2227 ejusmi

2276 2141 2450 2218 ῥοπὴν
2479 2146 2625 2219 παρά
2646 2149 2744 2199 τοῦ
2772 2149 2882 2200 τῶν
2908 2147 3172 2201 τοιούτων
3233 2148 3620 2223 ἀγωνισμάτων
3663 2150 3838 2206 ἐπόπται

514 2242 908 2296 certaminum
929 2244 1263 2315 inspectore
1292 2252 1349 2299 et
1378 2246 1601 2301 arbitro
1624 2246 1857 2301 Christo
1888 2246 2077 2299 invoca

2274 2233 2361 2287 καὶ
2393 2233 2687 2290 ἀθλοθέτου
2728 2240 2986 2311 Χριστοῦ,
3037 2234 3203 2292 ’ίλειω
3257 2239 3350 2293 καὶ
3397 2240 3660 2317 ἐπίκουρον
3703 2241 3837 2295 ἐπικι-

511 2333 620 2396 tes,
650 2348 827 2400 quam
860 2331 921 2385 in
956 2335 1235 2403 praesenti
1270 2335 1481 2389 merito
1514 2334 1849 2402 laudamus,
1886 2350 2074 2389 sermo

2277 2319 2583 2396 λεσάμενοι,
2615 2321 3000 2401 διαγράφωμεν
3032 2331 3111 2399 τῷ
3142 2324 3315 2403 λόγῳ,
3350 2328 3439 2383 καὶ
3470 2330 3541 2394 ὡς
3568 2330 3668 2385 οἷόν
3692 2352 3737 2386 τε
3777 2331 3840 2385 ὑπ’

510 2417 1007 2484 describamus,et
1022 2422 1179 2476 velut
1194 2423 1266 2477 ob
1290 2423 1744 2495 oculos,quanta
1758 2423 2007 2478 facultas
2027 2440 2073 2478 ei

2273 2407 2393 2485 ὄψιν
2420 2416 2881 2487 παραστήσωμεν,
2912 2416 3011 2483 τήν
3044 2417 3170 2490 παρ’
3201 2419 3368 2489 ἡμῶν
3426 2424 3512 2473 νῦν
3560 2420 3744 2481 εἰκότως
3779 2420 3836 2475 εὖ·

510 2523 606 2561 res
630 2507 790 2563 illius
822 2526 1208 2581 exponamus,
1241 2512 1394 2567 896
1426 2518 1602 2583 atque
1631 2512 1866 2584 inclytm
1890 2518 2073 2583 marty

2270 2502 2652 2578 ιρημουμέ.νην⁸
2684 2504 2774 2558 καὶ
2803 2507 2893 2577 ἧς,
2942 2505 3042 2573 τήν
3100 2509 3410 2582 πανήγυριν
3467 2507 3720 2582 πάνδημον

507 2596 800 2663 Barbaraa,
829 2600 1001 2670 cujus
1035 2600 1328 2656 solemnia
1360 2608 1753 2657 concurrente
1786 2602 2003 2673 populo
2035 2618 2067 2655 a

2272 2610 2437 2665 μερον
2483 2592 2685 2668 ἃγομεν
2743 2591 3066 2648 καλλινίκου
3128 2596 3409 2670 μάρτυρος
3462 2594 3724 2674 Βαρϐἀρας,
3765 2606 3832 2667 τῆς

504 2700 656 2752 mus,
692 2688 1035 2743 certaminis
1068 2690 1370 2760 specimen
1404 2691 1560 2745 velut
1579 2690 1930 2761 compendio
1953 2707 2067 2761 pro;

2269 2678 2405 2751 ὅλης
2433 2680 2738 2755 ἀθλήσεως,
2772 2683 2846 2738 ὡς
2895 2681 2947 2738 ἐν
3004 2685 3205 2760 βραχεῖ
3263 2689 3364 2756 τὴν
3425 2687 3652 2752 ὑπόθεσιν
3700 2688 3832 2757 tvm,-

508 2790 756 2828 namus:
791 2792 906 2845 quo
932 2794 1147 2849 nempe
1180 2779 1529 2849 potentiam,
1551 2796 1667 2851 qua
1691 2785 1982 2851 martyres
2009 2779 2068 2833 in

2265 2771 2507 2842 σώμεθα,
2538 2776 2627 2826 ἵνα
2671 2773 2771 2841 τήν
2831 2772 3075 2848 ἀοράτως
3126 2778 3604 2852 συνεπισχύουσαν,
3644 2778 3717 2833 καὶ
3748 2799 3828 2831 νευ-

507 2862 668 2916 sibili
698 2864 926 2919 ratione
946 2866 1282 2921 conﬁrmati
1304 2867 1683 2939 roboratique
1708 2874 1865 2935 sunt,
1890 2868 2070 2923 consic

2264 2863 2457 2934 ροῦσαν
2517 2860 2646 2923 τοὺς
2710 2864 2985 2937 μάρτυρας
3033 2863 3176 2927 θείαν
3266 2870 3666 2937 κατανοήσαντες
3723 2864 3827 2919 δύνε-

505 2958 726 3022 rantes,
760 2970 880 3008 non
914 2954 1208 3011 modicam
1240 2956 1558 3012 utilitatem
1591 2964 1649 3012 et
1677 2958 2068 3013 emendationi

2266 2970 2377 3020 μιν,
2410 2947 2473 3003 ού
2500 2950 2599 3018 τήν
2631 2954 2907 3025 τυχοῦσαν
2937 2955 3006 3025 τῇ
3037 2955 3191 3029 ψυχῇ
3224 2958 3690 3031 προσπορισώμεθα
3733 2954 3824 3024 5w,-

505 3041 647 3096 inde
679 3060 1119 3114 consequamur
1148 3061 1161 3099 :
1196 3063 1315 3101 non
1351 3064 1417 3102 eo
1452 3053 1811 3119 spectantes,
1846 3053 1910 3102 ut
1939 3047 2068 3120 ling‘

2261 3059 2343 3092 σιν
2370 3038 2458 3093 καὶ
2513 3037 2826 3115 βελτίωσιν·
2883 3040 2981 3095 ούκ
3030 3040 3365 3117 εὐγλωττίας
3414 3047 3594 3121 ἤχοις,
3644 3045 3714 3099 καί

504 3131 740 3187 disertae
772 3133 1009 3203 eloquio
1044 3139 1100 3189 et
1126 3134 1424 3203 facundia,
1454 3142 1629 3208 atque
1676 3136 1970 3209 elegantia
2027 3154 2067 3190 sc

2262 3148 2423 3199 μασιν
2471 3128 2601 3192 τοὺς
2653 3129 2865 3205 ἀγῶνας
2919 3130 3157 3207 ἐπαίρειν
3204 3136 3556 3210 πειρώμενοι.
3598 3132 3711 3192 Οὐδὲ
3751 3136 3820 3206 γὰρ

499 3221 695 3275 monis
727 3224 1055 3278 certamina
1081 3224 1432 3281 extollamus
1459 3227 1597 3295 (non
1622 3226 1780 3280 enim
1810 3226 1935 3281 haec
1956 3241 2062 3280 eae

2260 3224 2361 3286 τῆς
2393 3216 2451 3272 ἐκ
2478 3221 2586 3272 τῶν
2638 3216 2817 3295 λόγων
2870 3220 3018 3275 οὗτοι
3067 3222 3329 3297 βοηθείας
3372 3221 3692 3299 προσδέονται
3730 3219 3819 3275 εὖτὲ

498 3310 790 3383 indigent,
825 3330 955 3383 quaa
987 3313 1263 3369 facundia
1291 3270 1646 3387 praestetur),
1682 3316 1783 3371 sed
1815 3316 1897 3371 ita
1943 3321 2010 3370 ut
2056 3334 2061 3369 :

2264 3270 2328 3361 δὲ.
2342 3270 2417 3379 ’δή
2440 3270 2557 3363 ποῦ
2585 3270 2652 3362 τά
2664 3270 2671 3273 .
3183 3270 3536 3392 v‘C—ét—‘?vp.;;E—tv
3544 3270 3820 3387 ⁷έιίεξερχὸ

501 3400 759 3471 simplici
790 3401 1069 3473 nudaque
1101 3402 1361 3459 dictione
1394 3404 1733 3460 recitemus.
2260 3416 2367 3453 νοιο

565 3619 615 3667 2.
653 3616 867 3670 Verum
928 3618 1158 3673 animos
1216 3619 1362 3673 mihi
1413 3620 1539 3691 jam
1587 3621 1814 3693 erigite,
1847 3638 1881 3677 ο
1913 3621 2128 3678 Christc

2330 3613 2397 3688 β’.
2428 3611 2610 3671 Ἀλλά
2638 3611 2959 3687 διανάστητέ
2992 3636 3085 3689 μοι
3157 3613 3379 3687 λοιπὸν,
3439 3616 3481 3671 ὦ
3533 3614 3809 3694 ιριλόχριστον

493 3705 973 3776 martyribusque
1005 3707 1208 3762 devote
1231 3715 1435 3776 cwtus,
1459 3714 1863 3782 mentemque,
1891 3728 1965 3766 ne
1988 3712 2056 3767 cii

2322 3700 2715 3779 ὶφιλὸμαρτυς
2745 3704 3015 3779 σύστημα,
3066 3705 3157 3760 καὶ
3215 3707 3311 3762 τὸν
3366 3711 3484 3762 νοῦν
3539 3714 3625 3775 τῆς
3666 3703 3731 3759 ἐπὶ
3764 3702 3806 3754 τὶ

495 3809 565 3847 ea
596 3810 725 3863 qua)
756 3794 900 3849 foris
932 3802 1071 3849 sunt
1099 3796 1353 3864 aberret,
1402 3798 1749 3870 colligentes
1803 3806 1860 3855 et
1906 3806 2058 3856 conti

2317 3812 2352 3844 ω
2408 3792 2862 3867 περιπλανήσεως
2928 3793 3350 3869 περιπτύξαντες
3422 3794 3504 3850 καὶ
3573 3790 3803 3848 συστεὶλιν-
3872 3821 3880 3870 γ

477 3881 709 3942 hentes.
744 3888 967 3937 attente
992 3901 1123 3955 qum
1151 3885 1402 3941 dicenda
1429 3893 1586 3953 sunt,
1623 3888 1923 3946 obaudite.
1957 3891 2040 3945 Plz

2248 3900 2358 3950 τες,
2402 3886 2691 3958 προσεχῶς
2746 3887 2854 3937 τῶν
2914 3880 3235 3958 λεγομένων
3295 3883 3560 3940 ἀκούσατε.
3611 3881 3693 3937 Καὶ
3734 3878 3798 3951 vi;

475 3970 774 4041 siquidem
800 3972 1123 4028 absurdum
1139 3980 1248 4043 est,
1275 3981 1339 4029 ut
1360 3975 1435 4031 ad
1458 3977 1759 4033 mundana
1778 3985 2038 4051 spectacr

2248 3969 2473 4041 ἄτοπον,
2504 3969 2591 4025 ἐπὶ
2625 3972 2719 4044 μὲν
2768 3971 2833 4026 τά
2892 3972 3131 4044 κοσμικά
3182 3971 3397 4049 θέατρα,
3454 3963 3795 4044 ἱπποδρομίαςῆ

473 4079 885 4133 equorumque
908 4066 1240 4132 cursus,vel
1266 4067 1584 4138 palwstrm,
1610 4069 1698 4124 vel
1720 4070 1979 4141 cujusvis
2002 4089 2035 4127 a

2246 4054 2582 4132 παλαίστρας
2640 4059 2807 4136 φημὶ,
2839 4057 2873 4127 ἢ
2927 4080 3077 4121 τινος
3128 4064 3241 4114 τῶν
3298 4059 3548 4115 τοιούτων
3595 4056 3792 4132 γδμνικῶν

471 4151 596 4205 rius
619 4168 687 4205 ex
710 4153 1001 4223 gymnicis
1026 4155 1325 4225 ejusmodi
1346 4157 1512 4212 ludis
1533 4160 1901 4231 propensiori
1922 4161 2034 4215 alat

2244 4144 2469 4219 ἀγώνων
2500 4147 2801 4223 προθύμως
2830 4144 3180 4223 συνδραμεῖν,
3232 4151 3322 4204 καὶ
3358 4151 3454 4219 τὴν
3501 4144 3695 4221 ἅμιλλαν
3729 4146 3794 4205 τῆς

474 4244 592 4294 tate
626 4258 954 4308 curramus,
981 4244 1308 4316 agonisque
1340 4252 1664 4313 certamen,
1714 4254 1891 4321 atque
1927 4250 2037 4305 adv

2243 4233 2502 4307 ἀγωνίας,
2550 4234 2647 4291 κπὶ
2700 4236 2800 4305 τήν
2847 4241 2957 4292 τῶν
3014 4236 3330 4293 ἀντιπάλων
3384 4235 3665 4311 συμπλοκήν
3725 4230 3791 4283 ὑπ-

476 4330 768 4385 sariorum
804 4348 1193 4405 congressum
1227 4352 1469 4391 cernere
1503 4337 1845 4408 gestiamus,
1878 4355 2008 4407 nec,

2241 4324 2491 4398 ηγμένως
2517 4322 2722 4389 ἐθέλειν
2764 4322 2919 4397 ἴδεῖν,
2964 4324 3057 4380 καὶ
3121 4328 3199 4399 μὴ
3254 4327 3502 4402 πρότερον
3546 4325 3788 4408 ἀποστῆναξ,

472 4420 648 4474 metsi
683 4404 999 4476 innumera
1032 4423 1384 4490 distrahant,
1417 4432 1554 4481 ante
1577 4426 1924 4482 recedamus
1948 4445 2035 4498 qu;

2237 4414 2334 4467 κᾶν
2371 4413 2535 4488 μυρία
2566 4418 2962 4490 περισπῶνται,
2994 4416 3124 4490 πρὶν
3171 4417 3236 4471 τὸ
3291 4416 3464 4485 τέλος,
3506 4414 3583 4469 καὶ
3621 4404 3790 4498 τάν-νί-

470 4508 656 4562 finem
690 4509 742 4563 ei
776 4509 1077 4579 victorem,
1112 4512 1526 4585 sublatamque
1557 4516 1839 4586 palmam,
1872 4522 1929 4571 et
1960 4534 2033 4572 co:

2234 4521 2337 4573 κην
2368 4504 2797 4579 ἀπενεγκάμενον
2826 4501 3179 4572 ἐποπτεῦσαι,
3226 4504 3291 4559 τὸ
3352 4498 3580 4579 βραϐεῖον
3621 4519 3666 4553 τε

468 4612 609 4652 nam
641 4598 817 4668 capiti
851 4598 1196 4670 impositam
1225 4602 1528 4658 videamus
1558 4620 1571 4658 :
1605 4604 1783 4676 idque
1806 4623 1963 4672 vero,
1989 4624 2031 4662 οι

2241 4612 2424 4664 μενον,
2483 4594 2571 4647 καὶ
2630 4594 2693 4647 τὸ
2751 4591 2942 4670 στέφος
2996 4589 3425 4667 ἀναδησάμενον,
3478 4590 3626 4645 καίτοι
3667 4580 3781 4659 μηδὲν

469 4643 609 4652 .._-..
642 4643 817 4668 cur.--
851 4643 1196 4670 -..Ὗυυημηι
1235 4643 1528 4658 unus...“
1558 4645 1570 4658 .
1605 4643 1783 4676 ,υηυν
1813 4643 1963 4672 ww,
1989 4643 2019 4662 υ

463 4687 617 4742 nihil
649 4686 792 4742 inde
827 4689 1132 4743 commodi
1174 4691 1528 4747 referamus.
1590 4694 1692 4749 Hic
1747 4701 1965 4763 autem,
2022 4714 2026 4734 ε

2241 4643 2301 4664 Ini
2350 4643 2424 4661 ’⁷1
2486 4643 2571 4647 ’⁷⁷⁷⁷
2643 4643 2688 4647 ’⁷
2758 4643 2941 4670 ⁷⁷⁷1⁷⁷*
3000 4643 3425 4667 ““⁷⁷ή“Ί⁷’”Γ“⁷’““1
3481 4643 3574 4645 ⁷““⁷⁷⁷
3667 4643 3733 4685 δ’.

2234 4682 2452 4743 ἑαυτοῖς
2498 4681 2697 4746 ἐκεῖθεν
2755 4680 3185 4759 ἐπιφερομένους
3242 4685 3304 4737 τὸ
3355 4678 3554 4760 ὅρελος.
3595 4673 3779 4735 Ἐνταυθί

462 4776 680 4831 animis
712 4777 861 4832 utile
894 4784 951 4833 et
973 4778 1285 4850 spirituale
1341 4781 1745 4852 spectaculum
1794 4790 1902 4852 est,
1954 4802 2025 4855 cu

2238 4770 2295 4827 δὲ
2323 4768 2446 4827 ἔνθα
2476 4770 2830 4850 ψυχωφελὶς,
2861 4773 2952 4827 καὶ
2983 4774 3347 4845 πνευματικὸν
3405 4775 3526 4845 ἡμῖν
3574 4764 3776 4857 πρόκειται

464 4882 687 4937 praeses
709 4872 767 4922 et
784 4867 1025 4936 arbiter,
1047 4886 1169 4925 non
1184 4886 1340 4925 unus
1363 4871 1496 4941 quis
1512 4876 1880 4928 terrenorum
1896 4891 2027 4947 regu

2236 4863 2477 4938 θέατρον,
2511 4863 2849 4938 ἀγωνοθέτην
2909 4862 3005 4935 μὶν
3062 4863 3413 4937 κεκτημένον,
3469 4861 3561 4933 οὐχ
3602 4855 3669 4912 ἕνα
3705 4854 3773 4955 τῶῗ

465 4954 570 5009 sed
600 4955 701 5026 qui
736 4958 967 5013 cunctis
1000 4976 1131 5029 quas
1163 4960 1350 5015 oculis
1382 4965 1439 5014 et
1463 4961 1661 5016 animo
1693 4964 2028 5035 percipiunt

2235 4954 2320 5010 ἐπὶ
2357 4957 2457 5031 γῆς
2514 4955 2806 5031 βασιλέων,
2860 4953 3006 5009 ἀλλά
3060 4959 3170 5009 τῶν
3224 4956 3463 5009 ἁπάντων
3509 4951 3675 5026 ὁρατῶν

466 5043 829 5115 dominatur,
863 5048 1277 5103 universorum
1304 5066 1405 5104 rex
1426 5050 1692 5107 Christus
1710 5054 1863 5109 Deus
1885 5061 2029 5110 nosti

2232 5043 2478 5117 ἀοράτων
2510 5045 2913 5121 ἡγεμονεύοντα
2942 5044 3279 5101 παντάνακτο
3330 5043 3538 5116 Χριστὸν
3574 5040 3646 5093 τὸν
3684 5038 3768 5124 Θειῖν

460 5133 859 5206 inspectores,
912 5138 1162 5193 millena
1193 5140 1464 5210 denaque
1496 5141 1743 5199 millena
1794 5144 2015 5200 cwlesti

2232 5137 2416 5209 ἡμῶν,
2457 5136 2645 5197 θεατάς
2694 5131 2774 5204 δὲ,
2828 5136 2925 5197 τὰς
2984 5132 3244 5211 χιλιάδας
3298 5134 3383 5189 καὶ
3440 5124 3657 5205 μυριάδπ
3694 5122 3766 5211 τῶν

464 5226 831 5281 exercituum
851 5233 908 5283 et
929 5234 1292 5299 potestatum
1317 5248 1331 5297 ;
1355 5232 2027 5307 pugil,inclytaChristiq

2231 5223 2569 5298 ἐπουρανίων
2639 5230 2906 5301 στρατιῶν
2959 5224 3049 5280 καὶ
3111 5222 3400 5298 δυνάμεων,
3454 5210 3763 5307 ἀγωνιουμῇι

462 5315 881 5370 amantissima
911 5318 1334 5389 triumphatrix
1363 5326 1421 5374 et
1451 5327 1675 5393 martyr
1698 5323 1981 5391 Barbara,
2014 5342 2025 5379 ε

2231 5315 2309 5385 δὲ,
2370 5312 2653 5393 Βαρϐάραν
2710 5318 2813 5386 τὴν
2873 5313 3153 5389 ἀοίδιμον,
3207 5314 3297 5369 καὶ
3357 5310 3659 5399 παμπόθητον

464 5402 733 5470 versarii,
767 5421 885 5459 non
912 5422 1067 5460 unus
1099 5408 1232 5477 quis
1264 5414 1367 5463 aut
1395 5409 1565 5476 alter,
1625 5411 1728 5465 sed
1775 5412 2018 5482 primari

2228 5383 2462 5481 Χριστοῦ
2520 5411 2824 5485 στεφανῖτιν
2883 5405 2973 5460 καὶ
3030 5405 3293 5479 μάρτυρα,
3374 5396 3651 5457 ἀντιπάλους
3689 5383 3756 5491 ,ξίν

466 5489 621 5544 sicut
671 5492 753 5545 ait
782 5494 1137 5564 Apostolus:
1172 5498 1291 5550 Non
1322 5504 1397 5551 est
1446 5499 1599 5553 nobis
1647 5479 1965 5555 colluctatio
2006 5519 2029 5555 a

2228 5479 2338 5573 οὔχ
2365 5494 2458 5552 ἕνα
2487 5520 2616 5568 που)
2652 5498 2686 5567 ἢ
2741 5494 3014 5571 δεύτερον,
3065 5492 3209 5550 ἆλλᾶ
3262 5497 3466 5567 πρῶτον
3507 5489 3604 5562 μὶν,
3638 5479 3757 5573 tut-90’:

458 5596 641 5634 versus
666 5585 993 5650 sanuginem
1027 5589 1076 5636 et
1108 5600 1347 5650 carnem,
1401 5588 1494 5641 sed
1531 5588 1788 5644 adversus
1826 5588 2021 5660 princi

2227 5566 2390 5662 φησιν
2454 5588 2482 5643 ὁ
2539 5566 2919 5654 Ἀπόγστολος,
2979 5584 3052 5639 Οὐ
3111 5584 3209 5659 γὰρ
3269 5566 3456 5658 ἔχομεν
3503 5577 3584 5668 τήν
3620 5566 3752 5668 ’πάλιν

455 5674 561 5736 tus,
614 5669 872 5726 adversus
926 5677 1248 5741 potestates,
1300 5675 1557 5731 adversus
1607 5678 1800 5732 mundi
1881 5685 2018 5734 rectc

2226 5676 2363 5749 πρὸς
2416 5677 2573 5751 αἷμα,
2631 5676 2723 5732 καὶ
2773 5675 2963 5751 σάρκα,
3038 5671 3181 5729 ἀλλά
3266 5672 3396 5745 πρὸς
3468 5667 3547 5727 τὰς
3612 5662 3747 5751 ᾇρλπν

463 5760 841 5830 tenebrarum,
869 5762 1127 5816 adversus
1156 5763 1477 5831 spiritualia
1511 5767 1771 5834 nequitiae
1802 5769 1859 5821 in
1890 5769 2026 5824 cale:

2227 5766 2365 5844 πρὸς
2440 5766 2537 5831 τάς
2619 5750 2884 5838 ἐξουσίας,
2956 5763 3093 5839 πρὸς
3182 5758 3307 5824 τοὺς
3404 5750 3747 5831 κοσμοκράτορπ
