3952 6202
167 293 254 349 785

1280 285 1650 343 LAUDATIO
1686 289 1748 344 8.
1786 288 2145 345 BARBARE
2182 290 2407 346 MART.

3438 294 3548 351 786

157 424 237 475 τοῦ
288 414 526 483 σκότους,
598 412 733 488 πρὸς
806 411 873 467 τὰ
945 406 1287 483 πνευματικά
1342 416 1446 479 τῆς
1504 408 1771 484 πονηρίας

1900 416 1979 469 ius
2008 414 2075 485 Μ,
2104 415 2163 470 id
2197 420 2285 471 est
2332 416 2662 473 caelestium
2712 431 2909 472 causa.
2964 417 3256 473 Praeterea
3298 422 3544 491 propius

160 510 201 565 ἓν
252 512 355 568 τοῖς
412 502 774 577 ἐπουρανίοις,
834 499 1136 570 τουτέστιν,
1194 496 1284 553 διά
1339 500 1408 554 τά
1465 497 1781 573 ἐπουράνια.

164 598 283 673 Πρὸς
307 594 512 655 τούτοις
558 589 635 660 δὲ,
688 591 779 645 καὶ
837 588 929 644 τὸν
990 584 1129 643 ἴδιον
1180 587 1318 643 κατά
1350 588 1519 663 σάρκα
1549 593 1783 663 πνεῦμα,

164 688 235 743 καὶ
283 684 403 747 τοῦς
459 682 761 755 κοσμικοὺς
812 677 1116 755 ἡγεμόνας,
1151 678 1241 733 καὶ
1292 676 1586 755 ἄρχοντας,
1621 678 1713 742 οὕς
1744 682 1779 750 ἡ

162 777 395 849 πάναγνος
424 776 518 827 τοῦ
571 771 807 845 Χριστοῦ
867 766 1038 841 ἀμνάς
1096 763 1357 843 Βαρϐάρα
1395 767 1784 842 παλαιστρίτας

160 863 401 934 ἐκέκτητο,
454 859 504 931 ἐξ
562 860 773 935 ὁρατῶν
839 855 929 911 xui
987 856 1235 932 ἀοράτων
1305 852 1592 930 πολεμίων
1656 878 1783 933 συγ-

168 975 232 1009 κει
243 952 323 1026 μὲν
331 972 400 1005 ων
408 994 420 1008 .

216 1044 274 1121 γ’.
303 1038 570 1111 Τοιαύτης
605 1036 697 1093 οὖν
751 1037 892 1110 ἡμῖν
951 1031 1132 1099 ἄθλων
1196 1035 1428 1109 θεωρίας
1458 1036 1788 1110 προτιθεμέ-

163 1120 261 1201 νης,
288 1128 376 1185 οῦκ
402 1127 803 1200 ἐπισπεύσομεν
846 1124 986 1201 πρὸς
1039 1124 1139 1192 τὴν
1198 1124 1406 1179 τούτων
1441 1120 1783 1199 ἐπόπτευσιν,

162 1219 343 1283 καὶτὰς
387 1212 691 1290 συμϐολὰς,
748 1214 839 1269 καὶ
900 1210 1138 1283 πλοκάς,
1201 1213 1291 1268 καὶ
1327 1209 1497 1276 λαϐἀς
1544 1214 1784 1293 ἀμφοτέ-

162 1312 377 1385 ρωνίῖθ)
432 1304 814 1381 καταρδωμεν,
869 1302 959 1359 καὶ
1018 1303 1115 1372 τήν
1177 1301 1331 1373 νίκην
1378 1310 1477 1373 τῆς
1516 1306 1789 1380 ἡμετέρας

174 1397 432 1470 ίερονίπου,
488 1396 581 1451 καὶ
643 1390 1011 1472 στεφανίτιδος
1071 1391 1488 1468 ἐπαθρήσομεν;
1540 1392 1786 1458 κάὶτοῦς

172 1488 248 1561 μὶν
294 1484 567 1563 στυγεροῦς
625 1481 894 1557 δαίμονας
946 1480 1304 1555 ἡττωμένους
1350 1482 1439 1537 καὶ
1488 1502 1785 1558 καταισχυ-

168 1578 392 1650 νομένους
418 1574 504 1630 xui
538 1575 863 1645 πίπτοντας,
908 1572 1037 1635 τοῦς
1085 1571 1420 1647 ἀγγεΛικοὺς
1471 1569 1527 1627 δὲ
1576 1570 1787 1645 δήμους

174 1664 490 1741 ἀλαλαγμοὺς
548 1665 981 1744 ὲπιφωνοῦιτας,
1062 1662 1150 1718 καὶ
1222 1661 1509 1725 ἐπινικίοις
1565 1664 1785 1735 κρότοις

1895 505 2073 559 etiam
2097 506 2355 561 carnalis
2380 507 2647 578 spiritus,
2670 505 2997 577 mundique
3020 506 3304 577 prazsides
3335 513 3392 562 et
3414 527 3538 566 ma-

1892 594 2174 664 gistratus
2206 612 2272 651 ac
2304 596 2625 667 principes,
2658 595 2765 650 hos
2797 595 3131 650 castissima
3171 595 3387 649 Christi
3420 599 3542 652 ovis

1895 683 2150 740 Barbara
2172 685 2491 741 luctatores
2522 691 2695 741 nacta
2721 690 2831 749 est,
2854 684 3108 740 conﬂato
3134 684 3246 756 ipsi
3279 686 3541 743 hostium

1895 779 2013 829 tam
2043 774 2364 831 visibilium
2391 793 2571 847 quam
2603 774 2994 831 invisibilium
3026 790 3237 832 cuneo.

1962 1045 2016 1099 3.
2048 1044 2286 1099 Talibus
2317 1045 2517 1115 itaque
2548 1044 2977 1100 certaminibus
3004 1043 3177 1099 nobis
3204 1044 3277 1099 ad
3311 1050 3545 1116 specta-

1894 1134 2092 1190 culum
2118 1134 2458 1205 pr0positis.
2491 1150 2694 1189 annon
2725 1133 3142 1189 festinabimus
3172 1134 3244 1188 ad
3262 1134 3387 1189 haec
3412 1151 3543 1189 cer-

1895 1223 2111 1289 nenda,
2128 1229 2194 1277 ut
2223 1229 2612 1295 utrorumque
2655 1223 3135 1295 congressiones,
3159 1224 3542 1291 inﬂexiones,

1896 1318 1954 1367 et
1982 1313 2415 1384 prehensiones
2448 1313 2948 1384 contemplemur,
2983 1318 3040 1367 et
3080 1329 3261 1368 sacrae
3290 1313 3546 1368 victricis

1896 1419 2117 1458 corona
2134 1402 2425 1457 redimitm
2450 1403 2817 1473 triumphum
2841 1418 3156 1457 cernemus
3174 1402 3201 1457 ?
3223 1420 3288 1457 ac
3304 1402 3546 1473 quidem

1897 1491 2142 1547 infestos
2170 1491 2471 1547 daemones
2514 1498 2843 1563 superatos,
2898 1508 3113 1563 magno
3162 1508 3267 1546 suo
3316 1492 3544 1563 pudore

1896 1582 2174 1637 cadentes
2201 1598 2213 1636 :
2246 1582 2595 1654 angelorum
2626 1587 2825 1637 autem
2848 1582 3100 1652 populos
3124 1581 3258 1635 laeto
3292 1582 3543 1651 strepitu

1896 1669 2315 1735 acclamantes,
2351 1674 2407 1723 et
2438 1669 2694 1723 victoria)
2718 1668 3023 1740 plausibus
3051 1668 3349 1723 victricem
3379 1684 3546 1738 egre-

173 1760 251 1826 τήν
300 1756 608 1813 καλλίνικον
669 1755 1055 1832 εὐφημοῦντας
1114 1753 1205 1809 καὶ
1261 1753 1639 1829 γεραίροντας,
1696 1755 1772 1808 καί

1900 1762 2052 1833 giam
2094 1763 2487 1813 exornantes:
2533 1758 2727 1829 ipsum
2778 1757 3035 1828 denique
3084 1758 3406 1821 Christum,
3456 1756 3541 1810 uti

161 1847 355 1921 Χρίστὸν
384 1846 537 1900 αὐτὸν
567 1845 647 1906 ὡς
695 1843 1080 1917 ἀγωνοθέτην,
1108 1846 1205 1897 τοῦ
1239 1840 1529 1918 βασιλικοῦ
1559 1842 1776 1917 Θρόνου,

160 1937 359 2011 καθάπερ
413 1935 499 1990 ἐπὶ
554 1933 837 2009 Στεφάνου
892 1937 992 1988 τοῦ
1057 1935 1548 2009 πρωτομάρτυρος,
1606 1931 1778 1989 ἐπαν-

167 2027 429 2097 ιστάμενον,
483 2024 575 2079 καὶ
662 2025 791 2087 τοὺς
880 2021 1177 2103 στεφάνους
1259 2023 1632 2092 προτείνοντα,
1690 2022 1780 2077 καὶ

163 2112 321 2187 ἱδρῶσι
374 2109 808 2191 περιρρεομένην
865 2112 965 2182 τὴν
1028 2110 1350 2188 νικηφόρον,
1406 2112 1493 2167 ὑπ’
1535 2110 1777 2187 ἀγγέλων

162 2202 598 2285 δορυφορουμένην
667 2202 1099 2280 ὑποδεχόμενοι,
1176 2204 1267 2259 καὶ
1334 2205 1775 2281 περιπτυσσόμε-

162 2316 247 2363 νον,
295 2297 377 2349 καὶ
434 2300 554 2357 τοῖς
612 2294 959 2370 ἐπουρανίοις
1018 2292 1315 2367 θαλάμοις,
1372 2293 1461 2347 xui
1490 2298 1774 2372 νυμφῶσιν

164 2384 489 2455 ἐνευναίοντα;
539 2386 604 2441 Τί
665 2390 782 2447 τοῖς
839 2382 1207 2459 φιλοθεάμοσι
1258 2389 1355 2440 τοῦ
1405 2383 1619 2440 τοιοῦδε
1647 2384 1771 2440 θεά·-

168 2496 303 2546 ματος
344 2475 711 2550 τερπνότερον,
768 2474 804 2543 ἢ
852 2471 1139 2550 ἡδύτερον,
1200 2475 1234 2543 ἢ
1292 2472 1769 2551 ἐπικερδέστερονς

169 2586 190 2612 ι
212 2566 486 2638 Μακάρισον
542 2565 672 2641 γὰρ,
732 2562 897 2639 φησὶν
958 2561 1240 2625 Βασιλειος
1274 2564 1302 2617 ὁ
1333 2564 1477 2639 ἱερὸς
1508 2570 1607 2633 τῆς
1644 2565 1770 2619 Ἐκ-

166 2649 359 2721 κλησίας
412 2650 763 2725 διδάσκαλος,
836 2651 1078 2731 γνησίως
1155 2655 1623 2727 μαρτυρήσαντας,
1677 2650 1769 2707 ’ἱνα

165 2761 267 2815 γενῃ
319 2743 511 2817 μάρτυς
564 2746 639 2817 τῇ
697 2741 1032 2818 προαιρέσει,
1090 2742 1177 2796 καὶ
1238 2736 1403 2815 ἐκϐῇς
1452 2747 1557 2815 (80)
1588 2742 1766 2817 γωρῖς

167 2830 379 2901 αἳματος,
430 2832 518 2887 καὶ
581 2830 881 2908 μαστίγων,
938 2831 1026 2886 καὶ
1087 2831 1355 2905 αἰκισμῶν
1404 2834 1533 2904 (81).
1570 2856 1597 2883 ››
1628 2831 1769 2905 ’Λρά

162 2915 271 2973 ἐστίν
320 2943 397 2983 τις
449 2922 608 2997 ἑτέρα
664 2928 762 2992 τῆς
816 2919 1075 2992 τοιαύτης
1125 2920 1355 2996 ἐποψίας
1414 2922 1449 2991 ἢ
1504 2941 1766 2996 πραγμα-

159 3008 274 3071 τείας
320 3008 743 3087 κερδαλεωτέρα,
797 3010 886 3067 καὶ
941 3011 1032 3067 τὸν
1091 3009 1331 3066 πλοῦτον
1385 3011 1769 3089 προσφέρουσα

160 3096 381 3169 πλείονα;
414 3100 472 3156 οὕ
509 3123 607 3175 μοι
633 3098 803 3156 δοκεῖ.

216 3186 368 3245 Ἀλλά
418 3190 467 3245 τί
522 3192 792 3261 πέπονθα,
852 3187 896 3244 ὦ
949 3188 1143 3265 φίλοις
1198 3190 1325 3266 πρὶν
1382 3194 1451 3265 τῇ
1483 3189 1631 3266 ἀρχῇ
1652 3194 1759 3245 τῶν

162 3275 348 3350 ἀγώνων
378 3275 804 3357 προσϐάλωμεν,
855 3280 994 3355 πρὸς
1039 3280 1103 3334 τὸ
1144 3278 1305 3343 τέλος
1353 3282 1500 3353 ἡμᾶς
1534 3281 1563 3335 δ
1596 3278 1761 3355 λόγος

162 3368 503 3441 παρώρμησεν.
560 3371 701 3443 ’Ἄγε
758 3366 825 3439 δὴ
894 3366 1006 3438 οὖν,
1065 3368 1223 3423 αὐτὸν
1274 3367 1759 3442 ἀνακαλεσάμενοι,

160 3460 244 3509 τῶν
293 3458 562 3535 προθῦρων
625 3463 723 3514 τοῦ
787 3459 1085 3535 μαρτυρίου
1143 3454 1420 3533 ἐπιϐὦμεν
1478 3456 1609 3530 ἤδη,
1669 3460 1756 3515 καὶ

163 3551 238 3612 τῆς
261 3549 379 3601 κατά
410 3549 568 3623 μέρος
596 3546 905 3623 διηγήσεως
924 3549 1332 3623 καταρξώμεθα.

220 3632 271 3695 δ’.
309 3639 409 3693 Τοῦ
463 3640 798 3714 παναγάθου,
855 3637 946 3693 καὶ
1007 3636 1460 3715 φιλοικτίρμονος
1490 3643 1623 3695 Θεοῦ
1656 3637 1763 3694 Δό-

164 3744 240 3797 γου
284 3726 338 3779 τὸ
390 3726 526 3782 ἴδιον
580 3726 1043 3804 πλαστοῦργημα,
1102 3728 1233 3804 ὅπερ
1290 3731 1406 3785 κατ’
1456 3729 1634 3786 εἰκόνα
1662 3730 1762 3798 τήν

164 3810 319 3867 ἑαυτοῦ
373 3816 614 3892 ἀρχῆθεν
672 3816 992 3887 πεποίηκεν,
1046 3818 1137 3872 καὶ
1190 3821 1299 3873 τῶν
1359 3817 1610 3893 ἐπιγείων
1662 3820 1760 3889 τήν

166 3900 411 3974 ἡγεμονίαν
443 3904 837 3982 ἐγκεχείρικεν,
902 3907 1006 3962 ὑπὸ
1062 3913 1162 3977 τῆς
1216 3912 1312 3962 τοῦ
1366 3912 1562 3978 νοητοῦ
1595 3905 1651 3963 δὲ
1678 3905 1767 3961 διὰ

166 3992 242 4041 τοῦ
266 3991 506 4063 αἰσθητοῦ
563 3992 743 4070 ὄφεως
796 3996 1006 4066 ἀπάτης
1067 3995 1125 4052 ἐκ
1181 4003 1283 4066 τῆς
1310 4000 1406 4051 τοῦ
1437 3993 1764 4071 παραδείσου

166 4083 331 4154 τρυφῆς
362 4084 768 4162 ἒξενηνεγμὲνον
828 4086 1153 4160 ἑωρακότος,
1208 4086 1295 4140 καὶ
1348 4083 1542 4139 λοιπὸν
1576 4084 1765 4141 δεδου⁴

170 4164 395 4240 λευμὲνον,
426 4175 511 4228 καὶ
545 4174 799 4249 παγγενεῖ
833 4174 894 4229 οὐ
954 4174 1117 4248 μόνον
1147 4178 1217 4249 τῇ
1248 4179 1423 4253 φθορᾷ
1454 4169 1765 4245 ὑποϐεϐλη-

172 4257 486 4329 μένον,ἀλλά
543 4264 632 4319 xui
693 4264 768 4327 εἷς
822 4263 1181 4341 πολυσχεδεῖς
1236 4266 1444 4326 πλάνας
1495 4264 1583 4320 καὶ
1620 4266 1763 4337 πάθη

172 4343 346 4432 intra:
378 4351 587 4429 ὑπηγμέ
601 4374 716 4424 νον,
748 4352 837 4408 καὶ
892 4358 1149 4409 τοσοῦτον
1207 4358 1287 4427 τῷ
1346 4354 1492 4432 ζόφῳ
1515 4361 1615 4425 τῆς
1648 4355 1767 4409 ἀσε-

172 4428 288 4497 ϐείας
336 4442 453 4505 τοὺς
507 4442 784 4519 ψυχικοὺς
841 4441 1162 4520 ἀφοαλμοῦς
1224 4442 1632 4518 ἔσκοτισμὲνον,
1691 4445 1765 4506 ὡς

1794 3144 1837 3212 C

172 4524 240 4575 ιιιέ
266 4528 343 4581 τὸν
394 4526 559 4595 ὅντως
609 4530 735 4588 ὄντα
792 4532 921 4588 Θεὸν
975 4532 1450 4602 καταλελοιπέναι,
1498 4532 1680 4607 ξύλοις
1712 4532 1767 4589 δὲ
1802 4521 1847 4583 D

172 4613 242 4665 xui
284 4616 465 4689 λίθοις,
523 4622 613 4677 καὶ
671 4622 986 4695 ἀναισθήτῳ
1045 4620 1150 4697 ὕλῃ
1230 4625 1329 4693 τὴν
1397 4624 1763 4697 προσκύνησιν

174 4711 602 4785 προσενηνοχέναι,
644 4710 735 4766 xui
797 4712 897 4766 ὑπὸ
953 4715 1052 4766 τοῦ
1109 4716 1371 4787 πονηροῦ,
1413 4713 1501 4767 καὶ
1534 4715 1769 4769 ἀποστα-

172 4796 295 4845 τικοῦ
321 4791 567 4870 δαίμονος
614 4800 690 4863 εἷς
747 4798 977 4877 ἔσχατον
1037 4798 1167 4873 ᾅδου
1224 4800 1313 4857 xui
1366 4798 1610 4867 ἀσεϐείας
1640 4803 1770 4877 ἐξω-

175 4881 333 4976 σμένιν
377 4889 459 4942 xui
539 4889 991 4967 κατερῥιμμὲνον,
1064 4892 1161 4946 οὑκ
1232 4891 1457 4968 ἤνεγκεν
1516 4895 1615 4963 τήν
1673 4898 1770 4949 τοῦ

175 4964 429 5056 ἓλέπορος
483 4978 743 5053 τυράννου
803 4976 985 5056 ὕϐριν,
1043 4981 1133 5035 καὶ
1191 4986 1289 5038 τοῦ
1346 4979 1770 5056 πεπλανημέιιου

178 5054 423 5127 ἀνθρώπου
453 5054 883 5144 ἀπηλπισμένην
922 5070 1219 5129 ἀπώλειαν.
1252 5070 1437 5145 Οἴκτῳ
1470 5070 1527 5127 δὲ
1560 5054 1774 5146 μᾶλλον

175 5150 250 5199 τοῦ
276 5148 403 5207 ἲδίου
432 5153 711 5214 ἀναλαϐὼν
743 5161 1081 5233 ποιήματος,
1141 5161 1191 5234 ἐξ
1250 5161 1623 5237 ἀπειρογάμου
1652 5163 1770 5218 νεά-

234 5315 271 5351 ²¹
298 5322 488 5393 Ephes.
522 5346 594 5397 v1,
627 5334 709 5385 12.

356 5498 563 5574 Legero
572 5541 584 5561 ,
613 5500 934 5571 κατανοήσω
944 5520 1037 5574 μεν
1048 5545 1061 5560 .

236 5559 331 5663 Si?!
352 5559 845 5663 ὕξὲἀὲβδείιίιέωέ
865 5559 1344 5663 insessurum
1375 5572 1553 5663 κειρὶς
1582 5575 1776 5663 verba

181 5631 331 5701 χωρὶς
358 5631 635 5717 μᾶστίγων,
684 5649 792 5701 τῶν
825 5631 1053 5715 ἀ’ῦτίῦν,
1115 5631 1303 5709 αὐτοῖς
1330 5631 1558 5719 ’μίῖσθῶν
1605 5631 1773 5720 ἠξιωλ

1891 1849 2282 1905 certaminum
2312 1846 2625 1919 praesidem
2653 1864 2683 1901 e
2714 1846 2876 1919 regia
2898 1846 3059 1913 sede,
3082 1846 3239 1900 haud
3261 1861 3431 1900 secus
3455 1849 3543 1899 at-

1890 1955 2002 2009 que
2017 1939 2313 2010 Stephano
2330 1936 2769 2009 protomartyri,
2787 1940 3197 2007 assurgentem
3213 1940 3269 1989 et
3293 1951 3541 1989 coronas

1887 2028 2308 2100 porrigentem,
2344 2027 2523 2097 inque
2565 2024 2903 2081 cmlestibus
2956 2024 3233 2079 thalamis
3284 2030 3342 2078 et
3394 2024 3540 2078 toris

1890 2116 2307 2172 circumfusam
2358 2115 2675 2171 sudoribus
2727 2114 3051 2181 victricem,
3112 2120 3170 2168 et
3224 2112 3538 2167 ambitioso

1889 2206 2232 2277 angelorum
2257 2205 2536 2259 satellitio
2560 2204 2898 2269 deductam,
2924 2203 3320 2258 collocantem
3341 2202 3368 2256 ?
3386 2202 3537 2267 Quid

1888 2296 2358 2367 spectaculorum
2381 2294 2744 2349 amatoribus
2772 2292 3066 2364 ejusmodi
3091 2291 3538 2363 spectaculoju-

1887 2386 2138 2442 cundius
2168 2390 2271 2440 aut
2299 2383 2713 2439 delectabilius
2733 2383 2760 2437 ‘I
2793 2406 2812 2429 ι
2841 2383 3051 2437 Beatos
3084 2382 3220 2435 illos
3253 2380 3532 2451 prmdica,

1883 2476 2077 2547 inquit
2106 2492 2272 2531 sacer
2292 2474 2567 2528 Ecclesia}
2597 2473 2802 2527 doctor
2825 2472 3096 2537 Basilius,
3122 2472 3222 2541 qui
3247 2469 3531 2541 martyrio

1878 2582 2011 2621 vere
2040 2565 2226 2619 sancti
2260 2570 2417 2627 sunt,
2450 2568 2516 2617 ut
2558 2562 2743 2616 animi
2795 2561 3096 2633 proposito
3146 2565 3371 2631 martyr
3404 2560 3529 2629 ipse

1879 2654 2180 2719 efficiaris,
2214 2658 2272 2707 et
2298 2651 2506 2706 evadas
2544 2652 2689 2705 897
2741 2651 2868 2704 sine
2902 2666 3131 2715 cruore,
3181 2647 3528 2702 verberibus

1878 2749 1937 2798 et
1968 2742 2297 2813 suppliciis.
2336 2763 2356 2790 ι
2396 2739 2672 2810 Nunquid
2721 2738 2843 2793 ulla
2884 2738 3073 2793 altera
3104 2736 3399 2807 inspectio
3430 2741 3532 2789 aut

1878 2831 2198 2904 negotiatio
2229 2836 2338 2894 est,
2368 2847 2499 2900 quae
2533 2829 2818 2900 majorem
2848 2832 3163 2897 quaestum,
3195 2842 3261 2879 ac
3296 2824 3528 2879 divitias

1878 2921 2196 2994 ampliores
2228 2920 2477 2976 atTerat?
2506 2919 2682 2991 plane
2705 2933 2825 2972 non
2850 2921 3013 2988 puto.

1947 3194 2163 3247 Verum
2194 3190 2337 3262 quid
2368 3188 2600 3256 accidit,
2627 3184 3048 3243 dilectissimi?
3078 3201 3212 3241 cum
3245 3181 3519 3238 certami-

1870 3299 2014 3337 num
2046 3280 2372 3354 primordia
2401 3278 2657 3334 necdum
2691 3276 3082 3350 attigerimus,
3110 3275 3169 3328 in
3194 3274 3372 3328 finem
3406 3288 3515 3326 nos

1871 3372 2058 3427 oratio
2089 3369 2338 3442 pepulit.
2367 3371 2483 3441 Age
2516 3368 2712 3439 igitur,
2747 3382 2816 3421 ea
2850 3365 2923 3421 ad
2955 3364 3191 3418 initium
3222 3366 3517 3426 revocata,

1872 3464 1935 3518 in
1968 3459 2236 3532 martyrii
2268 3459 2419 3513 atria
2448 3457 2660 3529 pedem
2688 3461 2824 3511 ante
2872 3453 3214 3520 inferamus,
3267 3457 3510 3522 tumque

1873 3551 2177 3624 sigillatim
2207 3553 2419 3603 cuncta
2448 3563 2690 3601 narrare
2718 3544 3093 3615 incipiamus.

1942 3643 1997 3698 4.
2066 3640 2211 3694 Cum
2268 3636 2732 3710 benignissimus
2802 3631 3513 3700 misericordissimusque

1873 3733 2027 3786 Deus
2060 3728 2338 3793 Verbum,
2358 3728 2707 3799 ﬁgmentum
2736 3742 2930 3791 suum,
2962 3721 3116 3795 quod
3151 3721 3221 3775 ab
3246 3720 3413 3774 initio
3442 3718 3515 3773 ad

1873 3820 2193 3892 imaginem
2248 3835 2416 3873 suam
2466 3815 2832 3881 condiderat,
2882 3814 3095 3883 cuique
3147 3817 3516 3865 terrenorum

1874 3909 2275 3982 principatum
2354 3906 2755 3971 commiserat,
2831 3902 3155 3975 spiritualis
3226 3899 3518 3972 serpentis

1874 3999 2101 4065 fraude,
2125 3995 2503 4069 aspectabilis
2525 3995 2820 4068 serpentis
2839 4010 3040 4066 opera,
3056 3991 3331 4064 paradiso
3355 3989 3520 4043 volu-

1875 4089 2053 4160 ptatis
2085 4088 2339 4159 ejectum
2369 4086 2795 4157 conspexisset,
2834 4085 3080 4155 jamque
3114 4081 3260 4135 adeo
3294 4078 3519 4133 manci-

1875 4184 2078 4250 patum
2096 4194 2204 4232 nec
2220 4177 2429 4231 mortis
2451 4172 3076 4231 duntaxatinteritioni
3092 4186 3224 4224 cum
3244 4168 3519 4222 universa

1876 4268 2154 4340 progenie
2185 4266 2510 4332 addictum,
2537 4265 2639 4319 sed
2664 4270 2722 4318 et
2742 4264 2800 4316 in
2831 4259 3265 4315 diversissimos
3287 4270 3516 4310 errores

1876 4356 2482 4430 probrosissimosque
2524 4355 2767 4409 allectus
2817 4352 3143 4413 devectum,
3192 4361 3377 4415 eaque
3405 4345 3517 4397 im-

1877 4447 2114 4519 pietatis
2145 4446 2395 4518 caligine
2425 4444 2642 4498 mentis
2682 4440 2885 4495 oculos
2936 4438 3319 4497 obczncatum,
3354 4439 3419 4487 ut
3450 4449 3517 4485 eo

1879 4536 1977 4606 qui
2012 4553 2143 4590 vere
2176 4538 2328 4590 Deus
2361 4539 2449 4590 est
2479 4532 2785 4600 derelicto,
2818 4528 2930 4583 diis
2963 4544 3032 4581 ex
3054 4526 3211 4598 ligno
3244 4528 3301 4577 et
3325 4522 3519 4593 lapide

1877 4624 2177 4679 fabricatis
2210 4624 2554 4695 expertique
2580 4636 2788 4676 sensus
2816 4616 3082 4673 materia:
3106 4614 3329 4668 cultum
3352 4610 3520 4665 adhi-

1878 4714 2063 4781 beret,
2096 4719 2270 4785 atque
2302 4730 2335 4768 a
2366 4712 2730 4784 nequissimo
2764 4715 2821 4764 et
2850 4708 3149 4763 desertore
3174 4704 3439 4758 darmone
3460 4701 3521 4753 in

1881 4810 2205 4861 extremam
2240 4803 2478 4871 inferni,
2507 4808 2567 4858 et
2594 4800 2915 4872 impietatis
2946 4797 3170 4852 foveam
3213 4793 3519 4848 detrusum

1882 4900 1939 4948 et
1968 4894 2297 4967 projectum
2326 4911 2339 4959 ;
2373 4891 2583 4947 nefarii
2616 4888 2853 4963 tyranni
2897 4885 3176 4957 injuriam
3209 4899 3327 4937 non
3362 4880 3516 4948 tulit,

1882 5000 1991 5038 nec
2005 4984 2373 5055 desperatam
2388 4980 2615 5052 decepti
2632 4978 2892 5033 hominis
2905 4974 3293 5048 perditionem
3306 4973 3530 5035 .Quam-

1883 5074 2085 5129 obrem
2108 5080 2175 5128 ut
2202 5079 2486 5128 creatura:
2520 5088 2638 5125 suae
2662 5068 3070 5141 opitularetur,
3097 5082 3166 5119 ex
3196 5062 3395 5135 puella
3418 5078 3525 5116 nu-

1885 5163 2087 5236 ptialis
2118 5179 2470 5233 congressus
2497 5160 2699 5215 nescia
2727 5160 3097 5227 assumptum
3119 5153 3305 5208 vellus
3335 5150 3524 5207 bonus

1890 5524 2070 5647 μεῖἕῗῇ
2096 5575 2298 5643 Basil.,
2333 5578 2489 5632 Hom.
2522 5573 2582 5629 in
2612 5575 2680 5628 40
2710 5576 2939 5644 martyr.
